  <div class='ocr_page' id='page_1' title='image "/cluster/home/n/w/nwhite01/storage/ocr_20150623/17/njp.32101010944583/246.png"; bbox 0 0 1904 3076; ppageno 0'>
   <div class='ocr_carea' id='block_1_1' title="bbox 56 102 103 131">
    <p class='ocr_par' dir='ltr' id='par_1_1' title="bbox 56 102 103 131">
     <span class='ocr_line' id='line_1_1' title="bbox 56 102 103 131; baseline -0.043 0"><span class='ocrx_word' id='word_1_1' title='bbox 56 102 103 131; x_wconf 73' lang='grc' dir='ltr'><strong>3⁵ιῖ</strong></span> 
     </span>
    </p>
   </div>
   <div class='ocr_carea' id='block_1_2' title="bbox 684 98 1033 128">
    <p class='ocr_par' dir='ltr' id='par_1_2' title="bbox 684 98 1033 128">
     <span class='ocr_line' id='line_1_2' title="bbox 684 98 1033 128; baseline 0 -2"><span class='ocrx_word' id='word_1_2' title='bbox 684 98 830 127; x_wconf 82' lang='lat' dir='ltr'><strong>SCllOLlA</strong></span> <span class='ocrx_word' id='word_1_3' title='bbox 849 99 884 126; x_wconf 84' lang='lat' dir='ltr'><strong>IN</strong></span> <span class='ocrx_word' id='word_1_4' title='bbox 903 98 1033 128; x_wconf 82' lang='lat' dir='ltr'><strong>LUCAM.</strong></span> 
     </span>
    </p>
   </div>
   <div class='ocr_carea' id='block_1_3' title="bbox 54 158 819 196">
    <p class='ocr_par' dir='ltr' id='par_1_3' title="bbox 54 158 818 196">
     <span class='ocr_line' id='line_1_3' title="bbox 54 158 818 196; baseline -0.005 -7"><span class='ocrx_word' id='word_1_5' title='bbox 54 161 95 189; x_wconf 73' lang='grc' dir='ltr'><strong>καὶ</strong></span> <span class='ocrx_word' id='word_1_6' title='bbox 117 160 184 196; x_wconf 71' lang='grc' dir='ltr'>ὕπὺρ</span> <span class='ocrx_word' id='word_1_7' title='bbox 210 159 352 196; x_wconf 78' lang='grc' dir='ltr'>ἄνθρωπον</span> <span class='ocrx_word' id='word_1_8' title='bbox 372 158 556 190; x_wconf 74' lang='grc' dir='ltr'><strong>αἰσθάνονται,</strong></span> <span class='ocrx_word' id='word_1_9' title='bbox 581 159 684 195; x_wconf 79' lang='grc' dir='ltr'><strong>ὁρῶσαι</strong></span> <span class='ocrx_word' id='word_1_10' title='bbox 702 158 737 186; x_wconf 80' lang='grc' dir='ltr'>τὰ</span> <span class='ocrx_word' id='word_1_11' title='bbox 760 159 818 186; x_wconf 85' lang='grc' dir='ltr'>θεῖα</span> 
     </span>
    </p>
   </div>
   <div class='ocr_carea' id='block_1_4' title="bbox 874 158 1671 196">
    <p class='ocr_par' dir='ltr' id='par_1_4' title="bbox 883 159 1671 195">
     <span class='ocr_line' id='line_1_4' title="bbox 883 159 1671 195; baseline 0.004 -9"><span class='ocrx_word' id='word_1_12' title='bbox 883 159 1020 187; x_wconf 86' lang='lat' dir='ltr'><strong>hominem</strong></span> <span class='ocrx_word' id='word_1_13' title='bbox 1052 159 1141 194; x_wconf 79' lang='lat' dir='ltr'><strong>posita</strong></span> <span class='ocrx_word' id='word_1_14' title='bbox 1171 159 1460 192; x_wconf 43' lang='lat' dir='ltr'><strong>sentiuntyvidcnles</strong></span> <span class='ocrx_word' id='word_1_15' title='bbox 1489 160 1597 195; x_wconf 84' lang='lat' dir='ltr'><strong>divina,</strong></span> <span class='ocrx_word' id='word_1_16' title='bbox 1621 169 1671 189; x_wconf 80' lang='lat' dir='ltr'><strong>au-</strong></span> 
     </span>
    </p>
   </div>
   <div class='ocr_carea' id='block_1_5' title="bbox 53 204 828 241">
    <p class='ocr_par' dir='ltr' id='par_1_5' title="bbox 53 204 828 241">
     <span class='ocr_line' id='line_1_5' title="bbox 53 204 828 241; baseline -0.003 -8"><span class='ocrx_word' id='word_1_17' title='bbox 53 205 186 233; x_wconf 81' lang='grc' dir='ltr'>ἁκούουσαι</span> <span class='ocrx_word' id='word_1_18' title='bbox 210 205 301 240; x_wconf 81' lang='grc' dir='ltr'>φωνῆς</span> <span class='ocrx_word' id='word_1_19' title='bbox 326 204 405 237; x_wconf 84' lang='grc' dir='ltr'>Θεοῦ,</span> <span class='ocrx_word' id='word_1_20' title='bbox 434 204 580 240; x_wconf 87' lang='grc' dir='ltr'>γευόμεναι</span> <span class='ocrx_word' id='word_1_21' title='bbox 609 204 709 236; x_wconf 82' lang='grc' dir='ltr'>ζῶντος</span> <span class='ocrx_word' id='word_1_22' title='bbox 734 205 828 241; x_wconf 84' lang='grc' dir='ltr'>ἁρτου,</span> 
     </span>
    </p>
   </div>
   <div class='ocr_carea' id='block_1_6' title="bbox 53 250 831 288">
    <p class='ocr_par' dir='ltr' id='par_1_6' title="bbox 53 250 831 288">
     <span class='ocr_line' id='line_1_6' title="bbox 53 250 831 288; baseline -0.001 -10"><span class='ocrx_word' id='word_1_23' title='bbox 53 251 252 288; x_wconf 71' lang='grc' dir='ltr'>ὸθφραινὸμεναι</span> <span class='ocrx_word' id='word_1_24' title='bbox 267 251 384 287; x_wconf 77' lang='grc' dir='ltr'>Χριστοῦ</span> <span class='ocrx_word' id='word_1_25' title='bbox 400 251 493 287; x_wconf 85' lang='grc' dir='ltr'><strong>μύρων</strong></span> <span class='ocrx_word' id='word_1_26' title='bbox 505 251 630 284; x_wconf 81' lang='grc' dir='ltr'><strong>εὐωδίας,</strong></span> <span class='ocrx_word' id='word_1_27' title='bbox 643 250 734 278; x_wconf 70' lang='grc' dir='ltr'>ελαίου</span> <span class='ocrx_word' id='word_1_28' title='bbox 749 250 831 285; x_wconf 83' lang='grc' dir='ltr'>ἀγαλ-</span> 
     </span>
    </p>
   </div>
   <div class='ocr_carea' id='block_1_7' title="bbox 53 293 829 333">
    <p class='ocr_par' dir='ltr' id='par_1_7' title="bbox 53 293 829 333">
     <span class='ocr_line' id='line_1_7' title="bbox 53 293 829 333; baseline -0.003 -8"><span class='ocrx_word' id='word_1_29' title='bbox 53 293 164 330; x_wconf 74' lang='grc' dir='ltr'>λιάσὲως,</span> <span class='ocrx_word' id='word_1_30' title='bbox 178 297 329 333; x_wconf 75' lang='grc' dir='ltr'><strong>ἁπτόμεναι</strong></span> <span class='ocrx_word' id='word_1_31' title='bbox 344 298 423 332; x_wconf 86' lang='grc' dir='ltr'>λόγου</span> <span class='ocrx_word' id='word_1_32' title='bbox 439 297 552 330; x_wconf 83' lang='grc' dir='ltr'>ζῶντος·</span> <span class='ocrx_word' id='word_1_33' title='bbox 564 297 675 329; x_wconf 79' lang='grc' dir='ltr'>αἵτινες,</span> <span class='ocrx_word' id='word_1_34' title='bbox 692 297 829 330; x_wconf 75' lang='grc' dir='ltr'>ἐξευτελι-</span> 
     </span>
    </p>
   </div>
   <div class='ocr_carea' id='block_1_8' title="bbox 53 340 828 378">
    <p class='ocr_par' dir='ltr' id='par_1_8' title="bbox 53 340 828 378">
     <span class='ocr_line' id='line_1_8' title="bbox 53 340 828 378; baseline -0.001 -9"><span class='ocrx_word' id='word_1_35' title='bbox 53 342 150 378; x_wconf 79' lang='grc' dir='ltr'>ζὸμεναι</span> <span class='ocrx_word' id='word_1_36' title='bbox 166 342 219 368; x_wconf 57' lang='lat' dir='ltr'><strong>ore</strong></span> <span class='ocrx_word' id='word_1_37' title='bbox 238 341 292 369; x_wconf 85' lang='grc' dir='ltr'>τῶν</span> <span class='ocrx_word' id='word_1_38' title='bbox 306 341 340 368; x_wconf 85' lang='grc' dir='ltr'><strong>τὰ</strong></span> <span class='ocrx_word' id='word_1_39' title='bbox 354 341 508 377; x_wconf 84' lang='grc' dir='ltr'>πνεύματος</span> <span class='ocrx_word' id='word_1_40' title='bbox 531 342 636 378; x_wconf 82' lang='grc' dir='ltr'>μωρίαν</span> <span class='ocrx_word' id='word_1_41' title='bbox 655 342 702 368; x_wconf 74' lang='grc' dir='ltr'><strong>καὶ</strong></span> <span class='ocrx_word' id='word_1_42' title='bbox 719 341 773 368; x_wconf 72' lang='lat' dir='ltr'><strong>alito</strong></span> <span class='ocrx_word' id='word_1_43' title='bbox 789 340 828 376; x_wconf 77' lang='grc' dir='ltr'><strong>(ὃ)</strong></span> 
     </span>
    </p>
   </div>
   <div class='ocr_carea' id='block_1_9' title="bbox 51 386 828 423">
    <p class='ocr_par' dir='ltr' id='par_1_9' title="bbox 51 386 828 423">
     <span class='ocr_line' id='line_1_9' title="bbox 51 386 828 423; baseline -0.001 -9"><span class='ocrx_word' id='word_1_44' title='bbox 51 387 193 423; x_wconf 73' lang='grc' dir='ltr'>κρινόντων,</span> <span class='ocrx_word' id='word_1_45' title='bbox 224 386 275 413; x_wconf 81' lang='grc' dir='ltr'><strong>οὒκ</strong></span> <span class='ocrx_word' id='word_1_46' title='bbox 301 387 370 413; x_wconf 82' lang='grc' dir='ltr'>εἰσιν</span> <span class='ocrx_word' id='word_1_47' title='bbox 394 386 604 422; x_wconf 79' lang='grc' dir='ltr'>ὲπιλελησμὲναι</span> <span class='ocrx_word' id='word_1_48' title='bbox 639 386 754 413; x_wconf 76' lang='grc' dir='ltr'>ἐνώπιον</span> <span class='ocrx_word' id='word_1_49' title='bbox 781 386 828 413; x_wconf 87' lang='grc' dir='ltr'><strong>τοῦ</strong></span> 
     </span>
    </p>
   </div>
   <div class='ocr_carea' id='block_1_10' title="bbox 50 431 828 467">
    <p class='ocr_par' dir='ltr' id='par_1_10' title="bbox 50 431 828 467">
     <span class='ocr_line' id='line_1_10' title="bbox 50 431 828 467; baseline 0 -9"><span class='ocrx_word' id='word_1_50' title='bbox 50 431 117 458; x_wconf 84' lang='grc' dir='ltr'>Θεοῦ.</span> <span class='ocrx_word' id='word_1_51' title='bbox 132 431 166 457; x_wconf 85' lang='grc' dir='ltr'><strong>Τὸ</strong></span> <span class='ocrx_word' id='word_1_52' title='bbox 188 431 281 466; x_wconf 85' lang='grc' dir='ltr'>μέντοι</span> <span class='ocrx_word' id='word_1_53' title='bbox 298 431 427 466; x_wconf 78' lang='grc' dir='ltr'>ὲμφαῖνον</span> <span class='ocrx_word' id='word_1_54' title='bbox 449 431 539 466; x_wconf 80' lang='grc' dir='ltr'>ῥητὸν,</span> <span class='ocrx_word' id='word_1_55' title='bbox 557 431 624 467; x_wconf 78' lang='grc' dir='ltr'>μηδὲ</span> <span class='ocrx_word' id='word_1_56' title='bbox 643 432 674 458; x_wconf 79' lang='grc' dir='ltr'>τὸ</span> <span class='ocrx_word' id='word_1_57' title='bbox 689 431 828 467; x_wconf 70' lang='grc' dir='ltr'>ἐλάχιστον</span> 
     </span>
    </p>
   </div>
   <div class='ocr_carea' id='block_1_11' title="bbox 51 476 826 514">
    <p class='ocr_par' dir='ltr' id='par_1_11' title="bbox 51 476 826 514">
     <span class='ocr_line' id='line_1_11' title="bbox 51 476 826 514; baseline 0.001 -10"><span class='ocrx_word' id='word_1_58' title='bbox 51 477 177 514; x_wconf 84' lang='grc' dir='ltr'>στρουθίον</span> <span class='ocrx_word' id='word_1_59' title='bbox 204 477 417 512; x_wconf 75' lang='grc' dir='ltr'><strong>ἐπιλελησμένον</strong></span> <span class='ocrx_word' id='word_1_60' title='bbox 442 476 512 504; x_wconf 74' lang='grc' dir='ltr'>εἶναι</span> <span class='ocrx_word' id='word_1_61' title='bbox 536 477 650 504; x_wconf 76' lang='grc' dir='ltr'>ἐνώπιον</span> <span class='ocrx_word' id='word_1_62' title='bbox 675 478 723 505; x_wconf 87' lang='grc' dir='ltr'><strong>τοῦ</strong></span> <span class='ocrx_word' id='word_1_63' title='bbox 748 477 826 510; x_wconf 82' lang='grc' dir='ltr'>Θεοῦ,</span> 
     </span>
    </p>
   </div>
   <div class='ocr_carea' id='block_1_12' title="bbox 51 522 827 559">
    <p class='ocr_par' dir='ltr' id='par_1_12' title="bbox 51 522 827 559">
     <span class='ocr_line' id='line_1_12' title="bbox 51 522 827 559; baseline 0.003 -11"><span class='ocrx_word' id='word_1_64' title='bbox 51 522 212 555; x_wconf 78' lang='grc' dir='ltr'>συνεξέτασον</span> <span class='ocrx_word' id='word_1_65' title='bbox 225 523 284 554; x_wconf 81' lang='grc' dir='ltr'>τοῖς</span> <span class='ocrx_word' id='word_1_66' title='bbox 300 522 462 558; x_wconf 73' lang='grc' dir='ltr'>ἐμφαίνουσι</span> <span class='ocrx_word' id='word_1_67' title='bbox 477 524 579 559; x_wconf 79' lang='grc' dir='ltr'><strong>ῥητοῖς,</strong></span> <span class='ocrx_word' id='word_1_68' title='bbox 602 523 827 551; x_wconf 78' lang='grc' dir='ltr'>ἐπιλανθάνεσθαι</span> 
     </span>
    </p>
   </div>
   <div class='ocr_carea' id='block_1_13' title="bbox 48 568 827 606">
    <p class='ocr_par' dir='ltr' id='par_1_13' title="bbox 48 568 827 606">
     <span class='ocr_line' id='line_1_13' title="bbox 48 568 827 606; baseline 0.003 -12"><span class='ocrx_word' id='word_1_69' title='bbox 48 577 117 595; x_wconf 77' lang='grc' dir='ltr'>τινων</span> <span class='ocrx_word' id='word_1_70' title='bbox 130 568 173 595; x_wconf 83' lang='grc' dir='ltr'>τὸν</span> <span class='ocrx_word' id='word_1_71' title='bbox 188 568 256 595; x_wconf 83' lang='grc' dir='ltr'>Θεὸν</span> <span class='ocrx_word' id='word_1_72' title='bbox 277 568 311 596; x_wconf 86' lang='grc' dir='ltr'>δι’</span> <span class='ocrx_word' id='word_1_73' title='bbox 326 569 464 605; x_wconf 82' lang='grc' dir='ltr'>ἁμαρτίαν</span> <span class='ocrx_word' id='word_1_74' title='bbox 478 570 578 597; x_wconf 81' lang='grc' dir='ltr'>αὐτῶν.</span> <span class='ocrx_word' id='word_1_75' title='bbox 600 570 702 606; x_wconf 84' lang='grc' dir='ltr'>Ῥητῶς</span> <span class='ocrx_word' id='word_1_76' title='bbox 718 570 767 605; x_wconf 85' lang='grc' dir='ltr'>μὲν</span> <span class='ocrx_word' id='word_1_77' title='bbox 780 568 827 597; x_wconf 76' lang='grc' dir='ltr'>οὖν</span> 
     </span>
    </p>
   </div>
   <div class='ocr_carea' id='block_1_14' title="bbox 47 614 826 652">
    <p class='ocr_par' dir='ltr' id='par_1_14' title="bbox 47 614 826 652">
     <span class='ocr_line' id='line_1_14' title="bbox 47 614 826 652; baseline 0.004 -12"><span class='ocrx_word' id='word_1_78' title='bbox 47 615 73 641; x_wconf 78' lang='grc' dir='ltr'>τὸ</span> <span class='ocrx_word' id='word_1_79' title='bbox 84 614 245 650; x_wconf 81' lang='grc' dir='ltr'>λεπτομερὲς</span> <span class='ocrx_word' id='word_1_80' title='bbox 254 615 304 650; x_wconf 87' lang='grc' dir='ltr'>τῆς</span> <span class='ocrx_word' id='word_1_81' title='bbox 318 615 460 650; x_wconf 85' lang='grc' dir='ltr'>Προνοίας,</span> <span class='ocrx_word' id='word_1_82' title='bbox 472 616 520 643; x_wconf 76' lang='grc' dir='ltr'><strong>καὶ</strong></span> <span class='ocrx_word' id='word_1_83' title='bbox 531 617 547 651; x_wconf 82' lang='grc' dir='ltr'>ἡ</span> <span class='ocrx_word' id='word_1_84' title='bbox 564 616 645 652; x_wconf 86' lang='grc' dir='ltr'>μέχρι</span> <span class='ocrx_word' id='word_1_85' title='bbox 655 617 709 643; x_wconf 86' lang='grc' dir='ltr'>τῶν</span> <span class='ocrx_word' id='word_1_86' title='bbox 720 615 826 643; x_wconf 85' lang='grc' dir='ltr'>λεπτῶν</span> 
     </span>
    </p>
   </div>
   <div class='ocr_carea' id='block_1_15' title="bbox 47 661 827 698">
    <p class='ocr_par' dir='ltr' id='par_1_15' title="bbox 47 661 827 698">
     <span class='ocr_line' id='line_1_15' title="bbox 47 661 827 698; baseline 0.003 -11"><span class='ocrx_word' id='word_1_87' title='bbox 47 661 143 696; x_wconf 86' lang='grc' dir='ltr'>γνῶσις,</span> <span class='ocrx_word' id='word_1_88' title='bbox 157 662 186 688; x_wconf 87' lang='grc' dir='ltr'>ὲν</span> <span class='ocrx_word' id='word_1_89' title='bbox 206 662 315 693; x_wconf 80' lang='grc' dir='ltr'>τούτοις</span> <span class='ocrx_word' id='word_1_90' title='bbox 328 661 469 698; x_wconf 89' lang='grc' dir='ltr'>δηλοῦται·</span> <span class='ocrx_word' id='word_1_91' title='bbox 496 663 600 698; x_wconf 84' lang='grc' dir='ltr'>νοητῶς</span> <span class='ocrx_word' id='word_1_92' title='bbox 622 663 650 689; x_wconf 79' lang='grc' dir='ltr'><strong>δὲ</strong></span> <span class='ocrx_word' id='word_1_93' title='bbox 672 663 766 690; x_wconf 85' lang='grc' dir='ltr'>πίπτει</span> <span class='ocrx_word' id='word_1_94' title='bbox 780 663 827 689; x_wconf 69' lang='grc' dir='ltr'><strong>ἐπὶ</strong></span> 
     </span>
    </p>
   </div>
   <div class='ocr_carea' id='block_1_16' title="bbox 46 705 826 745">
    <p class='ocr_par' dir='ltr' id='par_1_16' title="bbox 46 705 826 745">
     <span class='ocr_line' id='line_1_16' title="bbox 46 705 826 745; baseline 0.001 -11"><span class='ocrx_word' id='word_1_95' title='bbox 46 708 88 743; x_wconf 78' lang='grc' dir='ltr'>τῆς</span> <span class='ocrx_word' id='word_1_96' title='bbox 99 708 156 742; x_wconf 86' lang='grc' dir='ltr'>γῆς,</span> <span class='ocrx_word' id='word_1_97' title='bbox 178 705 224 734; x_wconf 77' lang='grc' dir='ltr'><strong>οἷα</strong></span> <span class='ocrx_word' id='word_1_98' title='bbox 242 708 383 744; x_wconf 83' lang='grc' dir='ltr'>στρουθία,</span> <span class='ocrx_word' id='word_1_99' title='bbox 402 709 433 735; x_wconf 80' lang='grc' dir='ltr'>τὸ</span> <span class='ocrx_word' id='word_1_100' title='bbox 447 708 588 745; x_wconf 79' lang='grc' dir='ltr'>φρόνιμον.</span> <span class='ocrx_word' id='word_1_101' title='bbox 618 708 702 735; x_wconf 86' lang='grc' dir='ltr'>Ἐπὰν</span> <span class='ocrx_word' id='word_1_102' title='bbox 719 709 747 736; x_wconf 84' lang='grc' dir='ltr'><strong>δὲ</strong></span> <span class='ocrx_word' id='word_1_103' title='bbox 770 708 826 736; x_wconf 89' lang='grc' dir='ltr'><strong>ἁνω</strong></span> 
     </span>
    </p>
   </div>
   <div class='ocr_carea' id='block_1_17' title="bbox 48 752 825 790">
    <p class='ocr_par' dir='ltr' id='par_1_17' title="bbox 48 752 825 790">
     <span class='ocr_line' id='line_1_17' title="bbox 48 752 825 790; baseline 0 -10"><span class='ocrx_word' id='word_1_104' title='bbox 48 753 148 789; x_wconf 73' lang='grc' dir='ltr'>φέρεσθε</span> <span class='ocrx_word' id='word_1_105' title='bbox 163 752 212 789; x_wconf 72' lang='grc' dir='ltr'>(ό),</span> <span class='ocrx_word' id='word_1_106' title='bbox 237 753 273 780; x_wconf 87' lang='grc' dir='ltr'><strong>τὰ</strong></span> <span class='ocrx_word' id='word_1_107' title='bbox 289 753 365 780; x_wconf 83' lang='grc' dir='ltr'>κάτω</span> <span class='ocrx_word' id='word_1_108' title='bbox 385 753 463 789; x_wconf 80' lang='grc' dir='ltr'>ζητεί</span> <span class='ocrx_word' id='word_1_109' title='bbox 476 755 533 786; x_wconf 88' lang='grc' dir='ltr'>τοῖς</span> <span class='ocrx_word' id='word_1_110' title='bbox 545 754 596 789; x_wconf 86' lang='grc' dir='ltr'>τῆς</span> <span class='ocrx_word' id='word_1_111' title='bbox 617 754 719 790; x_wconf 86' lang='grc' dir='ltr'>σαρκὸς</span> <span class='ocrx_word' id='word_1_112' title='bbox 733 754 825 789; x_wconf 75' lang='grc' dir='ltr'>ἐνεχο-</span> 
     </span>
    </p>
   </div>
   <div class='ocr_carea' id='block_1_18' title="bbox 48 799 825 836">
    <p class='ocr_par' dir='ltr' id='par_1_18' title="bbox 48 799 825 836">
     <span class='ocr_line' id='line_1_18' title="bbox 48 799 825 836; baseline 0 -10"><span class='ocrx_word' id='word_1_113' title='bbox 48 800 125 834; x_wconf 80' lang='grc' dir='ltr'>μένοις</span> <span class='ocrx_word' id='word_1_114' title='bbox 140 801 245 831; x_wconf 79' lang='grc' dir='ltr'>κακοῖς,</span> <span class='ocrx_word' id='word_1_115' title='bbox 263 799 416 836; x_wconf 79' lang='grc' dir='ltr'>παραδοθὲν</span> <span class='ocrx_word' id='word_1_116' title='bbox 438 800 478 831; x_wconf 84' lang='grc' dir='ltr'><strong>είς</strong></span> <span class='ocrx_word' id='word_1_117' title='bbox 492 799 577 831; x_wconf 85' lang='grc' dir='ltr'>πάθος</span> <span class='ocrx_word' id='word_1_118' title='bbox 596 799 716 835; x_wconf 80' lang='grc' dir='ltr'>ἀτιμίας,</span> <span class='ocrx_word' id='word_1_119' title='bbox 734 800 781 826; x_wconf 79' lang='grc' dir='ltr'>καὶ</span> <span class='ocrx_word' id='word_1_120' title='bbox 795 799 825 827; x_wconf 72' lang='grc' dir='ltr'><strong>τὺ</strong></span> 
     </span>
    </p>
   </div>
   <div class='ocr_carea' id='block_1_19' title="bbox 47 837 859 880">
    <p class='ocr_par' dir='ltr' id='par_1_19' title="bbox 47 837 859 880">
     <span class='ocr_line' id='line_1_19' title="bbox 47 837 859 880; baseline 0 -10"><span class='ocrx_word' id='word_1_121' title='bbox 47 843 170 880; x_wconf 75' lang='grc' dir='ltr'>ἐλεύθερον</span> <span class='ocrx_word' id='word_1_122' title='bbox 188 843 260 880; x_wconf 79' lang='grc' dir='ltr'>μετὰ</span> <span class='ocrx_word' id='word_1_123' title='bbox 275 843 324 870; x_wconf 85' lang='grc' dir='ltr'><strong>τοῦ</strong></span> <span class='ocrx_word' id='word_1_124' title='bbox 340 844 431 879; x_wconf 78' lang='grc' dir='ltr'>τιμίου</span> <span class='ocrx_word' id='word_1_125' title='bbox 447 844 628 876; x_wconf 86' lang='grc' dir='ltr'>ἀπολελωκός.</span> <span class='ocrx_word' id='word_1_126' title='bbox 653 843 779 876; x_wconf 79' lang='grc' dir='ltr'>Τοιοῦτος</span> <span class='ocrx_word' id='word_1_127' title='bbox 794 843 822 870; x_wconf 83' lang='grc' dir='ltr'><strong>δὲ</strong></span> <span class='ocrx_word' id='word_1_128' title='bbox 838 837 859 864; x_wconf 76' lang='grc' dir='ltr'>Β</span> 
     </span>
    </p>
   </div>
   <div class='ocr_carea' id='block_1_20' title="bbox 47 890 823 927">
    <p class='ocr_par' dir='ltr' id='par_1_20' title="bbox 47 890 823 927">
     <span class='ocr_line' id='line_1_20' title="bbox 47 890 823 927; baseline 0.001 -11"><span class='ocrx_word' id='word_1_129' title='bbox 47 892 58 916; x_wconf 78' lang='grc' dir='ltr'>ὁ</span> <span class='ocrx_word' id='word_1_130' title='bbox 75 891 120 916; x_wconf 76' lang='grc' dir='ltr'><strong>ὑπὸ</strong></span> <span class='ocrx_word' id='word_1_131' title='bbox 132 890 177 916; x_wconf 84' lang='grc' dir='ltr'><strong>τοῦ</strong></span> <span class='ocrx_word' id='word_1_132' title='bbox 194 890 276 925; x_wconf 86' lang='grc' dir='ltr'>λόγου</span> <span class='ocrx_word' id='word_1_133' title='bbox 294 891 500 927; x_wconf 77' lang='grc' dir='ltr'>μετεωρισθεὶς,</span> <span class='ocrx_word' id='word_1_134' title='bbox 516 891 563 918; x_wconf 78' lang='grc' dir='ltr'>καὶ</span> <span class='ocrx_word' id='word_1_135' title='bbox 580 891 614 918; x_wconf 79' lang='grc' dir='ltr'><strong>τὰ</strong></span> <span class='ocrx_word' id='word_1_136' title='bbox 628 891 710 927; x_wconf 80' lang='grc' dir='ltr'>γήϊνα</span> <span class='ocrx_word' id='word_1_137' title='bbox 723 891 823 927; x_wconf 80' lang='grc' dir='ltr'>φρονή-</span> 
     </span>
    </p>
   </div>
   <div class='ocr_carea' id='block_1_21' title="bbox 48 937 821 974">
    <p class='ocr_par' dir='ltr' id='par_1_21' title="bbox 48 937 821 974">
     <span class='ocr_line' id='line_1_21' title="bbox 48 937 821 974; baseline 0.001 -10"><span class='ocrx_word' id='word_1_138' title='bbox 48 946 96 969; x_wconf 77' lang='grc' dir='ltr'>σας.</span> <span class='ocrx_word' id='word_1_139' title='bbox 105 938 185 969; x_wconf 80' lang='grc' dir='ltr'>,Κατὰ</span> <span class='ocrx_word' id='word_1_140' title='bbox 205 938 234 965; x_wconf 76' lang='grc' dir='ltr'><strong>δὲ</strong></span> <span class='ocrx_word' id='word_1_141' title='bbox 254 938 286 965; x_wconf 78' lang='grc' dir='ltr'><strong>τὺ</strong></span> <span class='ocrx_word' id='word_1_142' title='bbox 297 938 378 974; x_wconf 73' lang='grc' dir='ltr'>ῥητὸν</span> <span class='ocrx_word' id='word_1_143' title='bbox 401 938 493 970; x_wconf 78' lang='grc' dir='ltr'>πάλιν,</span> <span class='ocrx_word' id='word_1_144' title='bbox 506 938 536 965; x_wconf 80' lang='grc' dir='ltr'><strong>τό</strong></span> <span class='ocrx_word' id='word_1_145' title='bbox 549 947 556 953; x_wconf 90' lang='grc'>·</span> <span class='ocrx_word' id='word_1_146' title='bbox 574 939 614 965; x_wconf 91' lang='grc' dir='ltr'><strong>οὺ</strong></span> <span class='ocrx_word' id='word_1_147' title='bbox 626 937 759 965; x_wconf 75' lang='grc' dir='ltr'>πεσεῖται</span> <span class='ocrx_word' id='word_1_148' title='bbox 772 937 821 965; x_wconf 76' lang='grc' dir='ltr'><strong>ἐπὶ</strong></span> 
     </span>
    </p>
   </div>
   <div class='ocr_carea' id='block_1_22' title="bbox 47 983 822 1020">
    <p class='ocr_par' dir='ltr' id='par_1_22' title="bbox 47 983 822 1020">
     <span class='ocr_line' id='line_1_22' title="bbox 47 983 822 1020; baseline 0 -10"><span class='ocrx_word' id='word_1_149' title='bbox 47 983 94 1017; x_wconf 77' lang='grc' dir='ltr'>τὴν</span> <span class='ocrx_word' id='word_1_150' title='bbox 106 983 158 1019; x_wconf 72' lang='grc' dir='ltr'>γῆν</span> <span class='ocrx_word' id='word_1_151' title='bbox 171 984 246 1011; x_wconf 79' lang='grc' dir='ltr'>ἄνευ</span> <span class='ocrx_word' id='word_1_152' title='bbox 263 985 318 1012; x_wconf 82' lang='grc' dir='ltr'><strong>τοῦ</strong></span> <span class='ocrx_word' id='word_1_153' title='bbox 333 984 447 1018; x_wconf 75' lang='grc' dir='ltr'>Πατρός</span> <span class='ocrx_word' id='word_1_154' title='bbox 464 984 557 1019; x_wconf 83' lang='grc' dir='ltr'>ὑμῶν,</span> <span class='ocrx_word' id='word_1_155' title='bbox 579 984 609 1011; x_wconf 83' lang='grc' dir='ltr'>οὐ</span> <span class='ocrx_word' id='word_1_156' title='bbox 632 984 681 1020; x_wconf 78' lang='grc' dir='ltr'>τὴν</span> <span class='ocrx_word' id='word_1_157' title='bbox 696 983 822 1020; x_wconf 84' lang='grc' dir='ltr'>βούλησιν</span> 
     </span>
    </p>
   </div>
   <div class='ocr_carea' id='block_1_23' title="bbox 47 1031 820 1067">
    <p class='ocr_par' dir='ltr' id='par_1_23' title="bbox 47 1031 820 1067">
     <span class='ocr_line' id='line_1_23' title="bbox 47 1031 820 1067; baseline 0 -10"><span class='ocrx_word' id='word_1_158' title='bbox 47 1031 173 1063; x_wconf 76' lang='grc' dir='ltr'>δείκνυσιν,</span> <span class='ocrx_word' id='word_1_159' title='bbox 186 1031 256 1058; x_wconf 82' lang='grc' dir='ltr'>ἀλλὰ</span> <span class='ocrx_word' id='word_1_160' title='bbox 269 1031 320 1067; x_wconf 79' lang='grc' dir='ltr'>τὴν</span> <span class='ocrx_word' id='word_1_161' title='bbox 340 1031 504 1067; x_wconf 80' lang='grc' dir='ltr'>πρόγνωσιν.</span> <span class='ocrx_word' id='word_1_162' title='bbox 518 1031 578 1057; x_wconf 86' lang='grc' dir='ltr'><strong>Τῶν</strong></span> <span class='ocrx_word' id='word_1_163' title='bbox 592 1031 648 1066; x_wconf 82' lang='grc' dir='ltr'><strong>γὰρ</strong></span> <span class='ocrx_word' id='word_1_164' title='bbox 661 1031 820 1066; x_wconf 85' lang='grc' dir='ltr'>γινομένων,</span> 
     </span>
    </p>
   </div>
   <div class='ocr_carea' id='block_1_24' title="bbox 47 1076 821 1113">
    <p class='ocr_par' dir='ltr' id='par_1_24' title="bbox 47 1076 821 1113">
     <span class='ocr_line' id='line_1_24' title="bbox 47 1076 821 1113; baseline 0.001 -10"><span class='ocrx_word' id='word_1_165' title='bbox 47 1076 61 1103; x_wconf 78' lang='grc' dir='ltr'>ἃ</span> <span class='ocrx_word' id='word_1_166' title='bbox 71 1077 113 1112; x_wconf 80' lang='grc' dir='ltr'>μὲν</span> <span class='ocrx_word' id='word_1_167' title='bbox 122 1077 187 1103; x_wconf 80' lang='grc' dir='ltr'>κατὰ</span> <span class='ocrx_word' id='word_1_168' title='bbox 202 1077 332 1113; x_wconf 87' lang='grc' dir='ltr'>βούλησιν</span> <span class='ocrx_word' id='word_1_169' title='bbox 346 1077 461 1112; x_wconf 86' lang='grc' dir='ltr'>γίνεται,</span> <span class='ocrx_word' id='word_1_170' title='bbox 474 1077 491 1105; x_wconf 76' lang='grc' dir='ltr'>ἃ</span> <span class='ocrx_word' id='word_1_171' title='bbox 504 1077 532 1104; x_wconf 84' lang='grc' dir='ltr'><strong>δὲ</strong></span> <span class='ocrx_word' id='word_1_172' title='bbox 542 1077 602 1104; x_wconf 81' lang='grc' dir='ltr'>κατ’</span> <span class='ocrx_word' id='word_1_173' title='bbox 615 1077 749 1110; x_wconf 74' lang='grc' dir='ltr'>εὐδοκίαν,</span> <span class='ocrx_word' id='word_1_174' title='bbox 760 1076 778 1104; x_wconf 75' lang='grc' dir='ltr'><strong>ἁ</strong></span> <span class='ocrx_word' id='word_1_175' title='bbox 792 1077 821 1104; x_wconf 87' lang='grc' dir='ltr'><strong>δὲ</strong></span> 
     </span>
    </p>
   </div>
   <div class='ocr_carea' id='block_1_25' title="bbox 47 1122 774 1159">
    <p class='ocr_par' dir='ltr' id='par_1_25' title="bbox 47 1122 774 1159">
     <span class='ocr_line' id='line_1_25' title="bbox 47 1122 774 1159; baseline 0.003 -10"><span class='ocrx_word' id='word_1_176' title='bbox 47 1122 105 1149; x_wconf 73' lang='grc' dir='ltr'>κατὰ</span> <span class='ocrx_word' id='word_1_177' title='bbox 116 1122 300 1159; x_wconf 80' lang='grc' dir='ltr'>συγχώρησιν.</span> <span class='ocrx_word' id='word_1_178' title='bbox 769 1124 774 1130; x_wconf 94' lang='grc'><em>”</em></span> 
     </span>
    </p>
   </div>
   <div class='ocr_carea' id='block_1_26' title="bbox 353 1254 497 1282">
    <p class='ocr_par' dir='ltr' id='par_1_26' title="bbox 353 1254 497 1282">
     <span class='ocr_line' id='line_1_26' title="bbox 353 1254 497 1282; baseline 0 -1"><span class='ocrx_word' id='word_1_179' title='bbox 353 1254 432 1281; x_wconf 78' lang='grc' dir='ltr'><strong>ΚΕΦ.</strong></span> <span class='ocrx_word' id='word_1_180' title='bbox 450 1255 497 1282; x_wconf 82' lang='lat' dir='ltr'><strong>lI&quot;.</strong></span> 
     </span>
    </p>
   </div>
   <div class='ocr_carea' id='block_1_27' title="bbox 48 1299 820 1338">
    <p class='ocr_par' dir='ltr' id='par_1_27' title="bbox 48 1299 820 1338">
     <span class='ocr_line' id='line_1_27' title="bbox 48 1299 820 1338; baseline 0.008 -13"><span class='ocrx_word' id='word_1_181' title='bbox 48 1299 108 1335; x_wconf 77' lang='grc' dir='ltr'>Στίχ.</span> <span class='ocrx_word' id='word_1_182' title='bbox 127 1304 157 1338; x_wconf 58' lang='grc' dir='ltr'><strong>κέ.</strong></span> <span class='ocrx_word' id='word_1_183' title='bbox 184 1300 285 1338; x_wconf 59' lang='grc' dir='ltr'>Πάλιν</span> <span class='ocrx_word' id='word_1_184' title='bbox 303 1299 359 1338; x_wconf 71' lang='grc' dir='ltr'>οὖν</span> <span class='ocrx_word' id='word_1_185' title='bbox 377 1299 457 1329; x_wconf 71' lang='grc' dir='ltr'>εἴπεο</span> <span class='ocrx_word' id='word_1_186' title='bbox 476 1302 535 1329; x_wconf 86' lang='grc' dir='ltr'>Τίνι</span> <span class='ocrx_word' id='word_1_187' title='bbox 548 1302 682 1338; x_wconf 83' lang='grc' dir='ltr'>ὁμοιώσω</span> <span class='ocrx_word' id='word_1_188' title='bbox 696 1302 753 1337; x_wconf 82' lang='grc' dir='ltr'>τὴν</span> <span class='ocrx_word' id='word_1_189' title='bbox 763 1303 820 1336; x_wconf 79' lang='grc' dir='ltr'>,βα-</span> 
     </span>
    </p>
   </div>
   <div class='ocr_carea' id='block_1_28' title="bbox 75 1337 364 1369">
    <p class='ocr_par' dir='ltr' id='par_1_28' title="bbox 75 1337 364 1369">
     <span class='ocr_line' id='line_1_28' title="bbox 75 1337 364 1369; baseline 0.01 -8"><span class='ocrx_word' id='word_1_190' title='bbox 75 1337 183 1364; x_wconf 76' lang='grc' dir='ltr'>σιλείαν</span> <span class='ocrx_word' id='word_1_191' title='bbox 199 1337 253 1364; x_wconf 80' lang='grc' dir='ltr'><strong>τοῦ</strong></span> <span class='ocrx_word' id='word_1_192' title='bbox 270 1337 346 1364; x_wconf 80' lang='grc' dir='ltr'>Θεοῦ</span> <span class='ocrx_word' id='word_1_193' title='bbox 355 1345 364 1369; x_wconf 90' lang='grc'><em>;</em></span> 
     </span>
    </p>
   </div>
   <div class='ocr_carea' id='block_1_29' title="bbox 47 1370 818 1408">
    <p class='ocr_par' dir='ltr' id='par_1_29' title="bbox 47 1370 818 1408">
     <span class='ocr_line' id='line_1_29' title="bbox 47 1370 818 1408; baseline 0.004 -11"><span class='ocrx_word' id='word_1_194' title='bbox 47 1370 109 1408; x_wconf 63' lang='grc' dir='ltr'>Στίχ.</span> <span class='ocrx_word' id='word_1_195' title='bbox 128 1375 179 1399; x_wconf 70' lang='grc' dir='ltr'><strong>ια’.</strong></span> <span class='ocrx_word' id='word_1_196' title='bbox 205 1372 313 1407; x_wconf 84' lang='grc' dir='ltr'>Ὅμοια</span> <span class='ocrx_word' id='word_1_197' title='bbox 336 1373 403 1400; x_wconf 82' lang='grc' dir='ltr'>ἐστὶ</span> <span class='ocrx_word' id='word_1_198' title='bbox 419 1372 503 1407; x_wconf 80' lang='grc' dir='ltr'>ζύμῃ,</span> <span class='ocrx_word' id='word_1_199' title='bbox 527 1372 567 1406; x_wconf 79' lang='grc' dir='ltr'>ἣν</span> <span class='ocrx_word' id='word_1_200' title='bbox 589 1372 728 1408; x_wconf 61' lang='grc' dir='ltr'>λαόοῇσιι</span> <span class='ocrx_word' id='word_1_201' title='bbox 739 1373 818 1408; x_wconf 72' lang='grc' dir='ltr'>γυνὴ</span> 
     </span>
    </p>
   </div>
   <div class='ocr_carea' id='block_1_30' title="bbox 74 1406 818 1468">
    <p class='ocr_par' dir='ltr' id='par_1_30' title="bbox 74 1406 818 1468">
     <span class='ocr_line' id='line_1_30' title="bbox 74 1406 818 1468; baseline 0 -34"><span class='ocrx_word' id='word_1_202' title='bbox 74 1406 194 1468; x_wconf 49' lang='grc' dir='ltr'>Ξζρυψεν</span> <span class='ocrx_word' id='word_1_203' title='bbox 204 1406 248 1441; x_wconf 61' lang='grc' dir='ltr'>είς·</span> <span class='ocrx_word' id='word_1_204' title='bbox 260 1408 394 1442; x_wconf 77' lang='grc' dir='ltr'>ἀλεύρου</span> <span class='ocrx_word' id='word_1_205' title='bbox 403 1408 482 1435; x_wconf 81' lang='grc' dir='ltr'>σάτα</span> <span class='ocrx_word' id='word_1_206' title='bbox 492 1408 568 1442; x_wconf 79' lang='grc' dir='ltr'>τρία,</span> <span class='ocrx_word' id='word_1_207' title='bbox 578 1407 634 1441; x_wconf 81' lang='grc' dir='ltr'>ἕως</span> <span class='ocrx_word' id='word_1_208' title='bbox 642 1406 677 1436; x_wconf 87' lang='grc' dir='ltr'>οὗ</span> <span class='ocrx_word' id='word_1_209' title='bbox 688 1406 818 1443; x_wconf 68' lang='grc' dir='ltr'>ἐζυμώθη</span> 
     </span>
     <span class='ocr_line' id='line_1_31' title="bbox 90 1451 149 1468; baseline 0 0"><span class='ocrx_word' id='word_1_210' title='bbox 90 1462 95 1468; x_wconf 92' lang='grc'>.</span> <span class='ocrx_word' id='word_1_211' title='bbox 108 1451 149 1468; x_wconf 88' lang='grc' dir='ltr'>ον.</span> 
     </span>
    </p>
   </div>
   <div class='ocr_carea' id='block_1_31' title="bbox 90 1451 149 1469">
    <p class='ocr_par' dir='ltr' id='par_1_31' title="bbox 90 1451 149 1469">
     <span class='ocr_line' id='line_1_32' title="bbox 90 1451 149 1469; baseline 0.017 -1"><span class='ocrx_word' id='word_1_212' title='bbox 90 1451 149 1469; x_wconf 60' lang='lat'><strong>401‘.</strong></span> 
     </span>
    </p>
   </div>
   <div class='ocr_carea' id='block_1_32' title="bbox 78 1486 818 1524">
    <p class='ocr_par' dir='ltr' id='par_1_32' title="bbox 78 1486 818 1524">
     <span class='ocr_line' id='line_1_33' title="bbox 78 1486 818 1524; baseline 0.004 -11"><span class='ocrx_word' id='word_1_213' title='bbox 78 1486 183 1523; x_wconf 80' lang='grc' dir='ltr'>Ἑτέρως</span> <span class='ocrx_word' id='word_1_214' title='bbox 198 1487 258 1514; x_wconf 81' lang='grc' dir='ltr'>ὲστὶ</span> <span class='ocrx_word' id='word_1_215' title='bbox 286 1487 389 1520; x_wconf 77' lang='grc' dir='ltr'>λαϐεῖν,</span> <span class='ocrx_word' id='word_1_216' title='bbox 410 1487 468 1523; x_wconf 79' lang='grc' dir='ltr'>τὴν</span> <span class='ocrx_word' id='word_1_217' title='bbox 492 1488 542 1524; x_wconf 79' lang='grc' dir='ltr'>μὲν</span> <span class='ocrx_word' id='word_1_218' title='bbox 563 1489 690 1524; x_wconf 69' lang='grc' dir='ltr'>γυναῖκα</span> <span class='ocrx_word' id='word_1_219' title='bbox 710 1489 750 1521; x_wconf 88' lang='grc' dir='ltr'><strong>είς</strong></span> <span class='ocrx_word' id='word_1_220' title='bbox 768 1489 818 1524; x_wconf 81' lang='grc' dir='ltr'>τὴν</span> 
     </span>
    </p>
   </div>
   <div class='ocr_carea' id='block_1_33' title="bbox 51 1532 814 1570">
    <p class='ocr_par' dir='ltr' id='par_1_33' title="bbox 51 1532 814 1570">
     <span class='ocr_line' id='line_1_34' title="bbox 51 1532 814 1570; baseline 0.005 -12"><span class='ocrx_word' id='word_1_221' title='bbox 51 1532 205 1569; x_wconf 80' lang='grc' dir='ltr'>Ἐκκλησίαν,</span> <span class='ocrx_word' id='word_1_222' title='bbox 220 1534 282 1568; x_wconf 80' lang='grc' dir='ltr'>τὴν</span> <span class='ocrx_word' id='word_1_223' title='bbox 295 1534 323 1560; x_wconf 83' lang='grc' dir='ltr'><strong>δὲ</strong></span> <span class='ocrx_word' id='word_1_224' title='bbox 337 1533 429 1569; x_wconf 80' lang='grc' dir='ltr'>ζύμην</span> <span class='ocrx_word' id='word_1_225' title='bbox 450 1535 490 1567; x_wconf 86' lang='grc' dir='ltr'><strong>είς</strong></span> <span class='ocrx_word' id='word_1_226' title='bbox 509 1534 540 1562; x_wconf 82' lang='grc' dir='ltr'>τὸ</span> <span class='ocrx_word' id='word_1_227' title='bbox 553 1535 667 1570; x_wconf 87' lang='grc' dir='ltr'>Πνεῦμα</span> <span class='ocrx_word' id='word_1_228' title='bbox 680 1535 711 1561; x_wconf 82' lang='grc' dir='ltr'>τὸ</span> <span class='ocrx_word' id='word_1_229' title='bbox 724 1535 814 1570; x_wconf 73' lang='grc' dir='ltr'>ἅγιον.</span> 
     </span>
    </p>
   </div>
   <div class='ocr_carea' id='block_1_34' title="bbox 46 1577 818 1617">
    <p class='ocr_par' dir='ltr' id='par_1_34' title="bbox 46 1577 818 1617">
     <span class='ocr_line' id='line_1_35' title="bbox 46 1577 818 1617; baseline 0.004 -13"><span class='ocrx_word' id='word_1_230' title='bbox 46 1577 109 1604; x_wconf 68' lang='lat' dir='ltr'><strong>Etim</strong></span> <span class='ocrx_word' id='word_1_231' title='bbox 120 1579 145 1605; x_wconf 70' lang='grc' dir='ltr'><strong>δὲ</strong></span> <span class='ocrx_word' id='word_1_232' title='bbox 158 1580 232 1614; x_wconf 84' lang='grc' dir='ltr'>τρία,</span> <span class='ocrx_word' id='word_1_233' title='bbox 249 1579 342 1615; x_wconf 84' lang='grc' dir='ltr'>σῶμα,</span> <span class='ocrx_word' id='word_1_234' title='bbox 359 1580 476 1616; x_wconf 85' lang='grc' dir='ltr'>πνεῦμα,</span> <span class='ocrx_word' id='word_1_235' title='bbox 494 1580 593 1617; x_wconf 82' lang='grc' dir='ltr'>ψυχήν.</span> <span class='ocrx_word' id='word_1_236' title='bbox 617 1580 768 1616; x_wconf 76' lang='grc' dir='ltr'>Ἀγιὰζεται</span> <span class='ocrx_word' id='word_1_237' title='bbox 790 1580 818 1607; x_wconf 85' lang='grc' dir='ltr'><strong>δὲ</strong></span> 
     </span>
    </p>
   </div>
   <div class='ocr_carea' id='block_1_35' title="bbox 45 1625 817 1663">
    <p class='ocr_par' dir='ltr' id='par_1_35' title="bbox 45 1625 817 1663">
     <span class='ocr_line' id='line_1_36' title="bbox 45 1625 817 1663; baseline 0.005 -13"><span class='ocrx_word' id='word_1_238' title='bbox 45 1625 116 1651; x_wconf 71' lang='grc' dir='ltr'>ταῦτα</span> <span class='ocrx_word' id='word_1_239' title='bbox 133 1627 163 1662; x_wconf 82' lang='grc' dir='ltr'><strong>τῇ</strong></span> <span class='ocrx_word' id='word_1_240' title='bbox 178 1625 251 1663; x_wconf 83' lang='grc' dir='ltr'><strong>ζύμῃ</strong></span> <span class='ocrx_word' id='word_1_241' title='bbox 266 1626 316 1653; x_wconf 87' lang='grc' dir='ltr'><strong>τοῦ</strong></span> <span class='ocrx_word' id='word_1_242' title='bbox 331 1626 408 1660; x_wconf 79' lang='grc' dir='ltr'>ἁγίου</span> <span class='ocrx_word' id='word_1_243' title='bbox 425 1627 592 1662; x_wconf 81' lang='grc' dir='ltr'>Πνεύματος,</span> <span class='ocrx_word' id='word_1_244' title='bbox 608 1627 678 1653; x_wconf 84' lang='grc' dir='ltr'>ὥστε</span> <span class='ocrx_word' id='word_1_245' title='bbox 693 1627 817 1662; x_wconf 85' lang='grc' dir='ltr'>γενέσθαι</span> 
     </span>
    </p>
   </div>
   <div class='ocr_carea' id='block_1_36' title="bbox 47 1670 818 1709">
    <p class='ocr_par' dir='ltr' id='par_1_36' title="bbox 47 1670 818 1709">
     <span class='ocr_line' id='line_1_37' title="bbox 47 1670 818 1709; baseline 0.001 -12"><span class='ocrx_word' id='word_1_246' title='bbox 47 1670 102 1706; x_wconf 74' lang='grc' dir='ltr'>πρὸς</span> <span class='ocrx_word' id='word_1_247' title='bbox 119 1671 146 1698; x_wconf 83' lang='grc' dir='ltr'>τὸ</span> <span class='ocrx_word' id='word_1_248' title='bbox 160 1672 236 1706; x_wconf 73' lang='grc' dir='ltr'>ἅγιον</span> <span class='ocrx_word' id='word_1_249' title='bbox 254 1672 370 1707; x_wconf 82' lang='grc' dir='ltr'>Πνεῦμα</span> <span class='ocrx_word' id='word_1_250' title='bbox 387 1671 417 1698; x_wconf 83' lang='grc' dir='ltr'>ἓν</span> <span class='ocrx_word' id='word_1_251' title='bbox 439 1671 562 1709; x_wconf 85' lang='grc' dir='ltr'>φύραμα.</span> <span class='ocrx_word' id='word_1_252' title='bbox 580 1672 641 1698; x_wconf 88' lang='grc' dir='ltr'>Ἔτι</span> <span class='ocrx_word' id='word_1_253' title='bbox 660 1672 750 1708; x_wconf 81' lang='grc' dir='ltr'>ζύμην</span> <span class='ocrx_word' id='word_1_254' title='bbox 769 1673 818 1708; x_wconf 75' lang='grc' dir='ltr'>τὴν</span> 
     </span>
    </p>
   </div>
   <div class='ocr_carea' id='block_1_37' title="bbox 46 1716 818 1753">
    <p class='ocr_par' dir='ltr' id='par_1_37' title="bbox 46 1716 818 1753">
     <span class='ocr_line' id='line_1_38' title="bbox 46 1716 818 1753; baseline 0.001 -11"><span class='ocrx_word' id='word_1_255' title='bbox 46 1716 89 1742; x_wconf 67' lang='grc' dir='ltr'><strong>ἀπὺ</strong></span> <span class='ocrx_word' id='word_1_256' title='bbox 100 1717 142 1743; x_wconf 80' lang='grc' dir='ltr'><strong>τοῦ</strong></span> <span class='ocrx_word' id='word_1_257' title='bbox 157 1718 257 1753; x_wconf 85' lang='grc' dir='ltr'>σπόρου</span> <span class='ocrx_word' id='word_1_258' title='bbox 278 1717 550 1753; x_wconf 82' lang='grc' dir='ltr'>τελεσιουργηθεῖσαν</span> <span class='ocrx_word' id='word_1_259' title='bbox 563 1717 676 1752; x_wconf 85' lang='grc' dir='ltr'>δύναμιν</span> <span class='ocrx_word' id='word_1_260' title='bbox 695 1718 709 1743; x_wconf 82' lang='grc' dir='ltr'><strong>ό</strong></span> <span class='ocrx_word' id='word_1_261' title='bbox 724 1717 818 1753; x_wconf 86' lang='grc' dir='ltr'>Σωτὴρ</span> 
     </span>
    </p>
   </div>
   <div class='ocr_carea' id='block_1_38' title="bbox 46 1761 818 1800">
    <p class='ocr_par' dir='ltr' id='par_1_38' title="bbox 46 1761 818 1800">
     <span class='ocr_line' id='line_1_39' title="bbox 46 1761 818 1800; baseline 0 -12"><span class='ocrx_word' id='word_1_262' title='bbox 46 1761 155 1796; x_wconf 72' lang='grc' dir='ltr'>ὀνομάζει</span> <span class='ocrx_word' id='word_1_263' title='bbox 165 1763 195 1790; x_wconf 82' lang='grc' dir='ltr'>τὸ</span> <span class='ocrx_word' id='word_1_264' title='bbox 208 1763 326 1800; x_wconf 80' lang='grc' dir='ltr'>Πνεῦμα</span> <span class='ocrx_word' id='word_1_265' title='bbox 337 1763 368 1790; x_wconf 77' lang='grc' dir='ltr'><strong>τὸ</strong></span> <span class='ocrx_word' id='word_1_266' title='bbox 380 1763 467 1798; x_wconf 76' lang='grc' dir='ltr'>ἅγιον,</span> <span class='ocrx_word' id='word_1_267' title='bbox 478 1762 573 1790; x_wconf 83' lang='grc' dir='ltr'>τοῦτον</span> <span class='ocrx_word' id='word_1_268' title='bbox 586 1762 759 1798; x_wconf 76' lang='grc' dir='ltr'>αἰνιξάμενος</span> <span class='ocrx_word' id='word_1_269' title='bbox 773 1762 818 1788; x_wconf 81' lang='grc' dir='ltr'><strong>τὸν</strong></span> 
     </span>
    </p>
   </div>
   <div class='ocr_carea' id='block_1_39' title="bbox 46 1807 818 1845">
    <p class='ocr_par' dir='ltr' id='par_1_39' title="bbox 46 1807 818 1845">
     <span class='ocr_line' id='line_1_40' title="bbox 46 1807 818 1845; baseline 0.001 -11"><span class='ocrx_word' id='word_1_270' title='bbox 46 1807 138 1841; x_wconf 65' lang='grc' dir='ltr'>τρόπον.</span> <span class='ocrx_word' id='word_1_271' title='bbox 164 1808 193 1835; x_wconf 93' lang='grc' dir='ltr'>Ὀ</span> <span class='ocrx_word' id='word_1_272' title='bbox 204 1810 271 1844; x_wconf 86' lang='grc' dir='ltr'>γοῦν</span> <span class='ocrx_word' id='word_1_273' title='bbox 287 1810 336 1845; x_wconf 84' lang='grc' dir='ltr'>τῆς</span> <span class='ocrx_word' id='word_1_274' title='bbox 350 1809 477 1844; x_wconf 77' lang='grc' dir='ltr'>οὐρανίου</span> <span class='ocrx_word' id='word_1_275' title='bbox 492 1809 630 1845; x_wconf 85' lang='grc' dir='ltr'>βασιλείας</span> <span class='ocrx_word' id='word_1_276' title='bbox 641 1809 734 1844; x_wconf 63' lang='grc' dir='ltr'>Ἇόγος,</span> <span class='ocrx_word' id='word_1_277' title='bbox 750 1809 818 1844; x_wconf 84' lang='grc' dir='ltr'>μετὰ</span> 
     </span>
    </p>
   </div>
   <div class='ocr_carea' id='block_1_40' title="bbox 46 1852 818 1892">
    <p class='ocr_par' dir='ltr' id='par_1_40' title="bbox 46 1852 818 1892">
     <span class='ocr_line' id='line_1_41' title="bbox 46 1852 818 1892; baseline 0.003 -12"><span class='ocrx_word' id='word_1_278' title='bbox 46 1852 85 1887; x_wconf 81' lang='grc' dir='ltr'><strong>τὴν</strong></span> <span class='ocrx_word' id='word_1_279' title='bbox 99 1854 202 1890; x_wconf 75' lang='grc' dir='ltr'>πρώτην</span> <span class='ocrx_word' id='word_1_280' title='bbox 221 1857 250 1882; x_wconf 74' lang='grc' dir='ltr'>ἐν</span> <span class='ocrx_word' id='word_1_281' title='bbox 266 1854 423 1892; x_wconf 85' lang='grc' dir='ltr'>ἀνθρώποις</span> <span class='ocrx_word' id='word_1_282' title='bbox 444 1855 548 1891; x_wconf 81' lang='grc' dir='ltr'>σπορὰν</span> <span class='ocrx_word' id='word_1_283' title='bbox 560 1854 698 1890; x_wconf 76' lang='grc' dir='ltr'>αὐξηθεὶς,</span> <span class='ocrx_word' id='word_1_284' title='bbox 713 1854 818 1891; x_wconf 73' lang='grc' dir='ltr'>καρπὸν</span> 
     </span>
    </p>
   </div>
   <div class='ocr_carea' id='block_1_41' title="bbox 47 1898 819 1937">
    <p class='ocr_par' dir='ltr' id='par_1_41' title="bbox 47 1898 819 1937">
     <span class='ocr_line' id='line_1_42' title="bbox 47 1898 819 1937; baseline 0 -10"><span class='ocrx_word' id='word_1_285' title='bbox 47 1898 144 1932; x_wconf 73' lang='grc' dir='ltr'>ἀποδοὺς</span> <span class='ocrx_word' id='word_1_286' title='bbox 161 1901 266 1937; x_wconf 76' lang='grc' dir='ltr'>ἐντελῆ,</span> <span class='ocrx_word' id='word_1_287' title='bbox 292 1902 340 1928; x_wconf 88' lang='grc' dir='ltr'><strong>τοῦ</strong></span> <span class='ocrx_word' id='word_1_288' title='bbox 357 1902 435 1936; x_wconf 82' lang='grc' dir='ltr'>ἁγίου</span> <span class='ocrx_word' id='word_1_289' title='bbox 450 1901 610 1937; x_wconf 83' lang='grc' dir='ltr'>Πνεύματος</span> <span class='ocrx_word' id='word_1_290' title='bbox 627 1901 677 1937; x_wconf 82' lang='grc' dir='ltr'>τὴν</span> <span class='ocrx_word' id='word_1_291' title='bbox 690 1901 819 1936; x_wconf 77' lang='grc' dir='ltr'>ἐπιχορη-</span> 
     </span>
    </p>
   </div>
   <div class='ocr_carea' id='block_1_42' title="bbox 47 1946 816 1985">
    <p class='ocr_par' dir='ltr' id='par_1_42' title="bbox 47 1946 816 1985">
     <span class='ocr_line' id='line_1_43' title="bbox 47 1946 816 1985; baseline 0.001 -13"><span class='ocrx_word' id='word_1_292' title='bbox 47 1946 96 1979; x_wconf 80' lang='grc' dir='ltr'>γίαν</span> <span class='ocrx_word' id='word_1_293' title='bbox 117 1950 169 1980; x_wconf 79' lang='grc' dir='ltr'>τοῖς</span> <span class='ocrx_word' id='word_1_294' title='bbox 188 1949 232 1975; x_wconf 75' lang='grc' dir='ltr'><strong>διὰ</strong></span> <span class='ocrx_word' id='word_1_295' title='bbox 255 1949 312 1975; x_wconf 82' lang='grc' dir='ltr'>τῶν</span> <span class='ocrx_word' id='word_1_296' title='bbox 334 1951 449 1985; x_wconf 80' lang='grc' dir='ltr'>πρώτων</span> <span class='ocrx_word' id='word_1_297' title='bbox 471 1948 671 1984; x_wconf 82' lang='grc' dir='ltr'>ὠφελουμένοις</span> <span class='ocrx_word' id='word_1_298' title='bbox 691 1947 816 1982; x_wconf 80' lang='grc' dir='ltr'>παρέχει,</span> 
     </span>
    </p>
   </div>
   <div class='ocr_carea' id='block_1_43' title="bbox 47 1992 818 2030">
    <p class='ocr_par' dir='ltr' id='par_1_43' title="bbox 47 1992 818 2030">
     <span class='ocr_line' id='line_1_44' title="bbox 47 1992 818 2030; baseline 0 -12"><span class='ocrx_word' id='word_1_299' title='bbox 47 1992 119 2029; x_wconf 77' lang='grc' dir='ltr'>ζύμης</span> <span class='ocrx_word' id='word_1_300' title='bbox 134 1993 209 2030; x_wconf 80' lang='grc' dir='ltr'>δίκην</span> <span class='ocrx_word' id='word_1_301' title='bbox 232 1995 350 2030; x_wconf 76' lang='grc' dir='ltr'>φύραμα</span> <span class='ocrx_word' id='word_1_302' title='bbox 368 1993 516 2030; x_wconf 81' lang='grc' dir='ltr'>ζυμούσης.</span> <span class='ocrx_word' id='word_1_303' title='bbox 538 1994 610 2029; x_wconf 86' lang='grc' dir='ltr'>Γυνὴ</span> <span class='ocrx_word' id='word_1_304' title='bbox 624 1993 652 2020; x_wconf 78' lang='grc' dir='ltr'><strong>δὲ</strong></span> <span class='ocrx_word' id='word_1_305' title='bbox 669 1992 781 2028; x_wconf 82' lang='grc' dir='ltr'>ταύτην,</span> <span class='ocrx_word' id='word_1_306' title='bbox 801 1994 818 2028; x_wconf 83' lang='grc' dir='ltr'>ἡ</span> 
     </span>
    </p>
   </div>
   <div class='ocr_carea' id='block_1_44' title="bbox 48 2039 816 2077">
    <p class='ocr_par' dir='ltr' id='par_1_44' title="bbox 48 2039 816 2077">
     <span class='ocr_line' id='line_1_45' title="bbox 48 2039 816 2077; baseline 0.003 -13"><span class='ocrx_word' id='word_1_307' title='bbox 48 2039 112 2072; x_wconf 52' lang='lat' dir='ltr'><strong>mela</strong></span> <span class='ocrx_word' id='word_1_308' title='bbox 125 2040 169 2067; x_wconf 85' lang='grc' dir='ltr'><strong>τοῦ</strong></span> <span class='ocrx_word' id='word_1_309' title='bbox 188 2041 269 2073; x_wconf 89' lang='grc' dir='ltr'>Θεοῦ,</span> <span class='ocrx_word' id='word_1_310' title='bbox 290 2042 329 2073; x_wconf 85' lang='grc' dir='ltr'><strong>εἰς</strong></span> <span class='ocrx_word' id='word_1_311' title='bbox 346 2040 461 2077; x_wconf 81' lang='grc' dir='ltr'>ἀλεύρου</span> <span class='ocrx_word' id='word_1_312' title='bbox 484 2041 552 2068; x_wconf 81' lang='grc' dir='ltr'>σάτα</span> <span class='ocrx_word' id='word_1_313' title='bbox 572 2040 635 2075; x_wconf 85' lang='grc' dir='ltr'>τρία</span> <span class='ocrx_word' id='word_1_314' title='bbox 657 2039 816 2075; x_wconf 81' lang='grc' dir='ltr'>ὲγκρύπτει.</span> 
     </span>
    </p>
   </div>
   <div class='ocr_carea' id='block_1_45' title="bbox 47 2084 818 2123">
    <p class='ocr_par' dir='ltr' id='par_1_45' title="bbox 47 2084 818 2123">
     <span class='ocr_line' id='line_1_46' title="bbox 47 2084 818 2123; baseline -0.006 -7"><span class='ocrx_word' id='word_1_315' title='bbox 47 2085 95 2117; x_wconf 71' lang='grc' dir='ltr'><strong>Ταῖς</strong></span> <span class='ocrx_word' id='word_1_316' title='bbox 103 2086 162 2120; x_wconf 75' lang='grc' dir='ltr'>γοῦν</span> <span class='ocrx_word' id='word_1_317' title='bbox 175 2087 371 2123; x_wconf 79' lang='grc' dir='ltr'>πορισαμένοις</span> <span class='ocrx_word' id='word_1_318' title='bbox 383 2088 415 2113; x_wconf 79' lang='grc' dir='ltr'><strong>ὲκ</strong></span> <span class='ocrx_word' id='word_1_319' title='bbox 428 2086 527 2122; x_wconf 82' lang='grc' dir='ltr'>πολλῆς</span> <span class='ocrx_word' id='word_1_320' title='bbox 538 2085 697 2121; x_wconf 76' lang='grc' dir='ltr'>ἐπιμελείας</span> <span class='ocrx_word' id='word_1_321' title='bbox 709 2085 755 2112; x_wconf 76' lang='grc' dir='ltr'><strong>καὶ</strong></span> <span class='ocrx_word' id='word_1_322' title='bbox 768 2084 818 2120; x_wconf 84' lang='grc' dir='ltr'>τῆς</span> 
     </span>
    </p>
   </div>
   <div class='ocr_carea' id='block_1_46' title="bbox 47 2131 816 2169">
    <p class='ocr_par' dir='ltr' id='par_1_46' title="bbox 47 2131 816 2169">
     <span class='ocr_line' id='line_1_47' title="bbox 47 2131 816 2169; baseline 0.003 -14"><span class='ocrx_word' id='word_1_323' title='bbox 47 2131 83 2157; x_wconf 71' lang='grc' dir='ltr'><strong>τοῦ</strong></span> <span class='ocrx_word' id='word_1_324' title='bbox 95 2133 188 2168; x_wconf 71' lang='grc' dir='ltr'>σπόρου</span> <span class='ocrx_word' id='word_1_325' title='bbox 207 2133 348 2169; x_wconf 83' lang='grc' dir='ltr'>γεωργίας</span> <span class='ocrx_word' id='word_1_326' title='bbox 368 2132 483 2168; x_wconf 83' lang='grc' dir='ltr'>ἀλεύρου</span> <span class='ocrx_word' id='word_1_327' title='bbox 504 2132 573 2159; x_wconf 76' lang='grc' dir='ltr'>σάτα</span> <span class='ocrx_word' id='word_1_328' title='bbox 590 2131 661 2168; x_wconf 84' lang='grc' dir='ltr'>τρία,</span> <span class='ocrx_word' id='word_1_329' title='bbox 683 2131 816 2166; x_wconf 85' lang='grc' dir='ltr'>δόγματα,</span> 
     </span>
    </p>
   </div>
   <div class='ocr_carea' id='block_1_47' title="bbox 49 2175 855 2214">
    <p class='ocr_par' dir='ltr' id='par_1_47' title="bbox 49 2175 855 2214">
     <span class='ocr_line' id='line_1_48' title="bbox 49 2175 855 2214; baseline 0.002 -13"><span class='ocrx_word' id='word_1_330' title='bbox 49 2175 108 2203; x_wconf 78' lang='grc' dir='ltr'>θείαν</span> <span class='ocrx_word' id='word_1_331' title='bbox 122 2179 219 2213; x_wconf 84' lang='grc' dir='ltr'>γνῶσιν</span> <span class='ocrx_word' id='word_1_332' title='bbox 241 2179 294 2214; x_wconf 86' lang='grc' dir='ltr'>τὴν</span> <span class='ocrx_word' id='word_1_333' title='bbox 310 2179 374 2214; x_wconf 77' lang='grc' dir='ltr'>περὶ</span> <span class='ocrx_word' id='word_1_334' title='bbox 388 2178 495 2213; x_wconf 81' lang='grc' dir='ltr'>Πατρὺς</span> <span class='ocrx_word' id='word_1_335' title='bbox 514 2178 562 2205; x_wconf 71' lang='grc' dir='ltr'>καὶ</span> <span class='ocrx_word' id='word_1_336' title='bbox 584 2177 649 2204; x_wconf 84' lang='grc' dir='ltr'>Υἱοῦ</span> <span class='ocrx_word' id='word_1_337' title='bbox 671 2177 718 2204; x_wconf 82' lang='grc' dir='ltr'><strong>καὶ</strong></span> <span class='ocrx_word' id='word_1_338' title='bbox 739 2176 816 2212; x_wconf 82' lang='grc' dir='ltr'>ἁγίου</span> <span class='ocrx_word' id='word_1_339' title='bbox 833 2186 855 2213; x_wconf 79' lang='grc' dir='ltr'><strong>ι)</strong></span> 
     </span>
    </p>
   </div>
   <div class='ocr_carea' id='block_1_48' title="bbox 48 2220 819 2260">
    <p class='ocr_par' dir='ltr' id='par_1_48' title="bbox 48 2220 819 2260">
     <span class='ocr_line' id='line_1_49' title="bbox 48 2220 819 2260; baseline 0.003 -14"><span class='ocrx_word' id='word_1_340' title='bbox 48 2220 194 2258; x_wconf 81' lang='grc' dir='ltr'>Ιινεύματος,</span> <span class='ocrx_word' id='word_1_341' title='bbox 215 2225 232 2260; x_wconf 83' lang='grc' dir='ltr'><strong>ἠ</strong></span> <span class='ocrx_word' id='word_1_342' title='bbox 251 2223 298 2251; x_wconf 88' lang='grc' dir='ltr'><strong>τοῦ</strong></span> <span class='ocrx_word' id='word_1_343' title='bbox 318 2223 385 2250; x_wconf 87' lang='grc' dir='ltr'>Θεοῦ</span> <span class='ocrx_word' id='word_1_344' title='bbox 406 2223 486 2258; x_wconf 84' lang='grc' dir='ltr'>σοφία</span> <span class='ocrx_word' id='word_1_345' title='bbox 496 2223 527 2250; x_wconf 78' lang='grc' dir='ltr'>τὸ</span> <span class='ocrx_word' id='word_1_346' title='bbox 549 2223 625 2258; x_wconf 73' lang='grc' dir='ltr'>ἅγιον</span> <span class='ocrx_word' id='word_1_347' title='bbox 643 2223 756 2258; x_wconf 84' lang='grc' dir='ltr'>Πνεῦμα</span> <span class='ocrx_word' id='word_1_348' title='bbox 773 2231 819 2258; x_wconf 85' lang='grc' dir='ltr'><strong>χο-</strong></span> 
     </span>
    </p>
   </div>
   <div class='ocr_carea' id='block_1_49' title="bbox 48 2267 818 2304">
    <p class='ocr_par' dir='ltr' id='par_1_49' title="bbox 48 2267 818 2304">
     <span class='ocr_line' id='line_1_50' title="bbox 48 2267 818 2304; baseline 0.001 -11"><span class='ocrx_word' id='word_1_349' title='bbox 48 2269 120 2301; x_wconf 75' lang='grc' dir='ltr'>ρηγεῖ.</span> <span class='ocrx_word' id='word_1_350' title='bbox 138 2269 168 2295; x_wconf 85' lang='lat' dir='ltr'><strong>&#39;H</strong></span> <span class='ocrx_word' id='word_1_351' title='bbox 187 2269 209 2296; x_wconf 76' lang='grc' dir='ltr'><strong>δ’</strong></span> <span class='ocrx_word' id='word_1_352' title='bbox 228 2269 311 2304; x_wconf 77' lang='grc' dir='ltr'>αὐτὴ.</span> <span class='ocrx_word' id='word_1_353' title='bbox 326 2269 386 2296; x_wconf 67' lang='grc' dir='ltr'>καθ’</span> <span class='ocrx_word' id='word_1_354' title='bbox 401 2269 497 2304; x_wconf 78' lang='grc' dir='ltr'>ἑτέραν</span> <span class='ocrx_word' id='word_1_355' title='bbox 514 2268 643 2300; x_wconf 82' lang='grc' dir='ltr'>διάνοιαν,</span> <span class='ocrx_word' id='word_1_356' title='bbox 666 2268 754 2295; x_wconf 79' lang='grc' dir='ltr'>πάντα</span> <span class='ocrx_word' id='word_1_357' title='bbox 772 2267 818 2295; x_wconf 76' lang='grc' dir='ltr'>τὸν</span> 
     </span>
    </p>
   </div>
   <div class='ocr_carea' id='block_1_50' title="bbox 48 2312 818 2351">
    <p class='ocr_par' dir='ltr' id='par_1_50' title="bbox 48 2312 818 2351">
     <span class='ocr_line' id='line_1_51' title="bbox 48 2312 818 2351; baseline 0.004 -14"><span class='ocrx_word' id='word_1_358' title='bbox 48 2312 73 2338; x_wconf 78' lang='grc' dir='ltr'><strong>ἐκ</strong></span> <span class='ocrx_word' id='word_1_359' title='bbox 83 2313 144 2341; x_wconf 83' lang='grc' dir='ltr'>Θεοῦ</span> <span class='ocrx_word' id='word_1_360' title='bbox 158 2315 303 2351; x_wconf 75' lang='grc' dir='ltr'>ἄνθρωπον</span> <span class='ocrx_word' id='word_1_361' title='bbox 317 2316 350 2341; x_wconf 81' lang='grc' dir='ltr'><strong>ὲκ</strong></span> <span class='ocrx_word' id='word_1_362' title='bbox 365 2313 490 2350; x_wconf 75' lang='grc' dir='ltr'>σώματος</span> <span class='ocrx_word' id='word_1_363' title='bbox 503 2315 550 2341; x_wconf 73' lang='grc' dir='ltr'><strong>καὶ</strong></span> <span class='ocrx_word' id='word_1_364' title='bbox 561 2314 650 2349; x_wconf 76' lang='grc' dir='ltr'>ψυχῆς</span> <span class='ocrx_word' id='word_1_365' title='bbox 666 2314 714 2340; x_wconf 77' lang='grc' dir='ltr'>καὶ</span> <span class='ocrx_word' id='word_1_366' title='bbox 735 2312 818 2340; x_wconf 83' lang='grc' dir='ltr'>πνεύ-</span> 
     </span>
    </p>
   </div>
   <div class='ocr_carea' id='block_1_51' title="bbox 49 2359 816 2397">
    <p class='ocr_par' dir='ltr' id='par_1_51' title="bbox 49 2359 816 2397">
     <span class='ocr_line' id='line_1_52' title="bbox 49 2359 816 2397; baseline -0.003 -10"><span class='ocrx_word' id='word_1_367' title='bbox 49 2366 116 2392; x_wconf 77' lang='grc' dir='ltr'>ματος</span> <span class='ocrx_word' id='word_1_368' title='bbox 127 2361 291 2392; x_wconf 70' lang='grc' dir='ltr'>συνεστῶτα,</span> <span class='ocrx_word' id='word_1_369' title='bbox 310 2362 344 2396; x_wconf 83' lang='grc' dir='ltr'>τῇ</span> <span class='ocrx_word' id='word_1_370' title='bbox 361 2360 526 2397; x_wconf 73' lang='grc' dir='ltr'>ὲπιχορηγίᾳ</span> <span class='ocrx_word' id='word_1_371' title='bbox 545 2360 594 2395; x_wconf 85' lang='grc' dir='ltr'>τῆς</span> <span class='ocrx_word' id='word_1_372' title='bbox 608 2359 684 2391; x_wconf 87' lang='grc' dir='ltr'>θείας</span> <span class='ocrx_word' id='word_1_373' title='bbox 698 2359 816 2394; x_wconf 77' lang='grc' dir='ltr'>ἐμπνεύ-</span> 
     </span>
    </p>
   </div>
   <div class='ocr_carea' id='block_1_52' title="bbox 49 2405 815 2443">
    <p class='ocr_par' dir='ltr' id='par_1_52' title="bbox 49 2405 815 2443">
     <span class='ocr_line' id='line_1_53' title="bbox 49 2405 815 2443; baseline -0.007 -8"><span class='ocrx_word' id='word_1_374' title='bbox 49 2411 112 2436; x_wconf 58' lang='lat' dir='ltr'><strong>“ius.</strong></span> <span class='ocrx_word' id='word_1_375' title='bbox 129 2405 215 2442; x_wconf 80' lang='grc' dir='ltr'>ζύμην</span> <span class='ocrx_word' id='word_1_376' title='bbox 235 2406 439 2443; x_wconf 80' lang='grc' dir='ltr'>ὲγκρύτπουσα,</span> <span class='ocrx_word' id='word_1_377' title='bbox 452 2405 502 2441; x_wconf 85' lang='grc' dir='ltr'>τὴν</span> <span class='ocrx_word' id='word_1_378' title='bbox 517 2405 547 2438; x_wconf 73' lang='grc' dir='ltr'>ἐξ</span> <span class='ocrx_word' id='word_1_379' title='bbox 566 2405 651 2440; x_wconf 80' lang='grc' dir='ltr'>αὐτῆς</span> <span class='ocrx_word' id='word_1_380' title='bbox 672 2405 815 2439; x_wconf 81' lang='grc' dir='ltr'>ὠφέλειαν,</span> 
     </span>
    </p>
   </div>
   <div class='ocr_carea' id='block_1_53' title="bbox 49 2447 816 2489">
    <p class='ocr_par' dir='ltr' id='par_1_53' title="bbox 49 2447 816 2489">
     <span class='ocr_line' id='line_1_54' title="bbox 49 2447 816 2489; baseline -0.007 -8"><span class='ocrx_word' id='word_1_381' title='bbox 49 2450 79 2481; x_wconf 76' lang='grc' dir='ltr'>εἰς</span> <span class='ocrx_word' id='word_1_382' title='bbox 89 2451 193 2488; x_wconf 76' lang='grc' dir='ltr'>ἀλεύρου</span> <span class='ocrx_word' id='word_1_383' title='bbox 207 2454 277 2480; x_wconf 87' lang='grc' dir='ltr'><strong>σὰτα</strong></span> <span class='ocrx_word' id='word_1_384' title='bbox 293 2453 356 2489; x_wconf 89' lang='grc' dir='ltr'>τρία</span> <span class='ocrx_word' id='word_1_385' title='bbox 374 2452 409 2479; x_wconf 82' lang='grc' dir='ltr'>τὰ</span> <span class='ocrx_word' id='word_1_386' title='bbox 422 2451 581 2487; x_wconf 84' lang='grc' dir='ltr'>νενοημένα,</span> <span class='ocrx_word' id='word_1_387' title='bbox 595 2450 649 2482; x_wconf 71' lang='grc' dir='ltr'>ἕως</span> <span class='ocrx_word' id='word_1_388' title='bbox 659 2447 690 2478; x_wconf 75' lang='grc' dir='ltr'>οὗ</span> <span class='ocrx_word' id='word_1_389' title='bbox 703 2449 816 2486; x_wconf 79' lang='grc' dir='ltr'>ζυμωθῇ</span> 
     </span>
    </p>
   </div>
   <div class='ocr_carea' id='block_1_54' title="bbox 48 2494 818 2533">
    <p class='ocr_par' dir='ltr' id='par_1_54' title="bbox 48 2494 818 2533">
     <span class='ocr_line' id='line_1_55' title="bbox 48 2494 818 2533; baseline 0.003 -14"><span class='ocrx_word' id='word_1_390' title='bbox 48 2494 104 2522; x_wconf 76' lang='grc' dir='ltr'>ὅλον.</span> <span class='ocrx_word' id='word_1_391' title='bbox 125 2494 206 2530; x_wconf 76' lang='grc' dir='ltr'>Οὗτος</span> <span class='ocrx_word' id='word_1_392' title='bbox 231 2497 308 2532; x_wconf 82' lang='grc' dir='ltr'>γοῦν,</span> <span class='ocrx_word' id='word_1_393' title='bbox 333 2498 366 2533; x_wconf 77' lang='grc' dir='ltr'><strong>τῇ</strong></span> <span class='ocrx_word' id='word_1_394' title='bbox 391 2497 490 2532; x_wconf 78' lang='grc' dir='ltr'>μετοχῇ</span> <span class='ocrx_word' id='word_1_395' title='bbox 511 2496 561 2532; x_wconf 83' lang='grc' dir='ltr'>τῆς</span> <span class='ocrx_word' id='word_1_396' title='bbox 582 2495 707 2531; x_wconf 80' lang='grc' dir='ltr'>οὐρανίου</span> <span class='ocrx_word' id='word_1_397' title='bbox 729 2494 818 2530; x_wconf 81' lang='grc' dir='ltr'>ζύμης</span> 
     </span>
    </p>
   </div>
   <div class='ocr_carea' id='block_1_55' title="bbox 50 2541 818 2580">
    <p class='ocr_par' dir='ltr' id='par_1_55' title="bbox 50 2541 818 2580">
     <span class='ocr_line' id='line_1_56' title="bbox 50 2541 818 2580; baseline -0.003 -11"><span class='ocrx_word' id='word_1_398' title='bbox 50 2542 156 2576; x_wconf 66' lang='grc' dir='ltr'>τωιωθεὶς</span> <span class='ocrx_word' id='word_1_399' title='bbox 178 2546 225 2572; x_wconf 73' lang='grc' dir='ltr'><strong>καὶ</strong></span> <span class='ocrx_word' id='word_1_400' title='bbox 245 2544 392 2580; x_wconf 79' lang='grc' dir='ltr'>ζυμωθεὶς,</span> <span class='ocrx_word' id='word_1_401' title='bbox 417 2543 542 2579; x_wconf 78' lang='grc' dir='ltr'>οὐράνιος</span> <span class='ocrx_word' id='word_1_402' title='bbox 563 2543 610 2569; x_wconf 74' lang='grc' dir='ltr'><strong>καὶ</strong></span> <span class='ocrx_word' id='word_1_403' title='bbox 634 2541 818 2577; x_wconf 79' lang='grc' dir='ltr'>πνευματικὸς</span> 
     </span>
    </p>
   </div>
   <div class='ocr_carea' id='block_1_56' title="bbox 50 2588 818 2627">
    <p class='ocr_par' dir='ltr' id='par_1_56' title="bbox 50 2588 818 2627">
     <span class='ocr_line' id='line_1_57' title="bbox 50 2588 818 2627; baseline -0.004 -10"><span class='ocrx_word' id='word_1_404' title='bbox 50 2591 227 2624; x_wconf 75' lang='grc' dir='ltr'>χρηματίσεται</span> <span class='ocrx_word' id='word_1_405' title='bbox 246 2591 398 2627; x_wconf 79' lang='grc' dir='ltr'>ἄνθρωπος,</span> <span class='ocrx_word' id='word_1_406' title='bbox 419 2590 465 2617; x_wconf 72' lang='grc' dir='ltr'><strong>καὶ</strong></span> <span class='ocrx_word' id='word_1_407' title='bbox 487 2589 558 2616; x_wconf 86' lang='grc' dir='ltr'>νέον</span> <span class='ocrx_word' id='word_1_408' title='bbox 578 2589 708 2623; x_wconf 60' lang='grc' dir='ltr'>μύραμα,</span> <span class='ocrx_word' id='word_1_409' title='bbox 730 2588 767 2619; x_wconf 86' lang='grc' dir='ltr'>ὡς</span> <span class='ocrx_word' id='word_1_410' title='bbox 788 2588 818 2615; x_wconf 69' lang='grc' dir='ltr'>ὃν</span> 
     </span>
    </p>
   </div>
   <div class='ocr_carea' id='block_1_57' title="bbox 53 2632 817 2672">
    <p class='ocr_par' dir='ltr' id='par_1_57' title="bbox 53 2632 817 2672">
     <span class='ocr_line' id='line_1_58' title="bbox 53 2632 817 2672; baseline -0.01 -6"><span class='ocrx_word' id='word_1_411' title='bbox 53 2634 103 2666; x_wconf 75' lang='grc' dir='ltr'><strong>μιῖις</strong></span> <span class='ocrx_word' id='word_1_412' title='bbox 115 2637 233 2672; x_wconf 74' lang='grc' dir='ltr'>κράσεως</span> <span class='ocrx_word' id='word_1_413' title='bbox 245 2637 394 2672; x_wconf 86' lang='grc' dir='ltr'>γενομένης</span> <span class='ocrx_word' id='word_1_414' title='bbox 414 2635 468 2662; x_wconf 85' lang='grc' dir='ltr'>τῶν</span> <span class='ocrx_word' id='word_1_415' title='bbox 485 2634 568 2670; x_wconf 83' lang='grc' dir='ltr'>τριῶν</span> <span class='ocrx_word' id='word_1_416' title='bbox 584 2633 705 2669; x_wconf 82' lang='grc' dir='ltr'>ἀλεύρων</span> <span class='ocrx_word' id='word_1_417' title='bbox 720 2632 817 2659; x_wconf 81' lang='grc' dir='ltr'>ἀποδε-</span> 
     </span>
    </p>
   </div>
   <div class='ocr_carea' id='block_1_58' title="bbox 52 2676 815 2717">
    <p class='ocr_par' dir='ltr' id='par_1_58' title="bbox 52 2676 815 2717">
     <span class='ocr_line' id='line_1_59' title="bbox 52 2676 815 2717; baseline -0.004 -10"><span class='ocrx_word' id='word_1_418' title='bbox 52 2676 160 2713; x_wconf 66' lang='grc' dir='ltr'>ῖομένων,</span> <span class='ocrx_word' id='word_1_419' title='bbox 183 2682 296 2717; x_wconf 77' lang='grc' dir='ltr'>καὶτῆς</span> <span class='ocrx_word' id='word_1_420' title='bbox 317 2684 346 2709; x_wconf 80' lang='grc' dir='ltr'>ὲν</span> <span class='ocrx_word' id='word_1_421' title='bbox 369 2681 461 2712; x_wconf 75' lang='grc' dir='ltr'>αὐτοῖς</span> <span class='ocrx_word' id='word_1_422' title='bbox 477 2679 654 2716; x_wconf 76' lang='grc' dir='ltr'>ὲμπνεύσεως</span> <span class='ocrx_word' id='word_1_423' title='bbox 673 2678 720 2705; x_wconf 81' lang='grc' dir='ltr'><strong>τοῦ</strong></span> <span class='ocrx_word' id='word_1_424' title='bbox 735 2678 815 2713; x_wconf 86' lang='grc' dir='ltr'>ἁγίου</span> 
     </span>
    </p>
   </div>
   <div class='ocr_carea' id='block_1_59' title="bbox 82 2745 587 2779">
    <p class='ocr_par' dir='ltr' id='par_1_59' title="bbox 82 2745 587 2779">
     <span class='ocr_line' id='line_1_60' title="bbox 82 2745 587 2779; baseline 0.002 -6"><span class='ocrx_word' id='word_1_425' title='bbox 82 2745 98 2760; x_wconf 74' lang='grc' dir='ltr'>’τ</span> <span class='ocrx_word' id='word_1_426' title='bbox 117 2745 204 2775; x_wconf 72' lang='lat' dir='ltr'><strong>Matth.</strong></span> <span class='ocrx_word' id='word_1_427' title='bbox 227 2755 260 2779; x_wconf 76' lang='grc' dir='ltr'>ι,</span> <span class='ocrx_word' id='word_1_428' title='bbox 278 2746 323 2775; x_wconf 67' lang='lat'><strong>29.</strong></span> <span class='ocrx_word' id='word_1_429' title='bbox 373 2746 395 2763; x_wconf 81' lang='grc'><strong>¹⁵</strong></span> <span class='ocrx_word' id='word_1_430' title='bbox 414 2746 421 2773; x_wconf 99' lang='grc' dir='ltr'><strong>Ι</strong></span> <span class='ocrx_word' id='word_1_431' title='bbox 443 2746 505 2774; x_wconf 88' lang='lat' dir='ltr'><strong>Cor.</strong></span> <span class='ocrx_word' id='word_1_432' title='bbox 519 2753 544 2777; x_wconf 88' lang='lat' dir='ltr'><strong>v,</strong></span> <span class='ocrx_word' id='word_1_433' title='bbox 561 2745 587 2774; x_wconf 87' lang='lat'><strong>7.</strong></span> 
     </span>
    </p>
   </div>
   <div class='ocr_carea' id='block_1_60' title="bbox 84 2812 310 2849">
    <p class='ocr_par' dir='ltr' id='par_1_60' title="bbox 84 2812 310 2849">
     <span class='ocr_line' id='line_1_61' title="bbox 84 2812 310 2849; baseline 0.013 -9"><span class='ocrx_word' id='word_1_434' title='bbox 84 2812 114 2849; x_wconf 65' lang='lat' dir='ltr'><strong>l5}</strong></span> <span class='ocrx_word' id='word_1_435' title='bbox 127 2813 202 2843; x_wconf 83' lang='lat' dir='ltr'><strong>Forte</strong></span> <span class='ocrx_word' id='word_1_436' title='bbox 215 2814 310 2843; x_wconf 79' lang='grc' dir='ltr'>εὖωνα.</span> 
     </span>
    </p>
   </div>
   <div class='ocr_carea' id='block_1_61' title="bbox 880 205 1672 241">
    <p class='ocr_par' dir='ltr' id='par_1_61' title="bbox 880 205 1672 241">
     <span class='ocr_line' id='line_1_62' title="bbox 880 205 1672 241; baseline 0.003 -8"><span class='ocrx_word' id='word_1_437' title='bbox 880 205 985 233; x_wconf 87' lang='lat' dir='ltr'><strong>dientes</strong></span> <span class='ocrx_word' id='word_1_438' title='bbox 1004 212 1099 233; x_wconf 84' lang='lat' dir='ltr'><strong>vocem</strong></span> <span class='ocrx_word' id='word_1_439' title='bbox 1115 205 1174 238; x_wconf 90' lang='lat' dir='ltr'><strong>Dei,</strong></span> <span class='ocrx_word' id='word_1_440' title='bbox 1195 210 1336 241; x_wconf 79' lang='lat' dir='ltr'><strong>gustantes</strong></span> <span class='ocrx_word' id='word_1_441' title='bbox 1355 213 1451 241; x_wconf 88' lang='lat' dir='ltr'><strong>panem</strong></span> <span class='ocrx_word' id='word_1_442' title='bbox 1469 207 1577 241; x_wconf 87' lang='lat' dir='ltr'><strong>vivum,</strong></span> <span class='ocrx_word' id='word_1_443' title='bbox 1601 207 1672 235; x_wconf 73' lang='lat' dir='ltr'><strong>olfa-</strong></span> 
     </span>
    </p>
   </div>
   <div class='ocr_carea' id='block_1_62' title="bbox 879 251 1670 287">
    <p class='ocr_par' dir='ltr' id='par_1_62' title="bbox 879 251 1670 287">
     <span class='ocr_line' id='line_1_63' title="bbox 879 251 1670 287; baseline 0.004 -9"><span class='ocrx_word' id='word_1_444' title='bbox 879 251 982 279; x_wconf 85' lang='lat' dir='ltr'><strong>cientes</strong></span> <span class='ocrx_word' id='word_1_445' title='bbox 997 251 1177 287; x_wconf 73' lang='lat' dir='ltr'><strong>fragrantiam</strong></span> <span class='ocrx_word' id='word_1_446' title='bbox 1193 257 1391 285; x_wconf 79' lang='lat' dir='ltr'><strong>unguentorum</strong></span> <span class='ocrx_word' id='word_1_447' title='bbox 1416 253 1528 285; x_wconf 87' lang='lat' dir='ltr'><strong>Christi,</strong></span> <span class='ocrx_word' id='word_1_448' title='bbox 1544 253 1595 281; x_wconf 85' lang='lat' dir='ltr'><strong>olei</strong></span> <span class='ocrx_word' id='word_1_449' title='bbox 1620 261 1670 281; x_wconf 76' lang='lat' dir='ltr'><strong>ex-</strong></span> 
     </span>
    </p>
   </div>
   <div class='ocr_carea' id='block_1_63' title="bbox 879 297 1668 335">
    <p class='ocr_par' dir='ltr' id='par_1_63' title="bbox 879 297 1668 335">
     <span class='ocr_line' id='line_1_64' title="bbox 879 297 1668 335; baseline 0.004 -11"><span class='ocrx_word' id='word_1_450' title='bbox 879 297 1050 329; x_wconf 88' lang='lat' dir='ltr'><strong>sultationis,</strong></span> <span class='ocrx_word' id='word_1_451' title='bbox 1074 302 1101 325; x_wconf 87' lang='lat' dir='ltr'><strong>et</strong></span> <span class='ocrx_word' id='word_1_452' title='bbox 1117 301 1322 325; x_wconf 87' lang='lat' dir='ltr'><strong>contrectantes</strong></span> <span class='ocrx_word' id='word_1_453' title='bbox 1343 298 1462 326; x_wconf 83' lang='lat' dir='ltr'><strong>Verbum</strong></span> <span class='ocrx_word' id='word_1_454' title='bbox 1485 299 1587 326; x_wconf 82' lang='lat' dir='ltr'><strong>vivum.</strong></span> <span class='ocrx_word' id='word_1_455' title='bbox 1604 299 1668 335; x_wconf 89' lang='lat' dir='ltr'><strong>(Qui</strong></span> 
     </span>
    </p>
   </div>
   <div class='ocr_carea' id='block_1_64' title="bbox 880 343 1666 381">
    <p class='ocr_par' dir='ltr' id='par_1_64' title="bbox 880 343 1666 381">
     <span class='ocr_line' id='line_1_65' title="bbox 880 343 1666 381; baseline 0.003 -11"><span class='ocrx_word' id='word_1_456' title='bbox 880 351 977 371; x_wconf 79' lang='lat' dir='ltr'><strong>sensus</strong></span> <span class='ocrx_word' id='word_1_457' title='bbox 1005 344 1054 371; x_wconf 87' lang='lat' dir='ltr'><strong>viri</strong></span> <span class='ocrx_word' id='word_1_458' title='bbox 1073 343 1158 378; x_wconf 85' lang='lat' dir='ltr'><strong>justi)</strong></span> <span class='ocrx_word' id='word_1_459' title='bbox 1181 345 1313 371; x_wconf 81' lang='lat' dir='ltr'><strong>attenuati</strong></span> <span class='ocrx_word' id='word_1_460' title='bbox 1335 344 1369 371; x_wconf 89' lang='lat' dir='ltr'><strong>ab</strong></span> <span class='ocrx_word' id='word_1_461' title='bbox 1392 345 1426 372; x_wconf 86' lang='lat' dir='ltr'><strong>iis</strong></span> <span class='ocrx_word' id='word_1_462' title='bbox 1442 345 1488 380; x_wconf 86' lang='lat' dir='ltr'><strong>qui</strong></span> <span class='ocrx_word' id='word_1_463' title='bbox 1514 346 1666 381; x_wconf 84' lang='lat' dir='ltr'><strong>spiritualia</strong></span> 
     </span>
    </p>
   </div>
   <div class='ocr_carea' id='block_1_65' title="bbox 878 389 1667 424">
    <p class='ocr_par' dir='ltr' id='par_1_65' title="bbox 878 389 1667 424">
     <span class='ocr_line' id='line_1_66' title="bbox 878 389 1667 424; baseline 0.003 -7"><span class='ocrx_word' id='word_1_464' title='bbox 878 389 960 417; x_wconf 88' lang='lat' dir='ltr'><strong>stulta</strong></span> <span class='ocrx_word' id='word_1_465' title='bbox 983 394 1009 417; x_wconf 89' lang='lat' dir='ltr'><strong>et</strong></span> <span class='ocrx_word' id='word_1_466' title='bbox 1026 390 1089 417; x_wconf 84' lang='lat' dir='ltr'><strong>vilia</strong></span> <span class='ocrx_word' id='word_1_467' title='bbox 1109 394 1244 424; x_wconf 82' lang='lat' dir='ltr'><strong>reputant.</strong></span> <span class='ocrx_word' id='word_1_468' title='bbox 1261 397 1314 417; x_wconf 92' lang='lat' dir='ltr'><strong>non</strong></span> <span class='ocrx_word' id='word_1_469' title='bbox 1333 395 1397 418; x_wconf 86' lang='lat' dir='ltr'><strong>sunt</strong></span> <span class='ocrx_word' id='word_1_470' title='bbox 1419 391 1445 418; x_wconf 87' lang='lat' dir='ltr'><strong>in</strong></span> <span class='ocrx_word' id='word_1_471' title='bbox 1469 391 1605 420; x_wconf 84' lang='lat' dir='ltr'><strong>oblivione</strong></span> <span class='ocrx_word' id='word_1_472' title='bbox 1628 397 1667 419; x_wconf 78' lang='lat' dir='ltr'><strong>ta-</strong></span> 
     </span>
    </p>
   </div>
   <div class='ocr_carea' id='block_1_66' title="bbox 878 434 1687 471">
    <p class='ocr_par' dir='ltr' id='par_1_66' title="bbox 878 434 1687 471">
     <span class='ocr_line' id='line_1_67' title="bbox 878 434 1687 471; baseline 0.005 -11"><span class='ocrx_word' id='word_1_473' title='bbox 878 441 940 461; x_wconf 88' lang='lat' dir='ltr'><strong>men</strong></span> <span class='ocrx_word' id='word_1_474' title='bbox 962 440 1054 462; x_wconf 79' lang='lat' dir='ltr'><strong>coram</strong></span> <span class='ocrx_word' id='word_1_475' title='bbox 1079 434 1144 461; x_wconf 88' lang='lat' dir='ltr'><strong>Deo.</strong></span> <span class='ocrx_word' id='word_1_476' title='bbox 1170 434 1322 462; x_wconf 87' lang='lat' dir='ltr'><strong>Dictionem</strong></span> <span class='ocrx_word' id='word_1_477' title='bbox 1348 435 1525 463; x_wconf 87' lang='lat' dir='ltr'><strong>nihilominus</strong></span> <span class='ocrx_word' id='word_1_478' title='bbox 1543 444 1605 471; x_wconf 63' lang='lat' dir='ltr'><strong>qua:</strong></span> <span class='ocrx_word' id='word_1_479' title='bbox 1628 437 1687 464; x_wconf 53' lang='lat' dir='ltr'><strong>si-c</strong></span> 
     </span>
    </p>
   </div>
   <div class='ocr_carea' id='block_1_67' title="bbox 877 480 1666 516">
    <p class='ocr_par' dir='ltr' id='par_1_67' title="bbox 877 480 1666 516">
     <span class='ocr_line' id='line_1_68' title="bbox 877 480 1666 516; baseline 0.006 -11"><span class='ocrx_word' id='word_1_480' title='bbox 877 480 1005 514; x_wconf 75' lang='lat' dir='ltr'><strong>gniﬁcat,</strong></span> <span class='ocrx_word' id='word_1_481' title='bbox 1031 487 1066 507; x_wconf 86' lang='lat' dir='ltr'><strong>ne</strong></span> <span class='ocrx_word' id='word_1_482' title='bbox 1093 480 1233 507; x_wconf 80' lang='lat' dir='ltr'><strong>minimam</strong></span> <span class='ocrx_word' id='word_1_483' title='bbox 1260 480 1368 516; x_wconf 85' lang='lat' dir='ltr'><strong>quidem</strong></span> <span class='ocrx_word' id='word_1_484' title='bbox 1385 481 1517 508; x_wconf 82' lang='lat' dir='ltr'><strong>aviculam</strong></span> <span class='ocrx_word' id='word_1_485' title='bbox 1543 482 1568 509; x_wconf 93' lang='lat' dir='ltr'><strong>in</strong></span> <span class='ocrx_word' id='word_1_486' title='bbox 1595 483 1666 510; x_wconf 86' lang='lat' dir='ltr'><strong>obli-</strong></span> 
     </span>
    </p>
   </div>
   <div class='ocr_carea' id='block_1_68' title="bbox 879 524 1667 561">
    <p class='ocr_par' dir='ltr' id='par_1_68' title="bbox 879 524 1667 561">
     <span class='ocr_line' id='line_1_69' title="bbox 879 524 1667 561; baseline 0.005 -10"><span class='ocrx_word' id='word_1_487' title='bbox 879 524 958 552; x_wconf 90' lang='lat' dir='ltr'><strong>vione</strong></span> <span class='ocrx_word' id='word_1_488' title='bbox 984 532 1045 552; x_wconf 85' lang='lat' dir='ltr'><strong>esse</strong></span> <span class='ocrx_word' id='word_1_489' title='bbox 1060 532 1152 552; x_wconf 82' lang='lat' dir='ltr'><strong>coram</strong></span> <span class='ocrx_word' id='word_1_490' title='bbox 1175 524 1244 558; x_wconf 86' lang='lat' dir='ltr'><strong>Deo,</strong></span> <span class='ocrx_word' id='word_1_491' title='bbox 1263 526 1399 561; x_wconf 82' lang='lat' dir='ltr'><strong>perpende</strong></span> <span class='ocrx_word' id='word_1_492' title='bbox 1420 534 1481 553; x_wconf 88' lang='lat' dir='ltr'><strong>cum</strong></span> <span class='ocrx_word' id='word_1_493' title='bbox 1505 526 1667 555; x_wconf 74' lang='lat' dir='ltr'><strong>dictionibus</strong></span> 
     </span>
    </p>
   </div>
   <div class='ocr_carea' id='block_1_69' title="bbox 879 570 1667 608">
    <p class='ocr_par' dir='ltr' id='par_1_69' title="bbox 879 570 1667 608">
     <span class='ocr_line' id='line_1_70' title="bbox 879 570 1667 608; baseline 0.005 -11"><span class='ocrx_word' id='word_1_494' title='bbox 879 570 1106 604; x_wconf 66' lang='lat' dir='ltr'><strong>signiﬁcantibus,</strong></span> <span class='ocrx_word' id='word_1_495' title='bbox 1128 571 1211 599; x_wconf 91' lang='lat' dir='ltr'><strong>Deum</strong></span> <span class='ocrx_word' id='word_1_496' title='bbox 1243 572 1423 606; x_wconf 90' lang='lat' dir='ltr'><strong>quorumdam</strong></span> <span class='ocrx_word' id='word_1_497' title='bbox 1457 572 1580 600; x_wconf 80' lang='lat' dir='ltr'><strong>oblivisci</strong></span> <span class='ocrx_word' id='word_1_498' title='bbox 1604 581 1667 608; x_wconf 86' lang='lat' dir='ltr'><strong>pro-</strong></span> 
     </span>
    </p>
   </div>
   <div class='ocr_carea' id='block_1_70' title="bbox 877 616 1668 652">
    <p class='ocr_par' dir='ltr' id='par_1_70' title="bbox 877 616 1668 652">
     <span class='ocr_line' id='line_1_71' title="bbox 877 616 1668 652; baseline 0.004 -9"><span class='ocrx_word' id='word_1_499' title='bbox 877 620 936 650; x_wconf 90' lang='lat' dir='ltr'><strong>pter</strong></span> <span class='ocrx_word' id='word_1_500' title='bbox 952 620 1061 651; x_wconf 85' lang='lat' dir='ltr'><strong>peccata</strong></span> <span class='ocrx_word' id='word_1_501' title='bbox 1077 624 1181 644; x_wconf 86' lang='lat' dir='ltr'><strong>eorum.</strong></span> <span class='ocrx_word' id='word_1_502' title='bbox 1206 616 1376 645; x_wconf 86' lang='lat' dir='ltr'><strong>Litteraliter</strong></span> <span class='ocrx_word' id='word_1_503' title='bbox 1392 625 1458 652; x_wconf 74' lang='lat' dir='ltr'><strong>ergo</strong></span> <span class='ocrx_word' id='word_1_504' title='bbox 1477 618 1503 644; x_wconf 91' lang='lat' dir='ltr'><strong>in</strong></span> <span class='ocrx_word' id='word_1_505' title='bbox 1520 618 1594 646; x_wconf 80' lang='lat' dir='ltr'><strong>hisce</strong></span> <span class='ocrx_word' id='word_1_506' title='bbox 1619 619 1668 646; x_wconf 82' lang='lat' dir='ltr'><strong>de-</strong></span> 
     </span>
    </p>
   </div>
   <div class='ocr_carea' id='block_1_71' title="bbox 879 660 1665 698">
    <p class='ocr_par' dir='ltr' id='par_1_71' title="bbox 879 660 1665 698">
     <span class='ocr_line' id='line_1_72' title="bbox 879 660 1665 698; baseline 0.004 -11"><span class='ocrx_word' id='word_1_507' title='bbox 879 660 999 688; x_wconf 83' lang='lat' dir='ltr'><strong>claratur</strong></span> <span class='ocrx_word' id='word_1_508' title='bbox 1021 661 1054 688; x_wconf 90' lang='lat' dir='ltr'><strong>ad</strong></span> <span class='ocrx_word' id='word_1_509' title='bbox 1071 661 1181 688; x_wconf 90' lang='lat' dir='ltr'><strong>minima</strong></span> <span class='ocrx_word' id='word_1_510' title='bbox 1200 670 1315 698; x_wconf 72' lang='lat' dir='ltr'><strong>quaeque</strong></span> <span class='ocrx_word' id='word_1_511' title='bbox 1330 663 1432 697; x_wconf 76' lang='lat' dir='ltr'><strong>porrigi</strong></span> <span class='ocrx_word' id='word_1_512' title='bbox 1454 662 1665 696; x_wconf 84' lang='lat' dir='ltr'><strong>Pravidentiam,</strong></span> 
     </span>
    </p>
   </div>
   <div class='ocr_carea' id='block_1_72' title="bbox 875 707 1668 744">
    <p class='ocr_par' dir='ltr' id='par_1_72' title="bbox 875 707 1668 744">
     <span class='ocr_line' id='line_1_73' title="bbox 875 707 1668 744; baseline 0.005 -11"><span class='ocrx_word' id='word_1_513' title='bbox 875 712 903 733; x_wconf 90' lang='lat' dir='ltr'><strong>et</strong></span> <span class='ocrx_word' id='word_1_514' title='bbox 917 714 1002 741; x_wconf 81' lang='lat' dir='ltr'><strong>usque</strong></span> <span class='ocrx_word' id='word_1_515' title='bbox 1012 707 1045 734; x_wconf 88' lang='lat' dir='ltr'><strong>ad</strong></span> <span class='ocrx_word' id='word_1_516' title='bbox 1059 707 1180 734; x_wconf 87' lang='lat' dir='ltr'><strong>notitiam</strong></span> <span class='ocrx_word' id='word_1_517' title='bbox 1193 715 1282 735; x_wconf 86' lang='lat' dir='ltr'><strong>rerum</strong></span> <span class='ocrx_word' id='word_1_518' title='bbox 1298 709 1528 736; x_wconf 88' lang='lat' dir='ltr'><strong>tenuissimarum.</strong></span> <span class='ocrx_word' id='word_1_519' title='bbox 1538 709 1668 744; x_wconf 88' lang='lat' dir='ltr'><strong>Spiritua-</strong></span> 
     </span>
    </p>
   </div>
   <div class='ocr_carea' id='block_1_73' title="bbox 877 750 1666 789">
    <p class='ocr_par' dir='ltr' id='par_1_73' title="bbox 877 750 1666 789">
     <span class='ocr_line' id='line_1_74' title="bbox 877 750 1666 789; baseline 0.006 -12"><span class='ocrx_word' id='word_1_520' title='bbox 877 750 937 778; x_wconf 88' lang='lat' dir='ltr'><strong>liter</strong></span> <span class='ocrx_word' id='word_1_521' title='bbox 949 759 1033 779; x_wconf 85' lang='lat' dir='ltr'><strong>vero:</strong></span> <span class='ocrx_word' id='word_1_522' title='bbox 1049 750 1122 778; x_wconf 85' lang='lat' dir='ltr'><strong>cadit</strong></span> <span class='ocrx_word' id='word_1_523' title='bbox 1136 752 1162 778; x_wconf 93' lang='lat' dir='ltr'><strong>in</strong></span> <span class='ocrx_word' id='word_1_524' title='bbox 1188 755 1301 785; x_wconf 88' lang='lat' dir='ltr'><strong>terram,</strong></span> <span class='ocrx_word' id='word_1_525' title='bbox 1317 752 1390 780; x_wconf 89' lang='lat' dir='ltr'><strong>velut</strong></span> <span class='ocrx_word' id='word_1_526' title='bbox 1405 753 1528 787; x_wconf 68' lang='lat' dir='ltr'><strong>aviculae,</strong></span> <span class='ocrx_word' id='word_1_527' title='bbox 1546 754 1666 789; x_wconf 87' lang='lat' dir='ltr'><strong>pruden-</strong></span> 
     </span>
    </p>
   </div>
   <div class='ocr_carea' id='block_1_74' title="bbox 876 796 1667 833">
    <p class='ocr_par' dir='ltr' id='par_1_74' title="bbox 876 796 1667 833">
     <span class='ocr_line' id='line_1_75' title="bbox 876 796 1667 833; baseline 0.006 -10"><span class='ocrx_word' id='word_1_528' title='bbox 876 797 924 823; x_wconf 85' lang='lat' dir='ltr'><strong>tia.</strong></span> <span class='ocrx_word' id='word_1_529' title='bbox 940 797 1006 824; x_wconf 89' lang='lat' dir='ltr'><strong>Dum</strong></span> <span class='ocrx_word' id='word_1_530' title='bbox 1031 797 1103 824; x_wconf 89' lang='lat' dir='ltr'><strong>enim</strong></span> <span class='ocrx_word' id='word_1_531' title='bbox 1118 797 1236 825; x_wconf 88' lang='lat' dir='ltr'><strong>sublime</strong></span> <span class='ocrx_word' id='word_1_532' title='bbox 1254 796 1352 831; x_wconf 80' lang='lat' dir='ltr'><strong>fertur,</strong></span> <span class='ocrx_word' id='word_1_533' title='bbox 1373 805 1432 833; x_wconf 75' lang='lat' dir='ltr'><strong>quae</strong></span> <span class='ocrx_word' id='word_1_534' title='bbox 1449 799 1581 827; x_wconf 77' lang='lat' dir='ltr'><strong>inferiora</strong></span> <span class='ocrx_word' id='word_1_535' title='bbox 1603 805 1667 828; x_wconf 85' lang='lat' dir='ltr'><strong>sunt</strong></span> 
     </span>
    </p>
   </div>
   <div class='ocr_carea' id='block_1_75' title="bbox 874 843 1664 880">
    <p class='ocr_par' dir='ltr' id='par_1_75' title="bbox 874 843 1664 880">
     <span class='ocr_line' id='line_1_76' title="bbox 874 843 1664 880; baseline 0.005 -11"><span class='ocrx_word' id='word_1_536' title='bbox 874 843 950 878; x_wconf 85' lang='lat' dir='ltr'><strong>petit,</strong></span> <span class='ocrx_word' id='word_1_537' title='bbox 965 848 1075 878; x_wconf 75' lang='lat' dir='ltr'><strong>propter</strong></span> <span class='ocrx_word' id='word_1_538' title='bbox 1089 844 1238 871; x_wconf 81' lang='lat' dir='ltr'><strong>obtinentia</strong></span> <span class='ocrx_word' id='word_1_539' title='bbox 1259 844 1350 871; x_wconf 86' lang='lat' dir='ltr'><strong>carnis</strong></span> <span class='ocrx_word' id='word_1_540' title='bbox 1371 844 1452 877; x_wconf 86' lang='lat' dir='ltr'><strong>vitia;</strong></span> <span class='ocrx_word' id='word_1_541' title='bbox 1469 845 1622 880; x_wconf 83' lang='lat' dir='ltr'><strong>traditaque</strong></span> <span class='ocrx_word' id='word_1_542' title='bbox 1637 846 1664 873; x_wconf 88' lang='lat' dir='ltr'><strong>in</strong></span> 
     </span>
    </p>
   </div>
   <div class='ocr_carea' id='block_1_76' title="bbox 875 886 1663 925">
    <p class='ocr_par' dir='ltr' id='par_1_76' title="bbox 875 886 1663 925">
     <span class='ocr_line' id='line_1_77' title="bbox 875 886 1663 925; baseline 0.006 -12"><span class='ocrx_word' id='word_1_543' title='bbox 875 886 1025 923; x_wconf 68' lang='lat' dir='ltr'><strong>piissionem</strong></span> <span class='ocrx_word' id='word_1_544' title='bbox 1049 889 1214 923; x_wconf 69' lang='lat' dir='ltr'><strong>ignominiaa,</strong></span> <span class='ocrx_word' id='word_1_545' title='bbox 1230 890 1312 917; x_wconf 85' lang='lat' dir='ltr'><strong>etiam</strong></span> <span class='ocrx_word' id='word_1_546' title='bbox 1330 889 1484 917; x_wconf 84' lang='lat' dir='ltr'><strong>libertatem</strong></span> <span class='ocrx_word' id='word_1_547' title='bbox 1499 898 1561 918; x_wconf 86' lang='lat' dir='ltr'><strong>cum</strong></span> <span class='ocrx_word' id='word_1_548' title='bbox 1575 892 1663 925; x_wconf 80' lang='lat' dir='ltr'><strong>pretio</strong></span> 
     </span>
    </p>
   </div>
   <div class='ocr_carea' id='block_1_77' title="bbox 873 932 1663 969">
    <p class='ocr_par' dir='ltr' id='par_1_77' title="bbox 873 932 1663 969">
     <span class='ocr_line' id='line_1_78' title="bbox 873 932 1663 969; baseline 0.005 -11"><span class='ocrx_word' id='word_1_549' title='bbox 873 933 984 960; x_wconf 83' lang='lat' dir='ltr'><strong>amittit.</strong></span> <span class='ocrx_word' id='word_1_550' title='bbox 1008 932 1166 968; x_wconf 81' lang='lat' dir='ltr'><strong>Httjusmodi</strong></span> <span class='ocrx_word' id='word_1_551' title='bbox 1186 940 1267 968; x_wconf 90' lang='lat' dir='ltr'><strong>porro</strong></span> <span class='ocrx_word' id='word_1_552' title='bbox 1286 937 1329 961; x_wconf 85' lang='lat' dir='ltr'><strong>est</strong></span> <span class='ocrx_word' id='word_1_553' title='bbox 1349 933 1395 969; x_wconf 84' lang='lat' dir='ltr'><strong>qui</strong></span> <span class='ocrx_word' id='word_1_554' title='bbox 1412 941 1427 960; x_wconf 88' lang='lat' dir='ltr'><strong>a</strong></span> <span class='ocrx_word' id='word_1_555' title='bbox 1444 934 1528 962; x_wconf 87' lang='lat' dir='ltr'><strong>verbo</strong></span> <span class='ocrx_word' id='word_1_556' title='bbox 1551 935 1584 962; x_wconf 86' lang='lat' dir='ltr'><strong>ad</strong></span> <span class='ocrx_word' id='word_1_557' title='bbox 1598 935 1663 962; x_wconf 78' lang='lat' dir='ltr'><strong>sub-</strong></span> 
     </span>
    </p>
   </div>
   <div class='ocr_carea' id='block_1_78' title="bbox 873 977 1663 1014">
    <p class='ocr_par' dir='ltr' id='par_1_78' title="bbox 873 977 1663 1014">
     <span class='ocr_line' id='line_1_79' title="bbox 873 977 1663 1014; baseline 0.003 -10"><span class='ocrx_word' id='word_1_558' title='bbox 873 977 946 1004; x_wconf 68' lang='lat' dir='ltr'><strong>Kmia</strong></span> <span class='ocrx_word' id='word_1_559' title='bbox 969 977 1099 1011; x_wconf 80' lang='lat' dir='ltr'><strong>elevatus,</strong></span> <span class='ocrx_word' id='word_1_560' title='bbox 1126 978 1208 1005; x_wconf 89' lang='lat' dir='ltr'><strong>etiam</strong></span> <span class='ocrx_word' id='word_1_561' title='bbox 1229 985 1290 1013; x_wconf 66' lang='lat' dir='ltr'><strong>quae</strong></span> <span class='ocrx_word' id='word_1_562' title='bbox 1314 983 1424 1005; x_wconf 87' lang='lat' dir='ltr'><strong>terrena</strong></span> <span class='ocrx_word' id='word_1_563' title='bbox 1444 983 1509 1006; x_wconf 84' lang='lat' dir='ltr'><strong>sunt</strong></span> <span class='ocrx_word' id='word_1_564' title='bbox 1524 979 1605 1014; x_wconf 84' lang='lat' dir='ltr'><strong>sapit.</strong></span> <span class='ocrx_word' id='word_1_565' title='bbox 1622 979 1663 1006; x_wconf 85' lang='lat' dir='ltr'><strong>Ad</strong></span> 
     </span>
    </p>
   </div>
   <div class='ocr_carea' id='block_1_79' title="bbox 873 1023 1664 1059">
    <p class='ocr_par' dir='ltr' id='par_1_79' title="bbox 873 1023 1664 1059">
     <span class='ocr_line' id='line_1_80' title="bbox 873 1023 1664 1059; baseline 0.003 -9"><span class='ocrx_word' id='word_1_566' title='bbox 873 1023 990 1051; x_wconf 83' lang='lat' dir='ltr'><strong>litteram</strong></span> <span class='ocrx_word' id='word_1_567' title='bbox 1006 1032 1118 1056; x_wconf 80' lang='lat' dir='ltr'><strong>rursus,</strong></span> <span class='ocrx_word' id='word_1_568' title='bbox 1136 1024 1213 1055; x_wconf 86' lang='lat' dir='ltr'><strong>illud.</strong></span> <span class='ocrx_word' id='word_1_569' title='bbox 1236 1032 1288 1051; x_wconf 74' lang='lat' dir='ltr'><strong>non</strong></span> <span class='ocrx_word' id='word_1_570' title='bbox 1305 1024 1383 1051; x_wconf 79' lang='lat' dir='ltr'><strong>cadet</strong></span> <span class='ocrx_word' id='word_1_571' title='bbox 1402 1032 1480 1059; x_wconf 81' lang='lat' dir='ltr'><strong>super</strong></span> <span class='ocrx_word' id='word_1_572' title='bbox 1495 1030 1591 1051; x_wconf 80' lang='lat' dir='ltr'><strong>terram</strong></span> <span class='ocrx_word' id='word_1_573' title='bbox 1607 1026 1664 1052; x_wconf 81' lang='lat' dir='ltr'><strong>sine</strong></span> 
     </span>
    </p>
   </div>
   <div class='ocr_carea' id='block_1_80' title="bbox 874 1069 1662 1105">
    <p class='ocr_par' dir='ltr' id='par_1_80' title="bbox 874 1069 1662 1105">
     <span class='ocr_line' id='line_1_81' title="bbox 874 1069 1662 1105; baseline 0.001 -9"><span class='ocrx_word' id='word_1_574' title='bbox 874 1069 955 1096; x_wconf 81' lang='lat' dir='ltr'><strong>Patre</strong></span> <span class='ocrx_word' id='word_1_575' title='bbox 974 1075 1058 1097; x_wconf 76' lang='lat' dir='ltr'><strong>vestro</strong></span> <span class='ocrx_word' id='word_1_576' title='bbox 1070 1069 1103 1101; x_wconf 85' lang='lat'><strong>&quot;,</strong></span> <span class='ocrx_word' id='word_1_577' title='bbox 1118 1077 1170 1097; x_wconf 94' lang='lat' dir='ltr'><strong>non</strong></span> <span class='ocrx_word' id='word_1_578' title='bbox 1187 1070 1352 1097; x_wconf 79' lang='lat' dir='ltr'><strong>voluntatem</strong></span> <span class='ocrx_word' id='word_1_579' title='bbox 1375 1070 1503 1102; x_wconf 83' lang='lat' dir='ltr'><strong>ostendit,</strong></span> <span class='ocrx_word' id='word_1_580' title='bbox 1525 1071 1572 1097; x_wconf 87' lang='lat' dir='ltr'><strong>sed</strong></span> <span class='ocrx_word' id='word_1_581' title='bbox 1594 1078 1662 1105; x_wconf 73' lang='lat' dir='ltr'><strong>prte-</strong></span> 
     </span>
    </p>
   </div>
   <div class='ocr_carea' id='block_1_81' title="bbox 871 1115 1661 1150">
    <p class='ocr_par' dir='ltr' id='par_1_81' title="bbox 871 1115 1661 1150">
     <span class='ocr_line' id='line_1_82' title="bbox 871 1115 1661 1150; baseline 0.001 -8"><span class='ocrx_word' id='word_1_582' title='bbox 871 1115 1024 1143; x_wconf 89' lang='lat' dir='ltr'><strong>scientiam.</strong></span> <span class='ocrx_word' id='word_1_583' title='bbox 1048 1115 1149 1143; x_wconf 86' lang='lat' dir='ltr'><strong>Eorum</strong></span> <span class='ocrx_word' id='word_1_584' title='bbox 1175 1117 1247 1142; x_wconf 86' lang='lat' dir='ltr'><strong>enim</strong></span> <span class='ocrx_word' id='word_1_585' title='bbox 1272 1123 1332 1150; x_wconf 73' lang='lat' dir='ltr'><strong>qua:</strong></span> <span class='ocrx_word' id='word_1_586' title='bbox 1349 1116 1525 1150; x_wconf 71' lang='lat' dir='ltr'><strong>contingunt,</strong></span> <span class='ocrx_word' id='word_1_587' title='bbox 1548 1115 1601 1143; x_wconf 82' lang='lat' dir='ltr'><strong>alia</strong></span> <span class='ocrx_word' id='word_1_588' title='bbox 1626 1123 1661 1143; x_wconf 75' lang='lat' dir='ltr'><strong>ex</strong></span> 
     </span>
    </p>
   </div>
   <div class='ocr_carea' id='block_1_82' title="bbox 871 1160 1661 1196">
    <p class='ocr_par' dir='ltr' id='par_1_82' title="bbox 871 1160 1661 1196">
     <span class='ocr_line' id='line_1_83' title="bbox 871 1160 1661 1196; baseline 0.003 -10"><span class='ocrx_word' id='word_1_589' title='bbox 871 1160 1012 1187; x_wconf 84' lang='lat' dir='ltr'><strong>voluntate</strong></span> <span class='ocrx_word' id='word_1_590' title='bbox 1033 1160 1113 1194; x_wconf 87' lang='lat' dir='ltr'><strong>lium,</strong></span> <span class='ocrx_word' id='word_1_591' title='bbox 1137 1162 1189 1189; x_wconf 83' lang='lat' dir='ltr'><strong>alia</strong></span> <span class='ocrx_word' id='word_1_592' title='bbox 1209 1168 1242 1188; x_wconf 78' lang='lat' dir='ltr'><strong>ex</strong></span> <span class='ocrx_word' id='word_1_593' title='bbox 1268 1160 1448 1196; x_wconf 81' lang='lat' dir='ltr'><strong>beneplacito,</strong></span> <span class='ocrx_word' id='word_1_594' title='bbox 1474 1161 1526 1188; x_wconf 82' lang='lat' dir='ltr'><strong>alia</strong></span> <span class='ocrx_word' id='word_1_595' title='bbox 1545 1168 1578 1188; x_wconf 80' lang='lat' dir='ltr'><strong>ex</strong></span> <span class='ocrx_word' id='word_1_596' title='bbox 1598 1168 1661 1196; x_wconf 82' lang='lat' dir='ltr'><strong>per-</strong></span> 
     </span>
    </p>
   </div>
   <div class='ocr_carea' id='block_1_83' title="bbox 872 1207 1012 1234">
    <p class='ocr_par' dir='ltr' id='par_1_83' title="bbox 872 1207 1012 1234">
     <span class='ocr_line' id='line_1_84' title="bbox 872 1207 1012 1234; baseline 0 -1"><span class='ocrx_word' id='word_1_597' title='bbox 872 1207 1012 1234; x_wconf 75' lang='lat' dir='ltr'><strong>missione.</strong></span> 
     </span>
    </p>
   </div>
   <div class='ocr_carea' id='block_1_84' title="bbox 1188 1250 1354 1280">
    <p class='ocr_par' dir='ltr' id='par_1_84' title="bbox 1188 1250 1354 1280">
     <span class='ocr_line' id='line_1_85' title="bbox 1188 1250 1354 1280; baseline -0.012 0"><span class='ocrx_word' id='word_1_598' title='bbox 1188 1251 1264 1280; x_wconf 79' lang='lat' dir='ltr'><strong>CAP.</strong></span> <span class='ocrx_word' id='word_1_599' title='bbox 1284 1250 1354 1278; x_wconf 77' lang='lat' dir='ltr'>XIII.</span> 
     </span>
    </p>
   </div>
   <div class='ocr_carea' id='block_1_85' title="bbox 871 1296 1660 1359">
    <p class='ocr_par' dir='ltr' id='par_1_85' title="bbox 871 1296 1660 1359">
     <span class='ocr_line' id='line_1_86' title="bbox 871 1296 1660 1359; baseline 0 -35"><span class='ocrx_word' id='word_1_600' title='bbox 871 1296 1087 1359; x_wconf 45' lang='lat' dir='ltr'><strong>[gg’lterum</strong></span> <span class='ocrx_word' id='word_1_601' title='bbox 1110 1306 1172 1333; x_wconf 82' lang='lat' dir='ltr'><strong>ergo</strong></span> <span class='ocrx_word' id='word_1_602' title='bbox 1194 1299 1261 1325; x_wconf 69' lang='lat' dir='ltr'><strong>dixit</strong></span> <span class='ocrx_word' id='word_1_603' title='bbox 1278 1305 1288 1325; x_wconf 90' lang='lat'><strong><em>:</em></strong></span> <span class='ocrx_word' id='word_1_604' title='bbox 1309 1297 1361 1325; x_wconf 86' lang='lat' dir='ltr'><strong>Cui</strong></span> <span class='ocrx_word' id='word_1_605' title='bbox 1376 1297 1528 1325; x_wconf 80' lang='lat' dir='ltr'><strong>auintilabo</strong></span> <span class='ocrx_word' id='word_1_606' title='bbox 1552 1305 1660 1333; x_wconf 68' lang='lat' dir='ltr'><strong>regnum</strong></span> 
     </span>
    </p>
   </div>
   <div class='ocr_carea' id='block_1_86' title="bbox 871 1341 1661 1403">
    <p class='ocr_par' dir='ltr' id='par_1_86' title="bbox 871 1341 1661 1403">
     <span class='ocr_line' id='line_1_87' title="bbox 871 1341 1661 1403; baseline 0 -9"><span class='ocrx_word' id='word_1_607' title='bbox 871 1341 977 1396; x_wconf 42' lang='lat' dir='ltr'><strong>Yffi?</strong></span> <span class='ocrx_word' id='word_1_608' title='bbox 985 1367 1078 1395; x_wconf 74' lang='lat' dir='ltr'><strong>Simile</strong></span> <span class='ocrx_word' id='word_1_609' title='bbox 1092 1372 1131 1395; x_wconf 79' lang='lat' dir='ltr'><strong>ut</strong></span> <span class='ocrx_word' id='word_1_610' title='bbox 1147 1368 1286 1403; x_wconf 71' lang='lat' dir='ltr'><strong>fermento,</strong></span> <span class='ocrx_word' id='word_1_611' title='bbox 1303 1377 1355 1403; x_wconf 80' lang='lat' dir='ltr'><strong>quo</strong></span> <span class='ocrx_word' id='word_1_612' title='bbox 1370 1373 1477 1401; x_wconf 81' lang='lat' dir='ltr'><strong>accepta</strong></span> <span class='ocrx_word' id='word_1_613' title='bbox 1490 1367 1585 1395; x_wconf 77' lang='lat' dir='ltr'><strong>mulier</strong></span> <span class='ocrx_word' id='word_1_614' title='bbox 1599 1367 1661 1394; x_wconf 81' lang='lat' dir='ltr'><strong>ubs-</strong></span> 
     </span>
    </p>
   </div>
   <div class='ocr_carea' id='block_1_87' title="bbox 905 1402 1660 1464">
    <p class='ocr_par' dir='ltr' id='par_1_87' title="bbox 905 1402 1660 1464">
     <span class='ocr_line' id='line_1_88' title="bbox 906 1402 1660 1438; baseline 0.001 -9"><span class='ocrx_word' id='word_1_615' title='bbox 906 1403 993 1429; x_wconf 84' lang='lat' dir='ltr'><strong>condit</strong></span> <span class='ocrx_word' id='word_1_616' title='bbox 1008 1402 1036 1429; x_wconf 81' lang='lat' dir='ltr'><strong>in</strong></span> <span class='ocrx_word' id='word_1_617' title='bbox 1055 1402 1152 1437; x_wconf 63' lang='lat' dir='ltr'><strong>farinae</strong></span> <span class='ocrx_word' id='word_1_618' title='bbox 1170 1408 1230 1431; x_wconf 79' lang='lat' dir='ltr'><strong>suta</strong></span> <span class='ocrx_word' id='word_1_619' title='bbox 1244 1402 1401 1437; x_wconf 19' lang='lat' dir='ltr'><strong>triu,rdonec</strong></span> <span class='ocrx_word' id='word_1_620' title='bbox 1416 1403 1600 1438; x_wconf 74' lang='lat' dir='ltr'><strong>fermentatum</strong></span> <span class='ocrx_word' id='word_1_621' title='bbox 1619 1407 1660 1430; x_wconf 76' lang='lat' dir='ltr'><strong>est</strong></span> 
     </span>
     <span class='ocr_line' id='line_1_89' title="bbox 905 1443 999 1464; baseline 0 0"><span class='ocrx_word' id='word_1_622' title='bbox 905 1443 999 1464; x_wconf 81' lang='lat' dir='ltr'><strong>totum.</strong></span> 
     </span>
    </p>
   </div>
   <div class='ocr_carea' id='block_1_88' title="bbox 904 1485 1659 1521">
    <p class='ocr_par' dir='ltr' id='par_1_88' title="bbox 904 1485 1659 1521">
     <span class='ocr_line' id='line_1_90' title="bbox 904 1485 1659 1521; baseline 0 -9"><span class='ocrx_word' id='word_1_623' title='bbox 904 1485 965 1512; x_wconf 78' lang='lat' dir='ltr'><strong>Alio</strong></span> <span class='ocrx_word' id='word_1_624' title='bbox 981 1485 1061 1513; x_wconf 89' lang='lat' dir='ltr'><strong>modo</strong></span> <span class='ocrx_word' id='word_1_625' title='bbox 1075 1485 1139 1513; x_wconf 89' lang='lat' dir='ltr'><strong>licet</strong></span> <span class='ocrx_word' id='word_1_626' title='bbox 1160 1486 1295 1521; x_wconf 84' lang='lat' dir='ltr'><strong>accipere,</strong></span> <span class='ocrx_word' id='word_1_627' title='bbox 1313 1486 1452 1513; x_wconf 77' lang='lat' dir='ltr'><strong>mulierem</strong></span> <span class='ocrx_word' id='word_1_628' title='bbox 1475 1485 1584 1520; x_wconf 82' lang='lat' dir='ltr'><strong>quidem</strong></span> <span class='ocrx_word' id='word_1_629' title='bbox 1609 1493 1659 1520; x_wconf 91' lang='lat' dir='ltr'><strong>pro</strong></span> 
     </span>
    </p>
   </div>
   <div class='ocr_carea' id='block_1_89' title="bbox 872 1531 1661 1567">
    <p class='ocr_par' dir='ltr' id='par_1_89' title="bbox 872 1531 1661 1567">
     <span class='ocr_line' id='line_1_91' title="bbox 872 1531 1661 1567; baseline 0 -9"><span class='ocrx_word' id='word_1_630' title='bbox 872 1531 1006 1565; x_wconf 77' lang='lat' dir='ltr'><strong>Ecclesia,</strong></span> <span class='ocrx_word' id='word_1_631' title='bbox 1026 1536 1052 1559; x_wconf 92' lang='lat' dir='ltr'><strong>et</strong></span> <span class='ocrx_word' id='word_1_632' title='bbox 1077 1532 1234 1566; x_wconf 78' lang='lat' dir='ltr'><strong>[armentum</strong></span> <span class='ocrx_word' id='word_1_633' title='bbox 1254 1540 1304 1567; x_wconf 92' lang='lat' dir='ltr'><strong>pro</strong></span> <span class='ocrx_word' id='word_1_634' title='bbox 1334 1532 1435 1567; x_wconf 85' lang='lat' dir='ltr'><strong>Spiritu</strong></span> <span class='ocrx_word' id='word_1_635' title='bbox 1465 1537 1570 1559; x_wconf 84' lang='lat' dir='ltr'><strong>sancto.</strong></span> <span class='ocrx_word' id='word_1_636' title='bbox 1596 1531 1661 1559; x_wconf 80' lang='lat' dir='ltr'><strong>Tria</strong></span> 
     </span>
    </p>
   </div>
   <div class='ocr_carea' id='block_1_90' title="bbox 871 1577 1662 1612">
    <p class='ocr_par' dir='ltr' id='par_1_90' title="bbox 871 1577 1662 1612">
     <span class='ocr_line' id='line_1_92' title="bbox 871 1577 1662 1612; baseline 0.001 -9"><span class='ocrx_word' id='word_1_637' title='bbox 871 1582 940 1611; x_wconf 77' lang='lat' dir='ltr'><strong>uta,</strong></span> <span class='ocrx_word' id='word_1_638' title='bbox 963 1581 1027 1604; x_wconf 87' lang='lat' dir='ltr'><strong>sunt</strong></span> <span class='ocrx_word' id='word_1_639' title='bbox 1047 1585 1157 1612; x_wconf 82' lang='lat' dir='ltr'><strong>corpus,</strong></span> <span class='ocrx_word' id='word_1_640' title='bbox 1171 1577 1293 1612; x_wconf 87' lang='lat' dir='ltr'><strong>spiritus,</strong></span> <span class='ocrx_word' id='word_1_641' title='bbox 1319 1578 1419 1605; x_wconf 88' lang='lat' dir='ltr'><strong>anima.</strong></span> <span class='ocrx_word' id='word_1_642' title='bbox 1449 1577 1662 1605; x_wconf 78' lang='lat' dir='ltr'><strong>Sanctiﬁcantur</strong></span> 
     </span>
    </p>
   </div>
   <div class='ocr_carea' id='block_1_91' title="bbox 870 1622 1659 1659">
    <p class='ocr_par' dir='ltr' id='par_1_91' title="bbox 870 1622 1659 1659">
     <span class='ocr_line' id='line_1_93' title="bbox 870 1622 1659 1659; baseline 0 -9"><span class='ocrx_word' id='word_1_643' title='bbox 870 1623 926 1650; x_wconf 62' lang='lat' dir='ltr'><strong>haec</strong></span> <span class='ocrx_word' id='word_1_644' title='bbox 943 1623 1075 1651; x_wconf 81' lang='lat' dir='ltr'><strong>fermento</strong></span> <span class='ocrx_word' id='word_1_645' title='bbox 1095 1623 1212 1659; x_wconf 90' lang='lat' dir='ltr'><strong>Spiritus</strong></span> <span class='ocrx_word' id='word_1_646' title='bbox 1229 1625 1329 1656; x_wconf 84' lang='lat' dir='ltr'><strong>sancti,</strong></span> <span class='ocrx_word' id='word_1_647' title='bbox 1345 1628 1374 1651; x_wconf 89' lang='lat' dir='ltr'><strong>ut</strong></span> <span class='ocrx_word' id='word_1_648' title='bbox 1392 1624 1459 1651; x_wconf 89' lang='lat' dir='ltr'><strong>liant</strong></span> <span class='ocrx_word' id='word_1_649' title='bbox 1477 1631 1537 1651; x_wconf 90' lang='lat' dir='ltr'><strong>cum</strong></span> <span class='ocrx_word' id='word_1_650' title='bbox 1558 1622 1659 1659; x_wconf 88' lang='lat' dir='ltr'><strong>Spiritu</strong></span> 
     </span>
    </p>
   </div>
   <div class='ocr_carea' id='block_1_92' title="bbox 869 1669 1661 1704">
    <p class='ocr_par' dir='ltr' id='par_1_92' title="bbox 869 1669 1661 1704">
     <span class='ocr_line' id='line_1_94' title="bbox 869 1669 1661 1704; baseline -0.001 -9"><span class='ocrx_word' id='word_1_651' title='bbox 869 1674 962 1696; x_wconf 84' lang='lat' dir='ltr'><strong>sancto</strong></span> <span class='ocrx_word' id='word_1_652' title='bbox 981 1677 1032 1697; x_wconf 88' lang='lat' dir='ltr'><strong>una</strong></span> <span class='ocrx_word' id='word_1_653' title='bbox 1047 1669 1215 1704; x_wconf 86' lang='lat' dir='ltr'><strong>conspersio.</strong></span> <span class='ocrx_word' id='word_1_654' title='bbox 1238 1669 1373 1697; x_wconf 72' lang='lat' dir='ltr'><strong>Praeterea</strong></span> <span class='ocrx_word' id='word_1_655' title='bbox 1393 1669 1519 1697; x_wconf 82' lang='lat' dir='ltr'><strong>Salvator</strong></span> <span class='ocrx_word' id='word_1_656' title='bbox 1538 1669 1661 1696; x_wconf 80' lang='lat' dir='ltr'><strong>nominat</strong></span> 
     </span>
    </p>
   </div>
   <div class='ocr_carea' id='block_1_93' title="bbox 869 1714 1660 1750">
    <p class='ocr_par' dir='ltr' id='par_1_93' title="bbox 869 1714 1660 1750">
     <span class='ocr_line' id='line_1_95' title="bbox 869 1714 1660 1750; baseline 0 -9"><span class='ocrx_word' id='word_1_657' title='bbox 869 1714 1000 1749; x_wconf 90' lang='lat' dir='ltr'><strong>Spiritum</strong></span> <span class='ocrx_word' id='word_1_658' title='bbox 1031 1720 1169 1749; x_wconf 89' lang='lat' dir='ltr'><strong>sanctum,</strong></span> <span class='ocrx_word' id='word_1_659' title='bbox 1198 1716 1254 1743; x_wconf 84' lang='lat' dir='ltr'><strong>sive</strong></span> <span class='ocrx_word' id='word_1_660' title='bbox 1278 1717 1405 1743; x_wconf 84' lang='lat' dir='ltr'><strong>virtutem</strong></span> <span class='ocrx_word' id='word_1_661' title='bbox 1429 1722 1489 1750; x_wconf 74' lang='lat' dir='ltr'><strong>qute</strong></span> <span class='ocrx_word' id='word_1_662' title='bbox 1513 1723 1528 1743; x_wconf 85' lang='lat' dir='ltr'><strong>a</strong></span> <span class='ocrx_word' id='word_1_663' title='bbox 1556 1715 1660 1742; x_wconf 84' lang='lat' dir='ltr'><strong>semine</strong></span> 
     </span>
    </p>
   </div>
   <div class='ocr_carea' id='block_1_94' title="bbox 869 1762 1657 1797">
    <p class='ocr_par' dir='ltr' id='par_1_94' title="bbox 869 1762 1657 1797">
     <span class='ocr_line' id='line_1_96' title="bbox 869 1762 1657 1797; baseline -0.001 -7"><span class='ocrx_word' id='word_1_664' title='bbox 869 1762 1022 1797; x_wconf 83' lang='lat' dir='ltr'><strong>perﬁcitur,</strong></span> <span class='ocrx_word' id='word_1_665' title='bbox 1052 1763 1231 1795; x_wconf 82' lang='lat' dir='ltr'><strong>fermentum,</strong></span> <span class='ocrx_word' id='word_1_666' title='bbox 1260 1763 1427 1791; x_wconf 88' lang='lat' dir='ltr'><strong>subinnuens</strong></span> <span class='ocrx_word' id='word_1_667' title='bbox 1461 1763 1512 1790; x_wconf 83' lang='lat' dir='ltr'><strong>hoc</strong></span> <span class='ocrx_word' id='word_1_668' title='bbox 1554 1763 1657 1790; x_wconf 85' lang='lat' dir='ltr'><strong>modo:</strong></span> 
     </span>
    </p>
   </div>
   <div class='ocr_carea' id='block_1_95' title="bbox 869 1808 1655 1843">
    <p class='ocr_par' dir='ltr' id='par_1_95' title="bbox 869 1808 1655 1843">
     <span class='ocr_line' id='line_1_97' title="bbox 869 1808 1655 1843; baseline -0.001 -8"><span class='ocrx_word' id='word_1_669' title='bbox 869 1808 964 1836; x_wconf 84' lang='lat' dir='ltr'><strong>Sermo</strong></span> <span class='ocrx_word' id='word_1_670' title='bbox 972 1816 1068 1843; x_wconf 83' lang='lat' dir='ltr'><strong>nempe</strong></span> <span class='ocrx_word' id='word_1_671' title='bbox 1080 1808 1154 1843; x_wconf 77' lang='lat' dir='ltr'><strong>regni</strong></span> <span class='ocrx_word' id='word_1_672' title='bbox 1167 1808 1308 1842; x_wconf 70' lang='lat' dir='ltr'><strong>caelorum,</strong></span> <span class='ocrx_word' id='word_1_673' title='bbox 1324 1813 1384 1843; x_wconf 86' lang='lat' dir='ltr'><strong>post</strong></span> <span class='ocrx_word' id='word_1_674' title='bbox 1397 1810 1510 1843; x_wconf 82' lang='lat' dir='ltr'><strong>primam</strong></span> <span class='ocrx_word' id='word_1_675' title='bbox 1522 1808 1655 1835; x_wconf 75' lang='lat' dir='ltr'><strong>sationem</strong></span> 
     </span>
    </p>
   </div>
   <div class='ocr_carea' id='block_1_96' title="bbox 875 1853 1658 1889">
    <p class='ocr_par' dir='ltr' id='par_1_96' title="bbox 875 1853 1658 1889">
     <span class='ocr_line' id='line_1_98' title="bbox 875 1853 1658 1889; baseline -0.001 -8"><span class='ocrx_word' id='word_1_676' title='bbox 875 1854 946 1882; x_wconf 89' lang='lat' dir='ltr'><strong>inter</strong></span> <span class='ocrx_word' id='word_1_677' title='bbox 973 1854 1097 1882; x_wconf 79' lang='lat' dir='ltr'><strong>homines</strong></span> <span class='ocrx_word' id='word_1_678' title='bbox 1127 1859 1239 1889; x_wconf 86' lang='lat' dir='ltr'><strong>accepto</strong></span> <span class='ocrx_word' id='word_1_679' title='bbox 1276 1855 1461 1886; x_wconf 87' lang='lat' dir='ltr'><strong>incremento,</strong></span> <span class='ocrx_word' id='word_1_680' title='bbox 1497 1853 1658 1888; x_wconf 90' lang='lat' dir='ltr'><strong>redditoque</strong></span> 
     </span>
    </p>
   </div>
   <div class='ocr_carea' id='block_1_97' title="bbox 869 1897 1657 1934">
    <p class='ocr_par' dir='ltr' id='par_1_97' title="bbox 869 1897 1657 1934">
     <span class='ocr_line' id='line_1_99' title="bbox 869 1897 1657 1934; baseline -0.003 -8"><span class='ocrx_word' id='word_1_681' title='bbox 869 1900 958 1927; x_wconf 77' lang='lat' dir='ltr'><strong>fructu</strong></span> <span class='ocrx_word' id='word_1_682' title='bbox 975 1900 1107 1934; x_wconf 82' lang='lat' dir='ltr'><strong>perfecto,</strong></span> <span class='ocrx_word' id='word_1_683' title='bbox 1131 1899 1250 1934; x_wconf 84' lang='lat' dir='ltr'><strong>Spiritus</strong></span> <span class='ocrx_word' id='word_1_684' title='bbox 1265 1899 1352 1926; x_wconf 85' lang='lat' dir='ltr'><strong>sancti</strong></span> <span class='ocrx_word' id='word_1_685' title='bbox 1375 1897 1657 1926; x_wconf 85' lang='lat' dir='ltr'><strong>subministrationem</strong></span> 
     </span>
    </p>
   </div>
   <div class='ocr_carea' id='block_1_98' title="bbox 869 1944 1660 1980">
    <p class='ocr_par' dir='ltr' id='par_1_98' title="bbox 869 1944 1660 1980">
     <span class='ocr_line' id='line_1_100' title="bbox 869 1944 1660 1980; baseline -0.004 -8"><span class='ocrx_word' id='word_1_686' title='bbox 869 1946 902 1972; x_wconf 84' lang='lat' dir='ltr'><strong>iis</strong></span> <span class='ocrx_word' id='word_1_687' title='bbox 922 1945 968 1980; x_wconf 90' lang='lat' dir='ltr'><strong>qui</strong></span> <span class='ocrx_word' id='word_1_688' title='bbox 985 1952 1034 1980; x_wconf 85' lang='lat' dir='ltr'><strong>per</strong></span> <span class='ocrx_word' id='word_1_689' title='bbox 1048 1945 1105 1972; x_wconf 61' lang='lat' dir='ltr'><strong>haec</strong></span> <span class='ocrx_word' id='word_1_690' title='bbox 1122 1945 1208 1980; x_wconf 90' lang='lat' dir='ltr'><strong>prima</strong></span> <span class='ocrx_word' id='word_1_691' title='bbox 1223 1944 1308 1979; x_wconf 83' lang='lat' dir='ltr'><strong>adjuti</strong></span> <span class='ocrx_word' id='word_1_692' title='bbox 1333 1948 1407 1977; x_wconf 86' lang='lat' dir='ltr'><strong>sunt,</strong></span> <span class='ocrx_word' id='word_1_693' title='bbox 1430 1944 1554 1979; x_wconf 69' lang='lat' dir='ltr'><strong>largitur.</strong></span> <span class='ocrx_word' id='word_1_694' title='bbox 1572 1944 1660 1970; x_wconf 76' lang='lat' dir='ltr'><strong>instar</strong></span> 
     </span>
    </p>
   </div>
   <div class='ocr_carea' id='block_1_99' title="bbox 869 1987 1660 2017">
    <p class='ocr_par' dir='ltr' id='par_1_99' title="bbox 869 1987 1660 2017">
     <span class='ocr_line' id='line_1_101' title="bbox 869 1987 1660 2017; baseline -0.003 -2"><span class='ocrx_word' id='word_1_695' title='bbox 869 1989 993 2017; x_wconf 82' lang='lat' dir='ltr'><strong>l&#39;ermenti</strong></span> <span class='ocrx_word' id='word_1_696' title='bbox 1016 1989 1141 2017; x_wconf 87' lang='lat' dir='ltr'><strong>videlicet</strong></span> <span class='ocrx_word' id='word_1_697' title='bbox 1165 1996 1282 2016; x_wconf 87' lang='lat' dir='ltr'><strong>massam</strong></span> <span class='ocrx_word' id='word_1_698' title='bbox 1306 1988 1507 2016; x_wconf 86' lang='lat' dir='ltr'><strong>l&#39;ermentantis.</strong></span> <span class='ocrx_word' id='word_1_699' title='bbox 1525 1987 1581 2014; x_wconf 88' lang='lat' dir='ltr'><strong>Hoc</strong></span> <span class='ocrx_word' id='word_1_700' title='bbox 1605 1987 1660 2014; x_wconf 78' lang='lat' dir='ltr'><strong>ler-</strong></span> 
     </span>
    </p>
   </div>
   <div class='ocr_carea' id='block_1_100' title="bbox 870 2031 1658 2069">
    <p class='ocr_par' dir='ltr' id='par_1_100' title="bbox 870 2031 1658 2069">
     <span class='ocr_line' id='line_1_102' title="bbox 870 2031 1658 2069; baseline -0.003 -9"><span class='ocrx_word' id='word_1_701' title='bbox 870 2040 988 2063; x_wconf 86' lang='lat' dir='ltr'><strong>mentum</strong></span> <span class='ocrx_word' id='word_1_702' title='bbox 1013 2036 1119 2068; x_wconf 87' lang='lat' dir='ltr'><strong>mulier,</strong></span> <span class='ocrx_word' id='word_1_703' title='bbox 1146 2035 1192 2062; x_wconf 86' lang='lat' dir='ltr'><strong>Dei</strong></span> <span class='ocrx_word' id='word_1_704' title='bbox 1219 2042 1317 2069; x_wconf 83' lang='lat' dir='ltr'><strong>nempe</strong></span> <span class='ocrx_word' id='word_1_705' title='bbox 1344 2034 1495 2068; x_wconf 78' lang='lat' dir='ltr'><strong>sapientia,</strong></span> <span class='ocrx_word' id='word_1_706' title='bbox 1519 2034 1544 2060; x_wconf 89' lang='lat' dir='ltr'><strong>in</strong></span> <span class='ocrx_word' id='word_1_707' title='bbox 1563 2031 1658 2059; x_wconf 74' lang='lat' dir='ltr'><strong>farina:</strong></span> 
     </span>
    </p>
   </div>
   <div class='ocr_carea' id='block_1_101' title="bbox 871 2079 1658 2115">
    <p class='ocr_par' dir='ltr' id='par_1_101' title="bbox 871 2079 1658 2115">
     <span class='ocr_line' id='line_1_103' title="bbox 871 2079 1658 2115; baseline -0.005 -7"><span class='ocrx_word' id='word_1_708' title='bbox 871 2086 930 2108; x_wconf 86' lang='lat' dir='ltr'><strong>sata</strong></span> <span class='ocrx_word' id='word_1_709' title='bbox 954 2081 1006 2108; x_wconf 85' lang='lat' dir='ltr'><strong>tria</strong></span> <span class='ocrx_word' id='word_1_710' title='bbox 1031 2081 1160 2109; x_wconf 87' lang='lat' dir='ltr'><strong>occultat.</strong></span> <span class='ocrx_word' id='word_1_711' title='bbox 1185 2080 1220 2108; x_wconf 89' lang='lat' dir='ltr'><strong>lis</strong></span> <span class='ocrx_word' id='word_1_712' title='bbox 1238 2080 1365 2108; x_wconf 84' lang='lat' dir='ltr'><strong>videlicet</strong></span> <span class='ocrx_word' id='word_1_713' title='bbox 1381 2079 1426 2115; x_wconf 91' lang='lat' dir='ltr'><strong>qui</strong></span> <span class='ocrx_word' id='word_1_714' title='bbox 1450 2079 1501 2106; x_wconf 68' lang='lat' dir='ltr'><strong>sibi</strong></span> <span class='ocrx_word' id='word_1_715' title='bbox 1518 2086 1658 2113; x_wconf 86' lang='lat' dir='ltr'><strong>compara-</strong></span> 
     </span>
    </p>
   </div>
   <div class='ocr_carea' id='block_1_102' title="bbox 869 2124 1656 2160">
    <p class='ocr_par' dir='ltr' id='par_1_102' title="bbox 869 2124 1656 2160">
     <span class='ocr_line' id='line_1_104' title="bbox 869 2124 1656 2160; baseline -0.003 -8"><span class='ocrx_word' id='word_1_716' title='bbox 869 2131 978 2160; x_wconf 86' lang='lat' dir='ltr'><strong>verunt,</strong></span> <span class='ocrx_word' id='word_1_717' title='bbox 1000 2134 1031 2153; x_wconf 83' lang='lat' dir='ltr'><strong>ex</strong></span> <span class='ocrx_word' id='word_1_718' title='bbox 1059 2127 1142 2154; x_wconf 89' lang='lat' dir='ltr'><strong>multa</strong></span> <span class='ocrx_word' id='word_1_719' title='bbox 1168 2126 1348 2154; x_wconf 87' lang='lat' dir='ltr'><strong>sollicitudine</strong></span> <span class='ocrx_word' id='word_1_720' title='bbox 1363 2131 1390 2153; x_wconf 90' lang='lat' dir='ltr'><strong>et</strong></span> <span class='ocrx_word' id='word_1_721' title='bbox 1410 2124 1513 2152; x_wconf 86' lang='lat' dir='ltr'><strong>cultura</strong></span> <span class='ocrx_word' id='word_1_722' title='bbox 1527 2124 1656 2156; x_wconf 84' lang='lat' dir='ltr'><strong>seminis,</strong></span> 
     </span>
    </p>
   </div>
   <div class='ocr_carea' id='block_1_103' title="bbox 869 2169 1658 2206">
    <p class='ocr_par' dir='ltr' id='par_1_103' title="bbox 869 2169 1658 2206">
     <span class='ocr_line' id='line_1_105' title="bbox 869 2169 1658 2206; baseline -0.005 -8"><span class='ocrx_word' id='word_1_723' title='bbox 869 2171 964 2199; x_wconf 66' lang='lat' dir='ltr'><strong>farina:</strong></span> <span class='ocrx_word' id='word_1_724' title='bbox 988 2177 1046 2200; x_wconf 82' lang='lat' dir='ltr'><strong>sata</strong></span> <span class='ocrx_word' id='word_1_725' title='bbox 1061 2173 1124 2205; x_wconf 82' lang='lat' dir='ltr'><strong>tria,</strong></span> <span class='ocrx_word' id='word_1_726' title='bbox 1142 2173 1192 2200; x_wconf 87' lang='lat' dir='ltr'><strong>hoc</strong></span> <span class='ocrx_word' id='word_1_727' title='bbox 1205 2176 1247 2200; x_wconf 89' lang='lat' dir='ltr'><strong>est</strong></span> <span class='ocrx_word' id='word_1_728' title='bbox 1270 2172 1394 2206; x_wconf 75' lang='lat' dir='ltr'><strong>dogmata</strong></span> <span class='ocrx_word' id='word_1_729' title='bbox 1415 2175 1443 2198; x_wconf 85' lang='lat' dir='ltr'><strong>et</strong></span> <span class='ocrx_word' id='word_1_730' title='bbox 1462 2169 1583 2197; x_wconf 85' lang='lat' dir='ltr'><strong>divinam</strong></span> <span class='ocrx_word' id='word_1_731' title='bbox 1609 2176 1658 2196; x_wconf 86' lang='lat' dir='ltr'><strong>co-</strong></span> 
     </span>
    </p>
   </div>
   <div class='ocr_carea' id='block_1_104' title="bbox 871 2215 1657 2255">
    <p class='ocr_par' dir='ltr' id='par_1_104' title="bbox 871 2215 1657 2255">
     <span class='ocr_line' id='line_1_106' title="bbox 871 2215 1657 2255; baseline -0.006 -9"><span class='ocrx_word' id='word_1_732' title='bbox 871 2220 1018 2255; x_wconf 74' lang='lat' dir='ltr'><strong>gnitionem</strong></span> <span class='ocrx_word' id='word_1_733' title='bbox 1034 2220 1067 2248; x_wconf 89' lang='lat' dir='ltr'><strong>de</strong></span> <span class='ocrx_word' id='word_1_734' title='bbox 1076 2219 1167 2254; x_wconf 86' lang='lat' dir='ltr'><strong>Patre,</strong></span> <span class='ocrx_word' id='word_1_735' title='bbox 1178 2221 1247 2248; x_wconf 85' lang='lat' dir='ltr'><strong>Filio</strong></span> <span class='ocrx_word' id='word_1_736' title='bbox 1261 2227 1293 2247; x_wconf 89' lang='lat' dir='ltr'><strong>ac</strong></span> <span class='ocrx_word' id='word_1_737' title='bbox 1307 2219 1408 2253; x_wconf 87' lang='lat' dir='ltr'><strong>Spiritu</strong></span> <span class='ocrx_word' id='word_1_738' title='bbox 1423 2222 1528 2250; x_wconf 83' lang='lat' dir='ltr'><strong>sancto,</strong></span> <span class='ocrx_word' id='word_1_739' title='bbox 1543 2215 1657 2250; x_wconf 89' lang='lat' dir='ltr'><strong>ipsamet</strong></span> 
     </span>
    </p>
   </div>
   <div class='ocr_carea' id='block_1_105' title="bbox 871 2260 1657 2301">
    <p class='ocr_par' dir='ltr' id='par_1_105' title="bbox 871 2260 1657 2301">
     <span class='ocr_line' id='line_1_107' title="bbox 871 2260 1657 2301; baseline -0.009 -8"><span class='ocrx_word' id='word_1_740' title='bbox 871 2266 919 2293; x_wconf 85' lang='lat' dir='ltr'><strong>Dei</strong></span> <span class='ocrx_word' id='word_1_741' title='bbox 942 2265 1072 2301; x_wconf 81' lang='lat' dir='ltr'><strong>sapientia</strong></span> <span class='ocrx_word' id='word_1_742' title='bbox 1095 2265 1226 2301; x_wconf 85' lang='lat' dir='ltr'><strong>Spiritum</strong></span> <span class='ocrx_word' id='word_1_743' title='bbox 1252 2270 1377 2292; x_wconf 86' lang='lat' dir='ltr'><strong>sanctum</strong></span> <span class='ocrx_word' id='word_1_744' title='bbox 1403 2261 1568 2297; x_wconf 87' lang='lat' dir='ltr'><strong>suppeditat.</strong></span> <span class='ocrx_word' id='word_1_745' title='bbox 1594 2260 1657 2287; x_wconf 67' lang='lat' dir='ltr'><strong>Haec</strong></span> 
     </span>
    </p>
   </div>
   <div class='ocr_carea' id='block_1_106' title="bbox 870 2309 1656 2346">
    <p class='ocr_par' dir='ltr' id='par_1_106' title="bbox 870 2309 1656 2346">
     <span class='ocr_line' id='line_1_108' title="bbox 870 2309 1656 2346; baseline -0.009 -7"><span class='ocrx_word' id='word_1_746' title='bbox 870 2312 984 2344; x_wconf 89' lang='lat' dir='ltr'><strong>eadem,</strong></span> <span class='ocrx_word' id='word_1_747' title='bbox 1007 2311 1084 2345; x_wconf 87' lang='lat' dir='ltr'><strong>juxta</strong></span> <span class='ocrx_word' id='word_1_748' title='bbox 1108 2311 1189 2339; x_wconf 90' lang='lat' dir='ltr'><strong>aliam</strong></span> <span class='ocrx_word' id='word_1_749' title='bbox 1215 2310 1379 2346; x_wconf 71' lang='lat' dir='ltr'><strong>intelligendi</strong></span> <span class='ocrx_word' id='word_1_750' title='bbox 1407 2309 1551 2339; x_wconf 83' lang='lat' dir='ltr'><strong>rationem,</strong></span> <span class='ocrx_word' id='word_1_751' title='bbox 1571 2310 1656 2333; x_wconf 89' lang='lat' dir='ltr'><strong>totum</strong></span> 
     </span>
    </p>
   </div>
   <div class='ocr_carea' id='block_1_107' title="bbox 870 2352 1657 2391">
    <p class='ocr_par' dir='ltr' id='par_1_107' title="bbox 870 2352 1657 2391">
     <span class='ocr_line' id='line_1_109' title="bbox 870 2352 1657 2391; baseline -0.009 -7"><span class='ocrx_word' id='word_1_752' title='bbox 870 2364 903 2384; x_wconf 80' lang='lat' dir='ltr'><strong>ex</strong></span> <span class='ocrx_word' id='word_1_753' title='bbox 924 2357 978 2384; x_wconf 86' lang='lat' dir='ltr'><strong>Deo</strong></span> <span class='ocrx_word' id='word_1_754' title='bbox 994 2356 1129 2384; x_wconf 89' lang='lat' dir='ltr'><strong>hominem</strong></span> <span class='ocrx_word' id='word_1_755' title='bbox 1143 2363 1176 2383; x_wconf 80' lang='lat' dir='ltr'><strong>ex</strong></span> <span class='ocrx_word' id='word_1_756' title='bbox 1191 2363 1316 2391; x_wconf 85' lang='lat' dir='ltr'><strong>corpore,</strong></span> <span class='ocrx_word' id='word_1_757' title='bbox 1329 2355 1417 2382; x_wconf 84' lang='lat' dir='ltr'><strong>anima</strong></span> <span class='ocrx_word' id='word_1_758' title='bbox 1431 2358 1458 2381; x_wconf 88' lang='lat' dir='ltr'><strong>et</strong></span> <span class='ocrx_word' id='word_1_759' title='bbox 1478 2352 1578 2387; x_wconf 88' lang='lat' dir='ltr'><strong>spiritu</strong></span> <span class='ocrx_word' id='word_1_760' title='bbox 1594 2358 1657 2378; x_wconf 88' lang='lat' dir='ltr'><strong>con-</strong></span> 
     </span>
    </p>
   </div>
   <div class='ocr_carea' id='block_1_108' title="bbox 870 2398 1655 2437">
    <p class='ocr_par' dir='ltr' id='par_1_108' title="bbox 870 2398 1655 2437">
     <span class='ocr_line' id='line_1_110' title="bbox 870 2398 1655 2437; baseline -0.008 -9"><span class='ocrx_word' id='word_1_761' title='bbox 870 2406 987 2430; x_wconf 82' lang='lat' dir='ltr'><strong>stantem</strong></span> <span class='ocrx_word' id='word_1_762' title='bbox 998 2421 1006 2433; x_wconf 88' lang='lat'><strong>,</strong></span> <span class='ocrx_word' id='word_1_763' title='bbox 1021 2401 1163 2437; x_wconf 81' lang='lat' dir='ltr'><strong>largitiOne</strong></span> <span class='ocrx_word' id='word_1_764' title='bbox 1178 2401 1276 2429; x_wconf 69' lang='lat' dir='ltr'><strong>divina:</strong></span> <span class='ocrx_word' id='word_1_765' title='bbox 1295 2400 1479 2435; x_wconf 80' lang='lat' dir='ltr'><strong>inspirationis</strong></span> <span class='ocrx_word' id='word_1_766' title='bbox 1494 2398 1655 2426; x_wconf 80' lang='lat' dir='ltr'><strong>fermentum</strong></span> 
     </span>
    </p>
   </div>
   <div class='ocr_carea' id='block_1_109' title="bbox 870 2444 1655 2482">
    <p class='ocr_par' dir='ltr' id='par_1_109' title="bbox 870 2444 1655 2482">
     <span class='ocr_line' id='line_1_111' title="bbox 870 2444 1655 2482; baseline -0.009 -6"><span class='ocrx_word' id='word_1_767' title='bbox 870 2448 1004 2480; x_wconf 86' lang='lat' dir='ltr'><strong>occultat,</strong></span> <span class='ocrx_word' id='word_1_768' title='bbox 1029 2455 1105 2475; x_wconf 88' lang='lat' dir='ltr'><strong>suam</strong></span> <span class='ocrx_word' id='word_1_769' title='bbox 1129 2454 1226 2482; x_wconf 90' lang='lat' dir='ltr'><strong>nempe</strong></span> <span class='ocrx_word' id='word_1_770' title='bbox 1241 2446 1401 2478; x_wconf 88' lang='lat' dir='ltr'><strong>utilitatem,</strong></span> <span class='ocrx_word' id='word_1_771' title='bbox 1425 2445 1452 2472; x_wconf 92' lang='lat' dir='ltr'><strong>in</strong></span> <span class='ocrx_word' id='word_1_772' title='bbox 1478 2444 1572 2471; x_wconf 67' lang='lat' dir='ltr'><strong>farinae</strong></span> <span class='ocrx_word' id='word_1_773' title='bbox 1598 2447 1655 2470; x_wconf 81' lang='lat' dir='ltr'><strong>sata</strong></span> 
     </span>
    </p>
   </div>
   <div class='ocr_carea' id='block_1_110' title="bbox 872 2491 1656 2528">
    <p class='ocr_par' dir='ltr' id='par_1_110' title="bbox 872 2491 1656 2528">
     <span class='ocr_line' id='line_1_112' title="bbox 872 2491 1656 2528; baseline -0.009 -6"><span class='ocrx_word' id='word_1_774' title='bbox 872 2494 922 2522; x_wconf 86' lang='lat' dir='ltr'><strong>tria</strong></span> <span class='ocrx_word' id='word_1_775' title='bbox 943 2494 1102 2528; x_wconf 82' lang='lat' dir='ltr'><strong>spiritaliter</strong></span> <span class='ocrx_word' id='word_1_776' title='bbox 1126 2494 1276 2525; x_wconf 85' lang='lat' dir='ltr'><strong>intellecta,</strong></span> <span class='ocrx_word' id='word_1_777' title='bbox 1300 2493 1386 2520; x_wconf 87' lang='lat' dir='ltr'><strong>donec</strong></span> <span class='ocrx_word' id='word_1_778' title='bbox 1412 2491 1590 2518; x_wconf 76' lang='lat' dir='ltr'><strong>fermentotur</strong></span> <span class='ocrx_word' id='word_1_779' title='bbox 1615 2493 1656 2514; x_wconf 87' lang='lat' dir='ltr'><strong>to-</strong></span> 
     </span>
    </p>
   </div>
   <div class='ocr_carea' id='block_1_111' title="bbox 871 2533 1655 2576">
    <p class='ocr_par' dir='ltr' id='par_1_111' title="bbox 871 2533 1655 2576">
     <span class='ocr_line' id='line_1_113' title="bbox 871 2533 1655 2576; baseline -0.009 -9"><span class='ocrx_word' id='word_1_780' title='bbox 871 2546 939 2568; x_wconf 88' lang='lat' dir='ltr'><strong>tum.</strong></span> <span class='ocrx_word' id='word_1_781' title='bbox 953 2539 1002 2567; x_wconf 83' lang='lat' dir='ltr'><strong>Vir</strong></span> <span class='ocrx_word' id='word_1_782' title='bbox 1023 2541 1106 2576; x_wconf 75' lang='lat' dir='ltr'><strong>igitur</strong></span> <span class='ocrx_word' id='word_1_783' title='bbox 1129 2539 1284 2574; x_wconf 74' lang='lat' dir='ltr'><strong>huiusmodi</strong></span> <span class='ocrx_word' id='word_1_784' title='bbox 1308 2536 1514 2574; x_wconf 86' lang='lat' dir='ltr'><strong>participatione</strong></span> <span class='ocrx_word' id='word_1_785' title='bbox 1536 2533 1655 2562; x_wconf 70' lang='lat' dir='ltr'><strong>cmlestis</strong></span> 
     </span>
    </p>
   </div>
   <div class='ocr_carea' id='block_1_112' title="bbox 871 2580 1667 2621">
    <p class='ocr_par' dir='ltr' id='par_1_112' title="bbox 871 2580 1667 2621">
     <span class='ocr_line' id='line_1_114' title="bbox 871 2580 1667 2621; baseline -0.01 -8"><span class='ocrx_word' id='word_1_786' title='bbox 871 2586 998 2613; x_wconf 78' lang='lat' dir='ltr'><strong>frumenti</strong></span> <span class='ocrx_word' id='word_1_787' title='bbox 1022 2586 1193 2621; x_wconf 75' lang='lat' dir='ltr'><strong>qualificatus</strong></span> <span class='ocrx_word' id='word_1_788' title='bbox 1216 2591 1245 2613; x_wconf 90' lang='lat' dir='ltr'><strong>et</strong></span> <span class='ocrx_word' id='word_1_789' title='bbox 1264 2585 1452 2616; x_wconf 77' lang='lat' dir='ltr'><strong>fermentatus,</strong></span> <span class='ocrx_word' id='word_1_790' title='bbox 1477 2580 1596 2609; x_wconf 66' lang='lat' dir='ltr'><strong>celestis</strong></span> <span class='ocrx_word' id='word_1_791' title='bbox 1622 2587 1667 2606; x_wconf 77' lang='lat' dir='ltr'><strong>ac.</strong></span> 
     </span>
    </p>
   </div>
   <div class='ocr_carea' id='block_1_113' title="bbox 870 2626 1654 2667">
    <p class='ocr_par' dir='ltr' id='par_1_113' title="bbox 870 2626 1654 2667">
     <span class='ocr_line' id='line_1_115' title="bbox 870 2626 1654 2667; baseline -0.01 -8"><span class='ocrx_word' id='word_1_792' title='bbox 870 2632 1018 2667; x_wconf 85' lang='lat' dir='ltr'><strong>spiritualis</strong></span> <span class='ocrx_word' id='word_1_793' title='bbox 1041 2632 1123 2660; x_wconf 92' lang='lat' dir='ltr'><strong>homo</strong></span> <span class='ocrx_word' id='word_1_794' title='bbox 1141 2632 1226 2665; x_wconf 87' lang='lat' dir='ltr'><strong>audit,</strong></span> <span class='ocrx_word' id='word_1_795' title='bbox 1247 2635 1275 2659; x_wconf 90' lang='lat' dir='ltr'><strong>et</strong></span> <span class='ocrx_word' id='word_1_796' title='bbox 1294 2639 1359 2658; x_wconf 70' lang='lat' dir='ltr'><strong>nova</strong></span> <span class='ocrx_word' id='word_1_797' title='bbox 1375 2628 1523 2663; x_wconf 76' lang='lat' dir='ltr'><strong>conspersio</strong></span> <span class='ocrx_word' id='word_1_798' title='bbox 1535 2627 1567 2656; x_wconf 83' lang='grc'><strong>¹⁸,</strong></span> <span class='ocrx_word' id='word_1_799' title='bbox 1585 2626 1654 2652; x_wconf 77' lang='lat' dir='ltr'><strong>lucta</strong></span> 
     </span>
    </p>
   </div>
   <div class='ocr_carea' id='block_1_114' title="bbox 869 2671 1656 2714">
    <p class='ocr_par' dir='ltr' id='par_1_114' title="bbox 869 2671 1656 2714">
     <span class='ocr_line' id='line_1_116' title="bbox 869 2671 1656 2714; baseline -0.011 -8"><span class='ocrx_word' id='word_1_800' title='bbox 869 2678 1068 2714; x_wconf 85' lang='lat' dir='ltr'><strong>quodammodo</strong></span> <span class='ocrx_word' id='word_1_801' title='bbox 1082 2686 1134 2706; x_wconf 88' lang='lat' dir='ltr'><strong>una</strong></span> <span class='ocrx_word' id='word_1_802' title='bbox 1157 2678 1274 2706; x_wconf 76' lang='lat' dir='ltr'><strong>mixtura</strong></span> <span class='ocrx_word' id='word_1_803' title='bbox 1296 2676 1377 2704; x_wconf 91' lang='lat' dir='ltr'><strong>trium</strong></span> <span class='ocrx_word' id='word_1_804' title='bbox 1395 2674 1543 2702; x_wconf 85' lang='lat' dir='ltr'><strong>l&#39;arinarum</strong></span> <span class='ocrx_word' id='word_1_805' title='bbox 1564 2671 1656 2698; x_wconf 70' lang='lat' dir='ltr'><strong>diver-</strong></span> 
     </span>
    </p>
   </div>
   <div class='ocr_carea' id='block_1_115' title="bbox 853 2811 1112 2849">
    <p class='ocr_par' dir='ltr' id='par_1_115' title="bbox 853 2811 1112 2849">
     <span class='ocr_line' id='line_1_117' title="bbox 853 2811 1112 2849; baseline -0.008 -10"><span class='ocrx_word' id='word_1_806' title='bbox 853 2813 891 2849; x_wconf 81' lang='grc' dir='ltr'><strong>(ι)</strong></span> <span class='ocrx_word' id='word_1_807' title='bbox 900 2812 986 2849; x_wconf 65' lang='lat' dir='ltr'><strong>Forte</strong></span> <span class='ocrx_word' id='word_1_808' title='bbox 1002 2811 1112 2848; x_wconf 76' lang='grc' dir='ltr'>φέρεται</span> 
     </span>
    </p>
   </div>
  </div>
