1904 3076
233 105 287 133 359

233 171 326 191 surum
351 165 378 189 et
405 161 591 196 inSpiraIionis
621 162 708 188 sancti
741 161 860 195 Spiritus
891 161 917 189 in
946 161 1022 196 ipsis.

233 211 322 244 Atque
337 208 374 239 ita
388 207 510 242 profecto
522 214 607 234 novus
622 207 700 241 panis
711 212 739 234 et
753 207 906 242 spiritualis
921 207 1022 238 eﬂ‘ecti,

233 257 381 284 secundum
394 255 564 289 Apostolum,
581 255 626 290 qui
649 255 687 281 ait
701 263 708 281 :
725 254 800 281 Unus
814 255 891 289 panis
906 259 928 281 et
941 263 1023 280 unum

233 310 328 337 corpus
347 309 438 328 ennius
454 300 532 327 mulli
545 300 578 333 ",
593 300 739 334 imaginem
763 308 795 328 ac
819 300 1022 328 simiiitndinem

235 355 402 376 resumemus
420 347 497 382 panis
517 347 678 374 viviﬁcantis
699 347 836 375 universa.
851 347 895 381 qui
913 348 945 374 de
959 348 1023 373 caelo

233 394 412 426 descendit",
438 400 543 428 nosque
558 393 660 421 similes
684 393 736 420 sibi
759 393 860 420 ell‘ecit.
875 392 1024 420 Commode

231 445 322 467 autem
350 440 457 468 mulieri
484 439 642 468 assimilabo
661 440 705 466 Dei
729 439 889 474 sapientiam
911 439 939 466 in
963 439 1022 472 his;

233 486 353 513 Christus
369 494 428 513 vero
444 491 480 512 ut
497 485 543 512 Dei
564 486 658 517 virtus,
673 490 696 511 et
710 485 759 511 Dei
776 484 903 518 sapientia
916 484 950 515 “,
964 491 1024 518 quin

235 533 381 566 respondet
402 531 573 560 similitudini
591 531 728 559 fermenti.
747 531 823 558 Sicut
838 531 910 557 enim
930 531 956 557 in
977 539 1024 565 pa-

234 579 324 606 mbola
352 578 476 610 seminis,
498 577 584 605 coloni
612 585 753 613 personam
773 583 801 605 et
823 579 921 604 satoris
940 577 1024 604 intro-

232 625 321 657 duxit,
336 624 381 651 ubi
399 624 469 651 haud
483 625 610 659 equidem
624 624 824 651 rationabiliter
839 624 909 650 facta
927 623 1024 650 fuisset

236 670 357 697 mulieris
382 670 482 697 ruentia
495 679 502 697 :
515 670 551 696 ita
568 671 611 697 hic
626 670 716 697 delato
741 669 875 697 fermento
892 669 919 696 in
930 669 1023 696 farinte

236 720 294 742 sata
312 717 374 748 tria,
391 717 581 751 approprialur
591 717 730 752 parabola.
741 721 770 743 ut
779 716 883 743 mulieri
900 716 1023 750 panilicaz

234 762 368 791 assimilet
390 771 469 797 quem
493 764 518 790 iu
546 763 588 790 illa
612 768 728 790 salorem
755 757 949 790 noniinaverat.

234 807 266 836 V.
280 808 324 836 29.
343 808 376 835 Et
391 809 492 836 venient
506 809 539 836 ab
560 810 658 836 oriente
672 815 695 836 et
712 810 842 836 occidente
858 816 882 836 et
897 810 930 835 ab
947 810 1022 844 aqui-

296 843 354 871 lone
369 850 393 871 et
413 845 533 877 meridie,
547 850 570 872 et
588 845 736 872 recumbam
753 845 781 872 in
802 853 882 879 regno
898 844 957 872 Dei.

264 924 343 959 Apud
364 923 520 951 Matthzeum
535 928 562 951 ct
584 924 712 958 parabola
738 924 879 959 complexa
895 929 952 956 est,
974 932 1022 958 per

230 977 311 1006 quam
343 975 476 997 vocantur
501 969 582 997 veluti
607 970 640 997 ad
668 969 797 1001 vineam,
823 969 857 997 ad
886 975 1020 1005 prazcepta

232 1023 338 1051 nempe,
352 1016 470 1051 operarii
487 1016 554 1043 varii
572 1015 654 1043 variis
670 1015 815 1048 aetatibus;
837 1021 866 1042 ut
885 1017 911 1043 in
935 1021 1022 1043 matu-

230 1063 298 1095 tino.
314 1067 342 1090 et
356 1063 430 1091 circa
447 1062 568 1095 tertiam,
581 1067 610 1090 et
625 1067 742 1095 sextam,
761 1067 789 1089 et
815 1070 914 1089 nonam
928 1067 956 1089 et
978 1070 1024 1088 un-

231 1110 363 1145 decimam
395 1109 500 1137 homin.
527 1108 653 1135 Forsitan
681 1108 763 1142 igitur
798 1112 854 1135 tota
884 1107 1021 1135 hominum

230 1155 298 1187 vita,
319 1159 362 1183 est
384 1155 463 1182 istius
485 1154 620 1189 parabolae
635 1154 705 1182 dies.
728 1154 797 1180 Sunt
812 1153 857 1188 qui
880 1153 914 1180 ab
929 1154 1021 1179 adole-

230 1201 334 1228 scentia
349 1205 377 1228 et
395 1201 430 1227 ab
447 1201 557 1228 ineunte
579 1204 660 1226 aetate
685 1199 773 1226 vocati
792 1204 864 1232 sunt,
885 1198 903 1225 ii
927 1206 1023 1233 nempe

231 1248 277 1281 qui
293 1247 468 1274 illucescente
482 1253 593 1278 aurora,
608 1253 622 1272 a
639 1245 752 1272 Domino
765 1245 889 1272 mercede
897 1244 1021 1272 conducti

230 1299 302 1323 sunt.
321 1294 344 1321 A
363 1293 442 1320 tertia
467 1293 534 1320 hora
557 1296 700 1323 vocantur,
720 1291 767 1326 qui
793 1295 927 1318 vocantur
950 1295 1023 1325 post-

231 1348 314 1376 quam
330 1339 519 1367 adoleverint:
537 1338 609 1365 circa
633 1345 731 1364 nonam
751 1337 781 1369 ii,
802 1337 848 1371 qui
869 1341 928 1371 post
947 1337 1022 1372 juve-

232 1386 295 1414 nilis
308 1385 396 1413 τοιαιίς
411 1389 506 1412 mstum
521 1389 549 1411 et
571 1385 688 1419 pondus,
710 1383 765 1417 jam
789 1388 963 1412 senescentes
989 1383 1022 1409 ad

233 1432 279 1460 Dei
303 1430 402 1458 cultum
426 1428 621 1465 perducuntur.
648 1429 733 1456 Senes
758 1429 804 1463 qui
823 1427 879 1462 jam
904 1429 937 1456 ad
961 1428 1023 1454 vita:

230 1477 333 1504 exitum
350 1475 431 1503 vicini
457 1479 539 1507 sunt.
562 1482 609 1510 per
631 1473 801 1501 undecimam
828 1474 923 1501 horam
952 1473 1022 1500 indi-

231 1528 338 1550 cantur.
363 1521 397 1549 Et
413 1521 477 1556 quia
504 1520 630 1552 intentio.
654 1528 708 1548 non
729 1524 836 1554 tempus
858 1519 1020 1551 attenditur,
1034 1517 1056 1545 (Ζ

230 1568 305 1602 quod
330 1568 358 1594 in
374 1566 427 1594 (ide
447 1566 509 1600 quis
534 1566 683 1600 impendit;
702 1565 803 1593 idcirco
829 1565 893 1598 illis,
913 1565 959 1602 qui
987 1572 1021 1592 ex

231 1620 285 1648 quo
310 1612 400 1640 vocati
417 1616 492 1644 sunt,
514 1619 575 1647 qua:
592 1611 644 1640 sibi
664 1606 797 1647 imposita
818 1611 937 1645 fuerunt,
957 1611 1021 1639 eﬂ‘e-

230 1667 310 1692 cere,
330 1659 410 1686 datur
439 1659 534 1686 eadem
565 1657 661 1686 salutis
686 1665 811 1686 merces:
830 1658 895 1687 illud
925 1665 1021 1692 nempe

231 1705 383 1738 denarium,
406 1705 477 1740 quod
494 1705 528 1733 ab
549 1704 627 1732 initio
645 1704 764 1733 ablatum
789 1704 841 1732 fuit
865 1711 880 1731 a
904 1703 1020 1739 maligno

230 1760 279 1788 per
303 1752 500 1785 seductionem.
526 1752 588 1779 dum
607 1751 787 1787 transgressio
803 1751 935 1786 spiritalis
953 1758 1020 1785 prte-

230 1799 299 1834 cepti
321 1798 391 1826 facta
408 1803 463 1831 est;
489 1797 586 1825 divina:
610 1802 692 1832 atque
712 1797 823 1825 omnino
839 1797 937 1833 regalis
954 1797 1020 1824 ima—

229 1846 310 1881 ginis.
339 1846 398 1879 Quo
423 1844 488 1871 mihi
520 1843 628 1872 videtur
655 1845 845 1872 characterem
874 1849 1020 1878 notamque

231 1892 373 1926 ipsiusmet
388 1891 463 1927 regni
476 1892 631 1923 ostendere,
644 1890 776 1926 siquidem
790 1890 893 1917 denarii
915 1889 1020 1924 insigne

230 1938 391 1973 insculptum
420 1937 492 1973 regis
527 1936 673 1972 imaginem
707 1935 853 1971 signiﬁcat.
886 1935 1020 1969 Quoniam

230 1984 312 2019 igitur
325 1987 458 2018 quotquot
472 1983 498 2010 in
515 1983 621 2010 vineam
635 1987 662 2010 el.
678 1982 815 2010 civitatem
832 1981 916 2008 divini
932 1982 1021 2010 cultus

230 2029 343 2063 ingressi
363 2028 483 2060 fuerant,
502 2031 639 2062 unamque
653 2031 681 2054 et
695 2027 818 2054 eamdem
832 2027 1019 2061 operationem

229 2076 385 2111 attigerant,
399 2075 520 2111 ejusdem
539 2074 616 2109 regni
633 2078 773 2108 compotes
793 2074 890 2101 ﬁerent
911 2081 1019 2109 mquum

229 2126 289 2149 erat
310 2129 317 2148 :
341 2121 442 2148 idcirco
469 2121 568 2149 merito
593 2119 720 2147 unmibus
746 2119 906 2153 denarium,
944 2119 1019 2153 regni

231 2175 328 2202 nempe
351 2167 502 2202 symbolum
523 2166 662 2198 redditur;
679 2173 713 2193 ex
737 2166 835 2200 quibus
856 2164 901 2192 alii
928 2165 954 2192 in
972 2164 1019 2200 ju-

231 2218 341 2240 ventute
356 2213 445 2240 vocati
460 2217 539 2245 sunt,
559 2212 604 2239 alii
624 2213 697 2240 circa
723 2212 946 2245 adolescentiam,
961 2212 1018 2247 qui-

231 2259 293 2286 dam
311 2259 382 2287 circa
405 2259 521 2286 medium
543 2259 668 2287 humana:
682 2258 744 2286 vita:
766 2263 883 2293 tempus,
897 2259 1017 2286 nonnulli

231 2313 296 2332 Veto
314 2306 396 2333 etiam
408 2309 549 2340 postquam
558 2306 591 2333 ad
606 2306 694 2333 virum
706 2304 854 2339 perfectum
870 2304 925 2339 jam
938 2309 1019 2340 atque

232 2355 460 2378 matorescentem
485 2355 664 2385 pervenerant
689 2359 697 2377 ἒ

230 2404 357 2424 occasum
372 2395 429 2431 jam
443 2397 505 2423 vitae
521 2401 706 2431 properantes.

269 2441 359 2470 Possit
380 2447 409 2470 et
422 2441 502 2469 aliter
518 2442 580 2476 quis
598 2442 801 2477 interpretando
823 2443 927 2473 dicere.
942 2443 1013 2477 quod

229 2496 292 2524 qua:
316 2497 332 2515 ιι
351 2487 483 2523 parabola
514 2487 717 2522 signiﬁcantur,
739 2494 890 2524 congruant
917 2489 950 2516 iis
972 2489 1017 2524 qui

230 2535 285 2568 jam
303 2533 336 2561 ab
365 2533 422 2568 ipsa
439 2533 526 2568 prima
550 2533 612 2559 vitae
635 2533 849 2566 constitutione,
875 2540 961 2568 usque
985 2534 1018 2560 ad

231 2580 496 2608 msummationem
508 2577 603 2606 saeculi
621 2578 694 2613 digni
714 2579 847 2606 habentur
862 2579 953 2606 divina
972 2587 1020 2606 vo-

231 2623 352 2651 catione.
379 2622 475 2657 itaque
499 2623 600 2650 dixerit
622 2623 710 2657 primo
732 2631 811 2651 mane
832 2623 917 2651 fuisse
939 2632 1018 2652 voca-

232 2674 274 2698 tos
290 2670 324 2697 ad
340 2669 519 2697 excolendum
539 2668 587 2697 Dei
610 2669 730 2702 cultum,
752 2675 884 2705 quotquot
905 2671 939 2698 ab
960 2671 1016 2698 ori-

270 2728 290 2744 ¹⁹
310 2727 397 2754 lCor.
411 2734 438 2760 κ,
463 2727 506 2753 Π.
544 2727 567 2742 ὀ
586 2726 664 2754 Joan.
689 2735 732 2758 νι,
755 2727 801 2754 41.

265 2774 304 2808 (ἴι)
322 2774 402 2801 Forte
420 2773 500 2800 οὕτω.

267 2811 306 2842 (υ)
322 2809 440 2841 Maximi,
464 2809 579 2842 Eusebii,
591 2814 617 2836 et
631 2809 766 2844 01"gcnis.

662 101 943 130 SUPPLEMENTUM
962 101 1006 130 AD
1024 100 1186 129 OlilGENIS
1203 101 1408 129 EXEGETICL

1803 106 1847 133 360

1040 165 1060 192 Α
1077 160 1245 195 Πνεύματος.
1262 161 1317 187 Καὶ
1332 161 1366 196 δὴ
1389 161 1448 192 νέος
1463 161 1544 197 ἄρτος
1562 161 1608 189 καὶ
1622 162 1797 197 πνευματικὸς
1810 172 1846 198 γε-

1075 206 1180 241 νόμενοι
1201 206 1272 233 κατὰ
1285 207 1330 233 τὸν
1352 207 1519 240 Ἀπόστολον,
1540 208 1569 240 ὃς
1587 217 1684 243 φησιν·
1706 208 1756 242 Εἷς
1770 210 1846 244 ἄρτος

1074 252 1124 278 καὶ
1138 251 1174 278 ἓν
1184 252 1270 286 σῶμά
1289 253 1383 287 ἐσμεν
1397 255 1423 279 οὶ
1435 255 1554 286 πολλοὶ,
1571 254 1665 282 εἰκόνα
1678 255 1724 282 καὶ
1734 256 1847 290 ὁμοίωσιν

1075 297 1268 333 ἀναληψόμεθα
1286 298 1332 324 τοῦ
1353 298 1485 330 ζωοποιοῦ
1507 298 1560 325 τῶν
1576 299 1645 326 ὅλων
1665 299 1758 336 ἄρτου,
1774 301 1804 334 ὃς
1819 303 1847 330 ἐχ

1075 343 1127 370 τοῦ
1157 344 1287 378 οὐρανοῦ
1314 345 1527 379 καταϐέϐηκεν,
1550 345 1638 381 ἐαυτῷ
1659 346 1848 382 παραπλησίους

1074 390 1121 416 καὶ
1134 389 1209 424 ἡμᾶς
1223 389 1464 425 ἀπεργασάμενος.
1486 389 1521 418 Εὖ
1537 391 1565 417 δὲ
1579 392 1689 426 γυναικὶ
1701 393 1848 428 ἀφομοιώτω

1073 435 1123 470 τὴν
1130 435 1225 470 σοφίαν
1233 435 1280 462 τοῦ
1287 435 1354 462 Θεοῦ
1363 436 1510 470 ἐντούτοις·
1519 438 1684 471 Χριστὸς-δέ
1693 439 1774 466 ἐστιν
1781 440 1797 473 ἡ
1804 441 1847 466 τσῦ

1075 481 1148 509 Θεοῦ
1160 481 1296 516 δύναμις,
1312 482 1362 509 καί
1379 483 1453 510 Θεοῦ
1466 484 1570 518 σοφία,
1583 485 1755 521 καταλλήλως
1762 485 1797 521 τῷ
1808 487 1849 522 τῆς

1074 527 1163 563 ζύμης
1174 528 1363 564 ὑποδείγματι.
1389 529 1494 565 Ὥσπερ
1509 529 1563 566 γὰρ
1579 530 1625 557 ἐπὶ
1639 530 1687 564 τῆς
1708 531 1848 567 παραϐολῆς

1073 574 1120 600 τοῦ
1135 574 1246 610 σπόρου,
1260 575 1383 610 γεωργοῦ
1400 575 1543 611 πρόσωπον
1557 577 1603 603 καὶ
1615 577 1736 613 σπορέως
1743 578 1847 613 εἰσῆγεν,

1073 621 1123 647 οὐκ
1131 621 1164 648 ἂν
1178 621 1295 655 εὐλόγως
1309 622 1339 648 ἐν
1353 622 1467 654 ἐκείνοις
1483 622 1712 658 μνημονευθείσης
1725 624 1847 657 γυναικὸς,

1073 666 1135 694 οὔτε
1150 667 1188 702 (5)
1203 667 1341 694 κάνταῦθα
1355 668 1401 694 ἐπὶ
1418 667 1506 704 ζύμης
1528 668 1681 704 φερομένης
1695 670 1735 701 εἰς
1748 669 1847 706 ἀλεύρου

1074 713 1141 740 σάτα
1149 713 1222 749 τρία,
1236 713 1406 749 οίκειοῦταιὴ
1419 713 1569 750 παραϐολὴ,
1584 715 1694 749 γυναικὶ
1706 715 1847 751 ἀρτοποιου-

1075 757 1142 792 μένῃ
1151 757 1197 784 τὸν
1211 756 1241 789 ἐξ
1258 757 1364 793 ἐκείνης
1379 758 1572 794 ὠνομασμένον
1587 760 1690 795 σπορέα
1703 761 1846 788 ἀπεικάσαι.

1074 803 1148 838 Στίχ.
1171 803 1223 830 κθ¹.
1250 804 1305 831 Καὶ
1325 804 1457 838 ἥξουσιν
1482 805 1541 833 ἀπὸ
1561 806 1720 833 ἀνατολῶν
1744 807 1790 834 καὶ
1807 807 1848 834 δυ·

1038 847 1057 873 Β
1106 838 1192 879 crudit-
1211 839 1259 879 καί
1274 839 1372 879 gemiti
1385 840 1441 879 ¹καὶ,
1457 841 1622 879 τόξωριαί
1643 842 1847 875 ἀνακλιθήσον-

1106 882 1152 900 ται
1167 874 1202 900 ὲν
1217 874 1253 908 τῇ
1266 875 1411 909 βασιλείᾳ
1423 876 1476 902 τοῦ
1496 876 1581 903 Θεοῦ.

1107 919 1187 956 Παρὰ
1201 919 1229 946 δέ
1245 920 1284 956 τῷ
1300 921 1432 957 Ματοαίῳ
1447 921 1493 948 καὶ
1514 922 1656 959 παρασολὴ
1672 923 1806 954 πλέκεται,
1819 923 1846 950 δι’

1072 964 1106 1003 ἦς
1120 967 1264 995 καλοῦνται
1276 969 1313 1001 ὡς
1330 971 1370 1001 εἰς
1391 970 1539 1005 ἀμπελῶνα
1557 972 1598 1003 εἰς
1619 971 1669 1004 τὰς
1692 971 1796 1003 ἐντολάς
1812 973 1848 1008 ἐρ-

1073 1014 1154 1048 γάται
1168 1014 1290 1050 διάφοροι
1306 1016 1334 1042 ὲν
1350 1015 1489 1052 διαφόροις
1505 1017 1633 1053 ἡλικίαις,
1654 1017 1692 1050 ὡς
1713 1019 1741 1044 ἐν
1762 1018 1847 1054 πρωῒᾳ.

1073 1060 1120 1086 καὶ
1135 1061 1198 1096 περὶ
1208 1061 1314 1096 τρίτην,
1328 1061 1375 1088 καὶ
1387 1062 1469 1098 ἕκτην
1484 1064 1531 1090 καὶ
1546 1064 1642 1099 ἐνάτην
1658 1064 1707 1091 καὶ
1719 1064 1848 1099 ἑνδεκάτην

1073 1104 1156 1140 ὥραν,
1170 1106 1246 1140 Τάχα
1258 1106 1306 1142 μὲν
1319 1104 1365 1133 οὖν
1378 1108 1450 1140 ἄπας
1464 1109 1477 1135 ὁ
1488 1109 1542 1136 τῶν
1556 1110 1604 1136 ἀνθ
1610 1110 1708 1146 ρώπων
1721 1110 1775 1145 βίος
1787 1111 1847 1136 ἐστὶν

1073 1153 1089 1187 ἡ
1108 1152 1177 1179 κατὰ
1188 1153 1238 1188 τὴν
1251 1154 1408 1190 παραϐολὴν
1422 1156 1523 1192 ἡμέρα.
1538 1157 1593 1183 Καὶ
1613 1157 1637 1183 οἱ
1651 1157 1703 1192 μὲν
1715 1158 1746 1183 ἐκ
1760 1156 1848 1183 παίδων

1073 1197 1120 1224 καὶ
1138 1198 1249 1234 πρώτης
1266 1199 1374 1235 ἡλικίας
1393 1200 1538 1236 κληθέντες
1551 1203 1575 1228 oi
1589 1202 1648 1238 ἅμα
1661 1204 1697 1238 τῇ
1712 1203 1748 1238 ἕῳ
1762 1202 1848 1238 μισθω-

1074 1245 1166 1278 θέντες
1179 1247 1232 1274 είσὶ
1244 1248 1321 1283 παρὰ
1337 1248 1385 1275 τοῦ
1395 1249 1526 1276 δεσπότου
1537 1258 1544 1264 ν
1557 1251 1581 1276 οἱ
1596 1249 1625 1276 δὲ
1644 1250 1715 1285 μετὰ
1725 1250 1755 1276 τὸ
1768 1249 1848 1285 μειρά-

1073 1301 1132 1319 κιον
1145 1294 1168 1319 οί
1183 1293 1236 1320 ἀπὸ
1249 1294 1298 1330 τῆς
1317 1295 1412 1331 τρίτης
1425 1295 1514 1332 ὥρας·
1534 1296 1558 1322 oi
1574 1296 1603 1323 δέ
1621 1296 1692 1331 μετὰ
1705 1296 1748 1322 τὸν
1760 1297 1787 1322 ἐν
1802 1295 1849 1322 νεό-

1073 1347 1133 1374 τητι
1155 1339 1283 1367 καύσωνα
1300 1341 1347 1367 καὶ
1361 1341 1392 1368 τὸ
1409 1341 1491 1377 βάρος
1505 1341 1552 1368 ἐπὶ
1567 1341 1617 1377 τὴν
1630 1342 1784 1369 θεοσέϐειαν
1795 1341 1848 1374 ἀγό-

1075 1393 1150 1420 μενοι
1164 1385 1316 1421 πρεσὸύται
1328 1387 1354 1412 οἱ
1367 1387 1431 1422 περὶ
1443 1386 1492 1422 τὴν
1508 1386 1606 1422 ἐνάτην
1616 1395 1622 1402 ⁸
1635 1388 1660 1413 οί
1674 1386 1704 1414 δὲ
1717 1387 1780 1423 πρὸς
1792 1387 1847 1421 αὐτῇ

1074 1432 1106 1467 τῇ
1125 1430 1208 1467 ἐξόδῳ
1225 1432 1352 1467 γέροντες
1366 1432 1415 1468 ἤδη
1434 1431 1575 1467 δηλοῦνται
1587 1432 1632 1459 διὰ
1643 1432 1696 1468 τῆς
1708 1432 1847 1467 ἑνδεκάτης.

1076 1477 1130 1504 Καὶ
1147 1477 1209 1503 ἐπεὶ
1227 1477 1398 1513 προαίρεσις,
1414 1478 1444 1504 οὐ
1466 1478 1572 1514 χρόνος,
1593 1478 1761 1511 ἐξετάζεται,
1784 1478 1809 1504 ὃν
1825 1478 1849 1503 ἐν

1073 1523 1164 1549 πίστει
1179 1523 1313 1560 πεποίηκέ
1331 1532 1388 1556 τις·
1405 1524 1449 1550 διὰ
1460 1524 1540 1551 τοῦτο
1551 1525 1610 1557 τοῖς
1624 1524 1654 1558 ἐξ
1672 1521 1705 1552 οὗ
1718 1524 1848 1560 κέκληνται

1072 1569 1106 1596 τὰ
1118 1569 1297 1598 ἐπιϐάλλοντα
1311 1571 1473 1606 πεποιηκόσι
1489 1571 1589 1598 δίδοται
1606 1572 1620 1598 ό
1636 1572 1695 1603 ῐσος
1714 1573 1761 1607 τῆς
1774 1579 1848 1605 σωτη-

1073 1617 1134 1652 ρίας
1149 1617 1247 1652 μισθός
1258 1625 1265 1631 '
1284 1617 1320 1653 (6)
1335 1617 1365 1643 τὸ
1380 1617 1493 1644 ωλαθέν
1513 1617 1573 1644 κατ’
1591 1617 1680 1654 ἀρχὰς
1694 1618 1746 1645 ὑπὸ
1756 1617 1799 1644 τοῦ
1811 1626 1849 1645 πο-

1071 1663 1154 1699 νηροῦ
1177 1663 1216 1690 δι”
1229 1663 1336 1698 ἀπάτης
1357 1663 1427 1690 κατὰ
1446 1664 1495 1696 τὴν
1513 1665 1563 1700 τῆς
1583 1664 1694 1700 ἐντολῆς
1710 1664 1849 1700 παράϐασιν

1071 1709 1134 1743 πνὶξ
1155 1710 1193 1745 (7)
1210 1709 1259 1745 τῆς
1281 1709 1356 1741 θείας
1377 1709 1424 1736 καὶ
1446 1709 1662 1746 βασιλικωτάτης
1688 1711 1789 1742 εἰκόνος
1812 1710 1849 1739 δη-

1071 1755 1174 1793 νάριον,
1189 1756 1223 1783 δι’
1244 1753 1274 1783 οὗ
1289 1756 1363 1783 δοκεῖ
1379 1765 1423 1791 μοι
1443 1756 1474 1782 τὺ
1494 1756 1638 1792 γνώρισμα
1654 1757 1705 1792 τῆς
1727 1756 1848 1792 βασιλείας

1071 1803 1155 1838 αὐτῆς
1175 1803 1345 1837 ὑποφαίνειν,
1360 1803 1402 1830 ὅτι
1423 1802 1555 1838 βασιλέως
1574 1803 1796 1839 ἐντετυπωμένην
1815 1803 1847 1828 εί-

1072 1849 1138 1876 κόνα
1156 1848 1203 1875 τοῦ
1229 1849 1358 1884 δηναρίου
1379 1849 1409 1875 τὸ
1429 1849 1560 1884 χάραγμα
1583 1850 1722 1885 σημαίνει.
1754 1849 1847 1883 Ἐπειδὴ

1071 1895 1159 1922 τοίνυν
1182 1895 1286 1927 πάντας
1306 1895 1369 1927 τοὺς
1391 1895 1437 1922 ἐπὶ
1456 1895 1502 1922 τὸν
1516 1896 1675 1931 ἀμπελῶνα,
1696 1897 1744 1924 καὶ
1763 1896 1790 1923 τὸ
1808 1895 1848 1930 τῆς

1072 1940 1226 1973 θεοσεϐείας
1242 1940 1393 1976 πολίτευμα
1413 1941 1609 1978 παρελθόντας,
1628 1944 1695 1977 μιᾶς
1710 1952 1739 1969 τε
1753 1942 1848 1976 καὶτῆς

1071 1986 1155 2021 αὐτῆς
1186 1986 1318 2022 ἐργασίας
1341 1986 1505 2022 ἁψαμένους,
1535 1988 1586 2023 τῆς
1617 1989 1703 2024 αὐτῆς
1727 1987 1848 2024 βασιλείας

1073 2032 1216 2066 μετασχεῖν
1231 2029 1264 2066 ἦν
1278 2031 1382 2058 δίκαιον
1393 2031 1500 2058 ’τούτου
1516 2032 1595 2068 χάριν
1602 2033 1716 2065 εἰκότως
1723 2035 1777 2066 τοῖς
1791 2033 1848 2059 πᾶσι

1070 2076 1120 2111 τῆς
1128 2076 1270 2107 Βασιλείας
1278 2076 1307 2102 τὸ
1320 2076 1452 2111 σύμϐολον
1462 2077 1493 2103 τὸ
1507 2077 1632 2114 δηνάριον
1643 2079 1810 2106 ἀποδίδοται·
1818 2074 1847 2104 ὧν

1069 2121 1094 2148 οἱ
1107 2122 1155 2156 μὲν
1168 2123 1196 2148 ἐν
1214 2121 1320 2156 νεότητι
1333 2118 1495 2158 ἐκλήθησαν,
1510 2124 1534 2149 οί
1547 2123 1575 2150 δέ
1589 2123 1661 2158 ἀμφὶ
1673 2124 1724 2160 τὴν
1740 2123 1783 2150 τοῦ
1797 2131 1847 2149 νεα-

1071 2168 1126 2194 νίου
1154 2168 1270 2203 ἠλικίαν,
1285 2170 1309 2195 οί
1324 2168 1351 2195 δὲ
1366 2170 1428 2204 περὶ
1436 2169 1481 2195 τὸν
1492 2169 1572 2205 μέσον
1580 2169 1627 2196 τοῦ
1636 2169 1779 2206 ἀνθρώπου
1788 2168 1848 2203 ζωῆς

1035 2197 1056 2223 D
1070 2197 1176 2249 χρόνον,
1190 2213 1214 2239 οἱ
1235 2197 1268 2239 δὲ.
1282 2213 1327 2239 τὸν
1347 2197 1430 2250 ἄνδρα
1451 2197 1552 2240 τέλειον
1570 2215 1618 2250 ἤδη
1640 2197 1696 2241 καὶΙ
1711 2197 1849 2250 ὑπερέῶτὶξ

1071 2259 1137 2287 κότα
1154 2259 1344 2294 ἀνειληφότες·
1365 2260 1389 2286 οἱ
1404 2259 1432 2286 δὲ
1455 2260 1525 2286 κατὰ
1542 2260 1587 2286 τὸν
1607 2260 1763 2296 πρεσϐύτην
1779 2259 1848 2286 αὐτὸν

1072 2305 1199 2342 γηραλὲοι
1213 2305 1315 2337 λοιπὸν,
1331 2306 1378 2333 καὶ
1390 2307 1454 2342 περὶ
1467 2306 1572 2342 δυσμὰς
1587 2307 1694 2342 ἔχοντες
1706 2307 1751 2334 τοῦ
1767 2306 1828 2342 βίου.

727 2354 864 2386 postremo
898 2350 1005 2385 quidam
1029 2350 1100 2378 circa
1122 2351 1235 2379 senilem
1277 2356 1402 2385 aetatem,
1433 2352 1547 2387 longawi
1569 2354 1746 2389 caeteroquin,
1766 2358 1792 2380 et
1820 2352 1847 2377 :nl

1107 2445 1186 2471 Εἴποι
1202 2444 1225 2471 δ’
1241 2445 1274 2472 ἄν
1291 2454 1332 2477 τις
1348 2446 1395 2474 καὶ
1411 2446 1512 2483 ἑτέρως
1527 2446 1707 2482 ἐξηγούμενος
1725 2443 1848 2480 ἐφαρμότ-

1071 2499 1126 2516 τειν
1150 2491 1184 2518 τὰ
1209 2490 1258 2527 τῆς
1281 2492 1439 2528 παραϐολῆς
1467 2492 1630 2529 δηλούμενα.
1652 2494 1709 2524 τοῖς
1731 2491 1848 2519 ἀνέκαθεν

1071 2537 1103 2562 ἐκ
1122 2537 1232 2573 πρώτης
1253 2537 1300 2564 τοῦ
1328 2538 1387 2574 βίου
1412 2540 1567 2571 συστάσεως
1598 2540 1679 2575 μέχρι
1708 2536 1847 2566 συντελείας

1069 2583 1115 2609 τοῦ
1139 2583 1237 2616 αἰῶνος
1263 2584 1486 2620 καταξιουμένοις
1517 2586 1567 2621 τῆς
1600 2585 1693 2612 ἐνθέου
1726 2584 1845 2620 κλήσεως-

1072 2629 1152 2656 Ὢστε
1165 2630 1226 2665 ,ἅμα
1240 2632 1312 2666 πρωὶ
1327 2632 1476 2667 κεκλῆσθαι
1498 2632 1586 2667 λέγειν
1603 2633 1649 2659 ἐπὶ
1664 2633 1713 2668 τὴν
1727 2632 1774 2667 τῆς
1798 2630 1846 2656 θεοί

1071 2674 1179 2707 σεὸείας
1205 2677 1336 2713 ἐργασίαν
1368 2678 1432 2710 τοὺς
1461 2678 1532 2706 κατὰ
1561 2679 1609 2714 τὴν
1630 2678 1716 2715 ἀρχὴν
1737 2677 1780 2704 τοῦ
1797 2675 1845 2711 βίον

850 2728 870 2742 ²¹
893 2728 900 2754 l
916 2728 976 2755 Cor.
992 2735 1010 2760 ι,
1024 2727 1071 2756 ει.

1107 2776 1145 2811 (7)
1158 2776 1239 2806 Forte
1256 2778 1452 2813 πνευματικῆς.
