1904 3076
61 115 108 144 δἰῗ

688 111 834 139 SCIIOLIA
854 111 888 139 IN
908 111 1037 141 LUCAM.

1622 116 1675 146 358

59 174 100 202 καὶ
121 172 189 209 ὐπὺρ
214 172 358 209 ἄνθρωπον
377 171 560 203 αἰσθάνονται,
586 172 688 208 όρῶσαι
706 171 741 199 τὰ
764 172 823 198 θεῖα

887 172 1024 200 hominem
1056 172 1145 207 posita
1175 172 1465 205 sentiuntrvidentes
1493 173 1601 209 divina,
1625 183 1675 202 au-

58 218 191 246 ὰκούουσαι
215 218 307 253 φωνῆς
331 217 410 250 Θεοῦ,
438 217 584 252 γευόμεναι
613 217 714 249 ζῶντος
739 218 833 253 ἄρτου,

58 264 257 300 ὁσφραινόμεναι
272 264 389 299 Χριστοῦ
404 264 497 300 μύρων
509 263 634 296 εὐωδίας,
647 263 738 291 ἐλαίου
753 263 835 298 ἀγαλ-

58 306 168 342 λιάσὶως,
183 310 333 346 ἁπτόμεναι
348 310 428 345 λόγου
443 310 557 343 ζῶντοςο
568 310 679 342 αἵτινες,
697 309 833 344 ἐξευτελι-

58 355 155 391 ζόμεναι
170 354 224 381 ὑπὸ
243 355 297 381 τῶν
311 354 344 381 τὰ
358 354 512 390 πνεύματος
535 354 640 390 μωρίαν
659 355 706 381 καὶ
723 354 777 381 εὖω
793 353 832 390 (⁵5)

57 400 198 436 κρινόντων,
229 399 280 426 οὒκ
305 400 374 426 εἰσιν
398 399 608 435 ὲπιλελησμὲναι
643 399 758 426 ἐνώπιον
785 399 832 426 τοῦ

56 444 122 471 Θεοῦ.
137 443 171 470 Τὸ
193 443 285 478 μέντοι
302 443 431 479 ἐμφαῖνον
452 444 543 479 ῥητὸν,
561 444 628 480 μηδὲ
647 445 678 471 τὺ
693 444 832 480 ἐλάχιστον

58 490 182 526 στρουθίον
208 489 421 525 ἐπιλελησμένον
446 489 516 517 εῐναι
540 490 654 517 ὲνώπιον
679 491 727 518 τοῦ
752 491 830 523 Θεοῦ,

57 535 216 568 συνεξέτασον
230 537 288 567 τοῖς
304 535 466 571 ἐμφαίνουσι
481 537 584 572 ῥητοῖς,
606 536 831 564 ἐπιλανθάνεσθαι

55 590 122 608 τινων
135 581 178 607 τὸν
193 580 261 607 Θεὸν
282 581 315 609 δι’
330 582 468 618 ἁμαρτίαν
483 582 581 610 αὐτῶν.
603 583 706 619 Ῥητῶς
722 583 771 618 μὲν
784 581 831 610 οὖν

54 628 79 654 τὸ
90 627 249 663 λεπτομερὲς
258 628 308 663 τῆς
322 628 464 663 Προνοίας,
476 630 524 656 καὶ
535 630 551 664 η
567 629 649 665 μέχρι
659 630 714 656 τῶν
724 629 831 656 λεπτῶν

53 674 148 709 γνῶσις,
162 675 191 701 ὲν
211 675 319 706 τούτοις
331 674 473 710 δηλοῦται·
500 675 604 711 νοητῶς
625 676 654 702 δὲ
676 676 770 702 πίπτει
784 676 831 703 ἐπὶ

52 721 93 755 τῆς
105 721 162 755 γῆς,
183 718 229 747 οἵα
247 721 386 757 στρουθία,
406 721 437 748 τὸ
451 721 592 757 φρόνιμον.
622 721 707 748 Ἐπὰν
723 721 752 749 δὲ
774 721 830 749 ἄνω

53 766 153 802 φέρεσθε
168 765 216 802 (4),
241 766 277 793 τά
293 766 369 793 κάτω
389 766 467 802 ζητεί
480 768 537 799 τοῖς
549 767 600 802 τῆς
621 767 723 803 σαρκὸς
737 767 829 802 ἐνεχο-

54 813 131 847 μένοις
145 814 250 844 κακοῖς,
267 812 420 849 παραδοθὲν
442 813 482 844 είς
496 813 581 844 πάθος
600 813 720 848 ἀτιμίας,
738 813 785 840 καὶ
799 813 829 839 τὺ

52 856 175 893 ἐλεύθερον
193 856 264 892 μετὰ
279 857 327 883 τοῦ
343 857 435 893 τιμίου
450 857 632 889 ἁπολελωκός.
657 857 783 889 Τοιοῦτος
798 856 826 883 δὲ
842 850 862 877 Β

51 904 63 929 ὸ
80 903 125 929 ὑπὸ
137 903 182 930 τοῦ
198 903 280 938 λόγου
298 904 503 940 μετεωρισθεὶς,
520 904 567 931 καὶ
584 904 618 930 τὰ
632 904 714 940 γήϊνα
727 904 827 940 φρονή-

52 959 100 982 σας.
109 950 189 982 ,Κατὰ
210 951 239 978 δὲ
259 950 290 978 τδ
300 951 381 987 ῥητὸν
405 952 497 983 πάλιν,
509 951 540 978 τό
553 960 559 967 ι
578 952 618 978 Οὐ
630 950 763 978 πεσεῖται
775 951 824 977 ἐπὶ

51 996 98 1030 τὴν
110 996 163 1032 γῆν
176 997 250 1024 ἄνευ
267 997 321 1024 τοῦ
336 998 451 1031 Πατρός
468 997 561 1032 ὑμῶν,
583 997 613 1024 οὐ
636 997 685 1033 τὴν
700 997 825 1032 βούλησιν

51 1043 177 1075 δείκνυσιν,
191 1044 261 1070 ἁ).λὰ
273 1043 323 1080 τὴν
343 1044 508 1080 πρόγνωσιν,
522 1044 582 1071 Τῶν
596 1044 651 1080 γὰρ
665 1044 824 1079 γινομένων,

50 1089 64 1116 a
75 1090 116 1124 μὲν
127 1090 191 1116 κατὰ
206 1090 336 1126 βούλησιν
349 1091 465 1126 γίνεται,
477 1090 495 1118 ἃ
508 1091 536 1118 δὲ
546 1091 605 1118 κατ’
619 1090 753 1122 εὐδοκίαν,
763 1089 782 1117 ἃ.
796 1089 824 1117 δὲ

50 1135 108 1162 κατὰ
119 1135 303 1172 συγχώρησιν.
773 1137 778 1144 ’

357 1267 435 1294 ΚΕΦ.
454 1268 501 1295 II".

50 1311 110 1348 Στίχ.
130 1317 161 1351 κέ.
189 1314 289 1342 Πάλιν
306 1311 363 1351 οὖν
380 1313 460 1342 εἷπε·
479 1315 539 1342 Τίνι
552 1315 685 1351 ὁμοιώσω
700 1315 756 1350 τὴν
766 1316 823 1349 βα-

77 1350 187 1377 σιλείιιν
203 1350 258 1377 τοῦ
274 1350 368 1382 Θεοῦ;

49 1383 110 1421 Στίχ.
131 1388 182 1412 κα’.
209 1385 316 1420 Ὅμοια
339 1386 406 1413 ἐστὶ
422 1385 506 1420 ζύμῃ,
530 1385 571 1419 ἣν
592 1385 731 1421 λαόοῇσα
743 1386 821 1421 γυνὴ

76 1419 198 1481 Sttle
208 1419 253 1454 ειξ
265 1421 397 1455 ἀλεύρου
406 1419 485 1448 σάτα
495 1421 571 1455 τρία,
582 1421 638 1454 ἓως
645 1419 681 1449 οὗ
691 1419 822 1457 ἐζυμώθή

110 1464 152 1481 ον.

110 1464 152 1482 ον.

79 1499 186 1536 Ἑτέρως
202 1500 263 1527 ἐστὶ
289 1500 393 1533 λαϐεῖν,
413 1500 471 1536 τὴν
496 1501 545 1537 μὲν
567 1502 693 1537 γυναῖκα
713 1503 754 1534 εἰς
772 1502 821 1537 τὴν

52 1545 209 1582 Ἐκκλησίαν,
224 1547 286 1581 τὴν
298 1546 326 1573 δὲ
340 1546 433 1582 ζύμην
453 1548 494 1580 εἰς
512 1548 543 1575 τδ
556 1548 670 1584 Πνεῦμα
683 1548 715 1575 τὸ
727 1548 818 1583 ἁγιον.

47 1590 112 1617 Eriza
122 1591 148 1618 δὲ
160 1593 236 1627 τρία,
254 1592 345 1628 σῶμα,
362 1593 480 1629 πνεῦμα,
497 1593 596 1630 ψυχήν.
620 1594 772 1629 Ἀγιάζεται
793 1594 822 1620 δὲ

46 1637 118 1664 ταῦτα
135 1640 166 1674 τῇ
181 1638 256 1676 ζύμῃ
270 1639 320 1666 τοῦ
333 1639 411 1673 ἁγίου
428 1639 595 1675 Πνεύματος,
611 1639 682 1667 ὥστε
696 1640 820 1675 γενέσθαι

47 1683 103 1718 πρὸς
121 1684 149 1710 τὸ
163 1684 241 1719 ἅγιον
259 1685 373 1720 Πνεῦμα
391 1684 421 1712 ἓν
442 1685 566 1722 φύραμα.
583 1685 644 1712 Ἔτι
663 1685 753 1721 ζύμην
772 1685 821 1721 τὴν

47 1729 90 1755 ἀπὺ
102 1730 145 1756 τοῦ
159 1730 262 1766 σπόρου
281 1730 553 1766 τελεσιουργηθεῖσαν
566 1730 679 1766 δύναμιν
697 1731 712 1756 ὁ
727 1730 821 1765 Σωτὴρ

47 1774 158 1810 ὀνομάζει
169 1776 199 1803 τὺ
211 1775 329 1813 Πνεῦμα
341 1776 371 1803 τὸ
383 1777 470 1811 ἆγιον,
481 1775 576 1802 τοῦτον
589 1775 762 1811 αἰνιξάμενος
776 1775 821 1802 τὸν

46 1820 140 1855 τρόπον.
167 1821 196 1848 Ὀ
207 1822 275 1857 γοῦν
290 1822 340 1858 τῆς
353 1822 480 1857 οὐρανίου
495 1821 633 1857 βασιλείας
644 1822 737 1857 Ἇόγος,
753 1822 822 1858 μετὰ

47 1865 86 1901 τὴν
101 1867 205 1904 πρώτην
225 1870 255 1895 ἐν
270 1867 427 1904 ἀνθρώποις
447 1867 551 1904 σπορὰν
564 1867 701 1903 αὐξηθεὶς,
716 1867 821 1904 καρπὸν

48 1912 146 1945 imis;
164 1914 270 1950 ἐντελῆ,
295 1914 343 1941 τοῦ
360 1914 438 1949 ἁγίου
454 1913 612 1950 Πνεύματος
631 1914 680 1950 τὴν
693 1915 822 1950 ὲπιχορη-

47 1959 98 1992 γῖαν
119 1963 172 1993 τοῖς
191 1962 236 1988 διὰ
259 1962 315 1988 τῶν
337 1964 452 1998 πρώτων
474 1960 674 1996 ὠφελουμένοις
695 1961 820 1996 παρέχει,

47 2005 121 2042 ζύμης
137 2007 212 2043 δίκην
235 2008 353 2043 φύραμα
371 2006 520 2042 ζυμούσης.
542 2006 612 2042 Γυνὴ
627 2006 654 2033 δὲ
673 2005 784 2041 ταύτην,
805 2007 821 2041 ἡ

48 2052 113 2086 emta
127 2054 171 2080 τοῦ
191 2054 272 2086 Θεοῦ,
293 2055 332 2086 είς
349 2053 464 2090 ἀλεύρου
487 2054 555 2081 σάτα
575 2053 638 2088 τρία
660 2052 820 2089 ὲγκρύπτει.

47 2099 97 2131 Τοῖς
105 2099 165 2133 γοῦν
178 2100 374 2136 πορισαμένοις
386 2101 417 2126 ὲκ
431 2099 530 2135 πολλῆς
542 2098 701 2134 ἐπιμελείας
713 2099 759 2125 καὶ
771 2098 822 2133 τῆς

48 2144 84 2170 τοῦ
97 2146 192 2182 σπόρου
210 2146 351 2182 γεωργίας
371 2145 486 2181 ἀλεύρου
507 2146 576 2172 σάτα
593 2145 664 2181 τρία,
687 2145 819 2180 δόγματα,

49 2189 110 2217 θείαν
123 2192 222 2226 γνῶσιν
245 2192 297 2227 τὴν
313 2192 376 2227 περὶ
390 2191 498 2226 Πατρὸς
518 2191 565 2218 καὶ
587 2190 652 2217 Υἱοῦ
674 2191 722 2217 καὶ
742 2190 819 2224 ἁγίου
836 2199 858 2226 ο

50 2233 197 2270 Πνεύματος,
218 2237 236 2272 ἡ
254 2236 301 2263 τοῦ
321 2235 388 2263 Θεοῦ
408 2237 489 2271 σοφία
499 2236 530 2262 τὸ
552 2236 628 2270 ἆγιον
647 2236 759 2271 Πνεῦμα
776 2244 821 2271 χο-

49 2283 122 2314 ρηγεῖ.
140 2282 171 2308 ἰιι
189 2282 212 2309 δ’
231 2282 313 2317 αὑτὴ,
329 2281 389 2308 καθ’
404 2282 501 2317 ἑτέραν
517 2282 646 2313 διάνοιαν,
669 2282 757 2308 πάντα
775 2280 820 2308 τὸν

48 2325 74 2351 ὲκ
84 2326 146 2354 Θεοῦ
160 2328 306 2364 ἄνθρωπον
320 2329 352 2354 ὲκ
367 2326 493 2363 σώματος
506 2328 553 2354 καὶ
565 2327 654 2362 ψυχῆς
669 2327 717 2353 καὶ
738 2325 820 2353 πνεύ-

49 2379 118 2405 ματος
128 2374 294 2405 συνεστῶτα,
313 2375 346 2409 τῇ
364 2373 529 2410 ὲπιχορηγίᾳ
549 2373 598 2409 τῆς
611 2372 687 2404 θείας
701 2371 819 2407 ἐμπνεύ-

49 2424 114 2449 σεως,
131 2418 218 2455 ζύμην
239 2419 442 2455 ἑγχρύπτουσα,
455 2418 505 2454 τὴν
520 2418 550 2450 ὲξ
569 2418 654 2453 αὐτῆς
675 2417 817 2452 ὠφέλειαν,

49 2463 80 2495 εἷς
89 2464 195 2502 ἀλεύρου
210 2467 280 2493 σάτα
296 2466 358 2502 τρία
377 2465 412 2492 τὰ
424 2464 584 2500 νενοημένα,
599 2463 652 2495 ἕως
662 2460 692 2490 οὗ
706 2462 818 2498 ζυμωθῇ

48 2507 105 2535 ὅλον.
127 2507 209 2543 Οὗτος
234 2510 312 2546 γοῦν,
335 2511 369 2546 τῇ
393 2511 493 2545 μετοχῇ
515 2509 564 2544 τῆς
585 2507 709 2544 οὐρανίου
732 2507 820 2543 ζύμης

49 2555 158 2589 ποιωθεὶς
180 2559 228 2585 καὶ
249 2557 394 2593 ζυμωθεὶς,
420 2556 545 2592 οὐράνιος
565 2555 613 2582 καὶ
637 2554 820 2589 πνευματικὸς

49 2605 229 2638 χρηματίσεται
249 2604 401 2640 ἄνθρωπος,
422 2603 468 2629 καὶ
490 2601 561 2629 νέον
581 2601 710 2636 φύραμα,
732 2600 770 2632 ὡς
790 2600 820 2627 ὃν

51 2648 103 2680 μιᾶς
115 2650 236 2685 κράσεως
248 2649 397 2685 γενομένης
417 2647 471 2675 τῶν
488 2647 571 2683 τριῶν
587 2645 708 2681 ἀλεύρων
722 2645 820 2671 ἀποδε-

50 2690 161 2727 (ημένων,
185 2695 298 2730 καὶτῆς
320 2696 349 2722 ἐν
372 2694 463 2725 αὐτοῖς
481 2692 656 2729 ὲμπνεύσεως
675 2690 722 2717 τοῦ
737 2691 818 2726 ἁγίου

80 2758 97 2774 ⁸⁷
116 2759 205 2788 Matth.
230 2768 262 2792 x,
280 2759 327 2787 29.
376 2759 398 2776 ¹⁸
416 2759 425 2786 Ι
446 2759 508 2787 Cor.
521 2765 546 2790 v,
564 2757 590 2786 7.

81 2826 112 2862 l5)
126 2827 204 2856 Forte
217 2827 314 2856 εὕωνα.

885 218 989 246 dientes
1009 225 1103 246 vocem
1119 218 1178 251 Dei,
1200 223 1340 254 gustantes
1359 227 1455 254 panem
1474 220 1581 254 vivum,
1605 220 1676 248 olfac

884 264 987 292 cientes
1001 264 1181 301 fragrantiam
1197 270 1396 298 unguentorum
1420 266 1532 298 Christi,
1548 266 1599 294 olei
1624 274 1674 294 ex-

884 310 1054 342 sultationis,
1078 315 1105 338 et
1121 314 1326 338 contrectantes
1347 311 1467 339 Verbum
1489 313 1591 340 vivum.
1608 312 1671 347 (Qui

884 364 981 385 sensus
1008 357 1058 384 viri
1077 356 1162 392 justi)
1186 358 1317 384 altenuati
1339 357 1373 384 ab
1396 358 1430 386 iis
1446 359 1492 394 qui
1518 359 1670 394 spiritualia

883 403 964 430 stulta
987 407 1013 430 et
1029 403 1093 430 vilia
1113 407 1249 438 reputant.
1265 410 1318 430 non
1337 408 1401 431 sunt
1423 405 1449 431 in
1473 405 1608 433 oblivione
1632 410 1671 433 ta-

882 454 944 474 men
966 453 1058 475 coram
1083 447 1149 474 Deo.
1174 447 1326 475 Dictionem
1353 448 1529 476 nihilominus
1547 457 1609 484 quas
1631 451 1690 478 si-'1

882 493 1009 528 gnificat,
1035 500 1070 520 ne
1097 493 1238 520 minimam
1264 494 1372 529 quidem
1389 495 1521 522 aviculam
1547 496 1572 522 in
1600 496 1670 523 obli-

883 537 962 565 vione
987 545 1049 565 esse
1064 545 1156 565 coram
1179 537 1248 571 Deo,
1267 539 1403 574 perpende
1424 547 1485 566 cum
1509 540 1670 569 dictionibus

882 583 1109 617 signiﬁcantibus,
1132 584 1215 612 Deum
1247 585 1427 620 quorumdam
1461 585 1584 614 oblivisci
1608 594 1671 621 pro-

881 633 940 664 pter
955 634 1064 664 peceata
1081 637 1184 658 eorum.
1210 629 1380 658 Litteraliter
1396 638 1462 666 ergo
1481 631 1507 658 in
1524 631 1598 659 hisce
1622 633 1672 660 de-

883 673 1003 701 claratur
1025 675 1058 701 ad
1075 674 1185 702 minima
1204 683 1318 711 quasque
1334 676 1436 711 porrigi
1458 676 1669 709 Providentiam,

879 725 906 746 et
921 727 1006 754 usque
1016 720 1049 747 ad
1062 721 1183 748 notitiam
1197 729 1286 748 rerum
1302 722 1532 750 tenuissimarum.
1542 722 1672 758 Spiritua~

880 763 941 791 liter
953 771 1037 792 vero:
1053 763 1126 792 cadit
1140 765 1166 792 in
1192 769 1305 798 terram,
1320 766 1394 794 velut
1410 767 1532 800 aviculae,
1550 768 1669 802 pruden-

880 810 927 837 tia.
944 810 1010 837 Dum
1034 811 1107 838 enim
1122 811 1240 838 sublimo
1257 810 1356 844 fertur,
1376 818 1436 846 quae
1453 812 1585 840 inferiora
1607 819 1671 841 sunt

877 856 954 891 petit,
969 861 1079 891 propter
1093 857 1242 884 obtinentia
1263 857 1354 884 carnis
1375 857 1456 890 vilia;
1473 858 1625 893 traditaque
1641 859 1668 886 in

878 900 1029 936 piissionem
1053 902 1218 936 ignominia,
1233 903 1315 930 etiam
1333 902 1488 930 libertatem
1503 911 1565 930 cum
1579 905 1667 939 pretio

877 945 987 973 amittit.
1011 945 1169 981 Hnjusmodi
1190 954 1271 981 porro
1290 951 1333 974 est
1353 947 1398 982 qui
1415 954 1430 974 a
1448 947 1532 975 verbo
1554 949 1587 975 ad
1602 948 1666 976 sub-

876 990 949 1017 Kmia
972 990 1102 1024 elevatus,
1130 991 1212 1018 etiam
1232 998 1294 1026 quae
1318 996 1428 1019 terrena
1447 996 1512 1019 sunt
1527 993 1608 1027 sapit.
1626 993 1667 1020 Ad

877 1037 993 1064 litteram
1009 1045 1122 1069 rursus,
1139 1037 1216 1068 illud.
1240 1045 1292 1064 non
1310 1038 1387 1065 cadet
1405 1045 1484 1072 super
1498 1043 1595 1065 terram
1610 1039 1667 1066 sine

877 1082 959 1109 Patre
977 1088 1061 1110 vestra
1074 1083 1107 1114 ".
1122 1091 1173 1110 non
1191 1083 1355 1110 voluntatem
1379 1083 1507 1115 ostendit,
1529 1084 1576 1110 sed
1597 1091 1665 1119 prtu—

875 1129 1028 1156 scientiam.
1052 1129 1152 1156 Eorum
1178 1129 1251 1156 ettim
1276 1137 1336 1164 quae
1353 1129 1529 1163 contingunt.
1551 1129 1605 1156 alia
1629 1136 1664 1156 ex

875 1173 1015 1200 voluntate
1036 1173 1116 1207 fiunt,
1140 1175 1193 1202 alia
1212 1181 1246 1202 ex
1272 1173 1452 1209 beneplucito,
1477 1173 1529 1200 alia
1549 1181 1582 1202 ex
1602 1182 1664 1210 per-

875 1219 1015 1247 missione.

1191 1265 1268 1293 CAP.
1288 1264 1358 1292 Xlll.

875 1309 1090 1372 V.gg.9lterunt
1113 1319 1175 1346 ergo
1197 1312 1264 1339 dixit
1281 1319 1291 1338 :
1312 1311 1364 1338 Cui
1379 1310 1531 1338 auimilabo
1555 1319 1664 1347 regnum

875 1355 980 1409 νᾶῗί
989 1380 1081 1417 Simile
1096 1386 1134 1408 ut
1150 1381 1289 1417 fermento,
1307 1390 1359 1417 quo
1374 1386 1480 1415 accepta
1493 1380 1589 1408 mulier
1603 1381 1664 1407 aln-

909 1416 996 1443 condit
1011 1416 1039 1442 in
1058 1416 1154 1451 farinae
1173 1421 1233 1444 sata
1247 1416 1404 1450 triu,'donec
1419 1416 1604 1451 fermentatum
1622 1420 1663 1443 eu

908 1456 1002 1478 totum.

908 1498 968 1526 Alio
984 1499 1064 1526 modo
1078 1499 1142 1527 licet
1163 1499 1298 1535 accipere,
1316 1499 1455 1527 mulierem
1478 1499 1588 1534 quidem
1612 1506 1663 1533 pro

875 1545 1010 1578 Ecclesia,
1029 1549 1056 1572 et
1081 1545 1237 1579 [ermeruum
1257 1553 1308 1581 pro
1337 1545 1439 1580 Spiritu
1467 1551 1574 1573 sancto.
1599 1545 1663 1572 Tria

874 1595 943 1624 uta,
967 1595 1030 1617 sunt
1050 1598 1160 1626 corpus,
1174 1591 1296 1625 spiritus,
1321 1591 1422 1618 anima.
1451 1591 1665 1619 Sanctificantur

873 1636 930 1664 lnec
947 1636 1078 1664 fermento
1097 1636 1215 1672 Spiritus
1232 1638 1332 1670 sancti,
1348 1642 1378 1664 ut
1395 1637 1462 1665 ﬁant
1480 1645 1540 1665 cum
1560 1635 1662 1672 Spiritu

872 1687 965 1709 sancto
983 1690 1036 1710 una
1050 1683 1218 1718 conspersio.
1241 1682 1376 1710 Praeterea
1396 1682 1521 1710 Salvator
1541 1682 1664 1710 nominat

873 1727 1003 1762 Spiritum
1035 1733 1172 1762 sanctum,
1201 1729 1257 1756 sive
1281 1731 1408 1756 virtutem
1432 1736 1492 1764 qua:
1516 1737 1531 1756 a
1559 1729 1663 1756 semine

872 1775 1025 1810 perficitur,
1055 1776 1234 1808 fermentum,
1263 1777 1430 1804 subinnuens
1463 1777 1515 1803 hoc
1557 1776 1660 1803 modo:

872 1821 968 1849 Sermo
975 1829 1071 1856 nempe
1083 1821 1157 1856 regni
1170 1821 1311 1854 caelorum,
1327 1827 1387 1856 post
1399 1823 1513 1856 primam
1525 1821 1658 1848 sationem

878 1868 949 1895 inter
976 1867 1100 1894 homines
1129 1872 1242 1902 accepto
1279 1868 1464 1900 incremento,
1500 1866 1661 1901 redditoque

873 1913 961 1940 fructu
978 1913 1110 1948 perfecto,
1134 1912 1253 1947 Spiritus
1267 1912 1355 1940 sancti
1379 1911 1659 1939 subministrationem

872 1959 905 1986 iis
926 1959 970 1993 qui
989 1965 1037 1993 pur
1051 1958 1108 1985 haec
1125 1958 1211 1993 prima
1226 1957 1310 1992 adjuti
1336 1961 1410 1990 sunt,
1433 1957 1557 1991 largitur,
1575 1957 1662 1983 instar

873 2002 996 2030 fermenti
1019 2002 1143 2030 videlicet
1168 2009 1285 2030 massam
1309 2001 1510 2029 fermentantis.
1527 2000 1584 2028 Hoc
1608 2000 1662 2027 fer-

873 2053 991 2076 mentum
1015 2048 1122 2081 mulier,
1148 2048 1195 2075 Dei
1222 2055 1319 2082 nempe
1346 2047 1498 2082 sapientia,
1521 2047 1547 2072 in
1566 2045 1662 2072 farina:

874 2099 932 2121 sata
957 2094 1008 2121 tria
1034 2095 1163 2122 occultat.
1187 2093 1223 2120 lis
1241 2093 1368 2121 videlicet
1384 2093 1428 2128 qui
1453 2092 1504 2119 sibi
1520 2099 1661 2126 compara-

871 2144 981 2173 verunt,
1002 2147 1034 2166 ex
1061 2140 1144 2166 multa
1171 2139 1351 2167 sollicitudine
1366 2143 1394 2166 et
1413 2137 1516 2165 cultura
1530 2137 1659 2168 seminis.

873 2184 967 2212 farinae
990 2190 1048 2212 sata
1063 2186 1127 2217 tria,
1144 2185 1194 2213 hoc
1207 2189 1250 2213 est
1272 2185 1397 2219 dogmata
1418 2188 1446 2211 et
1465 2183 1586 2210 divinam
1612 2189 1661 2209 co-

874 2233 1020 2268 gnitionem
1036 2233 1069 2261 de
1079 2233 1169 2267 Patre,
1180 2233 1249 2261 Filio
1263 2239 1295 2260 ac
1310 2231 1411 2266 Spiritu
1425 2235 1531 2262 sancto,
1546 2229 1660 2264 ipsamet

874 2278 921 2306 Dei
945 2279 1075 2314 sapientia
1097 2279 1229 2314 Spiritum
1255 2283 1379 2305 sanctum
1405 2275 1571 2311 suppeditat.
1597 2273 1660 2300 litec

873 2324 987 2357 eadem,
1009 2324 1086 2358 juxta
1110 2325 1192 2352 aliam
1217 2323 1382 2359 intelligendi
1410 2321 1554 2352 rationem,
1573 2324 1659 2346 totum

872 2377 906 2396 ex
927 2370 981 2396 Deo
996 2369 1131 2397 hominem
1145 2377 1179 2397 ex
1194 2376 1318 2405 corpore,
1331 2368 1420 2395 anima
1434 2371 1461 2394 et
1481 2365 1580 2400 spiritu
1597 2371 1660 2392 con-

873 2419 990 2442 stantem
1000 2434 1009 2446 .
1023 2414 1166 2450 largitione
1180 2415 1279 2443 divinae
1298 2413 1482 2449 inspirationis
1497 2411 1657 2439 fermentum

873 2460 1006 2493 occultat,
1031 2468 1108 2488 suam
1131 2468 1228 2496 nempe
1244 2461 1404 2492 utilitatem,
1427 2459 1455 2486 in
1481 2457 1574 2485 farinae
1600 2460 1658 2483 sata

874 2507 924 2534 tria
945 2507 1105 2541 spiritaliter
1128 2507 1278 2539 intellecta,
1303 2507 1389 2534 donec
1415 2505 1592 2532 fermentetur
1617 2506 1659 2528 to-

874 2558 941 2580 tum.
955 2551 1004 2580 Vir
1025 2553 1108 2588 igitur
1132 2553 1286 2588 huiusmodi
1310 2550 1517 2588 participatione
1538 2546 1658 2575 caelestis

874 2598 1000 2626 frumenti
1025 2599 1196 2634 qualiﬁcatus
1219 2605 1247 2627 et
1267 2598 1454 2630 fermentatus,
1479 2593 1598 2623 caelestis
1625 2600 1669 2619 ac.

872 2645 1021 2679 spiritualis
1044 2645 1125 2672 homo
1143 2645 1228 2678 audit,
1249 2648 1277 2672 et
1296 2653 1361 2671 nova
1377 2641 1526 2677 conspersit;
1538 2640 1570 2670 “.
1587 2639 1656 2666 facta

871 2691 1071 2726 quodammodo
1085 2698 1137 2718 una
1160 2691 1277 2718 mixtura
1298 2690 1380 2717 trium
1397 2688 1546 2716 farinarutn
1567 2685 1658 2712 diver-

856 2825 894 2862 (ι)
903 2825 988 2861 Forte
1005 2825 1115 2861 φέρεται
