1904 3076
232 105 286 133 369

232 171 324 191 surum
349 165 376 190 et
404 161 590 197 inspirationis
619 163 706 188 sancti
739 161 858 195 Spiritus
890 162 916 190 in
945 162 1021 196 ipsis.

231 211 320 244 Atque
336 209 372 239 ita
386 207 509 243 profecto
521 214 606 234 novus
620 207 699 241 panis
710 212 738 234 et
753 207 905 242 spiritualis
919 207 1021 238 ell'ecti.

232 257 379 284 secundum
393 255 563 290 Apostolum.
579 255 625 290 qui
648 254 685 281 ait
700 263 707 281 :
724 254 799 282 Unus
813 255 890 290 panis
904 259 927 282 et
940 262 1021 281 mium

232 311 327 337 corpus
346 309 436 328 sumus
453 300 530 327 malli
543 300 576 333 ¹’,
591 300 738 334 imaginem
762 308 794 328 ac
817 300 1021 328 similitudinem

233 355 401 376 resumemns
418 347 496 381 panis
514 346 677 374 viviﬁcantis
697 347 834 375 universa.
849 347 894 381 qui
911 347 944 373 de
958 349 1021 373 mla

232 394 410 426 descendit“,
436 400 541 428 nosque
556 393 658 420 similes
682 393 734 420 sibi
757 393 858 421 eﬁ‘ccit.
873 393 1022 420 Commode

229 445 320 467 autem
348 440 455 468 mulieri
482 439 639 468 assimilaho
658 440 703 466 Dei
727 439 888 474 sapientiam
908 439 937 466 in
962 439 1020 472 his;

231 486 352 513 Christus
368 494 427 513 vero
442 491 478 512 est
495 485 540 512 Dei
562 486 656 517 uirtus,
671 490 694 511 et
708 485 756 511 Dei
774 485 902 519 sapientia
914 484 948 515 ²ί,
962 491 1022 518 quae

233 533 380 566 respondet
400 531 571 560 similitudini
589 531 726 559 lennenti.
744 531 822 558 Sicut
836 531 908 557 euitn
928 531 954 557 in
975 539 1022 565 pa-

232 579 323 606 rabola
350 579 473 610 seminis.
495 577 582 605 coloni
610 585 751 613 personam
772 583 799 605 et
821 578 919 604 satoris
938 578 1022 604 intro-

230 625 319 657 duxit,
335 625 379 651 ubi
397 624 467 651 haud
481 625 608 659 equidem
622 624 822 651 rationabiliter
838 624 908 651 facta
925 623 1022 650 luisset

235 670 356 697 mulieris
380 671 500 698 iustitio:
513 670 550 697 ita
566 671 610 698 hic
624 670 714 698 delato
739 670 873 698 fermento
890 670 918 697 in
928 669 1022 696 farinae

234 721 292 743 sata
311 717 372 749 tria,
389 717 579 751 appropriatur
589 717 728 752 parabola.
739 722 768 743 ut
777 716 882 744 mulieri
898 716 1022 751 panilicar

232 763 366 791 assimilet
389 771 467 798 quem
490 764 517 791 in
544 764 586 790 illa
610 768 726 791 saturem
753 757 948 790 nmn'iuaverat.

232 808 265 836 V.
278 809 323 845 29.
342 808 374 836 Ει
390 810 490 837 venient
505 810 537 836 ab
558 810 657 836 oriente
670 815 694 836 ει
710 810 841 836 occidente
856 816 880 836 et
896 811 928 845 ab
946 810 1021 845 nqui-

294 844 354 871 lone
367 850 391 872 et
411 845 531 878 meridie,
545 850 568 872 et
587 845 735 872 recumbam
752 845 780 872 in
800 853 880 880 regno
897 844 955 872 Dei.

263 924 342 959 Apud
362 923 518 951 Matthzeum
533 929 560 952 et
582 924 711 959 parabola
736 924 877 959 complexa
893 930 950 956 est,
973 933 1020 959 per

229 977 310 1005 quam
342 975 474 997 vocantur
499 969 581 997 veluti
605 970 638 997 ad
666 970 795 1002 vineam,
821 970 855 997 ad
884 976 1019 1005 prazcepta

230 1024 336 1051 nempe,
350 1016 468 1051 operarii
484 1016 552 1043 varii
571 1016 653 1043 variis
669 1015 813 1049 aetatibus;
835 1021 864 1043 ut
884 1017 910 1043 in
933 1022 1021 1044 malu-

229 1063 297 1095 tino,
312 1067 340 1090 et
354 1063 428 1091 circa
446 1062 567 1095 tertiam,
580 1067 609 1090 et
624 1067 741 1096 sextam,
759 1067 787 1089 et
814 1070 912 1090 nouam
927 1067 954 1089 et
976 1070 1023 1089 un-

229 1110 361 1145 decimam
394 1109 499 1137 horam.
525 1108 652 1135 Forsitan
679 1109 762 1143 igitur
797 1112 853 1135 tota
882 1108 1020 1135 hominum

229 1155 297 1188 vita.
318 1159 360 1183 est
382 1155 462 1183 istius
483 1154 618 1189 parabolae
634 1154 703 1182 dies.
726 1154 796 1181 Sunt
810 1154 856 1188 qui
878 1153 912 1181 ab
927 1154 1020 1180 adole-

229 1201 332 1229 scentia
347 1206 376 1229 et
393 1201 428 1228 ab
445 1201 555 1228 ineunte
577 1204 658 1226 aetate
684 1199 771 1226 vocali
790 1204 863 1232 sunt,
884 1199 901 1225 ii
926 1207 1021 1233 nempe

229 1248 275 1282 qui
292 1248 466 1274 illucescente
480 1253 591 1278 aurora,
606 1253 621 1272 a
637 1245 750 1272 Domino
763 1246 888 1272 mercede
895 1245 1019 1272 conducti

229 1299 301 1323 sunt.
320 1295 342 1321 Δ
361 1294 440 1321 tertia
466 1293 532 1320 hora
556 1296 698 1323 vocantur,
719 1291 765 1326 qui
791 1296 926 1318 vocantur
948 1295 1022 1325 post-

229 1349 312 1376 quam
328 1339 517 1367 adoleverint:
535 1338 608 1365 circa
631 1345 730 1364 nonam
750 1337 780 1370 ii,
800 1337 847 1372 qui
867 1342 927 1371 post
946 1337 1021 1372 juve-

231 1386 293 1414 nilis
307 1385 394 1413 attatis
409 1389 504 1412 aestum
519 1389 547 1412 et
569 1385 686 1419 pondus.
708 1383 763 1418 jam
788 1388 962 1412 senescentes
987 1384 1020 1409 ad

231 1432 278 1460 Dei
301 1430 401 1458 cultum
424 1429 620 1465 perducuntur.
646 1429 732 1456 Senes
757 1429 802 1463 qui
822 1428 877 1463 jam
902 1429 935 1456 ad
960 1429 1022 1455 vita:

228 1478 331 1504 exitum
349 1475 430 1503 vieini
455 1479 537 1507 sunt,
561 1482 608 1510 per
630 1474 800 1502 undecimam
827 1474 922 1501 horam
951 1473 1021 1501 indi-

230 1528 337 1550 cantur.
361 1521 396 1550 Et
411 1521 476 1557 quia
503 1521 629 1553 intentio,
653 1528 706 1548 non
728 1524 835 1554 tempus
857 1520 1019 1551 attenditur,
1033 1517 1055 1546 C

228 1568 302 1603 quod
328 1568 356 1594 in
373 1566 425 1594 lide
446 1566 508 1601 quis
533 1566 682 1601 impendit;
700 1566 802 1594 idcirco
828 1565 891 1599 illis,
912 1565 958 1601 qui
986 1572 1019 1592 ex

229 1620 283 1648 quo
308 1613 398 1641 vocati
416 1617 490 1645 sunt,
513 1619 574 1647 qua:
590 1612 642 1640 sibi
662 1606 795 1647 imposita
816 1612 936 1646 luerunt.
956 1611 1020 1639 eﬁ'e-

229 1667 308 1692 cere,
328 1659 408 1687 datur
438 1659 533 1686 eadem
563 1658 659 1686 salutis
684 1666 810 1686 merces:
829 1658 894 1687 illud
924 1665 1019 1692 nempe

229 1706 382 1738 denarium,
405 1705 476 1741 quod
492 1706 526 1734 ab
547 1705 626 1733 initio
644 1704 763 1733 ablatum
788 1704 840 1732 fuit
863 1712 878 1731 a
903 1704 1019 1739 maligno

229 1761 278 1788 per
301 1752 499 1786 seductionem,
525 1753 587 1780 dum
605 1751 786 1787 transgressio
801 1751 934 1786 spiritalis
952 1758 1019 1785 pra:-

228 1799 297 1834 cepti
319 1799 389 1826 facta
407 1804 462 1831 est;
487 1798 584 1825 divina:
608 1803 691 1832 atque
710 1798 822 1825 omnino
838 1797 935 1833 regalis
953 1797 1019 1824 ima-

228 1846 308 1881 ginis.
337 1846 396 1879 Quo
422 1845 486 1872 mihi
519 1844 627 1872 videtur
654 1845 844 1873 characterem
873 1849 1019 1878 notamque

230 1892 371 1927 ipsiusutct
386 1892 461 1927 regni
474 1893 629 1923 ostendere,
643 1891 775 1926 siquidem
789 1890 892 1917 denarii
914 1889 1019 1924 insigne

229 1939 389 1973 insculptam
419 1938 490 1973 regis
525 1937 671 1972 imaginem
705 1936 852 1972 signiﬁcat.
885 1936 1018 1970 Quoniam

229 1984 311 2020 igitur
323 1988 457 2018 quotquot
470 1983 497 2010 in
513 1983 619 2011 vineam
634 1987 661 2010 et
677 1983 813 2010 civitatem
831 1981 914 2009 divini
930 1982 1019 2010 cultus

229 2029 342 2063 ingressi
361 2028 481 2061 fuerant,
501 2031 638 2062 unamque
651 2032 679 2054 et
694 2027 816 2054 eamdem
831 2027 1017 2062 operationem

227 2076 384 2111 attigerant,
397 2075 519 2111 ejusdem
538 2074 614 2110 regni
631 2079 772 2109 compotes
792 2074 888 2101 tierent
909 2081 1017 2109 Aequum

227 2126 287 2149 erat
309 2130 316 2148 :
339 2121 441 2149 idcirco
467 2121 566 2150 merito
592 2120 718 2148 oumibus
745 2120 904 2153 denarium,
943 2119 1017 2154 regni

229 2175 327 2202 nempe
350 2167 500 2203 symbolum
521 2167 660 2198 redditur;
677 2173 712 2193 ex
735 2166 834 2200 quibus
854 2165 899 2192 alii
926 2165 953 2193 in
971 2165 1017 2200 ju-

230 2218 340 2241 ventuto
354 2213 444 2241 vocati
459 2218 537 2246 sunt.
558 2213 602 2240 alii
622 2213 695 2240 circa
721 2212 945 2245 adolescentiam,
960 2213 1017 2248 qui-

230 2260 292 2286 dam
309 2260 381 2287 circa
403 2259 520 2287 medium
541 2260 666 2287 humanae
680 2258 742 2286 vita:
765 2263 881 2294 tempus,
896 2259 1015 2287 mmuulli

230 2313 295 2333 vero
313 2306 394 2333 etiam
407 2310 547 2340 postquam
557 2307 590 2333 ad
604 2306 692 2333 virum
705 2304 852 2339 perfectum
868 2305 924 2339 jam
937 2309 1017 2340 atque

231 2356 458 2379 maturescentem
484 2356 662 2385 pervenerant
688 2359 695 2377 ἒ

229 2404 356 2424 occasum
370 2396 427 2431 jam
442 2397 503 2424 vita
519 2401 705 2432 properantes.

267 2442 358 2470 Possit
379 2447 407 2470 et
421 2441 501 2469 aliter
517 2442 578 2477 quis
597 2442 800 2477 interpretando
821 2443 925 2480 dicere.
941 2443 1012 2477 quod

228 2497 291 2524 qua:
315 2498 330 2515 n
349 2487 481 2523 parabola
512 2487 716 2522 signiﬁcantur.
738 2494 889 2524 congruant
915 2489 949 2516 iis
970 2489 1016 2524 qui

228 2535 284 2569 jam
301 2534 334 2561 ab
363 2533 421 2568 ipsa
437 2533 525 2568 prima
548 2533 610 2560 vita:
634 2533 847 2567 constitutione,
874 2541 960 2568 usque
983 2534 1016 2560 ad

229 2581 494 2608 consummationem
507 2577 603 2606 saeculi
620 2579 693 2613 digni
712 2579 846 2606 habentur
860 2580 951 2606 divina
971 2587 1018 2606 vo-

230 2624 351 2658 catione.
378 2623 473 2658 Itaque
497 2623 598 2650 dixerit
621 2623 708 2658 primo
731 2632 809 2651 mane
830 2624 915 2652 fuisse
937 2632 1016 2652 voca-

231 2674 273 2698 tos
288 2670 322 2697 ad
339 2669 517 2697 excolendum
538 2669 585 2697 Dei
609 2669 729 2701 cultum,
751 2676 883 2705 quotquot
903 2671 937 2698 ab
958 2672 1014 2698 ori-

268 2728 289 2744 “
309 2727 395 2755 lCor.
409 2735 436 2760 κ,
461 2727 503 2753 l7.
543 2727 565 2742 ²⁰
584 2726 663 2754 Joan.
687 2735 731 2759 vr,
754 2727 800 2754 Η.

264 2774 303 2808 (ῖι)
321 2774 400 2802 Forte
418 2773 498 2800 οὕτω.

265 2811 305 2842 (ti)
320 2809 439 2841 Maximi,
462 2809 577 2843 Eusebii,
589 2814 615 2837 et
629 2809 765 2844 Or’gcuis.

660 102 938 130 SUPPLEMENTUM
961 101 1005 130 AD
1024 101 1185 130 OlllGENlS
1202 101 1406 130 EXEGE'l‘IC.\.

1807 106 1853 133 3M)

1039 165 1059 192 Α
1076 161 1244 196 Πνεύματος.
1261 162 1316 187 Καὶ
1330 162 1365 196 δὴ
1387 161 1446 193 νέος
1461 161 1543 197 ἄρτος
1560 162 1607 189 καὶ
1620 162 1801 198 πνευματικὸς
1814 172 1852 198 γε-

1073 207 1178 241 νόμενοι
1199 207 1271 234 κατὰ
1284 207 1329 234 τὸν
1350 208 1517 240 Ἀπόστολον,
1539 209 1568 240 ὃς
1586 217 1683 243 φησιν·
1705 208 1757 243 Εἷς
1773 210 1852 245 ἄρτος

1073 252 1122 278 καὶ
1137 251 1173 278 ἐν
1183 252 1269 287 σῶμά
1288 254 1381 288 ἐσμεν
1395 255 1422 280 οἱ
1433 255 1553 286 πολλοὶ,
1569 255 1665 282 εἰκόνα
1676 256 1724 282 καὶ
1734 256 1853 291 ὁμοίωσιν

1073 297 1267 333 ἀναληψόμεθα
1284 298 1331 325 τοῦ
1351 298 1484 331 ζωοποιοῢ
1505 299 1559 326 τῶν
1575 300 1643 327 ὅλων
1663 300 1759 336 ἄρτου.
1776 301 1807 334 ὃς
1824 303 1852 330 ἐκ

1073 344 1126 371 τοῦ
1155 344 1285 378 οὐρανοῦ
1313 345 1525 379 καταϐέϐηκεν,
1548 345 1637 382 ἐαυτῷ
1657 346 1854 382 παραπλησίους

1073 390 1119 416 καὶ
1133 390 1207 425 ἡμᾶς
1222 389 1462 425 ἀπεργασάμενος.
1485 389 1519 418 Εὖ
1535 391 1563 418 δὲ
1578 392 1687 426 γυναικὶ
1700 393 1853 428 ἀφομοιώσω

1072 435 1121 471 τὴν
1129 435 1224 470 σοφίαν
1231 436 1278 462 τοῦ
1286 436 1352 463 Θεοῦ
1361 437 1508 470 ὲντούιτοις·
1517 438 1682 472 Χριστὸςδέ
1692 439 1777 466 ἐστιν
1783 440 1800 473 ἡ
1808 441 1852 467 τοῦ

1073 482 1147 509 Θεοῦ
1159 482 1295 517 δύναμις,
1311 483 1361 510 καὶ
1378 483 1452 510 Θεοῦ
1464 485 1568 518 σοφία,
1582 485 1756 521 καταλλήλως
1764 486 1800 520 τῷ
1812 486 1854 522 τῆς

1073 527 1161 563 ζύμης
1173 528 1362 564 ὑποδείγματι.
1388 529 1492 565 Ὥσπερ
1507 529 1561 566 γὰρ
1577 531 1624 557 ἐπὶ
1637 531 1686 565 τῆς
1707 531 1853 567 παραϐολῆς

1071 574 1119 601 τοῦ
1133 575 1245 610 σπόρου,
1259 575 1381 611 γεωργοῦ
1399 575 1542 611 πρόσωπον
1556 577 1602 603 καὶ
1614 577 1736 613 σωρὲως
1744 578 1851 613 εἰσῆγεν,

1071 621 1121 648 οὐκ
1129 621 1162 648 ἂν
1177 621 1294 656 εὐλόγως
1308 622 1337 648 ὲν
1352 622 1465 654 ἐκείνοις
1481 622 1711 658 μνημονευθείσης
1725 625 1852 658 γυναικὸς,

1071 667 1134 694 οὔτε
1149 667 1187 702 (5)
1201 667 1339 695 κάνταῦθα
1353 668 1399 695 ἐπὶ
1416 668 1505 704 ζύμης
1527 669 1679 705 φερομένης
1695 670 1736 701 είς
1749 670 1852 706 ἀλεύρου

1073 713 1139 740 σάτα
1148 714 1220 749 τρία,
1235 713 1404 750 οἰκειοῦταιή
1418 714 1568 751 παραϐολὴ,
1583 716 1693 750 γυναικὶ
1705 716 1852 752 ἀρτοποιου-

1074 757 1141 793 μὲνῃ
1150 757 1196 784 τὸν
1210 757 1239 790 ἐξ
1257 757 1362 794 ἐκείνης
1377 759 1571 795 ὠνομασμένον
1585 760 1689 796 σπορέα
1702 761 1850 788 ἀπεικάσαι.

1073 803 1222 843 Στίχκκθκ
1249 804 1304 843 μοι
1323 804 1455 843 ῇξέουσιν
1480 805 1540 843 ᾀπὸ
1559 806 1719 843 ἀνατολῶν
1744 808 1791 834 καὶ
1810 807 1852 834 δυ-

1037 847 1056 873 [ς
1105 840 1191 876 σμῶν
1210 840 1258 876 καὶ
1273 840 1370 876 ,βορῤᾱ
1391 840 1440 867 καὶ
1456 841 1556 873 νότευ,
1572 842 1620 868 καὶ
1641 843 1851 876 ἀνακλιθήσον-

1104 882 1151 900 ται
1165 874 1200 900 ἐν
1216 874 1252 908 τῇ
1264 875 1409 909 βασιλείᾳ
1422 876 1474 903 τοῦ
1495 876 1579 904 Θεοῦ.

1090 946 1092 949 ,
1106 920 1185 956 Παρὰ
1199 919 1227 946 δὲ
1243 921 1283 956 τῷ
1298 922 1431 957 Ματθαίῳ
1445 921 1492 949 καὶ
1512 922 1655 959 παραϐολὴ
1670 924 1808 955 πλέκεται,
1822 924 1849 950 δι’

1070 965 1104 1003 ἦς
1119 967 1262 995 καλοῦνται
1275 969 1312 1001 ὼς
1329 971 1368 1002 εἰς
1389 970 1538 1006 ἀμπελῶνα
1556 973 1596 1004 είς
1617 971 1668 1004 τὰς
1691 971 1797 1004 ἐντολάς
1814 974 1851 1009 ἑρ-

1072 1015 1153 1048 γάται
1166 1015 1289 1051 διάφοροι
1305 1016 1333 1042 ὲν
1348 1015 1487 1053 διαφόροις
1503 1018 1631 1054 ἡλικίαις,
1652 1017 1691 1050 ὡς
1712 1019 1740 1045 ἐν
1762 1019 1849 1055 πρωτᾳ,

1072 1061 1118 1086 καὶ
1133 1061 1197 1097 περὶ
1207 1061 1313 1097 τρίτην,
1326 1062 1373 1089 καὶ
1385 1063 1468 1099 ἕκτην
1482 1065 1530 1091 καὶ
1544 1065 1640 1100 ἐνάτην
1657 1065 1706 1091 καὶ⁸
1719 1065 1850 1100 ἑνδεκάτην

1071 1105 1154 1141 ὥραν.
1169 1106 1244 1141 Τάχα
1257 1107 1305 1142 μὲν
1318 1105 1363 1134 οὖν
1377 1108 1449 1140 arra;
1462 1110 1475 1135 ό
1486 1110 1541 1136 τῶν
1554 1110 1707 1146 ἀνθρώπιον
1720 1111 1775 1146 βίος
1788 1111 1850 1137 ἐστὶν

1072 1153 1088 1188 ἡ
1106 1153 1176 1180 κατὰ
1187 1154 1236 1189 τὴν
1250 1155 1407 1191 παραϐολὴν
1421 1156 1522 1192 ἡμέρα.
1537 1157 1591 1183 Καὶ
1611 1158 1635 1183 oi
1650 1157 1701 1192 μὲν
1714 1159 1746 1184 ὲκ
1760 1157 1850 1184 παίδων

1072 1198 1118 1224 καὶ
1136 1198 1248 1234 πρώτης
1265 1200 1373 1236 ἡλικίας
1391 1201 1537 1236 κληθέντες
1550 1203 1573 1228 οἰ
1587 1202 1646 1238 ἅμα
1660 1204 1695 1238 τῇ
1711 1203 1748 1238 ἕῳ
1763 1203 1850 1238 μισθω-

1073 1245 1165 1278 θέντες
1177 1248 1230 1274 εἰσὶ
1243 1249 1319 1284 παρὰ
1335 1248 1383 1276 τοῦ
1394 1249 1525 1277 δεσπότου
1535 1258 1542 1265 υ
1555 1251 1579 1276 ot
1594 1250 1623 1277 δὲ
1642 1250 1714 1285 μετὰ
1725 1251 1754 1276 τὸ
1768 1249 1850 1285 μειρά-

1072 1301 1130 1319 κιον
1143 1294 1167 1320 οί
1181 1294 1235 1320 ἀπὸ
1247 1295 1297 1330 τῆς
1315 1295 1411 1332 τρίτης
1423 1296 1513 1331 ὥρας’
1532 1297 1556 1323 ol
1573 1296 1602 1323 δὲ
1620 1296 1691 1332 μετὰ
1703 1297 1748 1323 τὸν
1760 1297 1787 1322 ὲν
1803 1295 1850 1323 νεό-

1071 1347 1132 1375 τητι
1154 1340 1282 1367 καύσωνα
1298 1342 1345 1368 καὶ
1360 1342 1390 1368 τὸ
1408 1342 1490 1377 βάρος
1504 1342 1551 1369 ἐπὶ
1566 1342 1616 1378 τὴν
1629 1342 1784 1369 θεοσέϐειαν
1795 1342 1849 1375 ἀγό-

1074 1393 1148 1420 μενοι
1163 1385 1314 1422 πρεσϐύται
1327 1387 1352 1412 οἱ
1366 1387 1430 1423 περὶ
1441 1386 1490 1422 τὴν
1506 1387 1620 1422 ἐνάτην·
1633 1388 1659 1414 οἱ
1672 1386 1702 1414 δὲ
1715 1388 1781 1423 πρὸς
1793 1388 1848 1422 αὐτῇ

1072 1432 1104 1467 τῇ
1124 1431 1207 1467 ἐξόδῳ
1223 1433 1350 1468 γέροντες
1365 1432 1414 1468 ἥδη
1432 1432 1574 1468 δηλοῦνται
1586 1433 1631 1460 διὰ
1642 1433 1695 1468 τῆς
1708 1433 1848 1468 ἑνδεκάτης.

1074 1477 1128 1504 Καὶ
1146 1478 1208 1504 ἐπεὶ
1226 1478 1397 1513 προαίρεσις,
1413 1479 1443 1505 οὺ
1464 1478 1570 1514 χρόνος,
1591 1478 1761 1512 ἐξετάζεται,
1784 1479 1809 1505 ὃν
1826 1479 1850 1504 ὲν

1072 1523 1163 1550 πίστει
1178 1524 1312 1560 πεποίηκέ
1330 1533 1387 1556 τις·
1403 1524 1447 1551 διὰ
1459 1525 1538 1552 τοῦτο
1550 1526 1609 1557 τοῖς
1622 1525 1652 1558 ἐξ
1670 1521 1703 1552 οὗ
1718 1525 1850 1561 κέκληνται

1070 1570 1104 1597 τά
1117 1569 1296 1598 ἐπιϐάλλοντα
1310 1571 1472 1606 πεποιηκόσι
1488 1571 1587 1598 δίδοται
1604 1573 1618 1598 ὁ
1634 1571 1693 1604 ἴσος
1713 1573 1761 1607 τῆς
1774 1579 1849 1606 σωτη-

1071 1617 1133 1652 ρίας
1148 1617 1246 1652 μισθός
1257 1625 1263 1632 ·
1282 1617 1318 1652 (6)
1334 1617 1363 1643 τὸ
1378 1617 1492 1644 συλαθὲν
1511 1617 1571 1644 κατ’
1590 1618 1677 1654 ἀρχὰς
1693 1618 1746 1645 ὑπὸ
1756 1618 1799 1645 τοῦ
1811 1626 1850 1646 πο-

1070 1663 1153 1699 νηροῦ
1175 1663 1214 1690 δι”
1228 1664 1335 1699 ἀπάτης
1356 1663 1426 1690 κατὰ
1445 1664 1494 1696 τὴν
1512 1665 1561 1700 τῆς
1581 1665 1692 1700 ἐντολῆς
1709 1664 1850 1701 παράϐασιν

1070 1709 1133 1743 πνὶξ
1154 1710 1191 1746 (7)
1208 1710 1258 1745 τῆς
1280 1709 1355 1741 θείας
1375 1710 1422 1736 καὶ
1445 1709 1660 1746 βασιλικωτάτης
1687 1711 1789 1742 εἰκόνος
1812 1709 1849 1739 δη-

1069 1756 1172 1794 νάριον,
1188 1756 1222 1783 δι’
1242 1753 1272 1784 οὗ
1287 1756 1362 1783 δοκεῖ
1378 1765 1422 1791 μοι
1442 1756 1472 1783 τὸ
1493 1757 1636 1793 γνώρισμα
1652 1757 1704 1793 τῆς
1726 1756 1849 1793 βασιλείας

1069 1803 1154 1838 αὐτῆς
1174 1803 1343 1837 ὑποφαίνειν,
1359 1803 1400 1829 ὅτι
1422 1803 1553 1838 βασιλέως
1572 1803 1795 1839 ὲντετυπωμένην
1815 1803 1847 1829 si-

1071 1849 1137 1876 κόνα
1155 1849 1202 1876 τοῦ
1227 1849 1356 1885 δηναρίου
1377 1849 1408 1876 τὸ
1428 1849 1559 1885 χάραγμα
1582 1850 1721 1886 σημαίνει.
1753 1849 1848 1884 Ἐπειδὴ

1069 1895 1157 1922 τοίνυν
1181 1895 1285 1927 πάντας
1304 1896 1367 1928 τοὺς
1389 1895 1436 1922 ἐπὶ
1455 1896 1501 1923 τὸν
1514 1896 1673 1932 ἀμπελῶνα,
1695 1897 1743 1924 καὶ
1763 1897 1790 1923 τὸ
1807 1896 1848 1930 τῆς

1070 1940 1224 1973 θεοσεϐείας
1240 1940 1392 1976 πολίτευμα
1411 1941 1607 1978 παρελθόντας,
1626 1943 1693 1978 μιᾶς
1709 1952 1737 1969 τε
1751 1944 1794 1969 καὶ
1807 1942 1847 1976 τῆς

1069 1986 1154 2022 αὐτῆς
1185 1986 1316 2023 ἐργασίας
1340 1986 1504 2022 ἁψαμένους,
1534 1988 1585 2023 τῆς
1616 1989 1702 2024 αὐτῆς
1726 1987 1848 2025 βασιλείας

1071 2032 1214 2066 μετασχεῖν
1229 2029 1263 2067 ἦν
1276 2031 1381 2058 δίκαιον
1391 2031 1499 2059 ’τούτου
1515 2033 1714 2068 χάρινείκότως
1722 2035 1775 2066 τοῖς
1790 2033 1847 2059 πᾶσι

1068 2076 1118 2112 τῆς
1126 2076 1268 2107 Βασιλείας
1276 2077 1306 2102 τὸ
1318 2076 1451 2111 σύμϐολον
1461 2077 1491 2103 τὸ
1506 2078 1631 2114 δηνάριον
1642 2078 1794 2106 ἀποδίδοται
1803 2074 1846 2104 ·ὧν

1068 2121 1093 2148 οἱ
1106 2122 1154 2156 μὲν
1166 2123 1195 2148 ὲν
1213 2121 1319 2156 νεότητι
1332 2118 1494 2158 ἐκλήθησαν,
1509 2123 1533 2149 οἱ
1546 2123 1574 2149 δὲ
1588 2123 1660 2159 ἀμφὶ
1672 2124 1722 2160 τὴν
1738 2123 1782 2150 τοῦ
1795 2131 1846 2149 νεα-

1069 2168 1124 2194 νίου
1152 2168 1268 2203 ἡλικίαν,
1284 2169 1307 2195 ol
1322 2168 1350 2195 δὲ
1365 2169 1427 2204 περὶ
1435 2168 1480 2195 τὸν
1491 2169 1571 2204 μέσον
1579 2169 1626 2196 τοῦ
1635 2169 1777 2206 ἀνθρώπου
1786 2168 1847 2203 ζωῆς

1034 2197 1055 2223 D
1069 2197 1174 2249 χρόνον,
1188 2214 1213 2239 οἱ
1233 2197 1267 2239 δὲ’
1281 2213 1326 2240 τὸν
1346 2197 1429 2249 ἄνδρα
1450 2197 1551 2240 τέλίέιον
1569 2215 1617 2251 ἤδη
1639 2197 1695 2242 καὶι
1710 2197 1847 2250 ὑπερϐεεῖιῦ

1069 2259 1135 2287 κότα
1153 2259 1342 2295 ἀνειληφότες·
1364 2260 1388 2286 οἱ
1402 2259 1430 2286 δὲ
1453 2260 1524 2287 κατὰ
1541 2261 1586 2286 τὸν
1605 2260 1761 2296 πρεσϐύτην
1778 2258 1847 2286 αὐτὸν

1070 2306 1198 2342 γηραλέοι
1211 2306 1313 2338 λοιπὸν,
1329 2306 1377 2333 καὶ
1389 2307 1453 2342 περὶ
1466 2306 1571 2342 δυσμὰς
1586 2307 1693 2342 ἔχοντες
1704 2307 1749 2334 τοῦ
1765 2307 1827 2342 βίον.

725 2354 863 2386 postremo
897 2351 1004 2385 quidam
1028 2351 1098 2378 circa
1121 2352 1234 2379 senilem
1275 2357 1401 2385 aetatem,
1432 2352 1545 2387 longawi
1568 2354 1744 2389 cazteroquin,
1764 2358 1790 2380 et
1818 2351 1846 2377 ad

1106 2445 1184 2472 Εἴποι
1200 2444 1223 2471 δ’
1240 2445 1272 2472 ἄν
1289 2454 1330 2477 τις
1346 2446 1394 2474 καὶ
1409 2446 1511 2483 ἑτέρως
1526 2447 1706 2482 ἐξηγούμενος
1723 2443 1846 2481 ἐφαρμότ-

1069 2499 1124 2517 τειν
1149 2491 1183 2518 τὰ
1207 2491 1257 2527 τῆς
1279 2492 1438 2528 παραϐολῆς
1465 2493 1629 2529 δηλούμενα.
1651 2494 1708 2524 τοῖς
1729 2491 1846 2519 ἀνέκαθεν

1069 2537 1101 2563 ὲκ
1120 2537 1230 2573 πρώτης
1251 2537 1299 2565 τοῦ
1326 2539 1386 2574 βίου
1411 2540 1565 2571 συστάσεως
1597 2540 1678 2575 μέχρι
1706 2536 1845 2566 συντελείας

1068 2583 1114 2610 τοῦ
1137 2584 1235 2616 αἰῶνος
1262 2584 1485 2621 καταξιουμένοις
1516 2586 1565 2621 τῆς
1598 2586 1691 2613 ἐνθέου
1724 2585 1842 2620 κλήσεως.

1070 2630 1150 2656 Ὥστε
1162 2631 1225 2665 ⁴ἅμα
1238 2632 1310 2667 πρωὶ
1326 2632 1475 2668 κεκλῆσθαι
1496 2633 1585 2667 λέγειν
1602 2633 1648 2659 ἐπὶ
1663 2633 1711 2668 τὴν
1726 2632 1771 2668 τῆς
1795 2630 1844 2657 θεο-

1070 2674 1177 2707 σεϐείας
1203 2677 1335 2713 ἐργασίαν
1367 2679 1431 2710 τοὺς
1460 2678 1531 2706 κατὰ
1560 2679 1608 2714 τὴν
1629 2679 1714 2715 ἀρχὴν
1734 2677 1778 2705 τοῦ
1794 2675 1842 2710 βίον

848 2729 868 2742 ¹¹
891 2728 898 2754 1
914 2728 975 2755 Cor.
990 2736 1008 2761 I,
1023 2728 1070 2756 ‘24.

1105 2776 1143 2810 (7)
1157 2776 1237 2806 Forte
1254 2779 1451 2814 πνευματικῆς.
