1904 3076
79 130 129 157 373

648 131 835 158 ANONYMUS
854 131 887 158 IN
906 131 974 159 ΜΒ.
996 147 1031 152 -
1048 131 1112 160 LIB.
1134 132 1153 160 I.

1661 134 1717 162 δη

80 193 177 223 agones
189 208 197 220 ,
214 189 349 217 omnibus
365 189 390 216 in
407 193 536 224 perpetuo
558 189 734 224 singulariter
752 190 872 226 fulgent.
888 193 911 221 A
926 198 1018 224 nosse,
1035 192 1078 219 vel
1091 192 1191 223 dicere,
1210 191 1251 219 vel
1268 191 1404 225 scribere,
1417 199 1476 226 qua:
1490 191 1564 219 solus
1579 190 1659 218 Pater
1680 191 1714 219 ad

80 232 204 260 omnibus
221 233 249 260 in
275 239 409 261 aeternum
434 235 568 262 bonorum
592 237 708 263 formam
731 238 874 270 tribuunt,

80 279 203 307 omnibus
234 280 291 307 sub
322 280 379 308 sole
404 280 514 315 pietatis
537 282 690 318 exemplum
715 285 874 312 ostendunt.

81 324 153 358 Quod
176 329 274 353 autem
293 326 429 354 sideribus
452 331 534 362 atque
557 327 739 357 luininaribus
763 337 875 365 compa-

82 377 171 398 rentur
179 379 280 400 omnes
288 374 375 401 sancti
390 374 562 402 demonstrat
573 375 731 409 Apostolus,
754 376 848 404 dicens
865 384 873 403 :

81 417 160 445 Stella
173 419 244 446 enim
263 428 280 446 ιι
297 420 373 448 uella
393 421 484 456 aii/fert
499 422 527 449 in
540 422 671 453 clari/ale.
687 423 726 449 ila
744 428 767 449 et
787 431 875 450 resur-

81 466 156 492 rectio
172 467 377 501 mortuorum‘,
391 467 577 502 proculdubio
587 469 873 496 sanctorum.Eviden-

81 511 132 538 tius
147 516 240 538 autem
256 513 380 540 ostendit
397 513 448 541 hoc
469 514 583 548 angelus
594 534 601 547 ,
618 515 664 549 qui
682 515 714 541 ad
733 514 872 542 Danielem

82 560 181 585 loculus
201 563 246 586 est
264 559 360 587 dicens
381 567 389 586 :
411 559 485 587 Tunc
502 560 571 595 justi
604 560 765 596 e/fulgebunt
804 562 873 588 sicut

82 604 221 631 luminaria
241 604 324 638 caeli,
341 611 465 641 tanquam
481 607 521 633 sol
532 626 539 639 ,
555 611 579 633 et
598 607 662 633 luna
673 627 680 640 ,
700 613 723 634 et
747 611 872 642 tanquam

82 651 158 678 stella:
179 651 208 678 in
232 651 335 679 uacula
348 653 369 680 ¹.
388 652 475 686 Super
492 653 548 681 hare
559 654 686 681 universa
708 654 789 681 etiam
816 655 873 689 ipse

83 697 206 724 Dominus
241 698 270 724 in
303 698 458 733 Evangeliis
478 699 545 726 dicit
577 708 585 726 ς
605 699 676 726 Tum:
695 699 764 734 jttxli
786 700 870 735 fulge-

83 744 138 770 bunt
151 744 176 769 in
190 749 335 779 conspectu
344 745 431 772 Patris
441 745 483 772 sui
495 746 586 781 quiest
604 747 631 773 in
644 747 714 774 oculis
726 747 748 773 ³.
761 747 807 775 Sic
819 748 870 775 ita-

82 797 130 824 que
141 789 275 825 eﬂ‘ulgeut
293 796 376 826 atque
389 792 507 819 emicant
521 800 616 820 omnes
629 792 733 826 sancti,
748 794 802 820 ndn
827 800 871 820 so-

82 836 131 863 lum
147 837 172 863 in
194 841 323 872 tempore
342 839 524 866 restitutionis
537 860 544 872 ,
567 839 615 866 sed
630 844 657 866 et
671 848 742 867 nttnc
758 839 784 866 in
804 844 870 866 tem-

82 889 141 916 pore
157 881 238 917 hujus
254 883 402 918 praesentis
414 884 515 911 saeculi.
533 884 610 911 Alius
629 885 700 912 enini
718 885 769 913 Iide
787 886 870 920 fulget

83 934 108 955 ut
123 929 279 963 Abraham;
298 930 367 957 alius
385 931 509 958 castitate
525 931 597 958 lucet
614 937 642 958 ut
659 931 776 967 .Iosepb;
801 933 870 959 alius

84 973 254 1002 nihilominus
280 976 490 1002 mansuetudine
504 995 511 1008 ,
530 980 560 1002 ut
577 975 660 1002 homo
686 975 732 1002 Dei
749 975 868 1011 Moyses.

84 1020 141 1047 Item
161 1028 227 1047 vero
252 1021 325 1048 alius
345 1022 500 1049 constantia
523 1027 605 1056 atque
628 1022 772 1049 tolerantia
786 1022 870 1049 velte-

83 1067 204 1093 mentium
222 1067 350 1094 dolorum
364 1089 371 1100 ,
391 1068 460 1095 sicut
483 1067 652 1095 admirabilis
676 1067 745 1100 Job,
770 1067 804 1094 de
817 1074 871 1102 quo

83 1114 208 1148 plurimus
227 1121 322 1141 sermo
336 1134 344 1146 ,
358 1115 392 1141 de
408 1121 462 1149 quo
476 1114 623 1141 vehemens
638 1114 785 1148 disputatio
795 1133 802 1145 ,
821 1121 869 1140 cu-

82 1159 120 1193 jus
133 1165 233 1186 sancta:
247 1160 360 1186 virtutis
375 1159 501 1194 insignia,
511 1160 589 1194 cujus
602 1159 792 1186 admirabilem
809 1167 871 1187 con-

84 1204 204 1231 stantiam
220 1224 227 1236 ,
243 1203 326 1239 cujus
350 1204 558 1231 inenarrabitem
583 1204 752 1231 tolerantiam
766 1224 773 1237 ,
793 1204 871 1238 cujus

85 1249 245 1277 miserabiles
261 1249 382 1282 dolores,
400 1250 461 1285 quis
476 1251 586 1277 edicere
600 1270 608 1283 ,
623 1250 664 1276 vel
684 1249 763 1283 juxta
786 1251 871 1278 meri-

84 1299 134 1321 tum
147 1295 283 1330 proferre,
301 1296 344 1323 vel
357 1296 487 1323 admirari
505 1296 602 1326 valeat,
619 1303 679 1330 quae
692 1297 794 1330 scripta
809 1300 871 1323 sunt

85 1342 207 1377 Syrorum
229 1342 326 1377 lingua
340 1363 348 1375 ,
365 1343 424 1370 sive
439 1343 473 1370 ab
493 1343 551 1378 ipso
566 1342 616 1371 Job
629 1363 637 1375 ,
653 1343 710 1370 sive
725 1343 759 1371 ab
773 1343 870 1370 amicis

85 1386 156 1422 ejus?
177 1387 218 1415 0b
246 1389 303 1416 hoc
331 1389 403 1416 enim
427 1389 492 1416 dicit
513 1389 571 1424 ipse
592 1388 767 1416 beatissimus
793 1388 868 1416 Job:

86 1433 145 1465 Qui:
159 1435 232 1461 dabit
252 1441 283 1462 ut
298 1435 450 1462 scribantur
465 1443 597 1462 sermones
616 1435 683 1467 mei,
699 1440 723 1462 et
737 1440 870 1469 ponantur

85 1479 110 1505 in
126 1479 188 1506 libro
210 1481 237 1506 in
259 1484 416 1515 perpetuam
427 1481 458 1507 l‘2'
479 1481 656 1516 lnterpretata
672 1486 761 1508 autem
777 1486 840 1508 sunt
854 1489 869 1508 a

87 1533 174 1560 magno
189 1526 234 1553 illo
248 1527 310 1553 viro
326 1526 418 1562 Moyse
435 1527 460 1553 iu
478 1527 637 1555 Hebraieam
651 1527 870 1562 linguam,atque

87 1570 141 1598 filiis
164 1571 245 1599 Israel
270 1573 381 1600 tradita.
402 1573 479 1607 Quod
504 1574 624 1601 ostendit
647 1574 703 1608 ipsa
727 1575 868 1608 Scriptura

85 1614 145 1648 Iob,
164 1617 256 1645 dicens
276 1628 282 1644 :
297 1617 355 1645 Hoc
371 1618 560 1651 interpretatus
579 1624 618 1646 est
633 1627 665 1646 ea:
680 1619 812 1654 Syrorum
833 1620 869 1646 li-

90 1662 140 1689 bro.
154 1662 173 1689 Α
189 1670 243 1697 quo
270 1664 489 1698 interpretatus?
507 1665 680 1693 Manifestum
704 1672 746 1693 est
767 1668 838 1701 quod
854 1674 869 1693 a

89 1706 173 1743 Mure
186 1708 212 1735 in
226 1708 384 1737 Hebrmum.
397 1709 463 1737 Item
479 1718 543 1737 vero
559 1718 572 1737 a
588 1710 763 1746 Septuaginta
782 1711 870 1738 Inter-

87 1754 198 1787 pretibus
221 1762 256 1782 ex
279 1755 392 1783 Hebraeo
415 1756 441 1782 in
460 1755 584 1783 Grzecum
606 1756 753 1784 translatus
773 1761 823 1783 est.
841 1756 869 1784 In

88 1798 195 1835 Egypto
208 1801 318 1829 scilicet
336 1801 400 1829 olim
419 1802 525 1837 Moyses
548 1802 622 1828 illum
638 1809 671 1829 ex
688 1801 758 1837 Syro
773 1802 798 1828 in
816 1801 869 1829 Ile-

87 1838 346 1874 brzeum'transtulit.
372 1846 438 1874 Item
457 1847 482 1873 in
506 1846 622 1881 Egypto
647 1847 729 1873 etiam
756 1838 870 1881 Septua-

89 1886 152 1920 ginta
167 1890 215 1916 sub
230 1889 378 1917 Ptolemteo
395 1898 428 1917 ex
452 1890 568 1918 Hebrau)
596 1891 621 1917 in
649 1890 776 1918 Graecum
795 1891 869 1917 illum

89 1934 299 1968 transtulerunt,
324 1941 351 1964 et
374 1937 442 1965 inde
460 1945 493 1964 ex
517 1937 636 1973 Egyplo
659 1945 707 1972 per
729 1937 870 1964 universas

89 1985 173 2014 gentes
195 1982 268 2010 beati
294 1983 344 2010 Job
361 1983 501 2019 Scriptura
523 1984 658 2019 divulgata
673 1989 714 2011 cst
730 1992 737 2010 :
752 1985 869 2018 primum

89 2026 187 2060 quidem
202 2028 229 2055 in
244 2029 347 2056 Arabia
363 2029 475 2065 Syriaco
491 2030 603 2064 scripta,
623 2030 667 2057 ubi
685 2034 711 2057 et
725 2029 775 2058 Job
789 2031 869 2057 habi-

91 2074 156 2100 tabat
170 2083 177 2101 :
192 2079 251 2110 post
267 2075 319 2103 hoc
332 2083 397 2103 vero
411 2081 439 2103 et
457 2076 484 2103 in
507 2075 629 2104 Ilehrzeis
642 2097 649 2108 ,
664 2081 690 2103 et
705 2077 730 2103 in
747 2076 849 2104 Graecis
860 2097 868 2110 ,

90 2123 162 2152 atque
175 2119 202 2147 in
216 2121 346 2150 omnibus
359 2122 496 2156 gentibus,
507 2121 584 2155 juxta
598 2121 655 2148 haec
670 2129 730 2156 qua:
747 2122 869 2149 intimata

90 2168 160 2198 atque
183 2171 294 2194 ostensa
316 2172 399 2201 sunt,
422 2167 563 2194 immutata
586 2171 667 2202 atque
690 2168 869 2203 interpretata

927 235 1012 263 solum
1029 236 1126 263 Filium
1149 236 1253 264 locutus
1271 241 1313 263 est
1336 236 1449 264 dicens:
1464 235 1609 263 Faciamus
1627 237 1714 265 homi-
1736 246 1739 255 ¹

927 282 1019 313 nem”,
1036 287 1061 309 et
1079 287 1177 309 caetera
1196 282 1335 314 universa,
1351 282 1403 309 nisi
1422 281 1496 310 solus
1512 281 1618 317 Moyses
1631 302 1638 315 ,
1654 290 1714 316 quas

927 327 1058 356 revelavit
1079 328 1116 355 illi
1140 328 1262 363 Spiritus
1278 333 1389 356 sanctus
1408 327 1565 356 Paracletus
1585 329 1630 364 qui
1645 336 1715 363 pra:-

927 383 991 402 sens
1005 380 1082 403 erat:
1097 375 1136 402 sic
1157 375 1282 402 similiter
1299 374 1390 402 nullus
1409 375 1482 402 illius
1495 375 1623 410 temporis
1640 380 1714 410 pote-

927 427 971 449 rat
985 429 1064 449 nosse
1081 422 1109 448 in
1120 427 1224 449 secreto
1238 429 1298 456 quae
1314 422 1383 448 Deus
1396 421 1430 448 ad
1445 421 1582 448 diabolunt
1604 421 1712 449 locutus

925 473 967 495 est
982 475 1031 502 pro
1058 468 1242 502 increpatione
1255 467 1315 500 ejus
1332 474 1393 501 quae
1408 467 1434 494 in
1453 474 1485 494 eo
1499 472 1558 494 erat
1570 467 1714 501 cogitatiov

925 515 1037 546 nis,nisi
1057 514 1131 541 solus
1145 513 1262 549 Moyses,
1271 514 1313 540 cui
1327 518 1425 540 cuncta
1446 519 1507 541 sunt
1522 513 1638 541 revelata
1654 521 1714 548 quas

927 565 991 586 ante
1003 565 1085 586 erant
1099 560 1257 587 abscondita
1272 579 1280 591 ,
1295 566 1344 594 pro
1357 559 1390 586 iis
1405 559 1449 594 qui
1467 565 1530 586 tunc
1544 559 1610 594 legis
1624 560 1714 594 auspi-

924 605 994 632 eimu
1010 610 1086 632 erant
1103 605 1333 639 accepturi.Quod
1351 611 1441 632 autem
1458 604 1563 640 Moyses
1577 605 1634 632 hate
1646 605 1714 632 scri-

924 652 1008 685 pserit
1025 651 1051 678 in
1063 650 1183 687 [Egypto
1194 671 1202 683 ,
1217 651 1302 679 etiam
1323 651 1399 685 juxta
1423 651 1510 686 ipsmn
1529 656 1634 685 tempus
1651 658 1713 678 cum

923 697 1042 730 ejusdem
1057 697 1092 724 sit
1108 698 1212 724 muneri
1227 697 1344 725 maxime
1353 698 1558 732 comprobatur.
1573 697 1640 724 Nam
1659 698 1714 725 sic-

924 748 952 770 ut
965 743 1075 778 quintus
1085 743 1202 771 eratlob
1213 743 1247 770 ab
1264 743 1413 776 Abraham,
1426 743 1462 769 ita
1477 743 1570 777 quinta
1587 742 1714 777 progenie

923 789 1023 818 missus
1031 795 1072 818 est
1082 790 1187 826 Moyses
1197 790 1312 818 educere
1323 790 1391 817 ﬁlios
1401 789 1482 816 Israel
1494 789 1527 816 de
1541 793 1614 816 terra
1629 788 1714 824 Atla-y-

923 836 970 870 pti.
987 836 1074 871 Super
1090 837 1147 864 lucc
1161 841 1252 864 autem
1264 836 1369 868 omnia,
1383 843 1399 862 ο
1413 834 1505 866 amici,
1520 833 1673 861 invenimus
1685 833 1714 860 in

923 882 1095 918 antiquorum
1111 883 1201 915 dictis,
1217 882 1288 917 quod
1304 889 1366 908 cum
1383 882 1496 915 magnus
1510 880 1556 907 ille
1568 879 1674 914 Moyses
1686 879 1713 905 In

922 928 1038 964 [Egypto
1052 936 1066 954 a
1084 928 1138 955 Deo
1156 927 1253 955 fuisset
1269 928 1385 960 missus,
1406 926 1631 953 etvebementem
1649 925 1714 952 allii-

922 976 1039 1002 ctionem
1055 974 1173 1002 ﬁliorum
1191 973 1273 1001 Israel
1290 973 1415 1005 videret,
1428 977 1455 999 et
1468 972 1603 999 consolari
1617 979 1664 999 eos
1679 973 1713 1000 ab

922 1021 1062 1048 anxietate
1086 1019 1269 1047 lamentabilis
1293 1027 1389 1047 eorum
1410 1017 1563 1047 alliictionis
1579 1026 1631 1052 qua
1653 1018 1713 1046 illos

921 1067 1043 1102 [Egyptii
1067 1066 1241 1101 allligcbant,
1264 1066 1376 1093 minimc
1390 1067 1515 1098 valeret,
1536 1066 1713 1094 vehementes

922 1114 983 1141 illos
1004 1119 1086 1148 atque
1103 1113 1237 1140 terribiles
1260 1112 1312 1140 Job
1331 1113 1440 1140 dolores
1456 1121 1504 1146 pro
1526 1112 1712 1140 consolatione

922 1159 974 1186 illis
988 1158 1165 1188 enarraverit,
1184 1165 1287 1185 necnon
1300 1162 1327 1185 et
1344 1158 1369 1184 in
1385 1157 1525 1191 Scriptura
1546 1164 1592 1184 eos
1610 1164 1713 1191 ponens

921 1205 1010 1232 adhuc
1024 1212 1085 1232 cum
1106 1209 1198 1232 essent
1218 1204 1399 1235 recentiores,
1416 1203 1452 1230 illi
1468 1203 1567 1237 popqu
1582 1203 1689 1230 dederit
1703 1211 1710 1229 :

922 1255 951 1278 ut
966 1259 1014 1286 per
1025 1252 1204 1286 cognationes
1218 1256 1245 1279 et
1260 1251 1348 1277 tribus
1360 1257 1425 1278 suas
1440 1250 1499 1277 bzec
1517 1249 1649 1284 legentes,
1666 1256 1712 1277 ve-

922 1298 1063 1325 hementes
1079 1303 1161 1333 atque
1180 1297 1316 1325 terribiles
1338 1297 1398 1324 illos
1418 1296 1490 1323 beati
1509 1295 1581 1324 illius
1597 1296 1648 1322 viri
1661 1296 1712 1323 do-

921 1343 993 1370 lores
1007 1342 1148 1370 audientes
1161 1362 1169 1375 ,
1185 1342 1301 1370 invicem
1323 1349 1352 1369 se
1372 1341 1592 1373 consolarentur,
1607 1344 1635 1368 et
1649 1348 1712 1369 cum

920 1389 1048 1424 patientia
1063 1395 1144 1424 atque
1159 1389 1307 1425 gratiarum
1329 1389 1481 1416 actionibus
1507 1387 1576 1414 mala
1590 1394 1650 1422 qua:
1662 1393 1712 1414 eos

921 1435 1156 1462 circumdederant
1174 1434 1334 1467 sull'errent.
1356 1440 1384 1462 et
1395 1438 1425 1462 ut
1439 1435 1536 1462 bonam
1552 1441 1712 1460 remunera-

922 1482 1022 1509 tionem
1039 1482 1146 1509 Domini
1161 1489 1241 1516 quant
1256 1481 1307 1508 Job
1322 1485 1385 1516 post
1402 1481 1577 1508 tolerantiam
1596 1479 1711 1514 largitus

922 1531 963 1554 est
978 1526 1128 1559 audientes,
1145 1527 1225 1553 etiam
1244 1527 1295 1561 ipsi
1310 1526 1497 1554 liberationem
1508 1529 1650 1560 sperarent
1662 1544 1669 1557 ,
1682 1528 1712 1552 et

922 1572 1053 1600 beneﬁcia
1069 1573 1155 1600 beatae
1175 1572 1309 1600 mercedis
1324 1572 1451 1600 laborum
1466 1579 1576 1599 suorum
1609 1577 1710 1605 exspe-

912 1623 1038 1647 *ctarent.
1055 1619 1138 1653 Hujus
1150 1626 1267 1652 namque
1279 1621 1317 1647 rei
1325 1619 1435 1647 evidens
1448 1624 1529 1653 atque
1540 1617 1709 1644 irrelutabile

921 1665 1049 1692 iudicium
1067 1669 1109 1693 est
1133 1665 1183 1692 hoc
1195 1686 1202 1698 ,
1219 1665 1291 1699 quod
1309 1665 1392 1692 etiam
1409 1664 1499 1692 adhuc
1517 1670 1602 1698 usque
1617 1663 1643 1690 in
1665 1663 1710 1690 lto-

921 1713 1044 1740 diernum
1070 1713 1141 1740 dietn
1168 1712 1239 1739 beati
1258 1711 1309 1739 .Iob
1334 1711 1477 1739 tolerantia
1502 1714 1566 1738 ante
1591 1717 1638 1737 eos
1663 1709 1710 1744 qui

921 1763 983 1786 sunt
995 1759 1022 1786 in
1038 1759 1130 1786 dolore
1140 1763 1167 1785 et
1178 1758 1250 1785 luctu
1268 1763 1349 1792 atque
1358 1757 1465 1792 planctu
1479 1756 1577 1791 legitur
1586 1762 1636 1789 pro
1646 1762 1710 1782 con-

921 1805 1054 1832 solatione
1077 1809 1161 1838 atque
1182 1804 1372 1831 exhortatione
1392 1802 1517 1830 dolorum
1540 1802 1647 1828 illorum
1660 1820 1668 1833 ,
1683 1804 1709 1828 et

921 1858 970 1885 pro
986 1850 1122 1877 ablatione
1136 1849 1267 1884 angustia:
1285 1847 1375 1875 cordis
1392 1854 1498 1874 eorum.
1515 1845 1650 1873 Similiter
1663 1851 1709 1872 au-

922 1903 974 1924 tem
993 1901 1020 1924 et
1034 1897 1062 1923 in
1076 1899 1209 1923 conventu
1229 1894 1356 1922 ecclesia:
1372 1895 1398 1921 iu
1412 1893 1509 1924 diebus
1529 1892 1634 1920 sanctis
1645 1892 1708 1926 legi-

921 1948 964 1970 tur
983 1943 1072 1978 passio
1093 1942 1144 1970 Job
1161 1962 1168 1974 ,
1183 1941 1209 1968 in
1226 1941 1320 1968 diebus
1333 1940 1429 1976 jejunii
1445 1960 1453 1972 ,
1469 1940 1496 1966 in
1512 1939 1608 1967 diebus
1625 1937 1707 1966 absti-

921 1990 1035 2022 nentiae,
1049 1989 1076 2017 in
1093 1989 1189 2016 diebus
1205 1988 1232 2015 in
1250 1987 1348 2023 quibus
1363 1992 1491 2022 tanquam
1506 1986 1708 2020 compatiuntur

921 2036 938 2063 ii
954 2036 998 2071 qui
1016 2035 1143 2070 jejunant
1155 2039 1182 2063 et
1195 2034 1349 2066 abstinent,
1364 2032 1517 2060 admirabili
1537 2032 1577 2059 illi
1593 2031 1659 2065 Job,
1681 2031 1707 2059 in

920 2082 1017 2109 diebus
1038 2081 1064 2108 in
1079 2081 1178 2116 quibus
1195 2080 1221 2107 in
1233 2079 1337 2113 jejunio
1354 2083 1382 2106 ct
1398 2078 1564 2106 abstinentia
1586 2082 1708 2105 sanctam

921 2127 1027 2155 Domini
1050 2127 1134 2154 nostri
1159 2126 1222 2154 Jesu
1245 2125 1348 2153 Christi
1372 2125 1526 2160 passionem
1548 2128 1706 2151 sectamur:

921 2178 952 2200 ιιι
965 2173 1111 2201 terribilem
1125 2172 1183 2208 ejus
1196 2172 1349 2207 passionem
1365 2175 1538 2198 transeuntes
1553 2169 1585 2197 ad
1600 2170 1706 2196 beatam

90 2214 132 2237 est.
149 2211 211 2240 Erat
225 2213 356 2240 nimirum
373 2212 478 2248 pridem
496 2212 611 2247 Syriace
625 2221 658 2240 ex
677 2220 753 2249 parte
766 2215 866 2249 scripta
884 2227 906 2255 ι)
921 2219 981 2254 ejus
1005 2219 1232 2246 resurrectionem
1254 2218 1350 2245 venire
1373 2223 1529 2244 mereamur
1541 2235 1550 2248 ,
1571 2214 1708 2250 compassi

91 2261 137 2282 nou
152 2257 186 2283 ita
205 2257 349 2293 diligenter
361 2265 449 2293 neque
463 2258 499 2285 ita
515 2258 671 2292 vigilanter,
689 2260 864 2294 quemadmo-

91 2300 144 2328 dum
154 2308 244 2337 postea
257 2311 273 2331 a
290 2303 390 2339 Moyse.
404 2303 475 2330 Sola:
487 2303 559 2330 enim
573 2305 773 2338 responsiones.
783 2310 865 2340 atque

92 2347 271 2381 replicationes
296 2358 310 2377 a
333 2351 482 2385 primordio
498 2351 607 2383 scripta;
622 2355 695 2378 sunt.
721 2350 787 2377 Nam
803 2351 866 2385 quis

93 2392 185 2422 illorum
200 2400 307 2431 poterat
322 2404 403 2424 nosse
416 2397 555 2432 quomodo
570 2397 697 2424 venerint
721 2397 822 2433 angeli,
838 2401 866 2424 ut

92 2443 182 2467 starent
196 2446 258 2469 ante
274 2441 358 2469 Deum
372 2461 380 2475 ,
395 2441 437 2470 vel
452 2442 589 2478 quomodo
603 2442 728 2469 diabolus
742 2443 864 2476 venerit,

92 2484 128 2510 vel
140 2486 199 2520 quid
216 2487 330 2520 dixerit,
347 2487 390 2515 vel
405 2488 470 2523 quid
486 2487 681 2524 responderit?
697 2488 793 2517 Nullus
807 2489 868 2517 illo-

93 2537 144 2557 rum
154 2538 256 2566 poterat
269 2534 320 2561 hoc
336 2542 417 2562 nosse
429 2554 438 2568 ,
454 2535 496 2562 vel
516 2535 567 2562 hoc
583 2536 653 2570 quod
669 2536 740 2564 Deus
754 2537 788 2563 ad
803 2537 864 2564 dia-

94 2574 169 2604 bolum
182 2578 284 2608 loeutus
293 2580 384 2612 fuerit,
400 2581 450 2608 nisi
463 2581 536 2609 solus
553 2581 660 2617 Moyses
673 2580 789 2616 Spiritus
803 2590 867 2610 san-

94 2621 124 2648 eti
138 2624 301 2654 revelatione.
318 2627 396 2655 Sicut
408 2628 480 2654 enim
500 2628 534 2654 de
545 2627 648 2655 factura
665 2628 727 2655 coeli
744 2633 770 2655 et
785 2633 865 2656 terra;

96 2674 163 2696 nemo
177 2671 243 2700 alius
261 2673 297 2700 ita
319 2673 464 2708 diligenter
483 2679 589 2709 poterat
604 2681 695 2705 nosse,
712 2673 758 2700 vel
777 2673 863 2709 loqui,

95 2713 131 2740 vel
143 2717 255 2745 scribere
266 2718 338 2746 sicut
355 2718 472 2754 Moyses,
489 2719 525 2746 ita
541 2726 592 2746 nec
610 2726 642 2746 ea
656 2727 716 2753 qua:
731 2719 804 2746 circa
815 2718 866 2747 Job

97 2766 159 2794 gesta
174 2770 242 2792 sunt.
259 2765 313 2793 Sed
329 2766 364 2793 ita
381 2766 481 2799 adhuc,
495 2767 567 2795 sicut
581 2774 662 2795 nemo
681 2767 749 2795 alius
763 2771 868 2802 poterat

127 2852 221 2885 'ICor.
236 2864 279 2889 xv,
296 2857 339 2891 Il,
359 2858 401 2886 4‘2.
443 2860 452 2875 ²
468 2859 535 2887 Dan.
552 2867 598 2892 xu,
618 2859 643 2888 5.

680 2860 689 2874 ³
707 2859 804 2890 Matth.
823 2867 881 2893 nu,
905 2860 945 2887 45.

917 2273 988 2292 nunc
999 2270 1028 2292 ut
1042 2269 1068 2293 et
1081 2271 1278 2300 conregnemus
1288 2284 1296 2296 ,
1314 2261 1489 2291 condoleutes
1504 2262 1585 2289 modo
1599 2261 1625 2288 in
1643 2266 1708 2288 tem-

916 2319 983 2347 pore
990 2311 1198 2345 passionis.utet
1209 2309 1428 2348 congaudeamus
1439 2312 1498 2343 post
1506 2308 1557 2335 hoc
1569 2307 1596 2334 in
1605 2312 1707 2342 tempo-

917 2366 947 2384 re
960 2357 1175 2384 resurrectionis.
1191 2356 1276 2389 Quam
1295 2355 1448 2390 passionem
1469 2355 1600 2382 Dominus
1612 2359 1706 2381 noster

917 2401 994 2428 Iesus
1009 2399 1135 2428 Christus
1148 2400 1181 2426 ad
1198 2404 1285 2426 terras
1296 2400 1409 2426 veniens
1425 2400 1452 2426 in
1469 2400 1588 2426 humano
1605 2406 1705 2433 corpon

918 2455 948 2474 re
969 2447 1097 2474 sustinuit
1113 2453 1160 2481 pro
1176 2445 1298 2473 omnium
1314 2446 1453 2472 hominum
1470 2445 1579 2477 salutes,
1605 2449 1635 2471 ut
1657 2452 1705 2479 per

919 2491 1075 2526 passionem
1098 2498 1164 2519 sane
1179 2496 1294 2518 mortem
1319 2491 1487 2518 interﬁceret
1499 2511 1507 2523 ,
1522 2497 1571 2525 per
1585 2497 1705 2519 resurre-

920 2537 1036 2565 ctionem
1052 2544 1117 2564 vero
1131 2544 1209 2564 suam
1228 2537 1375 2564 recidivam
1387 2537 1470 2563 vitam
1484 2536 1590 2564 cunctis
1607 2540 1705 2563 osten-

919 2585 1004 2610 deret.
1020 2583 1102 2618 Cujus
1116 2583 1250 2618 passionis
1264 2588 1346 2618 atque
1367 2583 1576 2610 resurrectionis
1599 2583 1705 2610 Domini

918 2629 1033 2656 formam
1048 2633 1128 2663 atque
1143 2629 1296 2664 exemplum
1320 2628 1383 2662 quia
1400 2627 1456 2654 Job-
1468 2629 1558 2662 passio
1571 2628 1598 2655 in
1611 2627 1704 2655 multis

920 2675 1031 2710 gert-bat
1044 2696 1051 2707 ,
1065 2675 1135 2702 sicut
1149 2675 1167 2701 ii
1181 2675 1228 2709 qui
1242 2674 1397 2709 diligentius
1410 2674 1594 2708 requisierunt
1605 2694 1612 2706 ,
1626 2681 1704 2708 τερος

922 2726 1036 2749 rerunl:
1052 2721 1150 2748 merito
1164 2721 1244 2748 etiam
1261 2729 1334 2749 nunc
1355 2721 1382 2747 in
1401 2720 1496 2748 diebus
1510 2720 1661 2755 passionis,
1679 2721 1704 2746 iu

923 2768 1018 2795 diebus
1033 2766 1274 2799 sanctificationis,
1293 2766 1321 2793 in
1339 2766 1435 2794 diebus
1449 2765 1557 2802 jejunii,
1571 2766 1643 2794 beati
1657 2764 1706 2792 Job

992 2860 1001 2876 λ
1014 2859 1062 2889 Job
1076 2869 1129 2893 aut,
1149 2861 1193 2888 9.3.
1241 2860 1250 2877 ⁵
1268 2861 1333 2888 Ceu.
1353 2868 1370 2891 ι,
1387 2859 1443 2886 215..
