1904 3076
215 148 269 177 575

761 143 952 172 ANONYMUS
970 143 1004 171 1N
1023 143 1092 172 J08.
1113 159 1146 163 —
1165 138 1229 171 Lm.
1249 144 1269 171 ι.

1784 146 1833 173 576

213 206 307 241 passio
327 205 435 239 legitur,
452 204 596 231 meditatur
619 206 700 237 alque
723 207 868 230 scrutatur.
895 203 947 231 Sed
966 202 999 229 ad
1013 203 1036 232 Α
1051 202 1100 228 sibi
1122 207 1203 231 erant
1226 202 1361 235 invicem,
1382 207 1463 237 atque
1486 203 1583 239 integri
1609 203 1712 237 amici,
1737 209 1829 239 utpote

213 254 332 288 priorem
349 255 516 279 revertamur
533 256 700 277 sermonem.

250 299 371 326 Diximus
384 297 455 332 quod
471 304 584 331 magnus
607 296 652 323 ille
673 295 779 330 Moyses
802 294 924 322 scribens
938 301 999 329 pas—

214 347 317 375 sionem
333 344 384 372 Job
397 364 405 377 ,
422 347 450 371 et
462 342 582 371 dolorem
596 362 604 375 ,
623 347 652 369 et
666 342 786 369 laborem
802 363 810 375 ,
826 346 907 377 atque
930 349 996 369 con-

213 391 361 423 stantiam,
385 397 435 425 pro
461 389 648 417 consolatione
673 388 780 416 dederit
806 388 868 415 ﬁliis
891 387 996 420 Israel;

211 437 310 466 blande
328 441 356 464 et
376 436 493 470 benigne
509 442 542 462 ac
560 434 663 469 placide
688 434 802 469 loquens
820 435 852 461 ad
878 441 940 466 eos,
965 441 997 461 ac

211 484 304 511 dicens
321 489 329 509 :
350 481 513 509 Constantes
528 484 626 512 estote,
638 479 685 507 lilii
701 479 800 513 Israel;
817 480 995 514 anima-quio-

211 535 256 556 res
273 531 373 558 estote,
395 526 541 561 posteritas
553 525 669 552 Abrahae
684 545 691 557 .
710 525 844 552 sustinete
866 525 973 553 dolores
986 545 994 558 ,

210 574 322 603 suﬁ'erte
339 574 398 601 haec
413 573 495 607 mala,
512 572 576 607 quia
589 577 616 599 et
630 572 694 599 olim
709 576 769 599 erat
781 572 891 606 quidam
914 572 994 600 homo

210 621 236 648 in
252 619 364 655 regione
376 619 511 651 Ausitide,
530 618 573 645 cui
589 625 687 644 nomen
704 621 763 644 erat
779 616 830 645 Job
849 627 855 645 :
872 617 917 652 qui
932 625 993 645 cum

210 670 283 694 esset
296 666 386 701 justus
401 669 429 692 et
441 671 535 696 verax,
550 668 577 691 et
589 663 646 690 sine
657 662 778 698 querela,
799 663 922 698 ingentes
935 670 994 691 sus—

210 712 291 739 tinuit
302 710 422 742 dolores,
433 717 524 737 amara
540 709 710 744 supportavit
725 713 870 741 tormenta,
883 713 993 744 propter

209 758 297 786 zelum
317 756 489 788 adversarii,
504 760 585 789 atque
609 754 771 789 nequissimi
794 753 895 782 diaboli
920 754 992 782 invi-

208 804 294 833 diam.
313 803 351 830 Ita
371 807 399 830 et
416 810 482 834 vos.
499 801 588 836 inquit
601 822 609 835 ,
626 802 707 829 modo
720 808 734 828 a
754 800 898 828 Pharaone
911 807 992 828 vexa-

209 850 287 882 mini,
303 850 336 877 ab
351 848 484 884 Egyptiis
498 848 702 883 oppressionem
720 847 844 882 patimini
858 867 866 880 .
885 847 919 875 ab
936 848 988 874 im-

210 894 430 923 misericordibus
445 893 618 921 vehementes
635 893 775 920 sustinetis
791 892 909 926 dolores,
928 900 989 920 eum

209 942 318 969 omnino
336 948 389 967 non
410 938 622 974 comprobemini
641 943 815 973 peccatores,
831 945 920 972 neque
933 938 990 966 cnl-

207 987 321 1022 pabiles,
336 985 382 1013 sed
397 989 425 1013 et
440 984 539 1017 sancti,
558 983 621 1011 boni
637 984 767 1017 factores,
783 988 811 1012 et
827 983 950 1019 perfecti,
963 988 991 1011 et

207 1033 276 1068 grati
293 1031 373 1060 uitrici
389 1036 417 1059 et
439 1030 506 1066 ipsis
528 1035 556 1058 et
579 1031 704 1065 patribus
717 1037 811 1058 eorum
827 1030 895 1058 estis
913 1037 989 1057 com-

206 1079 312 1114 probati
329 1082 410 1113 atque
425 1076 540 1105 ostenti.
558 1076 613 1104 Sed
629 1083 690 1104 cum
712 1077 770 1104 haec
793 1075 916 1111 patimini
934 1075 990 1103 illi-

205 1125 259 1152 cite
271 1124 306 1151 ab
325 1123 462 1159 Algyptiis
475 1123 502 1151 in
523 1123 681 1150 servitutem
704 1123 805 1150 redacti
818 1142 826 1153 ,
840 1127 868 1150 et
887 1122 990 1157 absque

206 1170 283 1204 culpa
298 1169 332 1197 ab
345 1169 385 1196 eis
401 1167 550 1200 macerati,
567 1173 649 1202 atque
665 1167 764 1202 injuste
780 1166 871 1194 amicti
893 1175 926 1194 ne
941 1168 987 1195 de-

204 1215 325 1243 feceritis
337 1236 344 1248 ,
363 1221 450 1248 neque
474 1212 688 1241 succubueritis.
711 1212 799 1241 Nolite
821 1213 876 1241 ﬁeri
894 1213 988 1248 despe-

203 1266 295 1288 rantes
313 1280 321 1294 ,
346 1261 393 1288 sed
423 1260 556 1288 sustinete
577 1265 746 1293 constanter,
771 1264 852 1294 atque
875 1259 988 1287 sulferte

202 1308 330 1336 viriliter.
350 1307 407 1334 Erit
431 1314 548 1341 namque
569 1311 597 1334 et
615 1307 693 1334 vobis
713 1307 839 1335 liberatio
853 1309 986 1342 quemad-

203 1355 312 1382 modum
328 1358 354 1380 et
370 1354 419 1382 illi.
437 1353 575 1380 Reddetur
588 1353 670 1380 etiam
685 1353 764 1381 vobis
776 1353 921 1380 retributio
936 1354 987 1380 hu-

198 1401 244 1434 jus
262 1399 444 1427 tribulationis
458 1419 466 1431 ,
483 1399 553 1426 sicut
576 1404 604 1425 et
622 1399 659 1426 illi
684 1399 788 1426 reddita
812 1404 864 1426 est.
886 1399 914 1426 Si
935 1406 985 1426 vos

201 1453 271 1481 quos
284 1444 459 1472 honorabiles
474 1449 556 1479 atque
571 1445 671 1472 divites
685 1451 745 1472 esse
760 1445 906 1479 oportebat
921 1451 985 1478 pro-

202 1499 262 1528 pter
280 1498 386 1528 patrnm
406 1493 557 1519 bonitatem
573 1498 654 1526 atque
667 1492 791 1524 divitias,
809 1491 985 1519 inhonorabi-

1051 247 1130 275 unius
1145 248 1252 282 generis
1264 253 1347 282 atque
1365 249 1444 275 unius
1467 249 1564 284 linguas
1575 270 1584 282 ,
1599 254 1627 277 et
1637 270 1644 283 ,
1669 255 1699 278 ut
1716 251 1833 281 brevrter

1049 293 1155 326 dicam,
1173 293 1253 320 unius
1269 293 1357 328 gentis
1372 299 1453 323 erant
1466 299 1494 322 et
1508 295 1626 329 contigui
1650 295 1831 327 habitatores.

1047 338 1115 366 Nam
1133 343 1197 367 tunc
1221 339 1355 367 universae
1379 340 1466 367 tribus
1481 340 1589 368 ldumati
1610 342 1739 369 vocitatae
1760 349 1831 376 sunt,

1047 391 1080 412 ex
1098 385 1207 412 nomine
1229 385 1300 412 Esau
1319 385 1355 412 Ita
1371 390 1544 420 nuncupatas.
1563 385 1640 414 Nunc
1654 394 1720 414 vero
1734 394 1830 416 omnes

1047 437 1100 458 uno
1114 430 1222 457 nomine
1237 429 1340 458 Arabes
1352 430 1535 465 appellantur,
1550 440 1602 459 non
1617 432 1705 460 solum
1720 432 1831 461 Idumtei

1045 475 1091 511 qui
1112 481 1191 504 erant
1204 483 1236 504 ex
1249 476 1319 505 Esau
1332 497 1340 510 ,
1357 477 1404 505 sed
1427 482 1455 504 et
1469 478 1629 506 Ammanitae
1646 483 1673 506 et
1685 479 1810 507 Monbile
1822 500 1829 513 ,

1045 528 1141 548 omnes
1160 522 1264 556 pariter
1281 529 1354 549 nunc
1380 522 1407 550 in
1430 522 1549 550 Arabum
1573 524 1683 551 nomine
1700 526 1832 558 perstrino

1044 574 1156 603 guntur.
1172 567 1235 595 ΙΙωο
1258 568 1348 603 itaque
1372 568 1509 601 diximus,
1535 573 1564 596 ut
1585 569 1760 597 ostendamus
1784 570 1830 605 qui

1043 611 1143 640 fuerint
1159 612 1271 645 Ausim,
1289 620 1323 639 ex
1340 620 1455 647 quorum
1472 611 1523 640 .Iob
1544 613 1693 648 appellatur
1708 616 1829 650 regione,

1043 657 1106 692 quia
1123 658 1208 685 tribus
1219 663 1297 686 erant
1309 662 1336 686 et
1346 659 1519 694 cognationes
1533 659 1630 692 Edom,
1646 659 1690 695 qui
1705 666 1732 688 et
1746 661 1829 688 Esau.

1044 702 1111 730 Nam
1128 704 1197 731 sicut
1212 704 1299 732 tribus
1314 704 1412 737 Israel,
1429 704 1475 739 qui
1491 710 1519 732 et
1530 703 1614 735 πιλεοὺ
1627 726 1634 738 ,
1648 707 1685 733 ita
1699 711 1729 734 et
1743 712 1763 733 tt
1771 707 1833 735 ibus

1042 749 1139 782 Edam,
1155 749 1201 786 qui
1222 754 1249 777 et
1264 749 1353 783 Esau,
1370 749 1447 784 juxta
1468 750 1593 778 carnales
1607 751 1693 779 tribus
1705 772 1714 784 ,
1729 757 1757 779 et
1777 761 1829 780 non

1041 794 1124 828 iuxta-
1142 796 1232 824 studia
1254 796 1397 832 spiritalia.
1412 797 1514 826 Ausitae
1536 804 1600 832 ergo
1618 803 1645 825 et
1661 798 1764 826 Encbci
1777 818 1785 830 ,
1804 804 1830 826 et

1043 840 1122 870 Minoi
1137 847 1165 870 et
1182 841 1369 877 Themanitae,
1392 851 1488 872 omnes
1508 845 1610 879 pariter
1634 843 1744 872 Idumaei
1768 844 1829 873 fue-

1043 894 1115 918 runt.
1130 890 1172 919 0b
1193 891 1244 919 hoc
1260 899 1325 927 ergo
1345 893 1410 921 dicit
1426 901 1432 920 :
1448 892 1533 920 Homo
1553 893 1661 928 quidam
1678 893 1706 920 in
1724 895 1830 928 regione

1041 935 1170 965 Ausitide.
1197 937 1294 966 Statim
1322 938 1348 966 in
1370 939 1517 974 primordio
1543 938 1648 966 laudem
1675 938 1829 966 beatissimi

1041 981 1091 1010 Job
1106 984 1282 1013 demonstrat.
1300 984 1369 1013 Nam
1389 993 1451 1014 cum
1472 985 1613 1018 hominem
1634 985 1707 1013 illum
1723 993 1829 1012 mento-

1042 1033 1094 1063 rat,
1107 1031 1225 1059 ostendit
1240 1031 1364 1067 protinus
1378 1032 1449 1067 quod
1469 1031 1514 1058 ille
1529 1031 1609 1059 homo
1625 1031 1717 1063 fuerit,
1729 1035 1758 1058 et
1773 1039 1828 1059 non

1037 1076 1189 1111 iumentum
1209 1083 1296 1112 neque
1317 1077 1412 1107 bestia.
1436 1077 1523 1106 Homo
1544 1079 1653 1113 quidam
1674 1083 1730 1105 erat
1751 1085 1761 1104 :
1779 1078 1827 1105 sed

1038 1123 1104 1158 quia
1127 1123 1208 1152 homo
1231 1130 1292 1152 esse
1309 1126 1513 1159 comprobatur,
1537 1124 1634 1151 merito
1657 1123 1748 1151 factus
1765 1131 1828 1151 esse

1038 1170 1201 1197 ostenditur.
1218 1168 1305 1199 Homo
1320 1170 1430 1204 quidam
1448 1174 1514 1196 erat.
1534 1168 1610 1198 Unus
1633 1173 1692 1197 erat
1710 1177 1745 1196 ex
1765 1177 1827 1196 om-

1039 1214 1117 1241 nibus
1133 1214 1288 1244 bominibus
1308 1214 1455 1242 secundum
1470 1221 1580 1251 corpus,
1594 1214 1745 1242 secundum
1760 1222 1826 1241 cor—

1038 1260 1188 1294 ruptionem
1201 1280 1209 1293 ,
1223 1261 1269 1287 sed
1284 1260 1429 1295 singularis
1443 1264 1504 1287 erat
1524 1267 1578 1295 prae
1592 1260 1717 1288 omnibus
1733 1260 1825 1287 homi-

1037 1307 1117 1333 nibus
1133 1306 1209 1341 juxta
1226 1306 1336 1340 spiritus
1349 1306 1504 1334 instantiam
1520 1311 1548 1333 et
1567 1306 1665 1335 auium:
1679 1305 1826 1333 sincerita-

1037 1357 1109 1384 tem,
1132 1358 1214 1388 atque
1234 1353 1346 1388 iustitiae
1371 1353 1576 1388 perfectionem.
1603 1352 1689 1383 Homo
1713 1354 1824 1388 quidam

1036 1404 1103 1427 erat.
1123 1398 1192 1427 Vere
1206 1400 1400 1434 bomo,utpote
1414 1400 1495 1427 homo
1508 1399 1605 1431 factus,
1623 1404 1653 1426 ut
1664 1400 1746 1427 homo
1759 1407 1824 1434 per—

1035 1453 1157 1477 manens,
1172 1451 1264 1479 utpote
1281 1445 1314 1472 ad
1333 1445 1475 1480 imaginem
1494 1444 1538 1472 Dei
1554 1450 1671 1478 creatus,
1687 1449 1714 1472 et
1733 1445 1767 1471 ad
1782 1444 1822 1472 si-

1036 1490 1213 1518 militudinem
1226 1490 1408 1525 iumentorum
1426 1498 1458 1518 ac
1474 1490 1621 1518 bestiarum
1634 1496 1715 1525 atque
1736 1491 1823 1524 repti-

202 1539 241 1566 les
258 1544 339 1574 atque
362 1539 441 1572 egeni
463 1538 550 1566 ell‘ecti
571 1538 637 1565 estis
649 1558 657 1570 ,
674 1537 756 1565 nolite
779 1545 959 1572 expavescere
974 1547 981 1565 :
996 1545 1016 1575 α
1034 1539 1099 1566 lium
1114 1546 1166 1566 non
1183 1543 1225 1567 est
1241 1539 1498 1571 immutatus,sicuti
1508 1539 1606 1566 dicitur
1621 1539 1655 1565 de
1666 1538 1820 1573 aliquibus:

200 1582 265 1616 quia
278 1587 306 1609 et
321 1582 450 1616 praefatus
465 1582 509 1609 hic
521 1582 563 1609 vir
574 1581 624 1611 Job
646 1582 679 1610 de
698 1582 762 1610 sede
777 1582 860 1617 regali
877 1587 905 1610 et
923 1583 983 1617 glo-

201 1627 274 1654 riosa
297 1627 330 1654 ad
345 1627 546 1661 sterquilinium
569 1627 712 1654 devolutus
727 1632 769 1654 est
786 1635 849 1654 cutn
868 1628 984 1662 ignomi-

201 1673 257 1705 nia,
274 1679 306 1700 ex
324 1672 465 1700 immensis
477 1673 579 1700 divitiis
597 1677 678 1707 atque
696 1672 835 1707 opulentia
850 1673 883 1700 ad
899 1674 983 1701 mise-

200 1719 312 1746 rabilenl
327 1723 511 1753 paupertatem
527 1719 684 1746 immutatus
701 1724 743 1746 est
757 1724 838 1754 atque
852 1719 981 1755 inopiam.

199 1764 229 1791 Si
245 1764 363 1800 mgyptii
387 1772 456 1799 quos
481 1765 584 1792 amicos
608 1772 668 1793 esse
690 1769 849 1800 oportuerat
872 1771 983 1801 propter

198 1811 313 1847 gratiam
326 1811 426 1846 Ioseph
439 1833 446 1845 ,
467 1817 549 1847 atque
562 1812 746 1841 sinceritatem
762 1812 843 1840 Israel
856 1832 864 1846 ,
880 1814 914 1841 ad
930 1814 982 1840 ini-

198 1857 331 1884 micorum
355 1857 503 1891 nequitiam
525 1858 659 1886 immutati
673 1863 738 1886 sunt
749 1879 756 1892 ,
771 1867 821 1886 nec
835 1859 888 1887 hoc
905 1859 982 1887 vobis

197 1903 233 1928 sit
255 1902 355 1929 mirum
372 1911 379 1929 :
396 1903 460 1937 quia
479 1907 506 1931 et.
527 1902 579 1935 Job
599 1903 660 1931 boni
679 1904 716 1931 illi
737 1905 844 1932 sodales
857 1925 865 1937 ,
885 1905 930 1940 qui
954 1905 980 1932 ei

197 1948 287 1975 devoti
302 1952 384 1983 atque
399 1948 498 1984 integri
520 1949 602 1976 amici
624 1956 687 1978 esse
700 1949 869 1982 debuerant,
883 1951 915 1976 ad
928 1950 980 1977 ini-

197 1993 326 2021 micitiam
342 1996 468 2023 conversi
490 2000 554 2023 sunt
565 2015 574 2027 ,
594 2001 622 2023 et
638 1995 672 2024 ad
696 1996 842 2023 maximam
859 1996 978 2024 relucta-

197 2038 312 2071 tionem,
333 2044 414 2073 atque
425 2040 643 2068 criminationem
665 2041 739 2068 circa
754 2041 827 2068 illum
844 2041 978 2068 immutati

194 2088 268 2112 sunt.
285 2083 333 2112 His
346 2092 411 2119 ergo
425 2085 524 2112 similia
539 2085 621 2113 etiam
638 2093 704 2119 vos,
723 2087 829 2121 inquit,
846 2087 979 2115 sustinen—.

196 2135 247 2162 tes,
262 2130 308 2158 lilii
325 2130 418 2163 Israel,
438 2131 559 2166 usquein
577 2131 657 2159 linem
671 2137 839 2167 supportatc,
852 2140 938 2167 usque
950 2134 976 2161 in

195 2175 277 2203 ﬁnem
293 2176 412 2204 sollerte.
430 2177 489 2204 Erit
503 2178 576 2205 enim
592 2182 681 2205 vestra
701 2178 852 2213 inspectio,
863 2178 936 2206 sicut
949 2183 977 2206 et

1036 1585 1122 1612 Homo
1137 1585 1263 1612 vanitatis
1280 1585 1375 1612 similis
1388 1586 1475 1620 factus
1490 1591 1528 1613 est
1544 1586 1597 1613 illis
1608 1587 1629 1612 ⁷.
1649 1586 1682 1613 Et
1704 1586 1795 1613 adhuc
1811 1595 1821 1616 :

1035 1629 1121 1659 Homo
1135 1639 1193 1658 cum
1206 1632 1234 1657 in
1254 1631 1352 1658 honore
1372 1636 1437 1658 esset
1453 1639 1505 1658 non
1519 1631 1664 1664 intellexit,
1679 1640 1822 1665 compara-

1033 1680 1075 1703 tus
1097 1681 1135 1702 et!
1152 1676 1282 1709 jumentis
1301 1675 1496 1709 insipientibus,
1518 1679 1544 1701 et
1563 1675 1658 1701 similis
1674 1674 1764 1709 [ocius
1780 1679 1820 1701 est

1032 1719 1086 1746 illis
1095 1720 1115 1746 ⁵.
1133 1718 1219 1747 Homo
1233 1720 1342 1754 quidam
1353 1724 1422 1751 erat,
1433 1720 1569 1754 patientia:
1582 1719 1747 1754 exemplum.
1756 1727 1820 1746 con-

1032 1765 1138 1794 stantize
1159 1764 1363 1797 testimonium,
1386 1764 1536 1793 tolerantia)
1562 1765 1702 1793 indicium.
1731 1764 1825 1793 Homo.

1031 1811 1140 1845 quidam
1154 1816 1213 1840 erat
1227 1811 1447 1845 queminnumeri
1460 1811 1569 1839 beatum
1584 1811 1724 1843 dixerunt,
1736 1819 1817 1845 quem

1031 1860 1176 1891 praesentes
1194 1856 1343 1884 timuerunt
1357 1876 1365 1889 ,
1377 1864 1456 1892 quem
1470 1857 1598 1885 absentes
1615 1857 1727 1884 reveriti
1741 1863 1823 1892 sunt,

1030 1909 1109 1937 quem
1120 1902 1208 1937 angeli
1224 1902 1349 1929 admirati
1365 1907 1445 1934 sunt,
1459 1910 1539 1937 quem
1555 1903 1613 1937 ipse
1627 1902 1759 1930 Dominus
1773 1903 1816 1929 di-

1030 1947 1107 1975 lexit.
1126 1947 1212 1979 Homo
1226 1948 1334 1983 quidam
1354 1952 1412 1976 erat
1426 1955 1505 1983 quem
1524 1948 1704 1983 nequissimus
1730 1955 1819 1975 Emu‘,

1029 1993 1100 2021 latus
1115 1999 1168 2028 est,
1184 1994 1227 2022 cui
1245 1993 1418 2022 adversarius
1431 1993 1578 2024 invidebat.
1594 2001 1673 2029 quem
1689 1994 1816 2021 inimicus

1029 2039 1168 2067 hominum
1185 2039 1310 2069 diabolus
1325 2040 1397 2075 apud
1419 2039 1561 2067 Dominum
1587 2040 1814 2075 reprehendebat.

1028 2083 1114 2112 Homo
1132 2084 1242 2120 quidam
1256 2089 1316 2112 erat
1326 2085 1372 2120 qui
1385 2086 1486 2113 versuti
1500 2085 1571 2113 illius
1589 2085 1715 2113 draconis
1730 2091 1814 2121 caput

1028 2131 1208 2165 conculcavit,
1220 2131 1267 2167 qui
1280 2131 1445 2159 sceleratum
1457 2132 1591 2161 diabolum
1609 2133 1634 2159 in
1647 2132 1738 2167 fugam
1749 2140 1813 2160 con~

1028 2177 1127 2209 vertit,
1145 2177 1192 2211 qui
1216 2178 1243 2204 in
1272 2185 1386 2213 corpore
1410 2177 1599 2213 incorporeum
1616 2178 1812 2213 supplantavit.

196 2221 267 2248 illius
280 2221 351 2248 facta
365 2227 417 2250 est.
433 2223 502 2255 Erit,
515 2227 596 2257 atque
614 2223 743 2250 reddetur
759 2223 838 2251 vobis
855 2224 976 2252 toleran-
992 2214 1015 2243 Β
1028 2220 1114 2249 Ilumo
1132 2222 1243 2257 quidam
1264 2228 1322 2250 erat
1334 2243 1342 2256 ,
1364 2224 1444 2251 homo
1460 2232 1523 2252 vere
1539 2229 1667 2259 tanquam
1681 2230 1811 2252 constan-

196 2267 240 2294 tia:
255 2267 448 2299 remuneratio,
465 2268 535 2296 sicut
545 2273 573 2296 et
588 2268 624 2295 illi
641 2269 745 2296 reddita
760 2273 809 2297 est.
824 2268 886 2297 Haec
899 2277 977 2296 nam-

195 2319 248 2347 que
269 2317 296 2339 et
312 2312 354 2340 Itis
376 2312 472 2340 similia
488 2313 594 2349 Moyses
606 2314 718 2349 loquens
741 2315 775 2341 ad
799 2315 870 2343 filios
892 2314 975 2343 Israel

194 2358 305 2393 scripsit
326 2358 419 2387 dicens
433 2367 441 2387 :
455 2349 669 2397 Homo'quidam
684 2366 740 2388 erat
757 2361 786 2388 in
801 2362 904 2396 regione
920 2362 975 2390 Au-

193 2405 270 2431 sitide
285 2405 307 2431 ⁸.
323 2403 409 2432 Homo
421 2410 512 2439 utpote
528 2411 626 2434 natura
645 2407 782 2434 exsistens
796 2407 877 2434 homo
893 2417 899 2434 :
914 2407 974 2442 qui-

193 2451 255 2477 dam
271 2457 335 2478 vero
347 2470 354 2483 ,
369 2455 462 2485 utpote
477 2458 510 2478 ex
528 2451 654 2480 omnibus
669 2453 824 2488 singularis.
843 2453 870 2481 In
887 2455 975 2488 regio-

193 2502 227 2522 ne
241 2500 331 2522 autem
350 2495 475 2524 Ausitide
488 2515 496 2528 ,
513 2501 605 2531 utpote
621 2498 668 2531 qui
685 2498 741 2526 illic
764 2503 928 2531 moraretur,
945 2504 975 2527 et

193 2541 249 2569 illic
265 2546 344 2569 natus
357 2546 438 2577 atque
454 2550 487 2570 ex
502 2543 567 2577 ipsis
588 2542 670 2570 fuerit
683 2563 691 2576 ,
705 2549 733 2571 et
748 2544 819 2572 inter
833 2552 881 2572 eos
896 2545 972 2572 advi-

190 2588 273 2615 xerit.
292 2587 325 2614 Et
340 2587 387 2622 qui
401 2592 465 2615 sunt
479 2588 522 2615 isti
543 2588 667 2616 Ausim?
680 2588 772 2616 Genus
784 2589 864 2622 Esau.
884 2595 972 2624 poste-

191 2632 259 2660 ritas
274 2638 356 2668 atque
371 2634 458 2661 tribus
474 2634 569 2661 Edom.
585 2633 651 2660 Nam
670 2634 771 2662 Ausim
795 2641 823 2662 et
837 2634 930 2668 Minei,
944 2640 972 2663 et

193 2678 304 2714 Eucbei,
313 2680 526 2713 etThernanitae,
537 2685 565 2708 et
571 2686 676 2710 caetera:
689 2688 784 2709 omnes
795 2683 880 2710 tribus
891 2688 970 2710 erant

189 2731 223 2751 ex
238 2727 401 2760 cognatione
415 2733 496 2761 atque
517 2728 642 2762 prosapia
659 2727 729 2754 Esau
745 2727 792 2754 lilii
813 2727 887 2755 Isaac
898 2747 906 2759 ,
923 2728 968 2761 qui

189 2774 217 2797 et
233 2771 317 2798 Edom
333 2773 542 2807 cognominatus
565 2777 619 2802 est.
641 2772 745 2801 Idcirco
765 2773 973 2803 cobabitatores

229 2864 239 2882 ⁸
251 2863 299 2897 iub
317 2873 334 2899 ι,
355 2866 379 2894 ι.
407 2867 422 2906 ,⁷
437 2866 508 2896 Psal.
523 2875 614 2904 cum,
633 2869 660 2898 4.
701 2869 710 2885 ³
727 2867 799 2899 Psal.
819 2877 915 2906 xum,
928 2870 972 2898 21.

1029 2267 1149 2295 tissimus
1166 2268 1351 2303 belligerator,
1369 2274 1497 2304 tanquam
1509 2270 1655 2303 singularis
1669 2278 1811 2298 monoma-

1026 2315 1113 2348 chusI
1132 2319 1261 2350 tanquam
1285 2320 1441 2345 constanter
1465 2321 1541 2343 stans
1562 2317 1693 2344 adversus
1715 2324 1811 2344 omnes

1026 2360 1126 2388 diaboli
1145 2362 1292 2396 exercitus,
1308 2367 1436 2398 tanquam
1452 2363 1498 2397 qui
1509 2363 1684 2398 singulariter
1697 2364 1731 2390 de
1748 2371 1811 2390 om-

1025 2406 1103 2434 nibus
1117 2407 1268 2436 daemonum
1283 2409 1429 2439 virtutibus
1450 2410 1590 2439 victoriam
1608 2410 1756 2444 sumpserit
1766 2417 1812 2438 so-

1025 2452 1079 2481 Ius.
1100 2453 1184 2482 Homo
1207 2455 1316 2489 quidam
1330 2460 1404 2488 erat,
1423 2463 1476 2483 non
1491 2461 1551 2483 erat
1572 2456 1660 2483 bellua
1683 2461 1811 2489 cruenta,

1024 2506 1077 2526 non
1095 2504 1155 2527 erat
1178 2508 1290 2535 serpens
1311 2502 1429 2536 nequitia
1441 2522 1449 2534 ,
1464 2509 1518 2529 non
1537 2507 1596 2530 erat
1618 2509 1704 2536 equus
1719 2510 1810 2536 neque

1025 2544 1114 2572 mulus
1138 2545 1242 2578 luxuria
1267 2554 1355 2582 neque
1377 2547 1545 2583 petulantia,
1569 2555 1621 2575 non
1648 2553 1708 2574 erat
1732 2550 1810 2576 cauis

1023 2591 1164 2625 spurcitia,
1179 2600 1266 2627 neque
1283 2593 1376 2628 vulpes
1390 2593 1451 2622 dolo
1464 2597 1544 2628 atque
1556 2593 1665 2625 astutia,
1683 2601 1736 2619 non
1750 2599 1808 2620 erat

1024 2637 1145 2672 scorpius
1159 2658 1166 2671 ,
1189 2647 1275 2674 neque
1295 2640 1390 2667 veneni
1410 2640 1517 2668 Iethalis
1533 2641 1624 2675 vipera
1639 2663 1645 2673 ,
1662 2642 1709 2668 sed
1725 2642 1807 2668 homo

1023 2687 1090 2710 erat.
1117 2683 1182 2710 Nam
1200 2685 1270 2712 sicut
1287 2686 1396 2713 obsceni
1418 2691 1498 2721 atque
1523 2687 1667 2722 impudici,
1693 2689 1806 2723 maligni

1022 2736 1129 2763 quoque
1140 2738 1171 2758 ac
1185 2732 1283 2759 versuti
1299 2734 1342 2760 his
1356 2734 1481 2762 omnibus
1504 2740 1696 2769 comparantur
1723 2741 1806 2770 atque

1022 2777 1118 2805 horum
1132 2779 1252 2807 omnium
1269 2780 1447 2816 appellatione
1460 2787 1662 2822 nuneupantur,
1678 2782 1752 2810 sicut
1765 2783 1798 2815 di,
