1904 3076
45 133 89 161 577

576 131 764 160 έιἺΟΝΥΜυε
778 131 813 159 ΙΝ
832 131 902 161 JOB.
922 149 956 154 --
975 134 1030 161 LIB

1603 139 1656 166 578

45 202 110 225 citur
123 195 153 223 de
164 195 318 230 huiusmodi
334 205 340 223 :
356 195 440 223 Canes
462 195 575 229 improbi
590 196 679 222 animo
700 195 814 223 nescien-
828 197 850 225 Δ
867 203 919 223 non
936 195 998 223 talis
1011 196 1172 230 fuil'qtme‘s
1183 199 1209 224 ἧι
1227 199 1269 223 tttt‘
1287 195 1355 224 (tum
1371 197 1443 226 inter
1459 198 1555 232 impios
1570 207 1653 233 esset,

45 248 77 270 te:
93 243 252 269 saturitatem
267 242 288 267 ’.
306 242 337 268 Et
359 242 446 268 adhuc
462 250 470 269 ι
488 241 557 276 Equi
577 241 730 267 admissarii
751 241 815 276 facti

46 294 116 319 sunt,
136 287 314 322 unusquisque
333 288 367 314 ad
383 295 491 314 uxorem
515 287 629 321 proximi
649 286 691 312 sui
713 286 815 313 hinnie~

46 336 82 361 but
97 334 126 360 ¹⁰.
143 333 173 360 Et
193 333 256 360 alibi
278 342 285 360 :
309 333 460 367 Serpentes,
471 333 604 366 generatio
620 332 768 365 viperarum
783 332 815 359 ”.

47 379 84 409 Et,
94 377 228 405 Generatio
240 379 399 413 serpentium
411 378 570 409 volantium,
585 378 631 411 qui
643 377 740 405 veloces
756 382 816 405 sunt

47 426 70 452 in
88 424 195 450 malitia.
223 423 256 450 Et
276 424 373 451 iterutn
392 430 400 449 :
421 423 611 458 Appreltcndite
633 424 704 452 uobis
729 425 816 457 uulpes

46 469 143 503 pusillas
153 470 355 496 exterminantes
371 470 404 496 ".
422 469 466 501 Et,
481 468 616 504 Tanquam
627 470 714 504 uulpes
728 470 757 496 in
771 478 817 496 so-

47 516 143 542 litsditte
154 516 217 548 facti
235 520 295 541 sunt
313 515 445 550 prophetat
462 516 511 548 tui,
535 515 671 543 Israel‘".
687 515 722 542 Et
739 524 746 542 :
764 515 815 548 Ite.

47 562 112 587 dicite
131 560 200 595 vulpi
220 561 281 588 huic
303 560 381 596 (dicit
404 561 533 588 Dominus
557 561 590 589 de
614 561 818 596 llerode“).et

48 608 89 634 alia
105 608 238 634 innumera
265 607 306 634 his
331 608 430 635 similia
453 609 578 635 dicuntur
607 608 640 635 de
662 607 816 642 hujusmodi

48 656 70 682 in
87 655 230 689 Scriptura.
246 656 299 683 Sed
315 656 412 684 beatus
428 656 479 684 Job
496 665 550 685 non
568 660 627 683 erat
643 657 715 688 talis.
730 664 818 691 neque

47 702 82 729 liis
94 702 193 729 similis.
208 701 262 729 Sed
276 703 357 730 homo
370 707 431 730 erat
446 703 636 736 intaminatus,
650 708 677 731 et
691 704 819 731 immacu-

47 751 104 780 |atus
119 751 195 782 atque
218 747 350 775 illibatus.
375 748 462 776 llomo
477 769 484 781 ,
501 754 594 786 utpote
617 749 668 777 hoc
685 749 756 784 quod
784 750 817 776 ad

48 794 172 829 imaginem
187 799 212 821 et
228 794 432 822 similitudinem
451 795 499 824 Dei
515 796 602 824 factus
618 801 671 830 est,
683 797 817 830 integrum

47 840 191 867 custodiens.
210 840 256 868 Sic
273 841 363 875 itaque
379 842 460 869 homo
477 842 588 877 quidam
602 842 748 877 eratjuxta
759 843 817 870 lucc

48 887 154 912 universa
171 893 230 920 quae
247 891 399 914 monstrata
413 892 487 915 sunt.
507 887 566 915 Non
582 893 661 916 erant
674 888 742 916 tales
758 895 817 915 om-

48 939 85 958 nes
96 932 222 964 homines,
240 932 288 959 sed
304 940 374 960 unus
390 938 448 960 erat
465 934 541 961 solus
555 954 562 966 ,
582 934 644 961 talis
658 934 766 967 quidem
782 941 815 960 ex

47 978 154 1005 omnibus
167 977 216 1006 .lob
230 979 417 1008 beatissimus.
436 980 488 1008 Ubi
503 985 592 1008 autem
615 985 673 1008 erat
697 981 741 1008 hic
766 981 816 1008 ho-

48 1032 83 1052 mo
94 1025 105 1051 2
118 1025 143 1052 ln
157 1033 208 1060 qua
221 1026 345 1061 regione,
362 1027 388 1054 in
407 1034 460 1062 qtta
475 1027 615 1062 provincia
631 1027 643 1054 Y
663 1026 817 1062 Respondet

48 1071 144 1098 dicens:
162 1071 195 1099 In
220 1072 328 1106 regione
348 1072 479 1100 Ausitide.
501 1072 552 1107 Qui
576 1077 665 1100 autem
690 1072 744 1100 sint
770 1073 814 1100 isti

48 1117 132 1144 Ausitze
144 1137 150 1149 ,
163 1119 291 1152 superius
304 1119 571 1154 demonstravimus,
585 1120 657 1155 quod
673 1126 705 1147 ex
718 1125 817 1154 genere

49 1162 140 1190 inerunt
152 1164 231 1196 Esau,
246 1166 308 1192 sive
320 1173 353 1192 ex
369 1165 433 1193 ﬁliis
451 1165 534 1198 Esau,
549 1166 607 1193 sive
623 1166 657 1193 sb
678 1166 736 1200 ipso
745 1165 815 1193 Esau

50 1210 133 1236 Ausim:
145 1215 220 1238 erant
235 1210 337 1238 vocali.
355 1211 389 1238 Et
412 1212 509 1247 quales
529 1211 572 1240 isti
592 1217 671 1239 erant
692 1212 818 1240 Ausim?

50 1255 124 1290 lmpii,
137 1257 226 1292 injuin
237 1279 245 1290 ,
261 1258 397 1291 inﬁdeles,
415 1258 537 1290 obsceni,
556 1258 735 1289 lnsatiabiles.
746 1258 816 1286 sicut

49 1306 69 1327 et
85 1307 149 1334 pater
161 1310 252 1330 eorum
272 1302 354 1334 Esau.
371 1303 404 1331 de
420 1311 474 1339 quo
493 1303 594 1330 dictum
610 1307 651 1331 est
665 1311 681 1330 a
695 1303 813 1331 sanctis:

51 1347 120 1374 Nemo
134 1349 165 1375 sit
181 1349 308 1377 obscenus
322 1355 346 1378 et
357 1349 514 1378 insatiabilis
527 1350 593 1376 sicut
609 1349 681 1376 Esau
701 1349 733 1377 η.
747 1349 814 1377 Cum

50 1402 101 1428 ergo
119 1401 185 1424 esset
201 1396 262 1424 talis
284 1397 341 1431 ipse
365 1397 437 1424 Esau
452 1417 460 1429 ,
477 1404 529 1424 non
550 1396 641 1424 docuit
662 1396 732 1424 ﬁlios
752 1404 816 1424 suos

50 1442 155 1475 pietatem
176 1451 265 1478 neque
287 1443 417 1478 justitiam
439 1451 520 1478 quam
539 1443 597 1478 ipse
613 1450 666 1470 non
691 1445 815 1471 sectaba-

50 1492 92 1518 tur.
100 1489 141 1515 sed
158 1490 324 1525 impietatem
341 1497 389 1517 eos
406 1489 509 1522 docuit,
519 1493 547 1516 et
563 1489 724 1524 iniustitiam
733 1493 815 1524 atque

868 249 921 269 non
937 242 1082 269 declinavit
1098 243 1130 269 ad
1147 243 1325 276 impietatem.
1341 244 1409 271 Cum
1425 249 1498 272 esset
1513 245 1583 272 inter
1595 245 1654 273 inli-

867 289 952 321 deles,
968 297 1020 315 non
1035 289 1131 316 habuit
1146 289 1345 317 inﬁdelitatem.
1361 290 1428 317 Cum
1441 296 1514 318 esset
1529 292 1599 319 inter
1611 293 1653 319 in-

864 333 964 369 jnstos,
981 342 1033 361 non
1049 339 1090 362 est
1104 335 1263 362 eommistus
1282 336 1491 370 injuslitiiszsed
1506 339 1655 372 permansit

868 380 894 407 in
921 381 1010 408 medio
1033 380 1178 414 impiorum
1202 386 1329 416 tanquam
1350 383 1461 409 adamas
1485 382 1653 416 immobilis.

867 425 978 454 lucerna
994 426 1225 462 inexstingnibilis
1237 447 1245 458 ,
1264 432 1392 462 tanquam
1407 429 1495 455 lumen
1511 431 1582 463 quod
1601 437 1663 457 nou'

869 471 1037 503 itnmutatur,
1061 476 1189 506 tanquam
1215 472 1309 499 radius
1331 473 1378 507 qui
1401 481 1453 500 non
1473 475 1582 502 occidit.
1608 475 1654 503 Sic

867 518 949 545 etiam
967 522 1073 552 oportet
1086 526 1136 545 nos
1152 525 1224 550 esse,
1242 525 1258 545 ο
1275 519 1366 551 amici,
1383 525 1494 547 sanctos
1511 527 1591 556 atque
1603 522 1654 548 im-

868 562 1018 590 tnaculatos
1032 583 1039 594 .
1056 563 1115 597 pios
1136 570 1167 590 ac
1186 563 1325 598 religiosos
1338 585 1344 596 ,
1362 565 1523 592 charitatem
1549 567 1653 601 ample-

867 614 973 636 ctentes
986 613 1066 643 atque
1082 608 1228 643 perfectos,
1254 608 1427 637 inviolabiles
1441 616 1522 646 atque
1537 611 1653 639 illibatos

868 655 895 682 in
920 656 1009 682 tnedio
1023 656 1132 691 generis
1146 657 1223 690 pravi
1239 663 1270 683 ac
1294 657 1416 692 perversi
1431 677 1438 689 ,
1455 662 1485 684 ut
1503 657 1654 693 fulgeamus

869 705 998 736 tanquam
1021 702 1161 729 luminaria
1184 701 1246 729 (ξωιί
1264 702 1290 729 in
1321 704 1437 735 mundo,
1453 704 1564 730 verbum
1592 704 1654 731 vita:

868 749 1036 776 continentes
1050 749 1077 776 in
1089 749 1132 776 die
1145 748 1261 782 Christi,
1274 755 1303 777 ut
1317 754 1345 777 et
1354 750 1387 777 de
1396 750 1473 777 nobis
1487 750 1593 778 dicatur
1604 751 1655 778 sie-

869 799 898 821 ut
917 799 944 821 et
970 795 1004 822 de
1019 795 1097 822 beato
1112 795 1157 824 illo
1170 804 1177 823 :
1194 795 1228 822 Et
1244 801 1299 822 erat
1317 796 1374 822 sine
1387 796 1492 830 querela
1507 796 1583 823 homo
1597 796 1651 830 ille,

832 865 854 893 Β
865 841 1063 875 instaurarunt,
1072 841 1119 868 Dei
1132 841 1217 868 cultor
1230 842 1262 869 ”.
1275 841 1360 868 llomo
1377 841 1421 868 ille
1434 847 1599 869 inemoratns
1612 847 1653 869 at-

869 894 922 921 que
933 887 1099 921 designatus.
1109 887 1154 921 qui
1171 888 1197 914 in
1213 887 1323 921 regione
1333 892 1394 914 erat
1408 887 1540 919 Ausitide,
1550 887 1592 913 cui
1605 894 1653 914 no.

868 940 929 960 men
943 938 1000 960 erat
1015 933 1075 961 Job.
1087 932 1214 961 Ostendit
1229 933 1377 966 hominem,
1386 934 1523 968 cognitam
1537 933 1654 961 tecitre-

867 980 974 1014 gionem
984 999 990 1010 .
1005 979 1158 1014 designavit
1173 986 1269 1006 nomen
1282 999 1289 1010 ,
1301 979 1394 1006 dicens
1406 988 1413 1005 :
1426 978 1475 1006 Cui
1491 987 1583 1005 nomen
1596 983 1653 1005 erat

866 1024 917 1052 Job
934 1025 966 1056 ",
981 1025 1053 1059 quod
1066 1033 1125 1052 cum
1146 1024 1227 1058 iustis
1242 1025 1374 1059 scriptum
1388 1029 1429 1051 est
1441 1045 1448 1057 ,
1465 1025 1536 1058 quod
1557 1025 1583 1051 in
1609 1032 1653 1051 re-

867 1071 948 1105 gione
963 1072 1086 1098 vivorum
1102 1071 1237 1106 signatum
1260 1075 1319 1103 est.
1332 1071 1404 1106 quod
1423 1071 1449 1098 in
1468 1070 1653 1098 tabernaculis

865 1117 974 1145 alet-nis
985 1121 1027 1145 est
1044 1117 1212 1152 deputatum.
1227 1117 1277 1144 Cui
1291 1125 1384 1145 nomen
1400 1122 1455 1143 erat
1472 1116 1534 1144 Job.
1550 1117 1650 1152 Dignos

867 1163 968 1190 habeat
993 1162 1074 1191 etiam
1095 1170 1145 1190 nos
1163 1163 1302 1196 Dominus,
1319 1167 1349 1190 ut
1365 1163 1474 1190 nomina
1499 1167 1593 1190 nostra
1611 1163 1652 1190 sio

866 1209 1023 1236 scribantur
1049 1216 1110 1236 cum
1134 1209 1300 1241 viventibus,
1323 1208 1362 1235 sic
1382 1215 1443 1235 cum
1465 1208 1500 1235 iis
1520 1207 1566 1242 qui
1582 1207 1651 1236 salvi

867 1255 935 1283 ﬁunt
952 1255 1138 1288 nominentur,
1162 1255 1202 1282 sic
1220 1261 1283 1282 cum
1303 1254 1384 1290 iustis
1409 1259 1650 1281 connumerentur.

867 1301 919 1329 Sed
933 1302 1033 1335 adhuc,
1044 1302 1140 1336 inquit,
1150 1302 1227 1328 homo
1238 1301 1347 1336 quidam
1364 1305 1418 1328 erat
1434 1300 1461 1326 in
1477 1299 1580 1334 regiam
1597 1299 1652 1326 Αιη

864 1348 955 1381 sitide,
968 1348 1012 1375 cui
1038 1356 1132 1376 nomen
1151 1353 1206 1374 erat
1221 1347 1282 1374 Job.
1298 1346 1436 1374 Adversus
1450 1345 1587 1373 diabolum
1608 1349 1652 1373 est

865 1394 910 1422 hic
928 1401 1028 1428 sermo,
1044 1394 1175 1422 adversus
1191 1393 1388 1427 nequissimum
1404 1396 1446 1419 est
1460 1392 1518 1419 haec
1530 1391 1651 1426 disputa-

866 1440 916 1471 tio.
936 1443 1062 1475 tanquam
1083 1439 1106 1467 si
1130 1439 1233 1466 diceret
1256 1447 1263 1466 :
1282 1439 1304 1466 0
1320 1438 1513 1472 malignissime
1532 1437 1648 1470 diabole,

865 1492 882 1512 o
895 1485 1057 1520 nequissime
1070 1484 1179 1517 Satana,
1194 1485 1322 1512 adversus
1337 1491 1415 1518 quem
1429 1482 1586 1510 altercaris?
1600 1483 1649 1509 ad-

50 1533 223 1562 inlidelitatetn.
258 1535 338 1569 Quod
360 1535 381 1563 sl
405 1535 505 1562 dixerit
528 1534 626 1570 aliquis
640 1541 649 1562 :
661 1535 728 1563 Cum
751 1543 815 1570 ergo
828 1539 850 1568 ο
867 1538 960 1558 tersus
971 1538 1052 1565 quem
1070 1530 1168 1558 bellum
1183 1530 1275 1565 geris?
1293 1531 1425 1557 adversus
1440 1536 1521 1564 quem
1543 1528 1650 1563 pratia-

52 1579 100 1606 taiis
114 1579 189 1607 tuerit
202 1580 275 1608 Esau
292 1584 373 1614 atque
388 1579 578 1615 generationes
595 1580 666 1615 ejus,
680 1580 815 1616 quomodo

51 1624 90 1651 fuit
109 1624 154 1653 Job
170 1633 203 1653 ex
216 1626 283 1659 illis,
301 1631 382 1660 atque
404 1625 475 1652 inter
491 1625 553 1653 illos
572 1626 632 1661 pius
648 1633 680 1653 ac
706 1625 817 1654 bonus?

50 1669 80 1697 ita
93 1671 137 1698 fuit
147 1672 214 1700 sicut
228 1679 295 1700 mox
309 1671 336 1699 in
357 1670 491 1706 principio
511 1671 580 1700 Abel
603 1672 735 1700 innocens
750 1677 815 1700 ‘cum

51 1716 143 1750 iniusto,
159 1718 228 1746 sicut
239 1717 300 1745 Noe
324 1717 414 1752 justus
428 1717 500 1744 inter
515 1717 640 1752 gigantes
656 1718 716 1745 illos
729 1717 815 1746 scele-

52 1767 118 1794 ratos,
130 1763 198 1791 sicut
219 1762 422 1791 Melchisedech
438 1765 568 1791 sacerdos
581 1763 629 1791 Dei
647 1763 771 1791 altissimi
787 1764 814 1792 in

51 1807 122 1836 medio
132 1809 334 1837 maledictorum
348 1808 576 1842 (lhananaeoruml
588 1809 660 1837 sicut
677 1809 813 1837 Abraham

50 1855 84 1887 qui
98 1856 203 1883 credidit
213 1856 240 1883 in
254 1855 343 1884 medic
361 1855 551 1883 Chaldteorum
566 1855 639 1884 idola
654 1856 812 1884 colentium.

52 1898 111 1926 Sicut
129 1907 189 1934 ergo
203 1900 248 1929 isti
272 1907 366 1928 omnes
387 1908 447 1928 cum
474 1905 565 1928 essent
589 1901 626 1936 pii
650 1908 683 1931 ac
705 1901 812 1934 sancti,

52 1949 116 1977 atque
132 1945 246 1981 religiosi
264 1945 312 1972 Dei
327 1944 409 1972 amici
421 1963 428 1977 ,
443 1951 477 1972 ex
491 1944 636 1978 impiorum
650 1948 715 1972 sunt
729 1951 812 1979 gene-

52 1989 176 2018 rationibus
191 1989 328 2025 procreati
343 1998 351 2016 :
369 1989 407 2017 ita
432 1989 604 2017 admirabilis
624 1988 675 2018 Job
693 1996 754 2017 cum
778 1997 812 2017 ex

52 2036 139 2062 obsceni
153 2035 402 2070 atqueinsatiabilis
419 2035 488 2062 Esau
503 2042 603 2070 genere
615 2039 698 2070 atque
709 2042 812 2070 cogna-

53 2080 109 2108 tione
121 2082 266 2116 prodierit,
282 2085 393 2109 sanctus
416 2088 448 2108 ac
470 2081 562 2116 justus
583 2085 679 2115 sponte
700 2080 813 2107 etl‘ectus

51 2131 97 2158 est;
111 2128 156 2156 hoc
166 2129 267 2156 scilicet
285 2128 454 2155 demonstrat
471 2127 564 2154 dicens
580 2136 588 2154 :
605 2126 693 2154 Homo
704 2127 813 2162 quidam

51 2173 128 2201 eratin
140 2175 240 2209 regione
261 2173 395 2202 Angitide.
417 2172 483 2200 Erat
505 2176 634 2207 tanquam
657 2180 720 2200 rosa
740 2173 810 2200 inter

52 2216 123 2248 spinas
134 2237 142 2250 ,
156 2223 284 2253 tanquam
302 2217 388 2244 lilium
405 2218 476 2245 inter
499 2217 615 2245 tribulos
631 2217 764 2245 candidus
779 2226 811 2246 ac

53 2260 130 2288 rubens
141 2281 149 2293 ,
166 2263 298 2289 candidus
321 2261 373 2289 ﬁde
387 2269 419 2288 ac
438 2262 584 2289 sanctitate
598 2282 606 2295 ,
625 2262 725 2290 rubens
736 2263 810 2290 velut

52 2312 106 2334 msa.
120 2307 191 2341 plane
200 2308 264 2343 quia
285 2307 415 2335 sustinuit
427 2307 535 2335 dolores
546 2315 578 2335 ac
589 2308 739 2343 passiones.
755 2308 811 2335 Ho-

51 2358 82 2376 Ito
93 2353 186 2385 quidam
202 2354 298 2381 eratin
321 2354 424 2388 regione
443 2352 574 2383 Auritide.
592 2353 656 2381 Erat
679 2357 809 2388 tanquam

52 2398 152 2425 columba
168 2400 237 2427 inter
252 2400 385 2434 raptrices
407 2399 524 2434 aquilas,
542 2404 669 2434 tanquam
685 2406 770 2434 agnus
782 2399 811 2427 in

52 2443 120 2471 medio
133 2444 251 2478 luporum
264 2445 460 2480 diripienttutn,
479 2450 607 2480 tauquam
625 2445 703 2473 stella
716 2445 742 2472 in
755 2453 809 2473 me-

51 2487 84 2515 dio
98 2490 197 2519 nubium
219 2492 431 2519 teterrimarum.
449 2491 536 2518 Homo
548 2491 657 2526 quidam
672 2497 730 2519 erat
744 2512 751 2524 ,
765 2491 809 2526 ju-

53 2539 97 2562 ilus
106 2537 166 2564 inter
181 2538 294 2572 injustas
307 2558 314 2570 ,
330 2538 400 2565 inter
422 2538 550 2572 profanos
579 2542 690 2565 sanctus
703 2558 711 2569 .
739 2539 810 2566 inter

52 2581 161 2610 obscenos
183 2585 295 2612 mundus
309 2603 318 2617 ,
339 2584 401 2618 pius
416 2590 487 2611 tuter
502 2584 611 2618 impios,
636 2585 722 2612 bonus
738 2586 810 2613 inter

53 2626 261 2664 mhsﬁanquam
280 2631 443 2666 smaragdus
461 2631 486 2657 in
506 2630 573 2662 luto,
592 2635 719 2665 tanquam
736 2638 808 2658 mar-

54 2672 118 2703 garita
129 2675 153 2701 in
168 2683 259 2703 arena.
277 2676 323 2704 Sic
341 2684 458 2710 namque
471 2682 532 2704 erat
543 2682 708 2704 memoratus
728 2677 808 2705 homo

54 2715 87 2744 ille
97 2719 119 2745 in
133 2722 234 2756 regione
246 2722 378 2751 Ausitide.
394 2723 461 2752 Cum
479 2730 544 2758 ergo
559 2723 630 2752 inter
646 2723 713 2751 tales
725 2729 806 2756 esset,

87 2812 150 2848 ζιελ.
166 2823 218 2848 LVI,
229 2818 271 2844 Η.

57 2844 73 2864 ³³
84 2845 150 2878 Hebr.
164 2844 264 2883 ωξίθ,
303 2852 325 2869 ιο
339 2851 388 2880 Job
402 2859 423 2884 1,
439 2844 482 2881 t.’
501 2852 522 2868 ιτ
536 2851 601 2880 ibid.

866 1576 924 1604 ris?
949 1577 1079 1604 adversus
1105 1584 1186 1611 quem
1213 1575 1272 1604 zelo
1295 1575 1486 1603 succenderis?
1511 1574 1650 1602 Adversus

865 1622 1013 1656 hominem,
1028 1622 1159 1649 adversus
1169 1621 1388 1657 corruptibilem,
1401 1620 1531 1648 adversus
1546 1625 1648 1647 morta-

864 1667 929 1702 lem,
945 1668 1075 1696 adversus
1093 1666 1243 1699 carnalem,
1263 1667 1394 1694 adversus
1412 1669 1561 1696 terrenum,
1586 1672 1648 1692 cum

864 1713 901 1741 sis
910 1713 1123 1749 incorruptibilis
1131 1718 1159 1741 et
1172 1714 1360 1747 incorporeus,
1374 1716 1455 1747 atque
1465 1710 1627 1738 immortalis
1639 1719 1647 1737 :

864 1760 995 1787 adversus
1011 1766 1073 1786 eum
1089 1760 1136 1794 qul
1153 1759 1179 1786 in
1197 1759 1308 1793 regione
1330 1762 1452 1785 moratur
1470 1756 1605 1787 Ausitide,
1620 1759 1649 1782 tu

863 1805 908 1840 qui
922 1805 956 1832 de
969 1805 1039 1833 calo
1052 1805 1184 1832 cecidisti.
1201 1803 1253 1832 Sed
1268 1808 1297 1830 et
1321 1803 1360 1830 sic
1375 1802 1524 1837 superaris,
1536 1800 1649 1828 concul-

863 1851 946 1884 caris,
963 1851 1114 1879 humiliaris
1141 1850 1176 1878 ab
1191 1857 1246 1878 uno
1261 1849 1383 1882 homine,
1397 1856 1459 1876 cum
1475 1848 1513 1875 sis
1524 1847 1646 1882 spiritus,

864 1897 899 1924 ab
913 1904 968 1924 uno
981 1903 1015 1924 es
1030 1895 1265 1931 corruptibilibus,
1280 1899 1308 1922 tu
1322 1894 1367 1930 qui
1384 1901 1416 1922 ex
1433 1893 1648 1928 incorruptibili-

863 1942 914 1969 bus
929 1942 1070 1970 cherubim
1097 1941 1220 1969 cecidisti
1237 1941 1390 1969 ordinibus.
1410 1939 1473 1967 llzec
1494 1939 1588 1974 itaque
1608 1938 1648 1966 si-

863 1990 957 2023 gnavit
970 1989 1082 2016 dicens:
1100 1988 1188 2015 llomo
1203 1987 1313 2023 quidam
1326 1991 1386 2014 erat
1401 1987 1428 2014 in
1441 1986 1554 2021 regione
1568 1985 1648 2012 Ausi-

863 2034 917 2063 tide
932 2035 976 2069 qui
988 2041 1096 2062 omnem
1112 2033 1261 2062 exercitum
1279 2032 1379 2060 diaboli
1395 2032 1507 2067 fugavit,
1527 2031 1572 2066 qui
1587 2038 1647 2057 om-

862 2088 924 2107 nem
949 2080 1078 2108 virtutem
1100 2079 1259 2116 nequissimi
1287 2078 1449 2110 debilitavit,
1471 2078 1517 2112 qui
1540 2083 1652 2105 omnem.

862 2126 989 2154 virtutem
1010 2131 1037 2155 et
1051 2130 1239 2162 argumentutn
1261 2125 1360 2154 diaboli
1376 2131 1573 2160 supervacuum
1597 2123 1646 2150 de-

865 2174 1034 2205 monstravit,
1044 2173 1089 2208 qui
1100 2180 1208 2201 omnem
1221 2177 1329 2200 ventum
1343 2176 1370 2199 et
1384 2178 1494 2206 aquam,
1507 2175 1589 2205 atque
1598 2169 1646 2197 im.

826 2210 849 2238 Β
864 2223 954 2252 petum
971 2218 1080 2254 maligni
1100 2219 1126 2246 in
1145 2226 1175 2246 se
1189 2218 1365 2246 collidentem
1383 2221 1541 2245 constanter
1555 2221 1646 2243 sustu-

861 2264 902 2295 lit.
917 2270 946 2292 et.
957 2265 1104 2294 immobilis
1117 2266 1246 2300 perstitit.
1256 2265 1295 2291 Ae
1309 2265 1331 2292 si
1345 2272 1410 2300 ergo
1425 2264 1526 2291 diceret
1538 2271 1545 2290 :
1562 2262 1646 2290 Homo

861 2310 970 2346 quidam
987 2315 1057 2343 erat,
1072 2318 1090 2338 ο
1110 2311 1226 2343 diabole,
1247 2311 1291 2344 qui
1317 2310 1364 2337 tibi
1393 2309 1544 2345 praevaluit.
1562 2308 1646 2335 Homo

861 2356 970 2390 quidam
984 2361 1045 2383 erat
1071 2356 1117 2391 qui
1134 2363 1243 2383 omnem
1265 2357 1391 2383 virtutem
1420 2360 1495 2382 tuam
1511 2354 1646 2382 inﬁrmam

860 2402 991 2430 Ostendit.
1010 2402 1097 2429 Homo
1122 2403 1231 2437 quidam
1246 2406 1305 2430 erat
1330 2402 1374 2436 qui
1390 2409 1500 2429 omnem
1516 2400 1647 2428 malitiam

863 2453 935 2476 tuam
951 2448 977 2475 in
989 2448 1151 2476 derisionem
1167 2448 1288 2480 deduxit,
1304 2452 1331 2475 et
1343 2447 1414 2482 quod
1428 2451 1472 2474 est
1485 2446 1649 2479 minimum,
1701 2483 1703 2485 ι

863 2493 989 2520 habitans
999 2493 1025 2520 in
1041 2493 1153 2529 regione
1166 2493 1300 2525 Ausitide,
1315 2493 1340 2519 id
1352 2491 1552 2526 est,impiorum
1564 2496 1649 2525 atque

861 2539 1027 2572 inﬁdelium,
1042 2539 1222 2567 obscenorutn
1237 2545 1345 2573 quoque
1361 2543 1444 2572 atque
1471 2537 1646 2571 injusterum.

861 2585 928 2613 Nam
943 2593 1004 2613 cum
1028 2585 1082 2613 illic
1102 2589 1265 2618 moraretur,
1287 2593 1340 2612 non
1357 2583 1507 2619 potuisti,o
1525 2581 1647 2614 diabole,,

861 2632 1020 2664 immutare,
1036 2639 1123 2666 neque
1143 2637 1302 2659 convertam
1317 2637 1379 2657 eum
1406 2633 1464 2663 post
1489 2628 1586 2662 impios
1609 2628 1647 2657 ad

860 2678 1039 2713 impietatem,
1055 2685 1144 2713 neque
1167 2682 1228 2712 post
1249 2676 1374 2704 inﬁdeles
1392 2677 1425 2703 ad
1443 2675 1648 2708 inﬁdelitatem.

861 2732 950 2760 neque
961 2729 1021 2760 post
1038 2724 1154 2759 iniustos
1168 2724 1202 2751 ad
1217 2724 1387 2768 iniustitiam.
1398 2723 1445 2752 sed
1457 2723 1647 2754 interomnesl

311 2817 334 2853 ‘7'
343 2816 446 2853 _Jerem.
456 2816 522 2853 v,8.
537 2817 579 2853 η¹ν¹
597 2817 690 2847 Matth.
706 2822 783 2852 um,
800 2817 813 2846 5

884 2819 904 2834 ¹²
915 2817 992 2846 Cant.
1005 2826 1034 2853 η,
1047 2819 1088 2847 l5.
1128 2818 1147 2834 ”
1164 2818 1262 2846 Ezech.
1278 2817 1371 2851 “11,4.
1410 2816 1431 2832 ’δ
1448 2815 1513 2844 Luc.
1526 2821 1583 2848 xm,
1597 2814 1647 2845 δίε
