1904 3076
236 148 290 178 δτθ

787 140 980 170 ANONYMUS
999 138 1033 166 IN
1054 138 1123 167 .IOB.
1144 153 1176 158 —
1196 137 1259 164 LIB.
1280 136 1301 163 1·.

1812 133 1857 158 389

237 213 266 236 et
279 206 352 242 apud
368 213 462 234 omnes
478 205 595 240 iniustos
610 204 762 239 permansit
784 203 887 237 justus.
900 202 971 229 sicut
982 205 1022 226 te-
1038 201 1058 229 Α
1075 205 1169 225 verax.
1186 196 1253 223 Nam
1271 195 1347 222 multi
1372 194 1496 221 videntur
1514 192 1580 227 justi
1597 198 1668 222 esse,
1683 190 1729 242 sed
1751 197 1806 217 non
1819 198 1858 218 ve-

238 257 327 280 statur
339 259 400 278 mox
415 255 614 285 consequenter
630 249 722 276 dicens
739 258 746 275 :
766 247 799 274 Et
813 254 868 275 erat
893 247 969 274 ltomo
980 247 1024 273 ille

238 306 358 333 magnus,
381 296 557 323 admirabilis.
583 295 682 322 Beatus
710 295 790 321 homo
814 294 858 321 ille
872 294 917 327 qui
938 301 952 320 a
971 293 1024 321 Deo

238 343 422 370 testimonium
440 342 558 376 accepit,
577 341 622 376 qui
648 341 682 367 ab
696 340 800 375 angelis
824 340 952 375 praelatus
970 344 1023 372 est,

237 389 283 423 qui
298 388 347 422 ipsi
364 387 473 414 diabolo
488 387 514 414 in
531 385 740 414 admirationem
764 385 849 417 venit,
864 389 956 419 utpote
977 385 1024 419 qui

237 433 486 460 vehementioribus
505 432 592 466 plagis
613 436 694 466 atque
709 431 869 466 periculosis
885 431 1024 457 doloribus

238 485 291 505 non
307 478 462 505 succubuit.
485 477 533 505 llic
556 485 621 512 ergo
643 477 724 504 homo
745 482 805 504 erat
821 476 879 503 siue
901 476 1022 510 querela,

237 528 332 558 utpote
343 524 377 550 ab
389 523 462 550 omni
479 523 584 550 macula
600 522 728 554 illibatus,
740 526 834 556 utpote
848 521 881 548 ab
893 521 965 548 omni
982 527 1024 548 re-

237 569 419 604 prehensione
442 575 546 596 exsors.
562 568 627 595 Erat
651 568 710 595 sine
731 567 840 602 querela
861 575 953 594 coram
970 567 1023 594 Deo

236 619 264 641 et
279 614 444 644 hominibus,
461 621 554 640 coram
571 612 674 647 angelis
688 616 716 639 et
732 611 873 647 spiritibus
887 611 1023 645 corrupti-

237 659 340 686 bilihus
350 663 378 685 et
401 657 661 693 incorruptibilibus.
678 657 743 684 Erat
769 658 827 684 sine
841 657 963 692 querela,
981 661 1023 683 ut-

237 710 300 739 pote
315 703 430 731 t'ormam
444 704 470 730 in
486 711 514 731 se
528 704 674 731 ostendens
689 711 765 730 novae
783 703 888 737 gratim,
904 702 947 729 ubi
963 702 1021 736 cpi-

237 757 349 785 scopom
365 749 630 784 irreprehensibilem
655 757 714 776 esse
733 753 849 784 oportet.
876 748 943 775 Erat
963 748 1022 775 sine

236 794 346 829 querela
365 795 391 822 in
408 795 499 822 animo
514 800 541 822 et
560 802 683 828 corpore,
710 794 736 821 in
753 795 875 822 consiliis
899 799 926 821 et
949 793 1022 828 cogi-

239 841 395 872 tationibus,
409 841 437 867 in
451 841 541 868 verbis
554 845 634 875 atque
644 841 818 875 operibus,in
832 840 931 867 studiis
941 845 1022 875 atque

1077 244 1185 275 raciter,
1204 242 1251 269 sed
1279 240 1423 272 fallaciter,
1441 247 1495 266 non
1521 239 1606 272 iuste.
1622 238 1669 265 sed
1687 237 1798 271 injuste,
1811 244 1856 263 non

1077 291 1157 325 plane
1177 289 1223 316 sed
1245 288 1351 316 ﬁctitie.
1381 287 1478 314 Merito
1503 293 1572 312 nunc
1596 284 1658 311 istic
1682 291 1747 311 cum
1763 282 1856 316 iustum

1075 337 1179 364 diceret
1193 336 1302 363 beatum
1319 333 1382 365 Iob,
1397 332 1495 367 adjecit
1517 332 1599 358 etiam
1625 330 1676 357 hoc
1689 330 1763 364 quod
1781 336 1855 355 verax

1075 383 1166 410 fuerit.
1181 381 1222 410 0b
1236 389 1317 416 quam
1347 379 1421 407 rem?
1437 378 1476 406 0b
1502 377 1564 408 hoc.
1582 381 1611 403 ut
1626 376 1786 403 ostenderet
1801 375 1855 409 quia

1071 429 1178 464 iustitia
1191 429 1250 463 ejus
1263 436 1326 456 vera
1341 432 1410 454 erat.
1430 425 1488 453 Non
1511 430 1568 452 erat
1585 424 1712 454 mendax,
1727 431 1783 450 non
1805 427 1857 450 erat

1074 474 1211 508 simulata,
1224 475 1271 502 sed
1289 475 1394 510 integra
1409 478 1481 507 erat,
1499 478 1582 507 atque
1599 471 1654 499 Deo
1675 469 1856 504 acceptabilis.

1074 521 1114 549 Ol)
1128 521 1179 549 hoc
1193 528 1256 556 ergo
1266 520 1341 552 dicit,
1359 528 1450 547 verax.
1467 518 1577 547 Sciebat
1590 525 1706 552 namque
1719 518 1808 550 justus
1819 516 1857 543 illc

1075 567 1116 592 vir
1130 566 1200 600 quod
1216 565 1347 591 veritates
1367 564 1482 598 requirit
1504 563 1644 590 Dominus.
1662 561 1766 588 Idcirco
1783 568 1857 587 verax

1074 617 1144 645 erat,
1157 620 1246 645 verus,
1262 619 1356 646 purus,
1369 611 1494 644 simplex,
1512 618 1564 637 non
1581 610 1669 637 (ictus.
1686 608 1748 635 Non
1762 613 1819 634 erat
1833 608 1856 634 in

1074 659 1119 686 illo
1130 659 1274 686 hmsitatio.
1289 657 1345 684 Non
1355 657 1515 692 loquebatur
1524 656 1599 682 aliud
1611 656 1637 682 in
1650 662 1708 686 ore,
1716 654 1791 680 aliud
1801 661 1857 679 vero

1073 705 1210 738 cogitabat
1232 705 1262 731 in
1283 705 1386 731 animo.
1404 703 1462 730 Non
1488 702 1559 729 aliud
1583 701 1690 728 dicebat
1717 699 1819 731 verbis,
1834 704 1857 725 et

1073 751 1144 785 aliud
1160 750 1400 786 cogitabatcorde.
1418 748 1476 775 Non
1490 753 1570 776 erant
1593 749 1676 775 verba
1695 747 1757 782 ejus
1775 745 1856 772 mollia

1073 797 1100 824 in
1119 797 1207 829 labiis,
1232 796 1322 831 iacula
1344 803 1410 823 vero
1439 795 1465 822 in
1490 794 1606 826 occulto,
1631 793 1855 829 quemadmodum

1075 852 1146 871 nunc
1161 847 1224 870 sunt
1237 843 1427 877 plurimorum,
1449 841 1676 876 quemadmodum
1696 845 1763 868 sunt
1785 841 1857 866 innu-

236 887 499 916 convet'sationibus.
511 887 537 913 In
552 888 625 914 omni
642 887 817 914 nihilominus
831 887 887 914 vita
901 894 949 913 sua
962 891 1022 912 erat
1037 881 1058 908 Β
1073 889 1256 921 merabiIium,
1271 889 1305 916 de
1319 889 1416 923 quibus
1435 888 1534 915 dicitur
1549 897 1554 914 :
1570 886 1662 913 Molles
1680 886 1790 920 fuerunt
1809 894 1857 912 m-

235 933 294 960 sine
307 933 427 968 querela.
454 932 492 960 Ita
511 933 614 960 dictum
630 938 672 960 est
687 938 748 968 post
764 933 815 960 hoc
840 934 873 959 de
897 932 1022 959 Samuele

235 980 262 1006 in
281 979 407 1007 laudibus
417 985 525 1014 patrum
540 989 546 1007 :
565 979 597 1006 Et
609 988 660 1006 non
673 979 835 1013 reprehendit
847 979 923 1005 homo
934 979 1020 1011 it'lum,

235 1024 262 1052 id
286 1029 337 1057 est,
367 1032 421 1052 non
437 1025 596 1053 criminatus
618 1029 659 1052 est
674 1026 748 1051 illum
776 1026 866 1058 homo,
884 1026 948 1060 quia
963 1031 1022 1052 erat

233 1070 294 1097 sine
308 1071 428 1106 querela,
446 1072 516 1099 sicut
532 1077 560 1099 et
573 1072 637 1098 olim
648 1071 711 1098 Job.
724 1071 756 1097 Et
772 1072 843 1098 unde
859 1072 1022 1105 invenithoc

232 1115 285 1144 Job
297 1123 325 1144 ut
337 1124 410 1146 esset
424 1118 482 1145 sine
494 1118 627 1145 crimine?
641 1117 678 1144 Ex
693 1118 744 1145 hoc
756 1118 873 1149 invenit,
884 1118 946 1151 quia
962 1122 1022 1145 erat

232 1162 333 1198 iustus.
351 1164 389 1190 Ex
408 1165 458 1191 hoc
475 1164 588 1196 invenit,
604 1164 666 1198 quia
682 1172 696 1190 a
709 1163 815 1197 justitia
831 1171 884 1191 non
901 1164 1021 1191 declina-

233 1210 283 1237 vit.
302 1210 341 1237 Ex
360 1211 412 1237 hoc
427 1210 539 1242 invenit,
554 1211 617 1244 quia
637 1210 768 1243 justitiam
794 1218 848 1238 non
865 1210 1019 1244 dereliquit,

233 1255 298 1288 quia
313 1263 328 1281 a
339 1255 445 1289 justitia
460 1263 512 1283 non
528 1256 663 1288 discessit,
679 1257 740 1290 quia
750 1256 882 1290 justitiam
905 1265 958 1285 non
971 1259 1016 1285 de-

233 1302 333 1335 spexit.
349 1301 453 1329 Idcirco
471 1308 614 1337 postquam
636 1305 695 1331 sine
709 1303 820 1338 querela
838 1304 912 1331 illum
928 1310 1021 1332 osten-

234 1347 283 1378 dit,
293 1353 354 1381 post
367 1348 417 1375 hoc
432 1348 609 1376 nihilominus
619 1349 702 1376 etiam
712 1349 814 1384 justum
827 1350 1021 1377 illumdemou-

232 1396 325 1420 strans
350 1393 427 1426 dicit,
447 1393 506 1421 sine
522 1395 633 1429 querela
657 1394 757 1430 justus.
772 1394 865 1423 Justus
885 1401 944 1423 erat
958 1397 1021 1431 quia

233 1438 294 1466 sine
312 1439 428 1468 crimine
444 1444 515 1473 erat,
532 1445 558 1467 et
575 1441 633 1467 sine
646 1441 756 1475 querela
770 1445 840 1474 erat,
852 1442 914 1476 quia
930 1441 1020 1476 iustus

233 1490 405 1519 nuncupatus
416 1490 468 1513 est.
487 1486 520 1512 Et
532 1490 592 1513 erat
606 1486 687 1513 homo
699 1486 744 1513 ille
761 1487 820 1514 sine
835 1489 945 1522 querela
976 1488 1020 1522 iu-

1072 944 1162 962 mones
1174 944 1254 970 super
1268 935 1365 968 oleum,
1377 940 1401 962 et
1415 935 1467 968 ipsi
1479 938 1540 961 sunt
1550 933 1645 968 janulu
1658 934 1692 960 “.
1707 933 1742 959 Et
1755 933 1853 960 adhuc:

1074 982 1200 1009 Proximo
1219 990 1266 1009 suo
1283 982 1398 1016 loquitur
1413 982 1492 1013 bona,
1509 986 1533 1008 et
1549 982 1619 1007 intra
1635 989 1663 1007 se
1683 981 1763 1006 Imber
1782 980 1854 1008 mula.

1072 1028 1103 1055 Et
1117 1029 1202 1055 alibi:
1219 1027 1252 1054 In
1272 1027 1348 1054 labiis
1366 1028 1420 1054 suis
1444 1027 1555 1053 blandus
1581 1026 1704 1053 obdulcat
1727 1026 1856 1055 inimicus,

1071 1075 1098 1101 in
1115 1074 1192 1101 corde
1213 1082 1260 1100 suo
1282 1082 1340 1100 uero
1369 1073 1512 1100 insidiatur
1525 1073 1558 1100 “.
1575 1073 1628 1100 Sed
1654 1080 1709 1098 non
1728 1076 1788 1099 erat
1802 1072 1856 1098 [alia

1071 1120 1168 1147 beatus
1180 1119 1242 1152 Ioh,
1257 1119 1303 1146 sed
1314 1126 1396 1146 verax
1412 1124 1483 1151 erat,
1491 1126 1572 1146 verax
1590 1123 1682 1153 utpote
1696 1125 1796 1145 servus
1805 1118 1857 1150 ejus

1072 1167 1104 1193 de
1128 1174 1183 1201 quo
1208 1166 1319 1196 dicitur.
1336 1165 1378 1192 Sit
1396 1165 1464 1192 Deus
1490 1173 1569 1192 uerax
1582 1166 1604 1182 "
1620 1174 1626 1192 :
1650 1170 1782 1199 tanquam
1801 1172 1856 1191 \cre

1072 1219 1167 1240 servus
1182 1211 1254 1239 illius
1268 1212 1300 1239 de
1315 1219 1369 1246 quo
1383 1211 1486 1238 dictum
1502 1217 1544 1238 est
1559 1219 1568 1238 ε
1585 1211 1649 1238 Hau:
1663 1216 1701 1238 est
1721 1211 1776 1237 vita
1786 1215 1856 1237 aeter-

1072 1264 1118 1289 na,
1139 1263 1165 1283 ut
1187 1262 1344 1292 cognoscant
1369 1263 1394 1284 te
1415 1257 1500 1283 solum
1522 1265 1610 1284 verum
1632 1257 1731 1288 Deum,
1744 1261 1768 1283 et
1789 1264 1855 1290 quem

1071 1303 1166 1330 misisti
1187 1303 1279 1330 letum
1294 1304 1427 1330 Christum
1439 1304 1472 1331 “.
1491 1303 1559 1331 Cum
1573 1311 1640 1337 ergo
1653 1308 1729 1329 esset
1745 1303 1800 1329 veri
1816 1302 1855 1328 Det

1072 1358 1168 1380 servus
1189 1357 1280 1382 verax,
1297 1355 1356 1377 erat
1379 1357 1475 1382 verax,
1489 1357 1538 1378 nec
1555 1350 1612 1384 ipse
1633 1349 1788 1381 mentiens,
1813 1356 1856 1376 nec

1071 1397 1220 1425 mendaciis
1239 1397 1458 1429 communicatis,
1481 1404 1530 1424 nec
1559 1396 1616 1430 ipse
1643 1395 1792 1426 mentiens.
1814 1402 1856 1422 nec

1071 1443 1133 1470 aliis
1148 1442 1290 1470 mendacia
1307 1449 1457 1476 congruere
1473 1442 1643 1476 permittens.
1657 1441 1750 1469 Verax
1765 1441 1791 1468 in
1803 1448 1854 1471 ore.

1071 1490 1194 1522 verax'jn
1208 1489 1300 1521 corde.
1312 1496 1394 1516 verax
1411 1489 1436 1515 in
1451 1488 1660 1523 cogitationibus
1676 1493 1703 1515 et
1736 1495 1817 1515 verax
1833 1488 1854 1514 in

234 1537 294 1580 stus
311 1531 338 1558 in
351 1531 474 1566 iudiciis.
488 1531 579 1565 iustus
606 1531 633 1558 in
655 1532 854 1566 causis,iustus
868 1533 1019 1568 inlegibus,
1034 1550 1055 1580 ρ
1074 1535 1306 1570 responsionibus,
1320 1541 1401 1561 verax
1419 1534 1454 1561 in.
1466 1534 1556 1561 verbis
1577 1538 1604 1561 et
1630 1541 1712 1560 verax
1730 1534 1758 1560 in
1775 1534 1854 1563 factis,

231 1577 321 1613 iustus
344 1578 370 1604 in
399 1578 623 1606 ordinationibus.
647 1578 714 1605 Nam
742 1587 802 1606 cum
829 1584 897 1606 esset
919 1580 972 1607 dux
988 1588 1021 1608 ac

233 1624 362 1659 princeps
375 1623 522 1657 provincia:
537 1631 604 1657 suae,
620 1626 732 1660 etleges
754 1626 856 1659 sanxit,
873 1632 900 1653 et
919 1627 1020 1661 judicia

231 1669 376 1705 judicavit.
393 1669 445 1696 Sed
459 1669 553 1703 procul
567 1669 650 1697 dubio
660 1671 732 1705 quod
741 1672 831 1698 omnia
844 1671 917 1706 iuste
929 1673 1021 1708 dispo-

235 1715 321 1743 suerit
332 1720 359 1743 et
371 1715 546 1750 iudicaverit,
555 1721 638 1750 atque
647 1716 860 1745 misericorditer
872 1719 1018 1753 deﬁnierit,

234 1768 288 1788 non
304 1762 438 1788 reveritus
453 1768 670 1796 personam,non
683 1763 820 1798 accipiens
832 1771 954 1797 munera,
968 1773 1020 1792 non

233 1807 375 1835 ambulans
391 1812 451 1840 post
465 1807 668 1842 retributiones,
677 1816 729 1836 non
742 1809 896 1844 despiciens
908 1818 1023 1845 oppres-

233 1860 306 1886 sum,
321 1859 373 1880 non
388 1861 519 1888 spernens
532 1854 651 1887 viduam,
674 1863 726 1882 non
742 1855 907 1884 Oblivisceris
920 1858 1022 1892 orpha-

235 1906 299 1926 num
314 1907 322 1927 :
338 1906 387 1933 pro
403 1899 444 1925 his
461 1905 526 1933 ergo
548 1899 689 1932 omnibus,
707 1905 734 1927 et
759 1909 792 1927 ex
816 1901 858 1929 Itis
884 1903 1020 1936 omnibus,

235 1950 318 1980 atque
336 1953 383 1979 per
399 1945 456 1972 hinc
469 1951 567 1976 cuncta
582 1950 642 1972 erat
656 1945 748 1980 iustus
766 1953 894 1982 tanquam
911 1956 1020 1977 omnem

234 1990 396 2025 iniustitiam
412 1992 586 2023 conculcans,
600 1996 727 2026 tanquam
739 2000 847 2020 omnem
862 1993 1021 2028 iniustitiam

234 2037 388 2071 cradicans,
403 2042 530 2072 tanquam
546 2045 653 2065 omnem
682 2037 811 2073 iniustum
833 2040 978 2067 humilians
995 2046 1021 2068 et

234 2091 287 2111 non
304 2084 464 2118 permittens
479 2091 628 2119 emergere.
645 2084 710 2111 Erat
724 2085 825 2120 justus,
842 2091 934 2121 utpote
950 2087 1021 2122 inju—

233 2130 316 2158 stitite
325 2138 376 2158 non
386 2131 600 2164 communicans,
611 2135 701 2166 utpote
709 2131 849 2165 iniustitia:
861 2141 913 2160 non
924 2141 1023 2168 appro-

233 2175 379 2219 pinquans,
394 2181 487 2210 utpote
499 2176 670 2210 iniustitiam,
686 2177 748 2204 odio
761 2177 863 2205 habens
877 2183 957 2213 atque
973 2179 1022 2206 ab-

1072 1588 1155 1608 verax
1168 1588 1230 1607 cum
1249 1580 1408 1607 hominibus
1424 1584 1452 1606 et
1465 1587 1546 1606 verax
1566 1587 1626 1606 cum
1641 1578 1758 1613 angelis,
1780 1586 1856 1606 verax

1072 1627 1098 1655 in
1124 1626 1299 1661 corruptione
1324 1630 1352 1653 et
1386 1633 1466 1652 verax
1494 1625 1521 1652 in
1546 1625 1808 1659 incorruptionibus,
1833 1630 1856 1651 et

1070 1675 1142 1708 quod
1162 1678 1204 1700 est
1225 1673 1345 1700 omnium
1367 1673 1526 1703 maximum,
1556 1679 1639 1698 verax
1666 1672 1692 1697 in
1715 1675 1855 1706 conspectu

1071 1719 1161 1746 omnia
1179 1717 1343 1751 inquirentis
1364 1716 1421 1743 Dei.
1436 1715 1476 1743 0b
1497 1716 1548 1742 hoc
1564 1715 1636 1742 enim
1653 1715 1757 1742 dicitur
1775 1724 1782 1742 :
1801 1714 1854 1741 No.1

1070 1765 1185 1800 peccauit
1205 1763 1257 1791 Job
1267 1765 1294 1790 in
1312 1768 1451 1797 conspectu
1464 1761 1581 1793 Domini,
1596 1767 1621 1788 et
1639 1769 1691 1788 non
1706 1762 1780 1788 dedit
1797 1762 1855 1788 iusi-

1070 1812 1198 1846 pientiam
1212 1810 1266 1837 Deo
1276 1811 1310 1836 ’⁵.
1325 1810 1408 1836 David
1426 1810 1513 1836 bonus
1529 1809 1650 1843 aspectui
1667 1808 1776 1835 Domini
1791 1815 1855 1834 nun-

1072 1861 1195 1891 cupatur.
1211 1855 1263 1882 Job
1281 1863 1345 1882 vero
1360 1862 1442 1881 verax
1461 1855 1487 1881 iu
1501 1859 1649 1888 conspectu
1670 1853 1719 1880 Dei
1742 1851 1855 1880 ostendi-

1072 1907 1126 1935 tur,
1143 1910 1225 1929 verax
1250 1902 1275 1928 in
1294 1902 1352 1936 lege
1377 1908 1440 1928 ante
1458 1901 1557 1935 legem,
1575 1908 1656 1928 verax
1681 1901 1708 1928 in
1728 1899 1856 1927 mandatis

1072 1953 1136 1976 ante
1156 1948 1294 1981 mandata,
1308 1955 1391 1974 verax
1408 1948 1434 1974 in
1451 1947 1638 1976 misericordia
1658 1951 1686 1974 et
1709 1947 1738 1974 in
1763 1945 1854 1981 justiti-

1072 1995 1224 2022 eatiouibus
1239 1999 1303 2021 ante
1321 1994 1469 2028 Scripturte
1479 1993 1658 2020 sanctionem.
1668 1992 1772 2020 Ilorutn
1786 2000 1854 2018 nam-

1072 2046 1124 2072 que
1137 2039 1258 2066 omniutn
1271 2040 1558 2066 conuuemorationem
1575 2047 1634 2066 cum
1650 2039 1676 2065 iu
1697 2043 1794 2064 natura
1810 2037 1850 2064 ha-

1072 2085 1150 2111 beret
1164 2085 1347 2118 conscriptam
1361 2092 1376 2111 a
1393 2084 1535 2116 Creatore,
1547 2089 1644 2112 cuncta
1657 2084 1714 2110 btet:
1728 2083 1854 2111 veraciter

1072 2129 1243 2163 adimplevit,
1266 2135 1365 2156 cuncta
1379 2130 1437 2157 haec
1456 2130 1591 2157 veraciter
1613 2121 1855 2164 perfecitaldcirco

1072 2177 1208 2202 veraciter
1226 2181 1308 2201 verax
1334 2175 1432 2202 dicitur
1459 2180 1540 2209 atque
1564 2175 1772 2210 comprobatur.
1799 2173 1853 2200 Pri-

233 2215 370 2248 omitians.
393 2220 459 2248 Erat
481 2221 570 2254 iustus
595 2222 807 2257 quoniamillum
826 2215 965 2258 diligebat,
989 2225 1022 2252 dc
1038 2229 1061 2258 ι)
1075 2229 1146 2248 tnmn
1164 2221 1273 2256 quidem
1300 2221 1359 2248 sine
1378 2220 1506 2255 querela.
1530 2225 1622 2255 utpote
1647 2220 1674 2247 in
1700 2219 1852 2252 semetipso.

234 2273 289 2300 quo
313 2266 414 2293 dicitur
436 2267 463 2293 in
489 2269 628 2303 prophetis
643 2278 649 2296 :
665 2267 698 2294 Et
712 2274 748 2295 est
764 2269 871 2304 justitia
886 2271 1019 2297 accinctus

234 2311 337 2339 lumbos
353 2313 386 2340 “.
400 2313 572 2347 Eratjustus,
585 2316 647 2349 quia
664 2315 690 2342 in
704 2316 758 2343 Deo
769 2317 907 2350 sperabat,
923 2318 955 2345 de
966 2325 1019 2352 quo

235 2357 336 2385 dicitur
352 2367 359 2385 :
373 2357 468 2385 Justus
482 2359 620 2392 Dominus,
634 2367 658 2388 et
675 2362 799 2396 justitias
815 2362 918 2394 dilexit,
934 2364 1019 2398 α’(ιαί-

235 2407 316 2430 tatem
330 2404 396 2431 cidit
416 2405 502 2431 uultu:
526 2406 583 2440 eius
595 2407 628 2433 η.
640 2408 687 2434 Sic
711 2416 827 2443 namque
840 2414 899 2436 erat
918 2409 1017 2444 justus.

200 2485 204 2491 Δ
235 2448 282 2476 Sic
299 2454 358 2477 erat
379 2449 480 2484 justus,
497 2455 527 2478 ut
550 2453 606 2486 ipse
620 2452 689 2480 Deus
705 2453 752 2486 qui
773 2455 1018 2488 cognOscitcorda,

233 2495 535 2530 attestareturiustitiae
544 2498 613 2531 ejus.
631 2497 668 2524 Ita
685 2504 745 2526 erat
756 2499 856 2534 justus,
872 2505 902 2528 ut
917 2501 973 2535 ipse
987 2502 1020 2529 de

233 2542 381 2577 semetipso
398 2543 520 2570 diceret:
537 2542 648 2570 Iustitia
670 2553 740 2572 eram
762 2546 881 2579 indutus,
899 2552 922 2574 et
939 2549 1019 2574 uesti-

233 2592 277 2616 tus
285 2588 389 2623 judicio
405 2594 531 2624 tanquam
543 2590 702 2616 vestimento.
716 2591 841 2626 Cor-fregi
851 2592 936 2620 mala:
946 2594 1021 2628 inju-

233 2638 346 2666 storum,
359 2634 391 2661 de
407 2634 493 2661 medio
507 2639 594 2661 autem
614 2635 730 2662 dentium
757 2638 864 2672 rapinas
877 2639 974 2665 abstuli
985 2639 1019 2665 '°.

234 2679 280 2708 Sic
296 2682 386 2716 itaque
398 2686 458 2707 erat
478 2681 579 2716 justus,
591 2686 622 2708 ut
634 2681 749 2709 formam
763 2687 844 2718 atque
866 2684 1018 2719 exemplum

234 2725 342 2754 Domini
357 2726 402 2753 Dei
419 2726 445 2752 in
465 2734 495 2753 se
517 2725 686 2760 adimpleret,
704 2726 763 2760 eius
774 2729 820 2762 qui
841 2735 902 2755 cum
920 2728 956 2755 sit
975 2727 1020 2762 ju-

235 2776 306 2804 stus,
319 2772 440 2807 justitias
454 2772 558 2800 dilexit.
573 2772 639 2800 Cum
652 2778 742 2801 autetu
757 2775 847 2809 justus
865 2780 946 2808 esset,
962 2781 1019 2802 erat

500 2830 520 2845 "
533 2828 602 2865 Psal.
618 2837 644 2860 x,
658 2830 684 2855 8.
724 2830 746 2845 '°
762 2829 811 2859 Job
830 2831 1021 2865 xxix,ii,17.

513 2865 534 2880 ’³
550 2864 598 2892 Job
611 2873 630 2894 ι.
646 2865 691 2892 22.

272 2826 294 2842 ¹⁸
311 2828 361 2855 lsa.
381 2836 419 2857 xl.
434 2829 460 2854 5.

235 2860 260 2878 ³⁸
270 2860 350 2890 Joan.
367 2871 431 2893 xvn.
447 2865 474 2891 5.

1074 2268 1178 2295 Deinde
1194 2267 1295 2302 justus,
1312 2272 1404 2301 utpote
1418 2266 1491 2293 circa
1503 2274 1608 2293 omnes.
1621 2265 1687 2293 Item
1704 2273 1784 2292 verax
1798 2269 1853 2290 tan-

1073 2320 1154 2348 quam
1171 2313 1196 2340 in
1206 2317 1352 2347 conspectu
1366 2312 1421 2340 Dei.
1437 2311 1582 2345 Propterea
1595 2316 1653 2346 post
1665 2311 1722 2338 haec
1736 2311 1853 2337 unitersa

1073 2360 1100 2387 in
1118 2358 1294 2386 conclusione
1305 2357 1427 2385 otnniutn
1445 2364 1493 2392 pro
1509 2357 1701 2384 universorum
1725 2356 1854 2390 recapitu-

1074 2406 1175 2432 Iatione
1205 2404 1337 2439 adiicieus
1359 2404 1446 2431 dicit:
1469 2403 1517 2430 Dei
1536 2403 1646 2429 cultor:
1662 2403 1727 2437 quia
1751 2408 1852 2429 omnem

1073 2450 1258 2482 sanctitatem,
1271 2455 1299 2477 et
1315 2456 1424 2476 omnem
1439 2448 1585 2482 justitiam,
1598 2451 1626 2474 et
1638 2454 1719 2475 omne
1729 2454 1797 2482 opus
1809 2445 1852 2472 bo-

1073 2504 1138 2524 num
1154 2496 1226 2531 quod
1245 2495 1296 2522 visi
1318 2495 1421 2522 fuerint
1439 2494 1563 2522 homines
1578 2493 1680 2525 lacere,
1703 2492 1756 2520 nisi
1769 2492 1796 2518 in
1811 2490 1852 2517 Dei

1073 2543 1191 2576 cultura,
1207 2543 1259 2570 nisi
1273 2542 1300 2569 in
1319 2542 1365 2569 Dei
1381 2541 1520 2576 agnitione
1535 2544 1617 2575 atque
1637 2539 1809 2567 confessione
1819 2538 1851 2564 fe-

1073 2591 1171 2622 cerint,
1190 2590 1250 2617 sine
1263 2596 1343 2616 cattsa
1361 2587 1465 2615 faciunt
1481 2591 1564 2622 atque
1586 2593 1766 2621 supervacue.
1779 2584 1810 2612 Et
1827 2588 1852 2609 ut

1074 2636 1194 2663 breviter
1207 2640 1289 2670 atque
1307 2635 1439 2661 audenter
1463 2633 1562 2666 dicam,
1586 2633 1676 2659 omnia
1693 2638 1852 2667 quaecunque

1072 2681 1189 2710 fecerint
1206 2681 1329 2708 homines
1351 2681 1408 2708 sive
1433 2680 1457 2706 in
1480 2679 1645 2714 virginitate,
1661 2679 1718 2706 sive
1734 2678 1761 2704 in
1776 2676 1847 2704 absti-

1073 2727 1175 2759 nentia,
1188 2727 1246 2754 sive
1259 2726 1286 2753 in
1298 2726 1420 2760 corporis
1435 2726 1572 2757 castitate,
1588 2725 1645 2751 sive
1658 2725 1684 2751 in
1698 2723 1787 2751 carnis
1801 2729 1851 2749 sua:

1073 2773 1272 2805 combustione,
1284 2772 1342 2799 sive
1353 2772 1379 2799 in
1394 2772 1526 2799 bonorum
1537 2779 1647 2798 suorum
1656 2769 1850 2800 distributione.

1061 2833 1081 2848 ¹¹
1096 2830 1168 2859 Psal.
1185 2837 1238 2862 LI",
1250 2828 1295 2856 2‘2.
1335 2829 1356 2844 ²²
1373 2828 1449 2858 Prov.
1465 2836 1537 2863 xxvt,
1555 2828 1600 2856 24.
1639 2828 1661 2844 ’³
1678 2827 1753 2856 Rom.
1773 2834 1810 2859 ιιι,
1825 2825 1849 2853 4.
