1904 3076
83 134 133 163 581

637 140 829 170 ANONYMUS
848 142 882 169 IN
900 143 974 172 JOB.
996 161 1029 166 —
1047 144 1111 174 LIB.
1131 146 1150 174 l.

1662 148 1715 179 583

87 194 181 222 omnia
201 195 292 230 gratis
307 196 419 230 faciunt,
438 198 462 225 si
480 205 532 226 non
555 199 581 226 in
607 199 658 228 ﬁde
681 201 805 233 fecerint,
822 202 881 230 sine
897 206 918 233 Α
931 205 1105 233 etadoretur.
1119 205 1192 233 Nihil
1206 206 1256 234 hoc
1267 206 1367 241 justius
1378 215 1464 242 neque
1477 208 1611 241 veracius.
1622 215 1714 242 quam,

87 248 169 269 causa
189 248 275 278 agunt
289 243 340 272 nisi
355 244 380 271 in
396 245 534 280 agnitione
546 246 624 274 unius
637 247 748 281 ingeniti
765 249 810 275 Dei
826 249 878 275 Pa-

90 289 151 319 tris,
167 289 233 316 etin
248 289 420 318 confessione
436 291 515 318 unius
530 292 659 326 unigeniti
680 292 738 320 Filii
754 293 812 326 ejus
824 294 877 320 Do-

86 334 156 361 mini
173 335 258 361 nostri
281 333 344 362 Jesu
368 335 479 367 Christi,
494 342 521 363 et
547 336 745 365 illuminatinne
760 340 879 373 Spiritus

89 380 180 406 sancti
193 380 317 414 gloriosi.
330 388 362 408 ac
377 382 538 410 venerabilis
552 382 696 416 Paracleti,
712 386 756 419 qui
768 385 879 419 adjuvat.

89 426 279 454 inﬁrmitatem
295 433 398 455 nostra;
410 429 553 461 orationis,
568 429 593 455 in
605 437 658 464 quo
674 431 771 465 signati
784 439 878 461 sumus

89 471 118 498 in
135 472 180 499 die
208 473 403 507 redemptionis
424 479 533 506 nostra’,
550 476 600 503 hoc
627 477 749 504 fecerint.
764 477 877 505 Omnem

88 523 156 550 ergo
172 517 353 549 sanctitatem,
369 523 397 545 et
412 526 521 546 omnem
537 520 696 554 iniustitiam
707 529 787 556 quam
806 523 877 550 fece-

89 562 127 589 rit
140 561 204 596 quis
218 561 285 589 foris
300 571 314 589 a
328 570 391 590 vera
417 563 464 591 Dei
489 565 594 592 cultura
615 570 697 601 atque
720 575 784 595 vera
813 569 877 601 ﬁde,

88 608 178 642 gratis
189 608 266 640 facit,
278 609 304 635 in
321 608 472 643 perditione
484 611 562 643 facit,
579 619 630 638 non
648 613 758 646 prodest
773 614 810 645 ei,
824 623 878 642 non

89 652 203 688 adjuvat
219 661 280 681 eum
302 653 329 681 ιιι
350 654 392 682 die
418 655 477 688 iraa,
493 663 547 683 non
570 657 695 685 liberabit
712 666 773 686 ettm
792 659 819 687 in
835 660 878 688 die

90 699 228 728 interitus.
249 701 288 727 Ad
313 701 384 736 quod
408 706 447 728 est
469 703 546 730 testis
567 703 713 738 Apostolus
729 705 775 739 qui
792 706 877 734 dicit:

89 738 176 772 Omne
186 746 255 780 quod
270 754 302 773 ea:
323 747 376 780 ﬁde
392 753 505 781 nonest,
520 755 656 783 peccatum
672 755 710 777 est
723 738 756 780 ’ἦ
771 751 879 785 Quare?

89 791 159 824 Quia
172 791 243 819 bona
263 792 388 820 videntur
415 793 512 822 fecisse
536 803 588 822 non
606 797 717 830 quaesita
745 797 806 829 ﬁde,
826 805 878 826 non

89 838 207 871 quaesita
223 840 361 874 agnitione
378 839 436 874 ejus
453 845 568 875 propter
588 849 669 874 quem
685 842 737 870 hoc
752 842 878 870 iecerint.

932 255 959 276 ut
977 251 1001 277 ei
1019 251 1064 284 qui
1080 255 1120 277 est
1138 251 1260 278 omnium
1281 251 1351 278 Deus
1364 257 1391 279 et
1403 253 1538 286 conditor,
1553 257 1635 287 atque
1650 260 1715 287 pro-

931 295 1015 327 visor,
1031 295 1161 322 credatur
1174 301 1203 322 ut
1226 301 1345 331 oportet,
1359 301 1386 323 et
1400 297 1573 329 conﬁteatur,
1588 302 1615 323 et
1632 297 1716 331 protl-

932 345 1031 368 teatur.
1055 340 1125 367 Nihil
1143 348 1207 376 ergo
1222 343 1335 376 suscipit
1356 343 1426 369 Deus
1441 342 1544 377 absque
1568 343 1627 370 ﬁdei
1644 343 1717 370 veri-

933 391 997 413 tate.
1013 386 1071 414 Non
1081 387 1152 413 enim
1166 387 1266 423 indiget
1276 389 1318 415 Itis
1329 396 1388 423 qua:
1402 394 1493 416 nostra
1507 394 1579 422 sunt,
1589 389 1640 416 nisi
1652 389 1717 416 solis

931 433 1182 461 attimabusnostris
1195 434 1221 460 in
1234 434 1348 462 veritate
1361 434 1422 461 ﬁdei
1435 435 1652 469 persistentibus,
1665 436 1717 462 nisi

933 477 988 502 sola
1009 477 1175 504 conscientia
1194 483 1284 504 nostra
1304 478 1329 504 in
1353 479 1467 505 veritate
1482 479 1540 506 ﬁdei
1556 480 1607 506 sibi
1629 480 1716 507 conif-

933 525 1013 549 tente.
1029 521 1091 549 Htec
1106 530 1223 557 namque
1236 523 1325 550 sciens
1339 523 1433 551 beatus
1443 523 1494 551 Job
1505 525 1638 559 justitiam
1651 526 1718 552 anti-

933 566 1035 600 ﬁcavit,
1063 568 1202 596 veritatem
1221 568 1355 597 fundavit.
1381 569 1433 596 Sed
1452 570 1508 598 haec
1530 571 1654 598 universa
1671 572 1717 599 Dei

932 613 1048 645 cultura,
1063 614 1113 641 hoc
1125 618 1176 646 est,
1192 614 1244 642 ﬁde
1256 615 1428 642 concinnavit
1439 620 1521 650 atque
1534 617 1610 648 texit,
1623 618 1720 644 obdul-

932 660 1003 687 cavit
1018 664 1098 694 atque
1119 660 1241 694 perfecit.
1258 660 1305 687 Sic
1329 665 1437 695 oportet
1455 662 1537 689 etiam
1552 670 1611 695 nos,
1628 670 1645 689 ο
1669 664 1718 690 viri

932 705 1022 738 periti,
1035 705 1062 732 in
1080 705 1133 732 ﬁde
1146 705 1299 738 ambulare,
1313 706 1340 732 in
1356 706 1408 733 ﬁde
1425 711 1508 738 stare,
1520 707 1546 734 in
1563 707 1614 734 ﬁde
1628 715 1720 742 perse-

933 758 1040 784 verare,
1062 752 1214 779 inﬁdelitati
1231 757 1312 786 atque
1335 752 1487 780 inﬁdelibus
1502 761 1555 780 non
1573 756 1720 788 appropin-

933 804 1028 830 quare,
1053 804 1139 831 neque
1168 798 1389 831 communicare,
1412 805 1499 832 neque
1525 799 1720 825 conventiculis

932 849 1037 870 eorum.
1052 850 1139 876 neque
1166 843 1294 876 collectis,
1310 847 1339 870 ut
1357 848 1454 870 cuncta
1479 851 1539 877 quae
1561 843 1677 870 facimus
1693 843 1718 869 in

88 883 113 912 Δ
127 892 183 919 quo
200 886 273 912 enim
295 885 411 920 accipiet
429 887 604 913 mercedem?
621 887 664 914 Ab
679 896 711 915 eo
724 895 806 922 quem
825 896 880 915 non
896 877 916 904 Β
932 887 984 914 title
1001 887 1055 914 Deo
1069 888 1245 923 acceptabilia
1268 889 1321 915 sint
1338 897 1344 915 :
1363 889 1431 916 sicut
1451 895 1478 915 et
1498 889 1540 915 illa
1557 896 1617 923 qua:
1641 889 1720 923 paulo

89 931 246 964 requisivit,
275 939 355 965 quem
384 939 437 959 non
465 933 588 967 agnovit,
612 933 656 960 cui
675 941 728 960 non
753 934 879 967 credidit,

89 984 172 1010 quem
189 985 242 1004 non
255 982 297 1004 est
307 976 459 1009 confessus,
472 985 559 1012 neque
568 977 707 1012 professus
717 979 788 1006 sicut
801 986 881 1013 opor-

91 1022 154 1052 tuit,
169 1029 222 1048 non
239 1021 354 1056 accipiet
367 1022 402 1049 ab
417 1029 449 1049 eo
467 1023 726 1055 remunerationem,
741 1024 792 1050 nisi
806 1024 880 1057 judi-

88 1068 164 1095 cium
181 1072 209 1095 et
225 1068 292 1095 iratn
310 1069 342 1095 ad
366 1069 632 1096 c0ndemnalionem.
649 1068 726 1096 Sicut
740 1070 811 1096 enim
834 1069 880 1104 qui

89 1113 210 1141 aediﬁcat
222 1114 284 1141 sine
297 1113 486 1148 fundamento,
511 1115 578 1142 nihil
601 1115 708 1149 proﬁcit
728 1116 779 1142 nisi
796 1116 881 1143 detri-

90 1167 214 1190 mentum
228 1166 258 1190 et
275 1162 408 1195 laborem,
424 1168 451 1190 et
465 1163 587 1191 dolorem
602 1173 609 1191 :
623 1164 664 1191 sic
685 1163 813 1191 similiter
835 1163 880 1198 qui

91 1209 157 1236 boni
171 1208 276 1243 aliquid
290 1208 395 1236 videtur
405 1209 505 1242 facere,
523 1210 544 1237 si
558 1210 617 1237 sine
629 1209 683 1237 ﬁde
693 1210 800 1242 fecerit,
815 1209 881 1237 nihil

91 1254 212 1289 proﬁcit.
226 1255 305 1283 Sicut
321 1255 393 1282 enim
409 1255 530 1282 credenti
545 1256 636 1282 omnia
654 1259 718 1283 sunt
732 1255 881 1290 possibilia,

91 1305 122 1328 ut
144 1300 268 1328 salvetur
292 1305 374 1336 atque
401 1300 573 1335 refrigerium
591 1301 711 1328 inveniat
731 1302 800 1336 apud
819 1309 881 1328 eum

92 1348 138 1376 cui
168 1347 303 1376 credidit:
317 1348 357 1375 sic
377 1354 431 1374 non
456 1347 578 1375 credenti
593 1347 660 1374 nihil
683 1352 724 1375 est
742 1347 881 1382 possibile,

93 1401 183 1428 neque
197 1399 228 1421 ut
242 1394 335 1422 salvus
345 1394 401 1427 ﬁat,
414 1401 502 1428 neque
517 1398 546 1420 ut
563 1393 737 1428 refrigerium
750 1394 881 1427 inveniat,

93 1449 183 1476 neque
197 1447 226 1469 ut
241 1442 268 1469 in
284 1441 366 1468 vitam
385 1444 511 1468 introeat.
529 1439 586 1468 Non
602 1444 645 1467 est
661 1440 732 1468 enim
754 1441 882 1468 mentitus

93 1487 201 1522 quiait:
211 1485 327 1520 Quaerite
341 1486 492 1518 Dominum,
505 1486 646 1513 etinveniet
655 1485 746 1514 «niam
755 1486 881 1514 uestra".

94 1535 173 1567 Quod
191 1534 214 1561 si
229 1541 282 1561 non
297 1534 457 1569 quaesieritis
480 1533 506 1560 in
520 1533 583 1564 ﬁde,
600 1541 654 1561 non
669 1534 780 1568 potestis
799 1535 824 1561 in
839 1534 881 1561 vi-

96 1588 151 1608 tam
165 1581 290 1612 introire,
304 1581 329 1608 id
349 1585 399 1614 est,
415 1581 515 1607 animae
534 1588 587 1608 non
614 1581 792 1608 credentium.
807 1581 883 1608 Sicut

93 1628 168 1656 enim
184 1627 227 1656 sol
248 1627 299 1655 nisi
314 1627 461 1654 vibraverit
475 1634 556 1662 super
572 1626 669 1654 faciem
690 1631 780 1660 terrae,
793 1626 884 1654 nullus

92 1682 127 1702 ex
152 1674 288 1702 fructibus
310 1673 368 1708 ejus
387 1674 499 1705 crescit,
522 1680 610 1708 neque
629 1673 772 1705 adolescit,
796 1681 884 1708 neque

94 1720 270 1752 maturescit,
286 1720 326 1747 sic
349 1720 476 1747 similiter
491 1719 543 1746 nisi
559 1727 607 1753 per
621 1719 699 1746 ﬁdem
721 1720 821 1746 veritas
839 1726 883 1746 re-

95 1766 205 1794 fulserit
221 1766 249 1793 in
266 1765 410 1793 animabus
424 1765 575 1796 homintun,
592 1771 730 1799 nunquam
743 1770 821 1792 erunt
836 1773 884 1792 ac-

95 1811 247 1847 ceptabiles
259 1819 351 1839 coram
367 1811 432 1839 Deo.
445 1810 522 1844 Quod
536 1815 625 1837 autem
637 1811 660 1837 si
674 1811 713 1838 sol
730 1817 782 1838 non
795 1811 885 1838 radia~

95 1859 167 1886 verit
182 1865 264 1893 super
278 1858 383 1886 fructus
398 1861 490 1890 terrm,
500 1865 554 1885 non
572 1858 706 1890 oriuntur,
724 1865 812 1892 neque
827 1865 884 1884 ma-

97 1909 237 1932 turescere
253 1904 474 1938 comprobantur,
490 1902 664 1930 manil‘estum
680 1907 721 1929 est
734 1903 804 1937 apud
816 1902 881 1929 Noe.

96 1950 165 1978 Nam
179 1958 228 1985 per
239 1957 339 1977 annum
356 1949 431 1976 illttm
446 1957 500 1984 quo
518 1949 574 1976 Noe
589 1948 678 1976 fuitin
690 1956 765 1981 arca,
779 1949 818 1976 sol
830 1956 882 1976 non

96 1997 199 2025 eﬂ'ulsit
214 2004 296 2031 super
315 2001 426 2027 terram,
443 1995 540 2031 partim
558 2002 623 2022 sane
645 1996 678 2022 ab
696 1996 767 2022 aeris
790 1995 883 2022 turba-

98 2045 173 2071 tione
196 2044 339 2072 coercitus,
366 2042 464 2076 partim
492 2046 584 2068 autem
612 2041 677 2075 quia
701 2042 736 2068 ab
752 2049 883 2076 aquarum

98 2089 272 2117 multitudine
281 2092 342 2116 erat
354 2093 427 2115 terra
439 2092 577 2122 cooperta.
590 2087 696 2115 Idcirco
708 2087 813 2115 fructus
830 2091 885 2115 ter-

98 2143 135 2163 ra:
148 2143 220 2162 anno
231 2135 277 2162 illo
287 2142 374 2168 neque
382 2134 616 2168 germinaverunt,
630 2141 717 2168 neque
729 2139 882 2166 creverunt,

98 2190 187 2217 neque
201 2187 386 2209 maturescere
397 2180 564 2216 comprobati
578 2185 651 2211 sunt.
662 2181 733 2208 sicut
745 2181 771 2207 in
786 2179 885 2208 Genesi

931 939 992 967 post
1003 931 1055 959 Job
1076 933 1175 961 fecisse
1199 934 1342 966 asseritur,
1357 934 1536 967 acceptabilia
1558 933 1626 961 facta
1644 941 1718 966 sum,

931 980 993 1012 quia
1010 979 1141 1006 abstinuit
1152 986 1182 1006 se
1197 980 1231 1006 ab
1246 979 1321 1007 omni
1336 987 1365 1006 re
1384 980 1464 1013 mala,
1479 984 1508 1006 ut
1519 979 1573 1006 Deo
1593 985 1718 1013 accepta-

932 1025 992 1051 bilis
1009 1024 1085 1052 ﬁeret
1101 1025 1225 1060 religiosa
1241 1025 1299 1059 ejus
1314 1025 1430 1058 cultura,
1447 1030 1475 1052 ut
1487 1025 1634 1052 nihilesset
1646 1025 1719 1059 quod

930 1072 955 1098 ei
972 1076 1172 1106 perstreperet,
1191 1072 1232 1099 Vel
1252 1073 1412 1106 praepediret
1434 1072 1508 1099 circa
1532 1071 1577 1099 Dei
1604 1071 1719 1104 coajuu‘

931 1119 1052 1145 ctionem
1067 1124 1147 1152 atque
1163 1118 1385 1149 familiaritatem,
1398 1123 1490 1152 utpote
1506 1118 1530 1145 ei
1546 1117 1721 1152 quieratsino

931 1164 1052 1196 querela,
1070 1164 1157 1199 justus
1183 1171 1291 1198 quoque
1308 1171 1339 1191 ac
1364 1171 1443 1190 verax
1461 1164 1506 1190 Dei
1529 1164 1618 1190 cultor
1636 1168 1720 1197 atque

932 1210 1069 1237 abstinens
1083 1216 1113 1236 se
1131 1209 1165 1236 ab
1179 1210 1252 1236 omni
1276 1217 1304 1236 re
1320 1209 1400 1236 mala.
1425 1209 1524 1243 Dignos
1536 1209 1617 1236 etiam
1634 1208 1721 1235 iaciat

933 1264 981 1283 nos
1005 1255 1087 1288 Deus,
1109 1260 1138 1283 ut
1160 1256 1248 1290 ipsum
1266 1256 1443 1282 imitantesin
1471 1255 1527 1290 ejus
1546 1254 1721 1282 beatitudinis

934 1302 1055 1337 vestigiis
1066 1302 1199 1336 requiem,
1209 1309 1241 1329 ac
1254 1301 1423 1336 refrigerium
1437 1301 1603 1333 accipiamus
1614 1300 1640 1327 in
1652 1304 1722 1327 tetn-

932 1355 999 1382 pore
1015 1347 1235 1375 resurrectionis.

969 1394 1068 1422 Habuit
1084 1400 1175 1422 autem
1195 1394 1265 1421 ﬁlios
1278 1399 1382 1428 septem
1398 1397 1425 1420 et
1441 1393 1511 1420 ﬁlias
1526 1397 1590 1425 tres,
1602 1391 1649 1419 sed
1665 1399 1723 1419 non

933 1450 965 1469 ex
991 1443 1135 1475 adulterio,
1152 1449 1240 1476 neque
1269 1438 1302 1468 ei
1329 1440 1506 1474 impudicitia,
1520 1440 1566 1467 sed
1591 1446 1624 1466 ex
1646 1438 1720 1466 licito

934 1495 1015 1524 atque
1038 1489 1209 1516 immaculato
1245 1488 1417 1516 matrimonio
1465 1486 1574 1514 Sciebat
1603 1493 1721 1520 namque

935 1536 1028 1564 beatus
1044 1535 1095 1563 .lob
1110 1535 1173 1570 quia
1187 1542 1218 1562 ex
1238 1535 1335 1562 illicito
1358 1539 1419 1560 toro
1441 1533 1488 1560 ﬁlii
1504 1534 1548 1568 qui
1571 1537 1721 1559 nascuntur

935 1587 1017 1609 testes
1031 1586 1111 1609 erunt
1125 1581 1278 1615 iniquitatis
1293 1580 1423 1607 adversus
1437 1584 1564 1613 parentes
1578 1586 1642 1606 suos
1657 1586 1720 1606 cum

935 1627 1144 1661 interrogantur.
1158 1625 1262 1652 idcirco
1277 1625 1411 1652 veraciter
1425 1625 1512 1651 dicit:
1528 1623 1561 1650 Et
1574 1624 1597 1651 si
1615 1628 1723 1651 secutus

933 1677 970 1698 est
985 1672 1077 1699 oculus
1092 1680 1165 1698 metu
1176 1679 1286 1698 uxorem
1312 1671 1361 1698 viri
1381 1670 1505 1702 alterius,
1525 1675 1607 1704 atque
1628 1670 1670 1697 bis
1683 1670 1721 1697 si-

935 1719 1018 1746 milia.
1029 1718 1097 1746 Cum
1106 1725 1171 1753 ergo
1183 1717 1273 1744 omnia
1283 1717 1400 1744 obscena
1412 1722 1439 1744 et
1449 1716 1627 1744 exsecrabilis
1640 1720 1722 1749 atque

935 1765 1027 1792 illicita
1043 1765 1202 1796 declinaret,
1218 1767 1322 1798 septem
1335 1763 1520 1795 habuitﬁlios,
1534 1767 1561 1789 et
1573 1762 1721 1792 llliastres.

934 1816 1028 1838 sancte
1053 1816 1079 1838 ct
1094 1811 1190 1846 pudice
1209 1810 1357 1838 secundum
1373 1809 1490 1837 olIiciutn
1514 1813 1628 1840 natural,
1645 1812 1724 1835 caste

934 1866 966 1886 ac
983 1858 1116 1885 veraciter
1130 1858 1207 1892 juxta
1216 1857 1355 1884 Creatoris
1367 1856 1586 1890 promissionem.
1600 1855 1721 1882 Fuerunt

934 1909 1024 1931 autem
1040 1903 1077 1931 illi
1090 1904 1137 1930 filii
1157 1907 1309 1938 septem,et
1325 1902 1385 1929 ﬁlia:
1401 1907 1457 1929 tres
1472 1901 1580 1928 fuerunt
1591 1900 1639 1927 illi.
1653 1899 1722 1927 Cui?

934 1949 1077 1983 Jobjusto,
1089 1950 1147 1976 sine
1159 1949 1281 1984 querela,
1300 1956 1366 1976 vero
1379 1948 1427 1975 Dei
1445 1947 1555 1975 cultori.
1572 1946 1640 1973 Huic
1656 1952 1722 1980 ergo

935 1995 1044 2023 fuerunt
1057 1995 1104 2022 ﬁlii
1122 2001 1224 2029 septem
1239 2001 1266 2023 et
1277 1995 1337 2022 ﬁlias
1353 1999 1417 2022 tres.
1431 1995 1485 2022 Deo
1499 1993 1641 2027 largiente,
1658 1999 1722 2026 pro-

935 2042 1044 2068 vidente
1057 2041 1199 2072 Creatore,
1217 2041 1325 2068 volente
1341 2040 1463 2068 omnium
1479 2039 1588 2074 opilice,
1612 2038 1723 2065 fuerunt

936 2087 973 2113 illi
985 2086 1031 2113 ﬁlii
1042 2092 1145 2121 septem
1157 2091 1184 2114 et
1203 2086 1264 2114 ﬁliae
1277 2086 1460 2120 ttes.Septent
1475 2085 1521 2112 ﬁlii
1530 2085 1606 2119 juxta
1621 2083 1722 2110 hebtlo-

936 2131 1042 2158 madam
1051 2132 1155 2159 dierum
1166 2132 1270 2164 saecuﬁ,
1280 2136 1327 2158 aut
1335 2130 1412 2165 juxta
1422 2129 1618 2157 hebdomadam
1628 2135 1722 2155 eorutn

935 2178 981 2212 qui
993 2178 1028 2204 ab
1040 2178 1170 2212 apostolis
1178 2179 1202 2204 in
1213 2185 1287 2204 novae
1296 2177 1391 2212 gratiae
1403 2175 1500 2203 saeculo
1515 2179 1578 2203 sunt
1591 2174 1721 2206 ordinati,

98 2229 254 2257 Scribentes
273 2229 451 2256 asseruimus.
464 2227 528 2255 Haac
542 2233 660 2261 namque
674 2227 798 2254 universa
812 2226 884 2253 dixi-
901 2228 923 2255 D
938 2227 984 2250 aut
994 2222 1070 2257 juxta
1087 2229 1190 2258 septem
1211 2223 1302 2251 stellas
1321 2230 1381 2258 quae
1399 2222 1519 2256 quotidie
1533 2223 1722 2256 pertranseunt

98 2282 170 2306 mus,
184 2274 249 2308 quia
273 2275 369 2301 beatus
392 2273 444 2301 Job
461 2281 522 2301 cum
542 2273 676 2308 justitiam
693 2278 721 2300 et
741 2273 885 2300 veritatem

98 2320 224 2353 haberet,
241 2320 323 2347 etiam
340 2320 386 2347 Dei
402 2319 545 2353 culturam,
560 2320 610 2346 hoc
620 2323 663 2346 est
678 2319 756 2346 ﬁdem
773 2318 828 2346 Deo
838 2318 886 2345 (le-

98 2364 262 2397 lectabilem,
284 2365 429 2399 pretiosam
450 2372 557 2400 quoque
582 2365 607 2391 ei
635 2369 717 2398 atque
732 2362 886 2397 acceptabi-

99 2411 151 2438 Iem
172 2410 303 2438 habebat.
322 2410 398 2437 Sicut
420 2410 492 2438 enim
514 2410 583 2437 nihil
599 2414 641 2437 est
658 2408 818 2437 delectabile
835 2408 885 2436 ho-

99 2456 220 2484 minibus
229 2456 289 2483 sine
301 2456 369 2487 luce,
382 2456 422 2483 sic
438 2456 564 2483 similiter
578 2455 645 2482 nihil
658 2459 699 2482 est
712 2454 883 2487 delectabile,

99 2510 191 2537 neque
210 2507 352 2536 acceptum
373 2502 438 2535 Deo,
451 2502 552 2536 absque
567 2501 628 2529 ﬁdei
643 2501 754 2529 lumine.
777 2501 817 2528 0b
833 2501 886 2528 hoc

97 2555 164 2582 ergo
185 2547 251 2574 dicit
270 2547 305 2574 de
329 2545 391 2578 Job,
416 2546 463 2574 Dei
489 2547 587 2578 cultor,
601 2547 673 2581 juste
698 2553 732 2573 ac
751 2546 886 2573 veraciter

98 2593 192 2620 colens
203 2593 299 2620 Deum.
317 2592 375 2621 Non
391 2598 500 2628 propter
521 2593 631 2620 divitias
649 2597 730 2627 atque
745 2593 884 2627 pecunias.

98 2640 170 2666 sicut
184 2639 310 2667 diabolus
324 2640 492 2666 mendaciter
505 2639 603 2666 detulit
615 2638 688 2666 illum
702 2639 772 2673 apud
787 2638 884 2671 Deum,

98 2685 146 2712 sed
162 2689 276 2720 propter
284 2684 419 2718 justitiam
432 2692 464 2712 ac
478 2684 619 2712 veritatem
632 2684 715 2712 coluit
729 2684 824 2712 Deum.
838 2684 886 2711 Ni-

98 2730 136 2757 hil
152 2731 204 2758 hoc
218 2730 320 2765 iustius
339 2737 373 2758 ac
398 2730 533 2763 veracius,
547 2737 629 2764 quam
647 2734 678 2757 ut
692 2730 804 2758 Creator
824 2730 885 2757 uni—

97 2783 240 2804 versorum
264 2783 297 2804 ac
310 2775 468 2805 benefactor
487 2776 609 2804 omnium
624 2776 758 2804 veraciter
780 2776 885 2804 colatur

135 2857 157 2872 “
169 2856 250 2884 Rom.
264 2856 378 2888 χιι-,εἱ
420 2854 440 2871 ’⁷
456 2855 527 2885 Psal.
545 2864 641 2888 vant,
658 2856 702 2883 33.

935 2269 1022 2304 spatia
1030 2269 1226 2298 cmli.Fuerunt
1236 2269 1368 2304 eiseptem
1377 2269 1423 2295 lilii
1437 2273 1465 2295 et
1479 2268 1538 2295 ﬁliae
1553 2272 1618 2298 tres,
1627 2273 1722 2293 omnes

936 2315 1016 2342 simul
1026 2315 1131 2347 decem,
1142 2315 1287 2342 serundum
1301 2317 1392 2342 decem
1403 2314 1486 2341 verba
1498 2313 1576 2348 legis,
1587 2319 1647 2347 qua!
1661 2315 1722 2347 post

937 2360 988 2387 hoc
996 2359 1057 2387 tiliis
1065 2360 1148 2387 Israel
1157 2364 1220 2387 sunt
1227 2360 1333 2387 tradita.
1342 2360 1413 2394 Ergo
1422 2359 1484 2393 quia
1490 2366 1521 2386 ea
1528 2365 1588 2393 quae
1594 2358 1620 2384 in
1630 2358 1723 2385 decem

937 2405 1026 2432 verbis
1045 2405 1110 2440 legis
1119 2410 1182 2433 sunt
1193 2410 1334 2440 praecepta,
1350 2405 1440 2432 omnia
1450 2403 1605 2438 adimplevit
1615 2403 1676 2435 Job,
1695 2407 1722 2430 et

938 2456 1000 2478 attte
1011 2451 1109 2486 legem,
1120 2456 1147 2478 et
1158 2455 1235 2478 extra
1244 2451 1341 2485 legem,
1353 2450 1453 2477 idcirco
1465 2455 1492 2477 et
1507 2449 1556 2484 ipsi
1571 2449 1680 2483 quidem
1695 2448 1722 2474 in

938 2496 1052 2523 fortnam
1062 2501 1144 2532 atque
1152 2496 1322 2528 memoriam,
1338 2496 1390 2523 illis
1405 2503 1470 2523 vero
1482 2495 1527 2529 qui
1543 2500 1602 2529 post
1611 2495 1661 2522 hoc
1671 2494 1721 2521 sub

939 2544 997 2579 lege
1015 2543 1100 2578 legem
1115 2551 1167 2571 non
1183 2543 1405 2579 adimpleverunt,
1415 2542 1448 2568 ad
1461 2541 1669 2575 correptimtem,
1686 2540 1737 2567 ad-

939 2590 1198 2623 condemnationem,
1207 2590 1300 2618 decem
1309 2590 1384 2618 liberi
1393 2590 1448 2617 dati
1459 2593 1521 2616 sunt
1528 2589 1563 2620 ei,
1574 2591 1667 2621 utpote
1674 2587 1723 2621 qui

938 2638 1050 2672 singulis
1076 2645 1169 2664 eorum
1196 2637 1362 2672 singulorum
1390 2643 1493 2663 memor
1525 2638 1721 2669 praeceptorum

938 2684 1028 2712 omnia
1037 2684 1233 2718 adimpleverit.
1248 2683 1302 2711 Sed
1311 2682 1480 2716 dicitaliquis
1491 2690 1498 2709 :
1508 2680 1593 2708 Porro
1604 2687 1653 2707 cur
1666 2686 1719 2706 non
1734 2694 1738 2700 ς

938 2729 1013 2757 dedit
1020 2730 1044 2758 ei
1060 2729 1192 2757 masculos
1203 2733 1315 2761 tantum,
1327 2729 1373 2756 sed
1385 2728 1481 2763 partim
1492 2726 1599 2762 quidem
1612 2732 1719 2752 mascu-
1734 2743 1738 2748 .

939 2777 988 2810 los,
999 2776 1097 2812 partim
1109 2781 1197 2805 autem
1209 2776 1338 2804 feminas?
1347 2775 1430 2803 Audi.
1445 2773 1486 2802 οι)
1497 2773 1549 2802 hoc
1563 2771 1637 2800 dedit
1658 2777 1721 2805 pro-
