1904 3076
190 112 244 141 585

735 111 927 139 ANONYMUS
945 110 978 139 IN
996 109 1066 138 JOB.
1087 125 1119 130 ——
1140 110 1203 140 LIB.
1224 110 1244 137 Ι.

1772 108 1831 136 585

190 173 293 199 mist-ue
319 176 347 199 et
372 171 441 199 ﬁlios
457 175 485 198 et
505 171 575 198 ﬁlias
594 171 658 205 quia
678 178 692 197 a
721 171 819 198 saeculo
837 172 874 197 ita
903 171 976 198 dedit
991 173 1011 200 Λ
1030 171 1148 198 Fuerunt
1164 193 1171 205 ,
1200 169 1303 204 inquit.
1332 169 1372 195 illi
1400 169 1450 203 ﬁlii
1473 174 1568 202 septem
1584 168 1617 195 ".
1636 168 1750 196 Certum
1783 172 1829 194 cst

190 217 325 244 omnibus.
342 215 448 248 Genuit,
467 215 564 250 inquit,
580 216 650 250 ﬁlios
669 221 692 243 el
707 216 778 250 filias
792 215 824 242 ‘°.
841 216 872 242 l:‘.t
888 216 976 242 adhuc

191 263 226 289 oh
239 262 290 290 hoc
306 262 458 295 promiscue
480 266 507 288 et
533 261 603 288 ﬁlios
619 266 647 288 et
666 261 736 288 ﬁlias
762 261 846 293 dedit,
861 261 922 295 quia
940 261 976 287 ita

191 308 348 336 desiderant
367 307 488 334 omnium
514 313 629 339 mentes,
641 308 704 342 quia
728 308 780 334 hoc
799 307 912 342 requirit
929 308 975 334 ho-

192 353 274 379 minis
291 352 467 385 desiderium,
486 358 514 379 ut
533 353 688 387 promiscue
711 357 839 388 utrosque
863 358 890 381 et
906 353 976 382 ﬁlios

189 404 215 426 et
232 398 299 425 ﬁlias
315 398 444 427 habeant.
460 400 498 425 Ad
521 399 743 429 satisfaciendum
768 408 834 435 ergo
851 401 978 428 humanis

189 444 326 476 sensibus,
343 445 498 478 promiscue
513 445 588 472 dedit
605 445 658 473 illis
669 451 696 473 et
712 447 756 474 dat
772 447 842 474 lilios
856 451 884 474 ct
897 447 975 474 ﬁlias.

188 489 223 516 Et
241 489 330 516 adhuc
341 490 376 517 oh
391 492 442 517 hoc
455 490 502 517 dat
515 491 681 525 promiscue,
691 497 720 519 ut
733 494 880 521 concordia
896 498 977 528 atque

188 534 345 568 coniunctio
360 535 502 563 hominum
513 536 709 572 multiplicetur
716 546 765 573 per
777 540 976 567 connubiorum

190 580 387 615 copulationes.
403 581 454 609 Ubi
468 583 539 609 enim
558 583 684 611 dederint
705 584 773 612 ﬁlias
789 593 853 613 suas
870 586 896 612 in
911 593 978 613 con-

188 627 305 662 jugium,
328 633 355 655 et
369 629 523 662 acceperint
540 629 603 657 ﬁliis
619 630 676 657 suis
691 638 799 664 uxores,
821 631 875 660 illic
894 640 977 668 copu-

190 671 257 700 latio
273 673 302 700 ﬁt
319 674 456 702 connubii.
471 675 571 702 crescit
585 676 751 710 conjunctio,
763 678 820 705 sive
830 679 899 713 apud
912 686 977 713 pau-

191 726 282 753 peres,
300 719 358 746 sive
380 720 450 754 apud
476 721 584 748 divites.
599 721 676 754 Quod
697 723 720 749 si
743 730 811 750 sane
833 724 913 751 alicui
930 725 977 752 ﬁlii

192 769 294 791 tantum
311 771 498 798 nascerentur,
515 766 560 793 alii
576 772 665 794 autem
680 768 751 799 ﬁlias.
771 777 831 797 cum
853 777 899 797 eas
912 772 978 798 viris

189 816 283 836 amnes
301 810 433 844 traderet,
453 812 561 838 domum
575 820 687 841 vacuam
712 814 876 850 relinqueret
895 822 977 852 atque

189 855 375 882 lmrcditatem
394 864 469 883 suam
483 857 642 884 desolatam.
655 857 731 886 Nunc
744 867 809 887 vero
827 859 896 887 ﬁlias
909 868 974 888 suas

187 910 254 930 sane
271 902 318 929 dat
331 903 414 935 foras,
433 903 496 930 ﬁliis
512 909 602 931 autem
620 906 693 932 intus
710 906 809 940 accipit
824 914 932 939 uxores,
942 914 974 934 ac

188 958 236 984 per
247 951 296 977 hoc
309 955 337 978 et
353 952 525 979 extrinsecus
539 952 620 980 habet
633 953 822 988 cognationem
837 959 864 981 et
877 953 974 980 intrin-

187 1003 267 1023 secus
287 997 482 1024 hereditatem.
502 997 564 1024 Haec
590 998 716 1025 videlicet
736 998 863 1026 universa
883 999 972 1026 divina

187 1042 340 1069 eﬁieinntur
366 1044 535 1078 providentia
564 1049 646 1079 atque
676 1045 844 1079 operatione.
870 1045 973 1073 utiliter

187 1094 271 1124 atque
290 1090 444 1118 necessarie
460 1090 615 1120 hominibus
631 1091 668 1118 ita
687 1090 721 1118 ab
741 1091 820 1119 initio
835 1091 971 1119 ordinata.

187 1134 232 1162 Sic
248 1142 366 1170 namque
376 1141 403 1164 et
419 1135 471 1164 Job
489 1137 598 1164 fuerunt
612 1142 713 1171 septem
727 1137 773 1166 ﬁlii
789 1142 815 1165 et
829 1137 889 1165 ﬁliae
905 1143 971 1171 tres,

185 1185 286 1207 utcum
305 1182 377 1216 ipsas
388 1189 454 1209 sane
471 1182 540 1209 ﬁlias
566 1182 637 1209 foras
655 1183 773 1211 traderet
792 1183 867 1215 viris,
887 1183 971 1211 hahe-

186 1231 228 1253 ret
245 1227 415 1254 extrinsecus
442 1226 512 1255 ﬁlios
528 1228 670 1263 adoptivos
685 1239 691 1256 :
706 1233 733 1256 et
754 1236 814 1256 cum
839 1229 901 1257 ﬁliis
915 1230 971 1257 suis

185 1273 218 1299 de
232 1271 297 1299 loris
313 1273 449 1307 acciperet
464 1281 573 1306 uxores,
601 1274 713 1302 haberet
725 1275 807 1303 etiam
820 1275 846 1302 in
867 1275 907 1302 his
920 1283 971 1302 ex-

187 1317 321 1344 trinsecus
350 1318 489 1354 adoptivas
515 1319 593 1348 ﬁlias.
610 1319 688 1355 Saepe
710 1321 782 1348 enim
809 1322 912 1356 generi,
930 1322 971 1349 vel

185 1370 271 1391 nurus
296 1364 359 1392 ﬁliis
382 1364 546 1393 sinceriores
568 1366 744 1400 reperiuntur
758 1367 829 1394 circa
848 1374 969 1401 soceros,

184 1409 227 1436 vel
242 1417 339 1438 socrus
352 1418 428 1442 suas,
441 1411 494 1440 illa:
511 1419 571 1446 quae
584 1411 631 1438 Dei
649 1412 774 1439 timorem
795 1420 827 1440 ac.
841 1413 968 1447 pietatem

184 1455 340 1484 habuerunt
351 1457 494 1489 animabus
506 1458 572 1485 suis.
584 1457 658 1485 Talis
666 1458 717 1485 fuit
729 1458 774 1485 illa
790 1459 869 1486 beata
885 1458 967 1492 Ruth,

183 1509 245 1536 quae
261 1502 297 1529 ita
315 1503 411 1531 detulit
433 1504 522 1530 socrui
542 1511 597 1531 suae
610 1510 756 1537 veteranas,
772 1510 801 1533 ut
827 1512 912 1540 usque
934 1507 968 1533 ad

184 1554 299 1575 mortem
314 1557 366 1575 non
394 1555 468 1577 esset
485 1557 562 1584 passa
584 1557 644 1577 eam
675 1551 841 1585 relinquere.
867 1551 970 1579 idcirco

183 1601 250 1621 sane
264 1595 290 1621 iu
315 1594 455 1629 Scriptura
483 1597 509 1623 in
535 1601 664 1631 perpetuo
680 1598 878 1631 magnilicatur,
899 1599 970 1634 apud

184 1640 268 1667 Deum
284 1648 348 1668 vero
364 1641 391 1668 in
407 1641 512 1668 inﬁnita
528 1642 627 1670 saecula
643 1643 825 1676 beatilicatur,
837 1644 970 1679 iudicabit

183 1686 360 1715 nihilominus
379 1693 463 1723 atque
489 1688 683 1716 condemnabit
712 1689 739 1716 in
771 1691 971 1719 resurrectione

181 1739 278 1761 omnes
304 1733 437 1769 malignas
451 1738 479 1761 et
500 1734 597 1768 impias
623 1742 717 1768 nurus,
736 1743 796 1770 qua:
811 1737 913 1764 soceris
927 1737 970 1764 vel

182 1780 307 1807 socrihus
321 1780 377 1807 suis
393 1780 585 1808 contumeliam
600 1781 641 1808 vel
654 1781 780 1815 injuriam
796 1783 969 1817 ingesserint,

182 1832 235 1851 non
253 1825 458 1853 reminiscentes
473 1827 544 1860 quod
562 1827 611 1861 ipsi
627 1828 667 1854 eis
681 1827 752 1856 viros
768 1830 912 1863 genuerint
927 1836 970 1856 at-

182 1877 235 1904 que
254 1871 412 1905 nutrierint,
428 1877 455 1900 et
475 1880 523 1907 pro
537 1874 689 1901 substantia
713 1879 741 1902 et
761 1882 810 1908 pro
826 1875 897 1903 victu
917 1876 970 1904 illis

182 1916 304 1944 laborem
322 1918 510 1953 acquisierint.
526 1919 553 1946 Si
577 1919 659 1954 igitur
676 1919 764 1955 diligis
776 1920 863 1948 virum
882 1926 968 1954 tuum,

182 1969 200 1990 ο
215 1962 324 1995 mulier,
336 1964 416 1999 dilige
427 1969 454 1991 et
470 1972 517 1992 eos
529 1965 575 2000 qui
588 1970 738 1998 genuerunt
750 1973 812 1993 eum
821 1971 849 1992 et
864 1967 970 1994 nutrie<

183 2014 246 2036 runt
260 2010 314 2037 sibi
335 2010 431 2043 ﬁlium,
447 2012 494 2039 tibi
521 2018 583 2039 vero
605 2011 744 2039 maritum.
761 2011 820 2040 Noli
842 2021 970 2047 separare

182 2056 267 2084 ﬁlium
283 2064 297 2083 a
315 2062 392 2091 patre
407 2058 448 2085 vel
464 2063 561 2086 matre.
577 2057 635 2085 Noli
652 2058 815 2092 compellere
828 2059 912 2087 ﬁlium
923 2068 970 2094 pa-

180 2107 249 2130 trem
268 2108 313 2130 aut
331 2107 445 2130 matrem
463 2104 637 2136 inhonorare,
657 2111 690 2131 ne
717 2104 743 2131 in
767 2105 970 2133 condemnatio-

181 2156 242 2176 nem
259 2149 363 2176 incidas
381 2150 451 2184 apud
468 2149 613 2178 Dominum
631 2150 714 2177 Deum
731 2150 757 2178 in
776 2151 820 2179 die
839 2151 969 2180 terribilis

993 846 1014 874 Β

1029 218 1099 253 quod
1120 218 1242 252 religioso
1256 215 1385 250 religiosi,
1398 220 1425 242 et
1442 220 1536 242 sancto
1557 215 1663 246 sancti,
1683 219 1712 240 et
1746 215 1828 240 bono

1027 270 1090 291 sunt
1100 263 1174 295 boni,
1189 264 1257 290 sicut
1271 267 1298 290 et
1317 263 1342 289 in
1356 262 1437 296 priori
1450 261 1655 289 demonstravit.
1670 260 1739 287 Nam
1756 268 1828 286 cum

1028 314 1122 337 saneta
1143 314 1215 336 esset
1229 309 1303 336 radix
1316 329 1322 340 ,
1337 309 1421 335 sancti
1435 312 1580 335 creverunt
1593 312 1620 333 et
1631 307 1712 335 rami.
1728 310 1825 339 atque

1028 356 1106 383 bonae
1117 360 1219 383 exortae
1233 358 1296 382 sunt
1309 354 1482 388 propagines.
1496 353 1562 380 Cum
1581 354 1741 379 memoratis
1761 352 1828 378 istis

1028 407 1130 437 septem
1145 401 1207 428 ﬁliis
1216 400 1266 429 .lob
1291 400 1402 427 fuerunt
1412 404 1439 426 et
1451 404 1505 426 tres
1516 399 1586 427 tilia‘.
1600 398 1683 425 Erant
1697 396 1831 433 namque

1027 453 1054 476 et
1071 449 1135 482 ipsm
1156 447 1216 474 tiliae
1231 447 1295 481 ipsis
1317 446 1380 473 ﬁliis
1400 445 1538 476 similiter,
1559 450 1654 479 utpote
1675 444 1739 471 ﬁlia:
1755 443 1829 475 Job,

1028 499 1109 529 atque
1121 494 1179 528 ejus
1199 493 1315 519 ﬁliorum
1327 499 1439 519 suorum
1455 498 1521 518 vero
1535 498 1728 525 germanomm
1744 495 1830 518 certe

1027 547 1135 568 sorores
1151 539 1178 565 in
1192 538 1264 565 omni
1280 537 1349 564 bona
1368 537 1554 572 religiositatc.
1579 536 1634 564 Nisi
1652 537 1726 563 enim
1754 537 1829 571 ipsa:

1027 593 1120 613 eorum
1134 592 1245 611 sorores
1258 584 1325 610 tales
1340 583 1520 613 exstitissent,
1538 590 1589 609 non
1604 583 1698 617 utique
1712 582 1829 616 pariter

1027 639 1088 660 cum
1102 631 1239 664 germanis
1254 630 1311 657 suis
1325 636 1432 663 semper
1447 628 1564 656 fuissent
1574 649 1580 660 ,
1597 629 1670 656 sicut
1684 629 1712 654 in
1730 628 1826 662 priori

1028 678 1085 704 haec
1101 677 1242 710 Scriptura
1259 674 1466 702 demonstravit.
1484 674 1535 701 Sed
1546 675 1634 701 adhuc
1650 674 1765 701 fuerunt
1785 674 1826 700 illi

1027 727 1131 756 septem
1149 721 1195 748 ﬁlii
1217 725 1244 748 et
1261 726 1317 747 tres
1335 720 1415 752 litim,
1447 727 1560 746 numero
1585 721 1694 751 decem,
1724 719 1826 745 animo

1028 775 1092 795 vero
1107 775 1176 794 unus
1189 771 1277 794 erant.
1295 765 1414 792 Numero
1431 765 1540 799 plurimi
1562 770 1656 798 erant;
1680 772 1826 792 consensu

1028 818 1119 840 autem
1148 817 1229 846 atque
1253 812 1400 839 concordia
1417 811 1493 846 quasi
1518 819 1609 844 unus;
1635 811 1826 837 unanimitate

1028 865 1111 894 atque
1127 859 1273 886 dilectione
1284 858 1360 892 quasi
1378 858 1458 885 idem.
1484 856 1544 884 Non
1562 857 1709 891 separahat
1725 862 1825 883 autem

1028 914 1074 933 eos
1089 905 1175 937 zelus,
1190 913 1242 932 non
1257 905 1420 932 dissociabat
1435 911 1482 931 eos
1496 904 1607 935 invidia,
1623 904 1694 930 sicut
1709 903 1824 937 pridem

1028 951 1126 978 fratres
1138 950 1250 984 Joseph.
1264 950 1371 983 Quare?
1394 949 1462 983 Quia
1482 957 1533 977 non
1556 954 1650 976 exorta
1673 954 1716 976 est
1734 949 1762 974 in
1780 949 1823 975 eis

1027 996 1217 1031 pravaricatio
1228 1016 1234 1028 ,
1256 1002 1344 1030 neque
1358 995 1560 1029 coinquinatio,
1577 995 1647 1021 sicut
1665 994 1691 1021 in
1707 994 1821 1024 Ruben,

1027 1050 1115 1078 neque
1131 1043 1207 1069 furor
1220 1042 1397 1086 interlieieus,
1410 1042 1480 1069 sicut
1495 1041 1520 1068 in
1533 1041 1643 1069 Simeon
1653 1045 1682 1068 et
1695 1041 1722 1067 in
1739 1041 1821 1071 Levi,

1026 1095 1114 1123 neque
1127 1088 1218 1115 odium
1234 1087 1361 1114 fraternae
1383 1086 1592 1117 maledictionis,
1607 1086 1679 1113 sicut
1695 1086 1722 1112 in
1736 1091 1823 1111 (ιιι-ιο-

1026 1136 1065 1163 ris
1080 1135 1143 1162 ﬁliis
1158 1134 1243 1162 Jacob
1258 1141 1265 1160 :
1279 1134 1328 1161 sed
1343 1138 1421 1161 erant
1442 1140 1536 1161 omnes
1554 1132 1697 1159 unanimes
1715 1131 1741 1158 in
1760 1132 1821 1166 pie-

1026 1185 1092 1214 tate,
1113 1181 1218 1216 pacilici
1243 1181 1269 1207 in
1288 1179 1392 1214 iustitia
1417 1182 1499 1213 atque
1516 1186 1543 1205 In
1563 1179 1608 1206 Dei
1627 1178 1726 1204 timore
1746 1183 1811 1204 con-

1024 1229 1132 1262 cordes,
1162 1232 1254 1262 utpote
1283 1225 1335 1254 Job
1362 1226 1422 1258 ﬁlii,
1457 1231 1484 1253 et
1507 1233 1560 1252 non
1582 1229 1712 1258 tanquam
1739 1222 1817 1251 Esau

1025 1280 1146 1309 nepotes.
1164 1274 1235 1301 Esau
1251 1274 1323 1301 enim
1345 1281 1406 1300 cum
1422 1279 1505 1300 unum
1523 1271 1636 1299 sulferre
1652 1278 1705 1298 non
1722 1274 1817 1305 posset

1024 1328 1183 1356 germanum
1197 1320 1307 1347 fratrem
1324 1319 1421 1352 Iacob,
1440 1317 1593 1346 interﬁcere
1603 1325 1663 1344 eum
1672 1315 1814 1351 quaesivit.

1025 1369 1134 1403 Septem
1151 1375 1217 1395 vero
1241 1367 1288 1395 ﬁlii
1308 1366 1359 1395 Joh
1380 1371 1407 1394 et
1432 1371 1490 1392 tres
1515 1365 1577 1392 illisa
1604 1369 1732 1398 tanquam
1760 1370 1814 1388 una

1023 1416 1113 1442 anima
1128 1414 1236 1440 indivisi
1250 1413 1432 1440 convixeruut
1444 1411 1470 1439 in
1488 1411 1608 1442 unitate,
1627 1414 1655 1436 et
1671 1413 1748 1436 tanta
1763 1408 1816 1435 fuit

1024 1460 1190 1486 unanimitas
1201 1457 1374 1485 laudabiliora
1385 1457 1501 1483 ﬁliorum
1512 1454 1575 1487 Job,
1587 1458 1614 1481 ut
1639 1458 1667 1481 et
1678 1453 1816 1486 malignus

1024 1511 1105 1542 atque
1118 1506 1225 1533 invidus
1237 1505 1342 1532 daemon
1361 1503 1469 1530 facilius
1481 1509 1577 1530 omnes
1596 1501 1699 1536 pariter
1712 1499 1815 1527 indivi-

1024 1560 1071 1581 sos
1098 1552 1268 1582 interﬁcere,
1291 1557 1375 1584 quam
1405 1548 1527 1576 dividere
1554 1553 1636 1582 atque
1662 1545 1815 1573 dissociare

1021 1599 1167 1633 benignam
1182 1602 1264 1632 atque
1276 1604 1371 1625 veram
1383 1603 1477 1623 eorum
1490 1594 1696 1622 unanimitatem
1709 1597 1811 1628 posset.

1020 1645 1119 1673 Audite
1139 1645 1205 1677 lucc,
1235 1651 1252 1671 o
1283 1643 1331 1670 ﬁlii
1353 1643 1557 1678 religiosorum,
1587 1641 1679 1667 audite
1701 1639 1772 1671 hazc,
1795 1646 1812 1666 ο

1021 1692 1078 1719 nati
1092 1691 1228 1724 ﬁdelium,
1245 1690 1337 1717 audite
1359 1693 1385 1716 et
1405 1687 1548 1716 imitamini
1567 1686 1673 1721 piorum
1695 1685 1811 1712 fratrum

1021 1737 1228 1764 unanimitatem
1239 1756 1247 1769 ,
1265 1736 1311 1770 qui
1335 1735 1392 1763 veri
1413 1734 1550 1761 veraciter
1566 1733 1593 1760 in
1610 1732 1664 1759 vita
1680 1739 1731 1758 sua
1744 1730 1812 1757 indi-

1020 1784 1072 1811 visi
1088 1783 1213 1816 fuerunt,
1229 1788 1257 1810 et
1274 1783 1300 1809 in
1325 1785 1413 1809 morte
1433 1788 1480 1808 sua
1501 1786 1554 1807 non
1578 1783 1641 1806 sunt
1659 1776 1810 1805 dissociati.

1021 1828 1079 1856 Non
1099 1828 1137 1855 sit
1159 1829 1231 1855 inter
1258 1834 1407 1864 germanos
1433 1826 1478 1858 lis,
1496 1825 1543 1853 sed
1561 1824 1716 1857 benignitas
1730 1827 1812 1857 atque

1021 1873 1178 1902 concordia.
1204 1872 1263 1900 Non
1283 1872 1319 1899 sit
1338 1871 1410 1898 inter
1432 1871 1532 1898 fratres
1553 1869 1708 1900 contentio,
1725 1875 1810 1903 neque

1021 1920 1180 1953 divortium,
1195 1919 1242 1947 sed
1259 1925 1311 1953 pax
1336 1922 1363 1945 et
1386 1917 1570 1948 unanimitas,
1588 1916 1634 1943 sed
1665 1915 1809 1942 sinceritas

1021 1969 1103 1999 atque
1127 1966 1241 1999 puritas.
1275 1963 1335 1990 Non
1363 1963 1535 1990 subintroeat
1560 1961 1734 1988 adversarius
1762 1967 1808 1995 per

1022 2011 1155 2039 malorum
1176 2009 1315 2038 hominum
1339 2016 1405 2040 ora,
1429 2015 1484 2036 non
1509 2007 1651 2042 perturbet
1675 2006 1808 2041 malignus

1021 2065 1070 2093 per
1082 2064 1139 2085 suae
1159 2055 1290 2091 nequitiae
1305 2055 1446 2083 ministros
1464 2054 1515 2088 piae
1537 2052 1726 2088 germanitatis
1745 2060 1807 2079 con—

1020 2104 1153 2132 cordiam.
1171 2102 1247 2131 Militi
1260 2103 1370 2130 l‘uerunt
1383 2101 1432 2128 ﬁlii
1449 2101 1532 2128 David
1544 2100 1619 2133 olim,
1634 2107 1696 2128 cum
1713 2100 1807 2127 adver-

1021 2157 1068 2178 sus
1093 2157 1122 2177 se
1139 2149 1254 2177 invicem
1277 2148 1510 2182 insurrexissent,
1540 2151 1622 2182 atque
1646 2148 1716 2181 patri
1735 2146 1806 2181 justo

181 2195 367 2229 inquisitionis
385 2199 466 2229 atque
483 2195 590 2231 judicii.
607 2195 730 2224 Suﬁiciat
749 2196 809 2231 tibi,
826 2205 843 2225 ο
857 2198 966 2231 mulier,
982 2205 1006 2232 ι)
1020 2196 1133 2224 rebelles
1148 2196 1327 2227 exstitissent,
1343 2195 1432 2222 Amor:
1444 2199 1472 2220 et
1487 2194 1620 2228 Absalon,
1636 2199 1663 2222 et
1677 2193 1804 2226 Adouias,

180 2240 243 2276 quia
257 2241 381 2276 possides
393 2241 481 2269 virum
495 2249 575 2276 quem
592 2250 646 2269 non
662 2242 780 2275 nutristi,
797 2247 825 2271 et
844 2243 970 2271 substan-

181 2286 246 2313 tiam
275 2293 356 2320 quam
382 2293 434 2313 non
462 2287 612 2322 acquisisti,
637 2287 699 2322 quia
719 2288 795 2315 venis
811 2288 838 2316 in
860 2289 968 2317 domum

180 2339 261 2368 quam
281 2339 333 2358 non
347 2332 486 2359 tediﬁcasti
503 2337 531 2360 et
544 2335 599 2361 eris
614 2334 735 2367 domina,
751 2340 833 2368 atque
847 2340 968 2370 potesta»

181 2385 234 2406 tem
251 2379 336 2407 habes
359 2378 482 2405 laborum
504 2379 664 2411 alienorum.
681 2387 730 2414 pro
745 2381 845 2415 quibus
858 2386 887 2408 tu
907 2382 967 2409 nul-

179 2423 287 2451 iatenus
302 2423 441 2450 laborasti.
457 2423 516 2450 Noli
537 2431 587 2459 ego
603 2426 754 2454 retribuere
768 2425 839 2453 mala
862 2427 905 2455 his
919 2429 966 2464 qui

180 2471 228 2498 tibi
246 2474 469 2505 praeparaverunt
483 2475 565 2504 atque
587 2478 638 2497 suo
660 2471 754 2498 labore
777 2472 967 2506 acquisierunt

178 2517 282 2551 omnia,
301 2516 360 2544 sive
381 2516 481 2549 virum,
498 2516 557 2543 sive
571 2516 768 2549 substantiam,
787 2517 844 2545 sive
859 2524 966 2545 resum-

178 2563 333 2598 plioucm,o
348 2562 454 2596 mulier,
465 2570 499 2590 ne
509 2562 638 2590 ascendat
647 2569 727 2596 super
744 2568 770 2590 te
779 2563 937 2591 maledictio
951 2571 966 2590 a

179 2610 292 2639 Domino
306 2610 369 2638 Deo.
389 2609 442 2638 Sed
460 2611 518 2638 hzec
539 2616 622 2644 pauca
644 2616 693 2642 per
713 2609 883 2636 occasionem
899 2610 967 2638 ﬁliov

178 2663 238 2683 rum
249 2655 300 2684 Job
317 2664 331 2683 a
346 2655 426 2684 nobis
442 2660 506 2683 sunt
521 2655 590 2682 dicta
601 2662 649 2690 pro
665 2655 899 2682 commendatione
917 2662 967 2681 nu—

177 2709 268 2734 rnum,
293 2703 327 2729 ad
344 2703 544 2737 correptionem
571 2709 637 2729 vero
659 2706 687 2729 et
711 2701 965 2730 condemnationem

178 2748 308 2778 malarum
325 2752 352 2776 et
377 2749 522 2777 impiarum
543 2753 625 2783 atque
653 2747 801 2777 crudelium
829 2749 963 2776 omnium.

214 2826 237 2845 "
253 2826 321 2856 Gen.
340 2827 423 2859 v.10.
464 2829 485 2845 ¹⁹
498 2827 548 2859 Joh
563 2837 583 2861 ι.
597 2829 625 2859 2.

1021 2243 1066 2278 qui
1082 2243 1171 2270 adhuc
1186 2243 1247 2269 vivo
1264 2241 1392 2277 religioso
1412 2246 1499 2276 patre,
1516 2241 1598 2276 impie
1610 2246 1694 2276 atque
1710 2240 1805 2274 injuste

1020 2296 1132 2323 regnum
1159 2288 1218 2323 ejus
1240 2294 1377 2322 occupare
1402 2292 1484 2322 atque
1507 2294 1604 2321 rapere
1624 2291 1802 2314 tentaverunt.

1018 2334 1087 2362 Nam
1100 2341 1162 2364 cum
1179 2340 1272 2362 essent
1288 2334 1413 2362 scelerati
1429 2338 1511 2368 atque
1526 2333 1635 2367 tnjnsti,
1649 2333 1676 2360 in
1694 2334 1803 2359 damna-

1019 2382 1120 2410 tionem
1133 2385 1215 2415 atque
1232 2381 1260 2408 in
1280 2380 1420 2408 interitum
1437 2379 1509 2414 iuste
1525 2387 1539 2407 a
1560 2380 1615 2407 Deo
1626 2384 1689 2406 sunt
1703 2379 1803 2406 traditi.

1019 2427 1072 2455 Sed
1091 2435 1145 2455 non
1163 2427 1230 2455 tales
1250 2427 1359 2454 fuerunt
1372 2426 1413 2454 vel
1430 2427 1598 2454 exstiterunt
1613 2429 1716 2460 septem
1735 2425 1805 2453 beati

1018 2471 1068 2502 Job
1080 2472 1140 2505 ﬁlil,
1161 2472 1207 2500 sed
1221 2476 1351 2509 tanquam
1371 2478 1475 2507 septem
1488 2472 1546 2499 dies
1563 2471 1682 2502 indivisi,
1704 2475 1731 2498 et
1747 2475 1804 2498 tan-

1018 2525 1099 2552 quam
1116 2517 1283 2545 hebdomada
1301 2517 1480 2545 indissociati.
1494 2516 1552 2544 Non
1570 2520 1746 2543 certaverunt
1757 2523 1803 2550 pro

1019 2562 1165 2598 elegantia,
1194 2570 1248 2591 non
1271 2562 1448 2597 litigaverunt
1478 2569 1528 2596 pro
1555 2561 1734 2593 fortitudine,
1753 2568 1800 2588 non

1020 2609 1219 2637 contenderunt
1236 2617 1284 2645 pro
1301 2610 1420 2641 divitiis,
1440 2616 1492 2635 non
1513 2613 1577 2636 sunt
1587 2607 1742 2636 conturbati
1756 2615 1801 2642 pro

1021 2663 1112 2692 regno,
1140 2656 1186 2683 sed
1204 2663 1265 2683 cum
1286 2660 1379 2683 essent
1402 2654 1556 2687 unanimes,
1583 2659 1681 2681 cuncta
1698 2655 1801 2688 propria

1020 2702 1136 2730 invicem
1157 2702 1210 2729 sibi
1228 2702 1401 2729 aestimabant
1417 2700 1584 2728 communia.
1609 2699 1674 2726 Erat
1689 2705 1801 2734 namque

1021 2756 1083 2776 vere
1095 2755 1141 2776 cor
1153 2755 1247 2776 corum
1262 2756 1288 2776 et
1298 2749 1387 2777 anima
1400 2756 1462 2776 una.
1476 2747 1619 2782 Propterea
1629 2754 1690 2774 cum
1704 2744 1799 2775 sanctis
