1904 3076
68 144 123 172 585

623 135 814 166 ANONYMUS
832 135 866 163 IN
885 133 955 162 JOB.
975 151 1009 156 —
1026 135 1091 164 LIB.
1113 135 1132 162 Ι.

1645 134 1698 163 586

72 201 98 228 in
121 204 259 235 perpetuo
278 199 463 231 nominantur,
490 201 632 233 propterea
658 204 718 224 cum
735 196 818 231 justis
835 195 861 222 in
876 197 900 226 Α
915 195 1096 228 saurizarent,
1118 200 1249 230 quantum
1275 195 1302 222 in
1326 193 1471 230 pecoribus
1491 198 1520 222 et
1535 195 1563 222 in
1579 195 1700 229 quadru-

71 252 205 275 teternum
223 247 418 281 requiescunt,
429 249 573 279 propterea
589 250 650 270 cum
666 242 770 277 angelis
787 241 862 268 inde-

71 294 200 321 licictuer
214 292 410 319 laudabuntur.
428 291 466 318 De
484 290 543 317 istis
559 296 625 325 ergo
638 289 704 316 dicit
718 297 725 315 :
740 287 862 315 Fuerunt

71 339 112 366 illi
136 343 234 373 septem
252 338 314 372 ﬁlii,
332 342 356 364 et
374 337 514 371 ﬁliaetres.
537 335 604 363 Tres
630 341 758 370 tanquam
785 334 861 365 fides,

71 392 145 420 spes.
160 385 302 416 charitas,
317 388 443 417 tanquam
460 390 558 416 corpus
573 387 600 409 et
620 382 711 408 anima
733 385 762 407 et
777 380 860 414 spiri-

72 436 126 463 tus,
143 430 281 461 indivisa,
297 429 489 461 indissociatzn,
507 427 693 454 intaminatze.
716 426 782 453 Nam
797 425 861 460 quia

75 477 167 507 tidem,
183 483 259 509 spem
274 478 301 502 et
315 475 478 502 cluat-itatem
487 474 559 501 circa
575 472 659 500 Deum
671 477 862 504 servaverunt,

74 526 218 556 propterea
225 526 253 548 et
262 528 372 555 corpus,
380 525 406 547 et
419 519 548 551 animam,
557 523 584 546 et
592 519 717 553 spiritum
728 518 862 546 illibatum

73 568 275 595 custodierunt.
293 565 358 594 Post
379 573 495 601 quorum
516 565 635 593 omnium
652 565 862 600 disputationem

73 621 156 649 atque
167 613 354 641 ostensionem
375 612 508 647 adjiciens
523 612 609 639 dicit:
628 611 661 638 Et
681 616 755 639 erant
769 618 863 645 pecora

71 660 129 695 ejus
140 661 227 687 ovium
239 664 336 694 septem
347 659 443 690 millia,
451 659 598 686 secundum
609 665 751 685 numerum
760 662 862 692 septem

73 706 208 737 ﬁliorum;
229 705 325 732 cameli
339 705 392 731 tria
408 704 493 731 millia
506 704 539 738 ⁸⁸,
554 704 703 732 secundum
720 710 863 730 numerum

75 752 157 778 tritttn
186 751 316 779 ﬁliarum.
344 750 429 778 Simul
448 758 541 778 omttcs
570 750 649 778 liberi
670 750 729 785 ejus
752 750 862 782 decem,

73 798 205 825 similiter
219 798 312 825 omnia
326 798 429 832 pariter
447 797 504 824 haec
518 796 600 824 millia
621 796 727 824 decem.
752 796 863 831 Septem

74 845 150 875 ﬁliis,
166 849 270 879 septem
287 843 368 871 millia
385 844 495 876 ovium;
519 847 546 870 et
562 843 649 871 tribus
664 843 772 871 liliabus
785 863 793 876 ,
811 843 863 869 tria

913 242 1038 276 pedibus.
1052 242 1111 268 Non
1127 241 1200 269 enim
1216 246 1296 268 erant
1307 241 1344 268 iis
1363 242 1422 268 auri
1444 241 1610 276 expctitores
1629 241 1702 268 sicut

913 293 1007 313 sumus
1025 292 1121 313 omnes
1136 292 1197 316 nos.
1216 293 1269 312 non
1286 285 1464 313 intendebant
1483 289 1545 320 post
1560 293 1656 312 aurum
1675 291 1702 313 et

913 337 1055 365 argentum
1076 330 1115 357 illi
1133 334 1196 357 tunc
1210 335 1342 364 quantum
1360 337 1409 358 nos
1426 338 1497 358 nunc
1521 331 1700 358 intendimus.

913 377 990 404 Nunc
1003 377 1125 404 omnium
1143 381 1266 403 nostrum
1280 376 1387 404 animus
1403 382 1464 411 post
1482 383 1578 403 aurum
1593 377 1702 404 detine-

914 426 958 450 tur
968 428 1051 456 atque
1067 427 1212 457 argentum
1227 421 1325 453 inhiat,
1342 426 1371 449 et
1385 422 1452 449 nihil
1468 426 1564 456 putant
1577 423 1701 450 homines

912 476 986 496 nunc
1007 476 1057 504 pro
1071 468 1175 495 divitiis
1200 468 1251 495 nisi
1279 467 1366 495 solum
1383 475 1480 495 aurum
1496 473 1524 496 et
1543 475 1699 503 argentum.

913 514 990 542 Nunc
1016 514 1089 541 enim
1116 519 1179 542 sunt
1200 513 1348 548 adimpleta
1376 518 1498 549 tempora
1523 515 1568 541 illa
1589 523 1650 549 quae
1668 516 1702 542 de

914 560 994 596 l0nge
1021 560 1166 594 designans
1192 559 1338 594 Apostolus
1369 560 1435 586 dicit
1457 568 1465 586 :
1488 559 1521 587 In
1553 561 1701 588 novissimis

913 606 1004 633 diebus
1019 606 1158 632 advenient
1179 604 1243 631 anni
1261 604 1420 638 periculosi,
1441 610 1465 631 et
1488 610 1561 632 erunt
1583 606 1702 633 homines

913 652 1011 686 seipse:
1019 650 1166 686 diligentes.
1179 651 1269 684 cupidi
1288 651 1322 683 “,
1335 656 1364 678 et
1380 656 1478 678 caetera
1498 651 1623 679 universa
1641 659 1702 686 quae

914 705 986 725 nunc
1009 698 1034 724 in
1060 697 1215 724 hominibus
1233 697 1354 723 videmus
1374 696 1479 731 impleri
1499 697 1602 724 omnia.
1634 697 1702 730 Nam

913 743 977 778 quia
997 743 1024 770 in
1042 742 1095 769 ﬁne
1115 741 1224 776 estjam
1243 742 1287 769 hic
1303 742 1436 774 mundus,
1454 747 1482 770 et
1506 748 1631 770 mortuus
1660 748 1703 772 est

912 789 968 824 jam
983 796 1132 824 properans
1147 789 1181 815 ad
1195 787 1341 820 defectum,
1356 788 1459 816 idcirco
1469 796 1545 816 metts
1559 789 1700 817 hominum

916 835 1002 862 inhiat
1026 835 1053 862 in
1073 835 1116 862 his
1137 842 1197 869 qtne
1216 839 1323 861 mortua
1340 838 1420 866 sunt,
1446 842 1509 861 cum
1526 834 1599 862 sicut
1616 835 1702 863 stella

73 891 159 918 mima
173 876 359 924 εέωειοηιηη
384 890 497 926 singulis
514 890 575 917 "liis
590 890 763 925 ηρρτορτίηω
776 889 862 916 mine,
880 876 901 904 Β
915 880 1050 908 inutiliter
1064 881 1261 912 reconduntur,
1278 885 1361 914 atque
1383 879 1615 908 thesaurizantur.
1630 880 1702 908 Olim

72 934 112 963 Ita
131 935 188 962 Deo
208 935 364 968 ordinante,
378 940 460 970 atque
478 939 554 969 patre
568 934 603 961 ita
619 939 680 968 post
692 934 863 968 disponente,

74 980 100 1007 in
118 985 244 1015 tempore
258 980 504 1008 consummationis
523 979 646 1007 divident
665 979 863 1007 hzcreditatem.

75 1025 104 1052 In
135 1030 258 1060 tempore
282 1032 347 1053 vero
370 1025 432 1053 vita:
459 1025 529 1052 sicut
556 1024 658 1059 cogitat
679 1025 713 1052 de
739 1024 866 1052 omnibus

76 1076 165 1106 pater,
188 1072 224 1099 ita
246 1076 274 1099 et
293 1075 454 1107 potestatem
479 1071 562 1098 habet
583 1076 661 1106 pater
675 1071 701 1098 in
712 1071 863 1099 omnibus:

75 1117 147 1143 sicut
165 1125 260 1144 curam
279 1118 350 1153 gerit
365 1118 399 1145 de
425 1118 570 1150 universis,
597 1117 635 1145 ita
661 1122 689 1145 et
711 1118 866 1145 dominatur

77 1163 195 1190 Cunctis.
209 1163 312 1191 Deinde
329 1164 417 1191 adhuc
433 1164 499 1198 juga
514 1163 595 1192 boum
612 1163 760 1198 quingenta
770 1166 796 1190 et
811 1162 865 1190 asi-

76 1216 118 1234 n:e
145 1210 272 1243 pastoria:
292 1210 455 1245 quingentae.
483 1214 598 1245 utraque
620 1209 750 1237 similiter
778 1209 863 1236 mille.

77 1253 276 1282 Ordinabiliter
300 1257 381 1283 etiam
406 1257 456 1284 hoc
473 1277 480 1289 ,
506 1262 588 1291 atque
613 1260 674 1290 apte
696 1256 812 1291 singulis
833 1257 866 1283 de

78 1301 173 1328 decem
194 1301 258 1329 liliis
274 1302 470 1338 quinquaginta
488 1303 553 1338 juga
570 1304 669 1335 boum,
687 1306 714 1330 et
729 1301 865 1336 quinqun~

78 1347 152 1382 ginta
168 1348 263 1376 asinze.
279 1347 375 1376 Omnia
397 1357 463 1377 sane
476 1349 561 1385 patris
576 1353 637 1376 sunt
652 1349 685 1375 ad
706 1347 864 1383 regendum,

77 1393 111 1418 ad
133 1393 352 1428 gubernandum,
379 1394 411 1422 ad
438 1395 650 1426 intendendum,
674 1399 701 1422 et
729 1401 814 1428 usque
838 1393 864 1420 in

78 1437 161 1465 ﬁnem
184 1438 248 1465 vita
263 1446 318 1466 suae
333 1440 547 1473 possidendum,
571 1445 632 1475 post
658 1440 781 1475 requiem
801 1447 866 1468 vero

77 1484 164 1519 patris
181 1484 372 1512 ordinabiliter
385 1490 530 1521 supputata
547 1486 626 1521 juxta
639 1493 780 1513 numerum
797 1485 866 1512 lilio-

77 1538 150 1558 rtnn.
167 1531 223 1558 Sed
240 1531 329 1558 adhuc
345 1537 428 1559 erant‘
437 1539 534 1566 pecora
549 1532 617 1567 ejus.
644 1530 740 1559 Omnia
762 1531 865 1566 pariter

77 1583 178 1611 pecora
191 1576 317 1612 appellat.
330 1577 388 1605 sive
399 1584 474 1609 oves,
488 1577 544 1604 sive
560 1577 654 1609 boves,
667 1576 724 1604 sive
736 1575 864 1610 camelos,

77 1622 136 1649 sive
147 1623 253 1655 asinos,
266 1623 392 1650 universa
405 1631 503 1658 pecora
515 1627 664 1658 nuncupat,
682 1623 746 1658 quia
757 1623 866 1651 diversa

79 1669 231 1701 peculiaria
246 1675 328 1704 atque
341 1670 416 1697 utilia
441 1670 551 1697 fuerunt
569 1670 724 1697 hominibus
745 1674 772 1696 et
789 1673 864 1701 sunt,

77 1721 106 1742 et
120 1715 185 1743 istis
200 1716 247 1750 qui
263 1723 337 1744 nunc
352 1721 431 1750 sunt,
446 1722 474 1744 et
492 1716 545 1743 illis
562 1715 607 1751 qui
623 1720 687 1743 tunc
706 1716 816 1743 luerunt
838 1719 866 1743 et

79 1761 129 1795 ipsi
145 1761 226 1788 beato
236 1760 329 1789 Jacob.
345 1761 415 1790 Oves
428 1762 537 1797 quidem
546 1762 624 1795 vivae,
639 1769 688 1797 pro
704 1761 774 1789 laete
785 1765 867 1796 atque

78 1806 150 1835 lanae
167 1808 267 1834 vestitu
283 1816 290 1835 :
307 1808 406 1836 occisa:
431 1816 498 1836 vero
520 1816 570 1844 pro
587 1816 652 1837 esca
678 1813 759 1844 atque
773 1808 866 1836 carnis

78 1853 261 1881 comestione.
278 1854 410 1881 Similiter
423 1854 506 1882 boves
526 1854 590 1887 vivi,
615 1855 648 1883 ad
667 1853 803 1881 culturam
816 1874 824 1887 ,
839 1858 867 1882 et

78 1901 159 1934 panis
183 1900 427 1933 commoditatem;
442 1899 557 1935 jugulati
583 1907 658 1933 vero,
671 1907 720 1934 pro
737 1899 867 1928 carnibus

78 1952 106 1974 et
126 1954 204 1978 esca,
224 1951 305 1981 atque
328 1946 425 1981 pedum
445 1946 645 1974 calceamentis.
660 1945 760 1973 Cameli
777 1950 866 1972 autem

79 2001 129 2029 pro
143 1993 219 2020 omni
233 1999 316 2020 onere
330 1992 464 2026 portando
491 1996 573 2026 atque
586 1991 701 2019 levando
712 1991 747 2019 de
761 1991 868 2025 longin-

80 2044 136 2071 quo
148 2042 176 2064 et
185 2037 218 2064 de
231 2036 364 2071 proximo.
377 2035 439 2063 Post
452 2043 511 2070 qure
525 2036 653 2062 universa
669 2035 738 2062 asini
750 2035 782 2062 ad
798 2034 867 2063 levia

80 2083 193 2117 negotia
210 2082 362 2117 peragenda
378 2087 406 2109 et
421 2081 570 2113 aﬂerenda,
585 2087 612 2109 et
623 2082 716 2114 eundi,
729 2086 756 2108 et
769 2081 868 2108 veloci-

82 2134 124 2156 ter
148 2128 290 2156 redeundi.
320 2128 396 2161 Quod
416 2127 488 2156 enim
503 2135 574 2155 nunc
592 2129 654 2163 equi
667 2132 693 2155 et
710 2127 773 2155 muli
789 2127 869 2162 perﬁ-

79 2175 167 2207 cittnt,
180 2175 232 2202 hoc
247 2174 421 2201 nihilominus
432 2174 502 2202 asini
512 2174 704 2210 adimplebant,
716 2174 866 2208 praesertim

915 934 992 960 vero,
1023 931 1117 961 utpote
1138 926 1227 953 adhuc
1252 926 1398 961 incipiente
1426 926 1535 958 saeculo,
1563 931 1591 954 et
1610 931 1704 961 utpote

914 974 1007 1001 adhuc
1022 974 1130 1000 vivente
1151 973 1253 1000 mundo
1273 972 1336 1004 hoc,
1357 972 1419 999 viva
1445 978 1528 1007 atque
1550 974 1705 1002 crescentis

915 1021 1061 1054 cupiebant
1095 1019 1222 1047 homines
1256 1025 1373 1053 pecora,
1407 1019 1594 1053 quadrupedia
1621 1024 1705 1054 atque

916 1064 1112 1100 agriculturam
1154 1071 1204 1098 pro
1233 1064 1306 1090 victu
1335 1062 1541 1091 frttctilicantia.
1574 1064 1705 1092 Sciebant

915 1119 1032 1146 namque
1046 1111 1117 1144 quod
1130 1117 1226 1137 aurum
1242 1115 1270 1136 et
1292 1116 1435 1145 argentum
1458 1110 1627 1137 reconditum
1638 1130 1646 1142 ,
1671 1118 1704 1139 ac

917 1157 1149 1190 thesauriZatum,
1163 1160 1244 1190 atque
1266 1156 1299 1183 ad
1318 1163 1414 1183 usuras
1436 1155 1540 1187 datum,
1562 1158 1704 1190 peccatum

916 1202 1064 1230 conferret.
1085 1201 1218 1229 Pecorum
1234 1209 1299 1228 vero
1323 1206 1404 1235 atque
1429 1205 1508 1228 terrae
1534 1209 1627 1234 usura,
1651 1202 1705 1230 hoc

916 1252 958 1275 est
974 1255 1103 1282 pecorum
1118 1247 1188 1274 [etus
1211 1246 1424 1280 multiplicatus,
1442 1251 1471 1273 et
1489 1247 1594 1274 fructus
1621 1252 1704 1275 terra:

916 1298 1089 1327 augmentum
1103 1292 1135 1319 ad
1151 1297 1293 1327 peccatum
1308 1299 1361 1319 non
1381 1290 1548 1324 conferrent.
1561 1292 1608 1319 sed
1621 1291 1705 1326 justi-

917 1339 993 1366 tiam.
1023 1337 1092 1365 Nam
1121 1338 1253 1366 habentes
1280 1339 1425 1366 nutriunt:
1443 1343 1471 1366 et
1497 1345 1543 1365 eos
1575 1339 1622 1373 qui
1651 1346 1705 1367 non

916 1385 1072 1416 habuerint,
1090 1392 1151 1412 cutn
1170 1385 1204 1411 ab
1219 1384 1262 1412 his
1282 1385 1326 1419 qui
1352 1384 1452 1412 habent
1471 1384 1534 1412 data
1553 1384 1654 1412 fuerint
1672 1391 1705 1413 ac

916 1432 1073 1464 distributa,
1091 1431 1256 1466 gubernant.
1283 1430 1364 1458 Tales
1384 1438 1451 1465 ergo
1474 1431 1585 1458 divitias
1608 1430 1705 1459 habuit

918 1475 1063 1503 laudabilis
1081 1476 1125 1503 ille
1137 1475 1199 1508 Job,
1209 1480 1313 1509 castas,
1330 1476 1456 1511 mundas,
1471 1475 1703 1510 incoinquinatas.

918 1521 1156 1548 incontaminatas.
1175 1521 1212 1548 De
1229 1521 1281 1548 hoc
1309 1528 1427 1556 namque
1455 1522 1558 1549 dictum
1577 1527 1619 1549 est
1641 1521 1704 1554 hoc,

917 1571 1000 1602 atque
1011 1567 1044 1594 de
1058 1567 1195 1594 similibus
1209 1567 1282 1594 illius
1297 1575 1383 1602 usque
1394 1567 1420 1594 in
1435 1571 1567 1595 aeternum
1584 1566 1594 1594 ε’
1606 1567 1705 1596 Beatus

916 1615 962 1648 qui
977 1615 1096 1641 int-antur
1111 1614 1190 1650 fuerit
1206 1615 1277 1641 dives
1289 1614 1379 1649 justus
1390 1634 1398 1647 ,
1413 1615 1459 1648 qui
1472 1619 1529 1649 post
1542 1623 1637 1641 aui-um
1652 1622 1706 1643 non

916 1660 1109 1693 ambulaverit,
1141 1668 1223 1693 neque
1246 1660 1389 1694 speraverit
1416 1661 1444 1686 in
1469 1661 1574 1694 argenti
1605 1660 1705 1695 reposi-

917 1707 988 1733 tione
1015 1707 1048 1734 ³².
1075 1706 1144 1734 Vere
1172 1707 1244 1734 enim
1266 1706 1464 1734 inaestimabilis
1492 1711 1575 1741 atque
1599 1711 1704 1734 interna

917 1753 1056 1780 beatitudo
1078 1759 1130 1785 est,
1161 1757 1189 1779 ut
1215 1760 1277 1780 cutn
1302 1753 1364 1787 quis
1388 1753 1462 1779 dives
1481 1752 1593 1781 circulus
1610 1753 1702 1783 fuerit.

918 1807 971 1827 nou
987 1799 1106 1826 conﬁdat
1125 1799 1150 1826 in
1175 1807 1262 1831 auro,
1289 1806 1376 1833 neque
1401 1799 1523 1825 intendat.
1547 1799 1573 1825 in
1597 1800 1703 1834 argenti

918 1844 1092 1879 repositione,
1107 1843 1156 1871 sed
1178 1844 1308 1870 recondat
1323 1844 1380 1871 haec
1400 1844 1426 1870 in
1448 1845 1578 1871 mamlan
1594 1844 1705 1871 Altissi-

917 1890 966 1919 nti.
981 1893 1008 1917 et
1023 1890 1068 1915 det
1086 1897 1117 1916 ea
1132 1889 1158 1915 itt
1175 1889 1346 1923 eleemosyna
1363 1889 1539 1923 pauperibus,
1558 1890 1605 1916 sed
1621 1890 1704 1917 senti-

917 1939 964 1962 net
978 1939 1061 1969 atque
1077 1940 1186 1970 spargat
1201 1942 1234 1961 ea
1251 1934 1307 1961 late
1323 1942 1372 1969 per
1392 1935 1499 1962 animas
1524 1936 1704 1970 miserorum,

917 1987 965 2015 per
979 1987 1026 2006 ora
1050 1979 1241 2011 esurientium,
1272 1978 1315 2005 vel
1344 1986 1393 2013 per
1419 1986 1468 2006 ora
1491 1980 1631 2012 debilium.
1656 1988 1706 2015 per

918 2027 1062 2054 destitutos
1081 2031 1165 2060 atque
1187 2025 1303 2052 miseros
1320 2024 1418 2059 :juxta
1444 2025 1496 2052 hoc
1514 2026 1584 2060 quod
1600 2026 1704 2054 dictum

918 2078 976 2100 est:
995 2072 1127 2100 Sentinate
1144 2072 1212 2098 vobis
1224 2073 1258 2098 ad
1268 2072 1418 2105 justitiam,
1428 2075 1456 2098 ut
1470 2072 1574 2098 metatis
1588 2072 1704 2106 fructum

919 2121 980 2148 vitae
997 2120 1030 2147 ".
1049 2120 1080 2147 Et
1092 2129 1099 2147 :
1111 2119 1248 2154 Dispersit,
1264 2120 1335 2146 dedit
1347 2119 1516 2153 pauperibus,
1526 2120 1636 2154 justilia
1646 2119 1704 2154 ejus

918 2171 1005 2193 manet
1024 2167 1052 2193 iu
1067 2171 1194 2193 internum
1218 2165 1250 2194 “.
1278 2165 1414 2199 Ejusmodi
1436 2171 1499 2191 vero
1516 2170 1599 2191 metet
1613 2165 1705 2191 multi-

81 2222 149 2248 tales
166 2221 262 2255 quales
277 2226 342 2247 sunt
366 2221 391 2247 in
416 2221 528 2254 regione
540 2209 647 2247 Arabize
667 2224 695 2246 et
709 2219 865 2246 Palmstiuo-

920 2212 1027 2246 pliciter
1051 2212 1078 2239 in
1104 2211 1147 2238 die
1175 2211 1394 2239 resurrectionis.
1424 2209 1561 2244 Ejusmodi
1591 2210 1705 2244 recipiet

80 2275 139 2295 rum
154 2267 239 2298 asini,
254 2266 300 2301 qui
320 2266 427 2294 veloces
440 2274 503 2293 sunt
522 2266 650 2293 similiter
667 2270 695 2292 ιιι
714 2265 786 2299 equi.
803 2264 867 2291 0m-

82 2321 141 2340 nem
155 2321 222 2347 ergo
240 2320 352 2340 censum
365 2311 435 2339 beati
448 2310 499 2340 Job
512 2315 641 2347 supputat
654 2311 679 2338 iit
695 2314 797 2345 septem
810 2309 868 2336 ntil-

80 2361 152 2388 libus
169 2361 275 2393 oviuut,
297 2363 325 2387 et
347 2359 432 2386 tribus
451 2358 618 2386 camelorum
632 2362 659 2385 et
673 2357 699 2384 in
713 2356 868 2392 quingentis

79 2408 152 2443 jugis
169 2408 263 2438 boum.
279 2411 306 2434 et
326 2407 352 2434 in
367 2405 524 2441 quingentis
539 2404 624 2432 asinis
642 2403 781 2439 pastoriis.
800 2402 866 2428 Auri

80 2462 145 2482 vero
157 2459 186 2482 et
201 2453 319 2488 argenti,
334 2458 415 2488 atque
424 2453 538 2480 vestium
552 2459 604 2478 non
616 2450 749 2478 meminit.
765 2449 868 2483 Quare?

82 2503 121 2531 0b
138 2503 191 2530 hoc
208 2507 239 2528 ut
252 2501 390 2532 reticeret,
404 2507 437 2526 an
452 2500 486 2526 ob
499 2498 553 2525 hoc
569 2497 639 2531 qttod
660 2495 710 2522 Job
731 2503 826 2522 aurum
841 2499 868 2522 et

82 2555 226 2584 argentum
255 2554 309 2574 non
329 2544 490 2573 habuisset?
508 2543 550 2572 0b
572 2543 624 2570 hoc
649 2540 745 2575 procul
772 2540 866 2573 dubio,

82 2595 141 2629 quia
157 2601 212 2621 non
231 2592 338 2620 habuit.
356 2591 414 2625 Quo
427 2594 495 2618 teste
508 2596 602 2616 aurutn
615 2592 642 2615 et
656 2591 797 2622 argentum
814 2593 866 2612 non

82 2639 225 2668 habuerit?
250 2639 312 2673 Ipso
329 2637 380 2665 Jul)
402 2637 528 2664 dicente:
547 2634 581 2661 Et
608 2633 631 2660 si
661 2632 826 2666 conﬁdebant
839 2632 868 2659 in

81 2688 178 2714 dit-iliis
193 2686 298 2716 multis,
317 2689 342 2711 et
364 2684 388 2711 si
406 2685 439 2709 ad
462 2679 670 2709 innumerabilia
684 2678 744 2705 misi
759 2686 867 2706 manum

80 2742 173 2766 suam,
187 2738 216 2761 et
240 2732 296 2759 alia
310 2731 354 2758 his
368 2729 478 2757 similia.
498 2727 565 2755 Erat
584 2732 701 2760 namque
718 2724 769 2751 hoc
792 2730 866 2758 vere,

79 2785 106 2808 ut
121 2782 230 2816 priores
249 2786 304 2806 non
325 2780 432 2804 tantum
447 2775 473 2802 in
490 2780 558 2801 auro
571 2776 599 2800 ct
614 2774 727 2806 argento
739 2769 791 2798 sibi
808 2769 868 2796 the-

110 2861 132 2877 ³⁸
146 2859 198 2887 Job
217 2865 236 2888 ι,
251 2856 280 2883 3.
320 2854 341 2870 ³¹
358 2852 379 2881 ll
391 2852 462 2880 'l‘im.
488 2859 527 2884 ιιι,
544 2851 571 2878 l.

920 2257 1135 2284 inmstiutabilem
1174 2257 1366 2284 beatitudinem
1399 2256 1425 2282 in
1455 2256 1500 2282 die
1530 2256 1703 2284 visitationis.

920 2303 1058 2338 Ejusmodi
1070 2303 1306 2338 eleemosynarum
1318 2302 1558 2337 justilicationibus
1575 2306 1705 2335 tanquaut

919 2349 965 2376 lux
990 2348 1100 2384 elIulget
1119 2356 1211 2376 coram
1230 2348 1334 2381 angelis
1352 2347 1409 2374 Dei.
1438 2347 1514 2375 Talis
1539 2347 1590 2375 fuit
1611 2349 1706 2375 beatus

919 2395 980 2427 Job,
1005 2395 1075 2430 apud
1099 2402 1179 2429 quem
1208 2395 1306 2428 hospes
1334 2388 1472 2428 nunquam
1500 2393 1567 2421 foris
1593 2395 1704 2426 mansit,

919 2442 1089 2477 cttjusjanua
1103 2440 1176 2467 omni
1194 2440 1348 2467 advenienti
1364 2439 1451 2475 patuit
1464 2459 1471 2470 ,
1496 2447 1575 2474 quem
1593 2439 1705 2467 invalidi

920 2495 1056 2522 nunquam
1076 2486 1309 2522 praetermiserunt
1334 2487 1367 2513 de
1392 2485 1425 2512 iis
1441 2493 1501 2520 qua:
1514 2493 1583 2519 optts
1604 2485 1706 2512 habue-

920 2540 993 2568 runt,
1007 2533 1053 2569 qui
1069 2541 1122 2560 non
1139 2532 1243 2560 dimisit
1258 2538 1402 2567 pauperem
1423 2531 1499 2558 exire
1514 2531 1546 2557 de
1560 2530 1641 2557 domo
1656 2538 1705 2558 sua

920 2589 1047 2614 vacuum,
1059 2581 1092 2607 ad
1105 2579 1181 2614 cujus
1198 2584 1337 2606 tonsuram
1349 2578 1452 2609 ovium,
1466 2577 1588 2604 omnium
1605 2583 1706 2611 paupe-

922 2636 981 2657 rntn
995 2626 1113 2661 scapula:
1127 2625 1265 2653 calefacta:
1280 2629 1353 2652 sunt.
1373 2623 1412 2651 0b
1433 2624 1483 2651 hoc
1497 2624 1568 2649 enim
1583 2627 1610 2649 et
1625 2623 1706 2648 istazn

922 2673 1124 2703 multitudinem
1139 2679 1265 2706 pecorum
1279 2670 1409 2702 nutrivit,
1423 2673 1451 2696 et
1464 2668 1611 2694 maximam
1629 2667 1703 2701 agri—

922 2720 1055 2750 culturam
1071 2717 1211 2748 exercuit,
1224 2720 1254 2744 ut
1271 2715 1394 2751 plurimis
1411 2714 1581 2748 impertiret,
1597 2716 1626 2739 ut
1644 2711 1706 2746 plu-

922 2768 1000 2796 rimis
1028 2764 1209 2797 benefaceret,
1232 2767 1261 2790 ut
1278 2761 1458 2798 plurimorum
1485 2767 1589 2789 memor
1617 2763 1708 2792 esset;

609 2850 631 2866 ³¹¹
647 2847 732 2877 Eccli.
746 2854 823 2881 uxr,
839 2846 866 2875 8.
904 2845 927 2862 ³⁸
939 2844 1033 2873 Jacob.
1049 2851 1090 2878 III,
1109 2843 1150 2871 18.
1189 2842 1211 2858 ³⁸
1225 2841 1294 2869 Psal.
1316 2848 1371 2873 cxi,
1387 2839 1414 2868 9.
