1904 3076
189 112 242 142 587

732 109 920 137 ΛΝυΝΪΜυδ
938 108 970 135 ΙΝ
991 107 1060 137 ιοΒ.
1079 125 1114 130 -
1130 109 1193 136 LIB.
1214 109 1234 136 Ι.

1765 110 1817 138 388

192 178 247 198 non
267 174 377 205 propter
390 177 421 196 os
437 174 514 196 suum
529 172 646 199 tantum,
670 167 717 195 sed
737 172 768 194 ut
793 167 891 195 mullos
915 176 977 195 esu—
992 171 1017 200 Α
1031 176 1090 195 rum
1107 169 1241 196 instantia
1255 173 1336 202 atque
1353 169 1484 200 studium.
1501 169 1552 196 boe
1568 174 1630 196 erat
1642 160 1715 204 quod
1731 169 1766 196 ab
1777 170 1816 197 eis

193 221 297 247 riemes
310 222 456 250 saturaret,
473 221 555 251 atque
569 216 700 250 plurimos
713 217 799 243 nudos
814 218 936 248 vestiret,
952 221 978 244 et

193 265 288 293 multis
304 263 504 291 miserabilibus
520 266 601 296 atque
616 261 771 289 infelicibus
792 263 977 298 refrigeraret.

193 311 235 339 0b
259 311 310 337 hoc
334 309 408 336 enim
435 315 536 342 pecora
559 308 618 342 ejus
644 309 734 334 ovium
758 313 862 342 septem
884 308 977 338 millia,

193 355 289 383 cameli
306 354 356 381 tria
370 353 466 385 millia,
484 352 550 387 juga
566 352 646 379 boum
665 352 831 386 quingenta,
853 357 880 378 et
898 352 979 378 asinae

192 400 317 436 pastoria
335 399 500 434 quingentae.
527 398 561 425 Et
585 398 763 424 ministerium
789 398 867 424 nimis
891 399 979 432 copio-

191 453 250 473 cum
273 445 306 471 ³⁵.
327 445 439 472 Certum
464 448 507 471 est
523 445 596 478 quod
616 447 644 470 et
667 451 766 470 mensae
791 444 849 478 ejus
863 463 870 474 ,
899 448 980 478 atque

192 492 272 519 sedes
286 491 356 524 ejus,
369 495 397 517 ct
409 490 590 518 ministerium
607 489 748 524 copiosum
759 509 766 521 ,
782 490 829 516 sed
847 489 905 523 plus
921 494 981 515 erat

191 537 373 565 ministerium
389 538 528 571 copiosum
543 536 612 570 quod
638 535 811 563 ministrabat
827 535 980 570 hospitibus

191 587 219 610 et.
233 582 451 614 advenientibus,
469 581 584 609 inlirmis
600 586 627 608 et
648 581 850 614 miserantibus,
867 582 981 609 destitu-

192 629 228 656 tis
245 633 273 656 et
295 628 464 663 peregrinis,
491 627 655 661 pauperibus
681 632 709 654 et
737 626 901 655 infelicibus.
928 628 980 655 Pro

193 675 290 712 horum
305 681 370 708 ergo
382 673 503 700 omnium
518 673 701 708 susceptione,
716 673 828 700 nimium
840 674 979 708 copiosum

193 720 290 748 habuit
307 718 490 746 ministerium
506 726 513 744 :
529 723 595 752 puto
622 720 693 753 quod
712 725 739 746 et
767 720 792 746 in
819 720 888 748 cutio
907 725 934 747 et
954 721 979 747 in

194 766 311 793 excelsis
324 765 462 799 copiosum
481 765 561 792 nimis
574 766 700 792 habuerit
712 766 903 796 ministerium.
918 767 981 794 Plu-

195 816 255 843 rimi
275 815 500 843 ministraverunt
514 815 538 841 ei
549 822 629 848 super
644 819 743 841 terram
758 821 806 848 pro
820 814 980 840 miserorum

195 861 377 896 susceptione,
400 860 447 887 sed
468 862 559 895 plures
578 861 769 888 ministrabant
797 861 821 887 ei
842 860 869 886 in
893 860 980 892 caelis,

194 908 317 936 caelestes
335 907 435 942 angeli,
455 907 676 941 incorruptibiles
690 907 888 940 eleenmsynas,
901 911 982 940 atque

194 955 265 980 bona
280 961 362 988 opera
376 955 435 989 ejus
452 955 479 981 in
496 954 656 980 memoriam
671 960 762 979 coram
777 953 832 979 Deo
843 953 869 979 in
883 952 982 979 coelum

195 999 359 1033 deferentes,
377 1001 448 1027 sicut
464 1001 566 1028 dictum
579 999 664 1027 estad
678 999 831 1026 Cornelium
849 1008 855 1025 :
876 998 983 1024 Oratio-

195 1054 241 1073 nes
260 1053 312 1074 tua:
338 1052 360 1073 et
385 1047 556 1081 eleemoaynw
575 1051 626 1072 tua:
647 1046 819 1072 ascenderunt
836 1053 942 1071 sursum
957 1045 984 1071 in

195 1096 349 1122 memoriam
366 1103 456 1122 coram
473 1095 525 1122 Deo
540 1095 573 1122 “.
584 1093 774 1121 Ascendernnt
792 1092 884 1127 procul
903 1093 984 1119 dubio

196 1141 232 1168 ab
247 1137 350 1175 angelis
380 1146 463 1176 atque
481 1139 647 1175 spiritalibus
667 1139 799 1166 ministris
818 1139 924 1166 delatae.
948 1138 984 1165 De

197 1187 297 1222 quibus
315 1187 438 1214 dicitur:
457 1186 554 1214 Omnes
581 1191 641 1212 sunt
667 1185 855 1212 ministeria!“
875 1185 984 1219 spiritus

195 1233 269 1259 missi
279 1241 328 1266 pro
341 1233 381 1259 his
395 1233 441 1267 qui
458 1233 569 1260 salutem
585 1233 613 1260 in
635 1233 815 1259 hwreditatem
829 1231 934 1265 cupiunt
949 1230 982 1257 ³⁷.

196 1279 231 1306 Ει
245 1280 306 1307 alibi
317 1289 323 1305 :
335 1279 387 1311 Qui
397 1279 459 1314 facit
478 1279 584 1313 angelos
599 1287 660 1305 suos
674 1279 797 1313 spiritus,
809 1282 834 1304 et
848 1277 982 1304 ministras

196 1333 257 1352 suos
276 1326 361 1358 ignem
386 1325 519 1351 ardentem
534 1325 566 1352 ³⁸.
585 1325 622 1352 De
639 1325 697 1351 istis
717 1331 834 1358 namque
853 1323 984 1350 ministris

197 1379 267 1398 unus
285 1376 344 1398 erat
357 1371 401 1405 qui
419 1371 523 1398 locutus
537 1376 579 1399 est
594 1371 626 1398 ad
648 1371 760 1398 Tobiam
783 1372 875 1397 dicens
891 1379 898 1396 :
915 1369 983 1396 Cum

197 1425 289 1444 orares
302 1422 329 1443 tu
341 1423 364 1444 et
378 1416 445 1444 Sara
456 1417 513 1451 ﬁlia
526 1416 660 1452 Raguelis,
676 1425 722 1451 ego
735 1416 813 1442 attuli
829 1416 983 1442 memoriam

198 1462 327 1489 orationis
342 1468 432 1489 vestra:
448 1463 475 1488 in
495 1469 661 1495 conspertum
679 1462 770 1495 gloritv
784 1462 878 1487 summi
891 1461 937 1487 Dei
949 1460 981 1486 ³⁰.

1030 214 1175 242 thesaurus
1189 215 1377 249 reputabatur,
1391 221 1456 242 area
1475 220 1502 242 et
1523 216 1651 248 torcular,
1668 216 1770 243 oliveta
1789 221 1817 243 et

1031 261 1119 293 ficeta,
1141 265 1169 288 et
1186 262 1311 289 universa
1335 269 1417 296 opera
1439 269 1499 296 qua:
1517 262 1624 289 suntin
1647 269 1733 296 agro,
1759 269 1816 296 quae

1030 315 1091 334 cum
1104 307 1197 334 labore
1212 313 1293 342 atque
1304 308 1403 335 sudore
1415 314 1496 342 atque
1511 316 1639 335 manuum
1654 308 1816 335 callositati-

1031 353 1081 380 bus
1107 353 1285 387 acquiruntur
1307 361 1369 380 cum
1389 354 1511 388 justitia,
1531 354 1608 388 juxta
1625 354 1751 381 ordinem
1770 354 1814 380 Dei

1030 399 1162 426 dicentis:
1179 398 1212 425 In
1227 401 1322 426 sudore
1333 400 1419 426 uultus
1439 400 1477 425 tui
1494 400 1553 426 edes
1573 408 1665 433 panem
1682 406 1758 426 tuum
1782 399 1815 426 ⁵⁸.

1030 444 1094 472 Haec
1116 445 1221 472 scilicet
1244 453 1327 480 opera
1347 453 1443 480 magna
1466 446 1573 473 fuerunt
1599 445 1649 472 Job
1672 447 1699 473 in
1725 447 1816 477 terris,

1031 492 1092 519 ideo
1105 496 1132 518 et
1149 491 1267 526 plurimo
1279 492 1417 525 indigebat
1431 493 1583 519 ministerio
1601 493 1633 519 ad
1654 493 1818 524 curandum,

1031 538 1063 565 ad
1084 537 1300 570 intendendum,
1324 537 1356 564 ad
1383 539 1616 569 circumeundam,
1641 538 1763 572 itemque
1785 539 1817 564 ad

1031 585 1163 616 dandum,
1187 584 1219 611 ad
1239 583 1478 616 distribuendutn,
1496 585 1529 611 ad
1553 585 1764 611 ministrandum
1789 584 1816 610 in

1031 630 1164 665 gentibus,
1180 631 1212 657 ad
1230 630 1424 658 defendendum
1443 638 1606 664 oppressos,
1625 630 1658 657 ad
1675 630 1818 664 opitulan-

1031 678 1094 704 dum
1109 678 1285 712 pauperibus,
1298 677 1333 704 ad
1344 676 1566 704 benefaciendum
1583 678 1670 705 viduis
1682 683 1709 705 et
1720 677 1820 712 orpha-

1033 724 1084 751 nis.
1105 723 1156 750 l’ro
1168 724 1210 751 his
1224 725 1351 751 nimirum
1369 725 1508 751 universis
1524 731 1607 758 opera
1623 731 1722 758 magna
1740 730 1820 750 erant

1032 770 1069 796 illi
1084 771 1108 796 in
1127 770 1207 797 terris
1222 775 1250 797 et
1267 770 1448 797 ministerium
1464 771 1600 804 copiosum
1613 790 1621 802 ,
1640 770 1704 804 quia
1719 777 1819 805 magna

1032 822 1111 843 erant
1125 824 1207 851 opera
1229 817 1388 844 meritorum
1413 821 1440 844 et
1463 817 1602 851 copiosum
1624 816 1821 844 ministerium.

1034 862 1086 889 Sed
1102 868 1167 896 puto
1185 867 1246 896 post
1263 863 1320 889 hate
1336 870 1396 897 qua:
1414 863 1524 889 recitata
1548 866 1610 889 sunt
1633 869 1730 896 magna
1748 861 1822 888 illius

1032 915 1124 942 Opera,
1153 913 1214 942 post
1241 909 1435 942 agriculturam
1461 914 1542 942 atque
1568 908 1701 942 pecudum
1732 909 1823 934 nutri-

1033 959 1139 986 menta,
1169 959 1199 980 et
1225 959 1323 981 eadem
1351 955 1496 986 universa,
1526 954 1635 981 fuerunt
1655 955 1739 980 etiam
1768 955 1822 980 alia

1034 1007 1130 1034 magna
1145 1004 1225 1034 opera
1240 999 1292 1027 Job
1311 1001 1336 1026 in
1358 1001 1446 1031 terris,
1465 1001 1540 1032 fides,
1566 1001 1671 1035 pietas,
1697 999 1822 1033 justitia.

1035 1046 1178 1076 sanctitas,
1203 1047 1370 1079 constantia,
1393 1047 1542 1080 patientia,
1564 1046 1719 1077 tolerantia,
1738 1051 1822 1079 atque

1034 1092 1076 1119 bis
1103 1092 1203 1118 similia
1230 1093 1369 1123 universa,
1387 1097 1415 1119 et
1429 1100 1525 1119 onmes
1544 1099 1603 1126 quae
1626 1092 1755 1125 superius
1775 1091 1826 1118 de-

1035 1144 1192 1166 monstrata:
1205 1144 1269 1166 sunt
1284 1140 1408 1171 virtutes,
1421 1145 1502 1174 atque
1517 1141 1612 1166 merita
1625 1145 1653 1166 et
1663 1139 1822 1174 cleemosy-

1034 1194 1074 1213 na:
1089 1193 1185 1220 opera.
1205 1185 1266 1212 Ilaec
1281 1193 1399 1219 namque
1414 1190 1478 1212 sunt
1494 1193 1590 1220 magna
1606 1186 1649 1212 illa
1665 1193 1748 1220 opera
1761 1193 1823 1219 quae

1034 1238 1111 1260 erant
1130 1233 1166 1259 ita
1182 1240 1278 1266 magna
1298 1237 1327 1257 ut
1340 1239 1425 1266 usque
1447 1232 1481 1259 ad
1499 1232 1597 1259 malum
1623 1232 1824 1266 pertiugcrcnt,

1034 1283 1061 1305 et
1076 1285 1163 1312 usque
1176 1278 1210 1304 ad
1224 1278 1308 1304 Deum
1321 1278 1504 1311 pervenirent.
1528 1277 1565 1303 lta
1579 1282 1655 1303 erant
1669 1284 1781 1311 magna,
1794 1281 1824 1303 ut

1034 1325 1060 1351 in
1077 1325 1250 1358 corruptione
1265 1329 1419 1358 perpetrata
1439 1324 1464 1350 in
1484 1324 1689 1357 incorruptione
1704 1324 1824 1350 fuissent

1035 1372 1191 1406 praedicata.
1214 1371 1287 1397 Inter
1301 1370 1424 1396 homines
1436 1370 1523 1401 facta,
1543 1371 1612 1396 inter
1627 1369 1740 1404 angelos
1759 1374 1827 1396 sunt

1035 1416 1187 1443 mirilicata.
1201 1415 1273 1446 Ilaec,
1290 1416 1412 1449 inquam,
1427 1416 1534 1442 fuerunt
1549 1414 1600 1442 Job
1616 1422 1713 1448 magna
1727 1422 1825 1450 opera.

1036 1462 1069 1489 Et
1087 1463 1130 1489 ubi
1147 1463 1202 1490 haec
1219 1463 1345 1490 fuerunt?
1358 1463 1384 1489 In
1403 1467 1484 1493 terra,
1504 1462 1600 1496 inquit.
1614 1461 1642 1488 In
1658 1469 1712 1495 qua
1725 1467 1802 1488 terra
1814 1461 1827 1487 τ

198 1508 265 1534 Tale
278 1515 343 1542 ergo
357 1513 416 1534 erat
432 1508 612 1535 ministerium
635 1507 686 1534 Job
707 1508 819 1534 nimium
831 1507 982 1542 copiosum.
998 1511 1019 1540 ο
1035 1509 1155 1537 Primum
1169 1511 1278 1543 quidem
1296 1509 1320 1535 in
1337 1517 1367 1535 ea
1381 1515 1440 1542 qua:
1452 1509 1500 1534 sub
1516 1509 1585 1535 coelo
1598 1512 1639 1534 est
1655 1513 1741 1534 terra.
1759 1507 1827 1533 Item

200 1555 353 1582 Secundum
386 1554 585 1582 multitudinem
611 1555 683 1581 enim
713 1554 845 1581 bonorum
872 1562 982 1588 operum

198 1601 268 1636 ejus,
290 1600 460 1635 multiplicati
477 1605 542 1627 sunt
559 1599 684 1627 ctelesles
699 1600 817 1627 ministri
832 1605 914 1634 atque
935 1608 984 1626 an-

198 1647 251 1682 geli
269 1646 314 1681 qui
339 1646 365 1672 in
384 1650 529 1680 conspectu
555 1645 603 1672 Dei
631 1649 825 1673 attestarentur
846 1646 984 1673 beneﬁciis

199 1692 283 1719 illius.
298 1692 374 1720 Unus
386 1700 453 1720 sane
466 1692 602 1719 devotioni
623 1693 705 1718 animi
722 1693 779 1726 ejus
793 1693 983 1724 attestabatnr,

199 1737 269 1764 alius
290 1744 379 1765 autem
404 1738 586 1772 eleemosyuis
607 1745 664 1771 ejus
689 1745 721 1764 ac
749 1738 982 1769 miserationibus,

199 1785 270 1812 alius
299 1784 474 1812 nihilominus
503 1785 626 1812 sollicitis
657 1785 791 1819 precibus,
828 1785 897 1812 alius
923 1792 985 1811 vero

197 1831 310 1865 iustitia:
320 1831 426 1865 judicii,
442 1832 579 1865 patientia:
594 1840 702 1866 quoque
722 1840 754 1859 ac
785 1831 982 1866 longanimitati

201 1881 283 1910 atque
298 1876 442 1904 charitatis
460 1876 629 1911 plenitudini.
645 1876 745 1903 Omnes
762 1877 867 1904 scilicet
880 1876 985 1902 cunctis

200 1923 260 1954 ejus
277 1921 422 1948 virtutibus
450 1914 651 1948 attestabantnr
677 1923 702 1948 in
725 1927 870 1956 conspectu
894 1922 984 1948 omnia

201 1968 368 2002 praescientis
385 1966 441 1993 Dei.
458 1965 690 2000 Omnibusitaque
703 1966 789 1992 modis
805 1965 985 1991 ministerium

201 2015 340 2048 c0piosum
353 2019 412 2041 erat
430 2015 511 2041 beato
531 2014 590 2041 Job.
612 2013 696 2046 Quale
711 2016 792 2046 putas
808 2011 846 2038 illi
861 2011 918 2038 ﬁeri
937 2011 985 2038 ob-

200 2061 324 2094 sequium
349 2060 623 2094 atl'susceptiouem,
653 2064 680 2085 et
706 2057 853 2093 gloriosum
878 2064 984 2091 quoque

203 2106 345 2138 honorem,
356 2112 371 2131 ο
381 2105 475 2138 amice,
488 2112 549 2132 cum
565 2105 654 2130 anitna
667 2103 724 2137 ejus
737 2103 832 2130 exiens
841 2103 874 2130 de
889 2110 986 2137 corpo-

202 2159 232 2179 re
248 2153 280 2179 ad
297 2151 360 2178 illud
376 2151 503 2178 smculum
521 2151 659 2182 transiret,
678 2158 738 2177 cum
755 2149 790 2176 illi
809 2153 987 2176 occurrerent

205 2206 298 2224 omnes
313 2198 413 2232 angeli,
428 2198 536 2231 quando
549 2198 647 2231 gavisa:
668 2200 730 2223 sunt
749 2195 854 2222 adeum
869 2195 989 2222 omnium
1005 2189 1027 2216 D

204 2249 359 2270 sanctorum
376 2243 601 2278 animamquando
611 2249 706 2270 omnes
719 2242 815 2268 animae
828 2241 988 2268 miserorum

203 2294 285 2324 atque
316 2290 436 2324 inopum,
459 2290 556 2324 quibus
585 2297 666 2324 super
694 2293 794 2315 terram
815 2287 989 2318 benefacerit,

203 2335 342 2362 beneﬁciis
371 2336 429 2369 ejus
446 2340 578 2362 attestatac
604 2335 688 2362 sunt?
711 2333 775 2367 Quin
807 2334 939 2360 universae
964 2341 988 2358 IlI

205 2382 293 2408 lucem
317 2381 371 2408 illic
392 2382 569 2416 procedentes
589 2382 712 2416 gloriosa:
739 2384 887 2407 occurrunt
909 2383 990 2413 atque

205 2432 307 2455 sanctae
321 2431 482 2454 attestantur
498 2435 550 2454 non
566 2428 651 2454 solum
667 2427 750 2454 solius
768 2426 818 2454 Job
831 2425 986 2456 virtutibus,

205 2473 251 2500 sed
274 2476 300 2499 et
319 2472 444 2499 omnibus
470 2472 516 2506 qui
543 2472 668 2499 similiter
690 2477 718 2499 ut
737 2471 786 2499 Job
801 2472 988 2507 eleemosynas

205 2518 311 2546 miseris
330 2525 362 2545 ac
392 2518 523 2545 beneficia
554 2517 707 2545 infelicibus
728 2519 899 2552 impertiunt.
928 2517 990 2543 Haec

206 2564 344 2594 universa,
362 2564 423 2598 quin
439 2564 514 2596 dicit,
531 2563 565 2590 Et
579 2564 753 2590 ministerium
773 2564 884 2590 nimium
902 2563 990 2597 copia-

206 2619 274 2637 smn.
304 2610 420 2644 Postque
436 2610 576 2645 !adjiciens
609 2610 695 2636 dicit:
711 2608 794 2635 Erant
817 2617 894 2643 opera
919 2608 989 2634 illius

206 2665 300 2691 magna
312 2657 338 2683 it:
351 2658 438 2683 tsrris.
456 2655 575 2682 Primum
593 2662 660 2682 sane
674 2662 754 2688 opera
770 2662 866 2689 magna
881 2655 991 2681 fuerunt

208 2701 257 2733 illi,
271 2702 295 2728 id
316 2707 366 2734 est,
387 2701 443 2736 agri
466 2706 493 2728 et
511 2701 604 2732 \‘inetc,
633 2699 731 2727 frttteta
753 2703 779 2727 et
806 2700 914 2727 oliveta.
943 2698 989 2725 Ila:

208 2755 324 2781 uanique
337 2752 415 2774 erant
429 2748 600 2782 antiquorum
614 2747 728 2779 divitiae,
744 2746 803 2773 haec
815 2751 875 2773 erat
891 2746 990 2780 prisco-

247 2803 268 2819 ³⁸
290 2804 339 2830 Job
365 2812 382 2833 I.
401 2805 427 2832 5,
477 2804 499 2820 ³⁸
511 2805 571 2830 Act.
587 2812 616 2836 x,
631 2804 656 2830 4.
698 2804 718 2819 ³⁷
733 2803 814 2830 Hebr.
829 2812 847 2837 ι,
859 2803 902 2831 Η.

209 2839 230 2854 ⁸³
246 2838 323 2865 I‘rov.
339 2847 394 2866 xit.
433 2840 454 2855 ”
470 2839 519 2866 Job
539 2846 558 2870 ι,
572 2839 598 2866 3.

942 2803 963 2819 “
978 2803 1048 2833 Psal.
1063 2813 1118 2839 cut,
1129 2806 1156 2832 4.

1038 1556 1065 1582 in
1082 1559 1188 1582 terreno
1210 1556 1269 1589 t-jns
1291 1562 1413 1588 corpore.
1443 1554 1557 1581 Omnem
1586 1554 1657 1580 enim
1682 1553 1826 1583 virtutem.

1038 1609 1146 1629 omnem
1157 1602 1389 1636 justilicationctn,
1400 1607 1479 1627 omne
1491 1607 1558 1634 opus
1568 1604 1705 1631 sanetum,
1716 1606 1828 1626 omnem

1039 1647 1211 1675 tolerantiam
1226 1655 1287 1674 cum
1299 1647 1446 1681 gratiarum
1463 1646 1616 1673 actionibus
1630 1665 1637 1676 ,
1653 1646 1783 1672 universa
1799 1645 1827 1670 in

1040 1692 1091 1719 hoc
1107 1699 1221 1726 corpore
1236 1697 1344 1718 terreno
1358 1691 1480 1726 perfecit,
1505 1696 1532 1718 et
1553 1690 1722 1724 supportavit
1744 1696 1828 1724 atque

1039 1738 1177 1765 sustinuit.
1195 1737 1283 1765 Testis
1294 1743 1336 1764 est
1348 1739 1405 1772 ipse
1422 1738 1514 1765 dicens
1526 1738 1558 1764 tle
1572 1738 1673 1764 virtute
1686 1736 1731 1763 Dei
1745 1742 1829 1770 atque

1040 1784 1227 1819 magnitudine
1244 1793 1250 1810 :
1267 1784 1319 1816 Qui
1347 1785 1522 1810 suscitaturus
1551 1787 1588 1809 est
1614 1783 1707 1816 pellent
1727 1791 1828 1814 nteant,

1039 1841 1097 1867 quw
1109 1832 1196 1858 hausit
1212 1833 1266 1858 Ita'c
1282 1831 1353 1857 mala
1369 1832 1402 1858 δι.
1428 1831 1545 1863 Postque
1571 1830 1696 1856 universa
1709 1851 1716 1861 ,
1740 1837 1828 1863 opera

1040 1886 1136 1913 magna
1157 1883 1236 1905 erant
1249 1877 1308 1904 Job.
1337 1877 1410 1904 Ubi?
1432 1879 1459 1904 ln
1479 1882 1562 1909 terra,
1592 1876 1690 1910 inquit.
1717 1875 1746 1902 In
1774 1884 1827 1911 qua

1041 1925 1133 1951 terra?
1147 1924 1174 1950 In
1189 1929 1260 1951 terra
1274 1923 1485 1957 incorruptibili,
1497 1923 1523 1950 in
1538 1929 1609 1949 terra
1625 1922 1784 1955 immortali,
1799 1923 1827 1948 iu

1041 1975 1113 1996 terra
1131 1970 1291 2001 viventium,
1305 1970 1331 1995 in
1349 1968 1528 1995 tabernaculis
1541 1967 1674 2001 juslorum
1687 1988 1694 1999 ,
1709 1967 1755 1994 ubi
1773 1975 1827 1994 non

1041 2020 1081 2042 est
1100 2015 1244 2042 infirmitas
1275 2023 1363 2048 neque
1390 2022 1483 2046 mors,
1515 2015 1585 2040 umle
1606 2013 1674 2048 fugit
1697 2013 1779 2040 dolor
1801 2018 1829 2040 et

1042 2061 1152 2087 tristitia
1181 2065 1262 2095 atque
1285 2061 1410 2095 gemitus.
1441 2060 1497 2087 lllic
1526 2067 1590 2095 ergo
1622 2067 1719 2094 magna
1749 2064 1830 2086 erant

1041 2114 1122 2140 opera
1149 2106 1211 2139 Job,
1237 2107 1292 2133 illic
1317 2107 1502 2133 demonstrata
1519 2111 1582 2133 sunt
1602 2111 1682 2139 atque
1702 2111 1828 2137 ostensa,

1042 2153 1097 2180 illic
1115 2153 1245 2180 distincta
1261 2158 1343 2187 atque
1359 2154 1542 2180 manifestata.
1559 2153 1608 2180 Hic
1623 2152 1755 2187 perfecta,
1772 2152 1830 2180 illic

1042 2205 1132 2226 autem
1169 2199 1372 2232 demonstrata;
1409 2199 1452 2226 hic
1482 2199 1632 2231 seminata,
1669 2198 1725 2225 illic
1763 2206 1831 2226 vero

1041 2252 1129 2272 mcssa
1144 2253 1151 2277 ;
1168 2245 1213 2272 hic
1231 2245 1366 2280 dispersa,
1379 2245 1433 2272 illic
1450 2251 1540 2272 autem
1556 2245 1670 2271 collecta
1686 2253 1694 2274 ;
1712 2245 1758 2271 hic
1773 2245 1830 2272 Deo

1041 2291 1172 2322 fenerala,
1186 2292 1240 2319 illic
1263 2301 1327 2319 vero
1342 2301 1402 2319 cum
1421 2293 1503 2328 gloria
1530 2301 1543 2320 a
1566 2292 1619 2319 Deo
1640 2292 1830 2320 fenerautihus

1042 2338 1189 2364 redhibila.
1211 2338 1261 2371 Qui
1289 2339 1360 2365 enim
1380 2339 1524 2366 miseretur
1549 2339 1697 2373 pauperis,
1721 2338 1831 2366 fenerat

1042 2383 1096 2409 Deo
1112 2383 1143 2411 η.
1161 2384 1318 2412 Secundutn
1335 2389 1425 2412 autem
1440 2385 1532 2412 datum
1548 2385 1620 2412 illius
1635 2384 1772 2411 retribuet
1790 2385 1830 2411 illi

1044 2428 1184 2457 Dominus.

1081 2475 1144 2502 Post
1167 2477 1224 2503 htec
1239 2480 1328 2502 autem
1343 2475 1468 2503 universa
1482 2496 1489 2507 ,
1506 2475 1679 2502 novissimam
1697 2474 1828 2502 virtutem

1042 2519 1091 2547 Job
1104 2521 1289 2554 demoustrat,
1304 2521 1397 2548 dicens
1417 2519 1501 2547 :Fuit
1522 2526 1609 2546 aulam
1633 2520 1675 2546 hic
1697 2522 1778 2546 homo
1799 2521 1831 2547 de

1043 2574 1135 2600 genere
1147 2567 1256 2600 optimo,
1270 2574 1302 2593 ea;
1315 2566 1435 2600 partibus
1453 2566 1567 2592 Orientis
1590 2566 1623 2592 “.
1647 2565 1712 2592 Item
1739 2571 1829 2592 autem

1043 2616 1070 2638 et
1085 2611 1146 2638 istic
1161 2611 1339 2645 singulariter
1352 2611 1427 2637 illum
1441 2611 1564 2645 designat
1589 2615 1670 2645 atque
1683 2615 1828 2638 memorat.

1043 2656 1092 2683 llic
1107 2657 1189 2684 homo
1205 2657 1360 2692 singularis,
1376 2661 1505 2688 semotus,
1519 2657 1565 2690 qui
1578 2656 1604 2682 iu
1619 2663 1701 2683 carne
1716 2664 1828 2691 separa-

1045 2703 1082 2728 vit
1095 2710 1124 2729 ea
1142 2709 1200 2737 qua:
1219 2703 1311 2730 carnis
1328 2707 1410 2734 sunt,
1436 2703 1481 2736 qui
1502 2703 1573 2729 inter
1594 2701 1718 2728 homines
1748 2708 1830 2736 super

1044 2747 1169 2775 homines
1185 2747 1245 2779 fuit.
1262 2748 1308 2782 qui
1320 2748 1346 2774 in
1365 2748 1445 2775 terris
1459 2753 1528 2780 erat,
1544 2753 1570 2775 et
1581 2748 1701 2775 cmlestia
1715 2748 1828 2781 agebat;

1196 2806 1217 2821 ³¹
1234 2805 1301 2833 'I‘cb.
1317 2814 1364 2833 xu.
1402 2806 1425 2821 ‘°
1437 2806 1504 2834 Gen.
1519 2814 1560 2839 m,
1578 2805 1619 2833 l9.
1667 2806 1688 2821 ⁴¹
1702 2804 1754 2832 Job
1772 2812 1828 2832 nx.
