1904 3076
54 141 103 168 589

603 139 795 169 ANONYMUS
813 139 846 166 l'N
862 138 934 166 'JOB.
955 154 989 159 —-
1008 138 1072 166 LIB.
1092 138 1114 166 1.

1635 139 1687 167 390

59 199 98 227 hic
126 199 208 226 homo
238 199 301 227 sine
323 199 431 234 querela
455 202 572 233 justus,-
584 207 665 228 verus
682 200 730 228 Dei
753 200 850 232 cultor,
865 202 889 229 Α
904 200 1047 231 bertatem,
1064 204 1092 227 et
1105 198 1185 233 digne
1198 198 1267 226 bene
1281 202 1361 226 natus
1376 198 1490 226 dicitur:
1504 198 1548 226 hic
1557 205 1625 225 sane
1639 205 1688 225 ve-

58 244 199 273 abstincns
212 253 244 273 se
258 245 294 272 ab
306 245 380 272 omni
394 253 423 272 re
445 246 514 272 mala
526 254 533 278 ;
556 245 602 273 hic
623 254 687 281 ergo
701 246 736 273 de
749 253 849 280 genere

59 291 172 325 optimo,
190 299 224 318 ex
239 291 367 325 partibus
382 291 501 319 Orientis
514 312 522 324 ,
543 296 670 326 tanquam
692 291 714 318 si
734 291 850 322 diceret,

61 338 185 364 omnibus
203 338 252 371 qui
270 342 335 364 sunt
363 338 389 363 in
413 337 537 372 partibus
556 337 675 365 Orientis
695 338 850 372 generosior

60 389 141 417 atque
159 383 256 410 melior
283 382 346 412 fuit.
377 383 493 410 nobilior
525 383 569 410 hic
597 388 681 418 atque
708 384 850 411 sublimior

59 435 129 457 erat.
159 429 215 457 Hoc
231 436 351 463 namque
370 430 559 456 demonstrans
580 429 645 456 dicit
660 439 667 456 :
682 429 746 456 Fuit
763 435 849 456 autent

60 477 102 502 hic
119 477 198 502 homo
213 476 245 501 de
258 483 350 509 genere
365 476 473 509 optimo,
487 484 519 502 ea;
530 477 648 510 partibus
660 475 784 503 Orientis.
797 477 849 503 Sed

61 523 140 550 liceat
158 522 326 556 respondere
342 521 484 554 scribenti,
497 528 523 549 et
538 523 628 549 dicere
641 530 647 548 :
662 523 737 550 Unde
751 522 802 550 Job
817 524 850 551 de

60 575 163 602 genere
182 567 305 602 optimo?
330 567 358 594 Si
384 575 417 594 ex
442 568 530 594 Adam
546 573 572 595 et
587 569 658 601 Eva,
681 569 850 604 przevaricati

62 618 184 647 suntper
200 613 424 640 inobcdientiam.
440 613 468 640 Si
480 622 512 640 ex
523 614 663 644 Esau.sub
679 615 849 643 maledictum

61 659 190 685 redactus
205 663 245 685 est
260 658 408 686 aviditatis.
425 658 452 686 Si
465 667 497 686 ex
514 660 576 686 ﬁliis
586 660 666 693 Esau,
685 661 757 694 impii
770 662 853 688 exsti-

62 708 156 730 terunt
180 704 264 730 etiam
296 703 314 730 ii
346 709 456 738 propter
484 705 684 733 contumeliam.
712 707 851 740 Quomodo

60 757 126 784 ergo
141 750 175 776 de
187 757 285 783 genere
297 750 399 784 optimo
413 756 473 777 erat
488 752 532 784 qui
549 752 581 778 de
600 752 700 779 talibus
716 753 850 780 nasceba—

63 795 127 821 tur?
144 794 241 821 Ruben
258 795 454 829 primogenitus
466 795 560 828 Jacob,
575 801 602 823 et
613 797 722 824 Simeon
736 803 762 825 et
777 797 852 828 Levi,

61 840 107 875 qui
119 848 153 867 ex
171 840 254 866 Israel
268 845 332 867 sunt
348 841 492 875 progeniti,
508 843 541 868 de
559 850 659 876 genere
681 843 782 878 optimo
799 851 851 870 non

61 886 194 912 dicuntur
211 885 281 913 :Job
301 894 365 913 vero
378 887 424 920 qui
440 895 473 914 ex
489 888 580 922 impiis
594 893 671 915 ortus
683 893 739 922 est,
755 889 780 915 id
799 894 850 919 est.

61 939 96 958 ex
112 932 179 958 ﬁliis
195 931 279 964 Esau,
293 932 338 966 qui
356 939 388 959 ex
404 933 528 966 prosapia
543 933 626 960 EtiOlll
648 939 726 960 natus
741 939 791 966 est,
809 934 853 962 hic

61 976 96 1004 de
112 985 215 1012 genere
227 979 332 1012 optimo
347 979 448 1005 dicitur
468 987 474 1002 :
494 979 558 1013 Ego,
575 980 672 1014 inquit,
685 988 736 1006 non
753 988 852 1008 carna-

62 1024 117 1049 lem
141 1024 315 1051 nativitaleln
341 1031 444 1058 quacro,
473 1032 525 1051 non
549 1025 685 1052 carnalem
700 1026 854 1059 generatio—

64 1076 125 1095 nem
142 1069 280 1102 significo,
298 1077 350 1096 non
369 1075 526 1102 pereuntem
540 1071 749 1105 generositatem
763 1072 852 1099 laudo.

64 1114 131 1141 Nam
150 1115 209 1142 lucc
225 1115 296 1149 apud
311 1115 392 1142 Deum
410 1124 461 1142 non
481 1116 569 1149 magni
587 1116 751 1151 penduntur,
767 1118 824 1145 huic
839 1127 853 1146 a

63 1161 197 1188 Creatore
219 1169 272 1187 non
287 1162 472 1196 requiruntur.
495 1162 571 1188 Sicut
585 1163 659 1189 enim
680 1171 732 1190 non
748 1170 855 1192 constat

65 1207 137 1240 apud
152 1206 236 1234 Deum
256 1215 377 1241 persona:
392 1207 487 1242 gloria,
499 1208 539 1234 sic
549 1215 598 1235 nec
619 1209 766 1242 requiritur
779 1210 813 1237 ab
823 1218 855 1237 eo

66 1253 188 1279 carnalis
204 1252 384 1285 generositas.
404 1251 500 1278 Merito
517 1252 550 1278 de
565 1260 664 1286 genere
677 1253 778 1286 optimo
791 1253 856 1280 dici-

67 1303 110 1325 tur
120 1297 184 1324 Job.
201 1297 259 1324 Non
277 1306 310 1325 ex
328 1298 415 1330 Esau,
433 1305 521 1331 neque
537 1305 570 1324 ex
584 1298 742 1332 posteritate
760 1298 855 1331 Edom,

65 1345 114 1371 sed
126 1344 160 1371 de
174 1351 276 1378 genere
293 1344 396 1379 optimo
409 1345 511 1371 dicitur
526 1343 575 1371 Job
586 1365 594 1378 ,
609 1351 643 1371 ex
667 1345 813 1372 sanctitate
828 1350 855 1372 et

62 1390 185 1425 iustitia,
208 1397 242 1417 ex
267 1390 380 1424 pietate,
396 1398 430 1417 ex
445 1390 507 1421 ﬁde,
533 1398 565 1417 ex
592 1390 796 1425 misericordia,
822 1399 855 1418 ex

67 1436 114 1463 Dei
129 1435 249 1467 cultura,
261 1443 294 1462 ex
307 1443 371 1462 vero
383 1436 486 1468 animo,
500 1443 534 1462 ex
549 1435 631 1462 corde
639 1443 717 1470 puro,
733 1443 767 1463 ex
779 1437 856 1465 bonis

66 1482 293 1516 cogitationibus.
318 1481 354 1508 Ex
377 1482 435 1508 istis
458 1489 522 1516 ergo
543 1482 669 1509 omnibus
688 1481 756 1508 bene
778 1487 857 1509 natus

65 1536 126 1556 esse
142 1529 247 1555 dicitur
260 1528 311 1556 Job
323 1549 330 1561 ,
354 1536 388 1555 ex
404 1529 463 1555 istis
479 1528 605 1556 omnibus
620 1528 777 1563 generosior
797 1536 856 1556 esse

66 1578 222 1609 reputatur,
242 1574 320 1608 quasi
335 1575 361 1600 in
380 1574 426 1601 Dei
443 1574 628 1601 familiaritate
640 1595 646 1606 ,
664 1574 740 1608 quasi
757 1575 783 1601 in
809 1574 856 1602 Dei

66 1621 193 1649 clientela
207 1641 214 1653 ,
239 1625 367 1655 tanquam
387 1621 432 1656 qui
454 1621 508 1649 Deo
533 1621 614 1648 fuerit
638 1620 724 1648 aﬁinis
747 1628 858 1656 propter

66 1669 189 1696 animam
205 1677 299 1696 veram
313 1674 341 1696 et
361 1669 448 1695 ﬁdem:
471 1673 552 1704 atque
566 1669 697 1703 justitiam
713 1670 854 1705 integram.

66 1714 140 1742 Bene
150 1720 245 1742 natum
259 1722 319 1742 eum
344 1715 459 1742 reddidit
470 1723 521 1742 non
542 1715 639 1742 terreni
653 1720 752 1749 patres,
771 1723 857 1750 neque

65 1761 108 1788 avi
127 1761 266 1794 carnales,
285 1761 331 1788 sed
347 1768 431 1795 Opera
460 1761 600 1794 veritatis,
633 1766 714 1796 atque
740 1761 855 1789 ofﬁcium

66 1807 233 1839 sanctitatis,
254 1814 303 1834 nec
325 1814 377 1833 non
401 1811 429 1833 et
451 1806 560 1833 sincera
579 1806 652 1833 circa
675 1807 757 1833 Deum
783 1814 854 1841 spes.

67 1853 134 1886 Quis
150 1859 211 1880 erat
227 1853 343 1880 nobilior
368 1852 410 1879 vel
437 1853 596 1887 generosior
618 1852 702 1880 Cham
726 1853 780 1879 ﬁlio
800 1852 856 1879 Noe

67 1902 207 1932 mediano,
231 1900 318 1934 quiet
340 1907 373 1926 ex
390 1899 475 1933 patris
502 1899 645 1926 nobilitate
664 1906 722 1926 erat
747 1899 854 1930 nobilis,

66 1951 95 1972 et
123 1954 157 1973 ex
187 1945 233 1972 Dei
259 1945 450 1972 benedictione
475 1950 556 1979 atque
592 1945 726 1978 colloquio
759 1944 856 1971 nobilis

66 1996 126 2018 erat
151 1996 180 2019 et
203 1990 337 2018 illustris?
371 1990 424 2018 Sed
456 1990 523 2017 nihil
546 1990 616 2025 juvit
651 1989 745 2021 illum,
770 1996 856 2023 neque

67 2037 114 2065 Dei
159 2036 324 2071 colloquimn
343 2055 351 2067 ,
391 2043 479 2070 neque
509 2035 647 2063 Creatoris
679 2034 852 2068 benedictio,

67 2090 157 2116 neque
184 2083 270 2117 patris
297 2082 421 2116 jnstitia,
449 2089 510 2108 cum
539 2081 596 2116 ipse
626 2081 803 2108 declinaverit
839 2088 854 2107 a

65 2129 169 2162 justitia
190 2134 218 2154 ut
233 2129 399 2162 impietatem
413 2128 557 2161 arriperet.
573 2133 684 2161 propter
693 2134 772 2160 quam
783 2126 855 2161 juste

67 2175 229 2202 humiliatus
243 2174 368 2201 redactus
379 2179 421 2200 est
435 2173 461 2200 in
474 2173 646 2199 maledictum
663 2177 744 2206 atque
760 2172 785 2198 in
797 2179 855 2198 scr-

67 2221 193 2247 vitutetn.
207 2219 273 2246 Nam
289 2219 347 2254 ipse
365 2225 441 2253 pater
458 2217 526 2251 Noe,
545 2218 590 2252 qui
620 2218 677 2252 ejus
701 2217 855 2245 libertatem
872 2214 895 2243 D

65 2271 147 2301 atque
159 2266 373 2301 generositatem
387 2270 447 2291 erat
463 2264 575 2292 defensu
582 2272 638 2295 rus,
655 2264 795 2298 ipsejusto
809 2263 855 2290 Dei

64 2312 166 2346 judicio
186 2312 212 2338 in
229 2311 405 2338 maledictum
422 2315 503 2344 atque
522 2310 680 2337 servitutem
695 2317 756 2336 eum
773 2309 858 2336 dona-

67 2359 114 2386 vit.
129 2357 190 2385 Non
204 2358 280 2384 enim
292 2361 352 2384 erat
369 2357 465 2392 dignus
491 2362 521 2383 ut
532 2357 618 2391 patris
633 2355 757 2382 libertate
773 2360 855 2389 atque

67 2404 212 2432 nobilitate
227 2402 399 2437 fungeretur,
410 2409 493 2436 quem
509 2406 539 2428 ut
562 2400 707 2435 ignobilem
726 2400 809 2434 impie
822 2401 855 2426 ad

66 2449 232 2476 derisionem
243 2447 381 2482 perduxit.
390 2447 565 2481 Nequaquam
575 2446 731 2481 ergojuvat,
739 2454 755 2473 ο
765 2446 857 2479 amici,

64 2500 172 2529 patrum
191 2493 300 2528 justitia
319 2494 440 2526 injustos
459 2498 540 2527 atque
552 2493 650 2528 impios
667 2493 755 2521 ﬁlios:
770 2497 799 2520 et
814 2493 856 2519 iti-

65 2541 100 2569 hil
115 2541 194 2569 obest
207 2541 262 2575 piis
277 2545 362 2574 atque
373 2539 477 2566 sanctis
493 2539 555 2566 ﬁliis
567 2543 708 2574 parentum
725 2539 857 2573 injustitia

65 2592 146 2622 atque
158 2587 302 2622 impietas.
321 2586 386 2613 Sive
401 2582 474 2613 enim
499 2591 600 2620 patres,
618 2587 677 2613 sive
698 2586 769 2613 inter
788 2585 857 2612 ﬁlios

66 2633 123 2667 quis
138 2633 239 2660 fecerit
251 2637 407 2667 peccatum.
426 2631 471 2658 hic
485 2639 581 2659 servus
608 2637 651 2659 est
673 2631 777 2666 peccati
794 2639 801 2657 :
829 2634 856 2658 et

66 2686 124 2705 cum
139 2686 239 2706 servus
256 2679 294 2706 sit
308 2677 443 2712 peccati,
460 2677 528 2704 liber
545 2677 588 2704 vel
613 2676 684 2704 bene
700 2681 779 2703 natus
795 2682 857 2703 esse

67 2731 116 2750 non
132 2724 343 2758 comprobatur.
364 2722 429 2750 Item
448 2722 575 2749 similiter
591 2723 636 2757 qui
653 2722 723 2749 liber
738 2726 858 2756 est-pee-

67 2774 136 2802 cato,
150 2770 197 2798 hic
214 2770 302 2797 habet
330 2769 473 2803 ingenuam
489 2774 571 2803 atque
592 2769 700 2804 dignam
716 2769 813 2796 animat
825 2767 858 2795 li-

100 2852 121 2867 “
136 2851 206 2878 Psal.
225 2856 328 2882 cxvut,
344 2847 390 2874 (i5.

903 245 1001 272 raciter
1017 253 1165 279 generosus
1180 249 1362 278 nuncupatur,
1375 245 1437 279 quia
1448 245 1598 272 libertatem
1615 245 1687 272 illam

901 299 961 324 qum
979 291 1013 318 ab
1027 291 1104 318 initio
1122 291 1284 317 naturaliter
1294 296 1335 317 est
1349 298 1490 322 concessa,
1509 295 1621 325 peccato
1634 298 1688 318 non

901 335 1019 367 vitiavit,
1038 342 1126 369 neque
1152 335 1252 362 delicto
1268 335 1423 362 maculavit.
1439 335 1512 362 Talis
1541 343 1606 371 ergo
1628 341 1689 363 erat

901 383 997 410 beatus
1015 380 1076 413 Job,
1093 381 1160 408 foris
1176 382 1210 408 ab
1223 382 1296 408 omni
1325 383 1439 409 crimine
1469 381 1561 414 justus
1573 401 1581 414 ,
1606 389 1688 409 verax

902 429 949 456 Dei
966 427 1065 461 cultor,
1079 426 1222 454 abstinens
1234 435 1263 454 se
1276 427 1310 454 ab
1325 428 1399 454 enini
1413 435 1441 454 re
1450 427 1532 454 mala.
1545 427 1615 462 Ergo
1626 428 1688 461 quia

902 474 966 501 talis
982 477 1042 500 erat
1056 481 1148 500 coram
1168 472 1233 504 Deo,
1256 473 1353 499 merito
1378 473 1458 507 digne
1478 473 1578 500 dicitur
1593 473 1625 500 de
1641 481 1689 508 ge-

902 528 966 548 nere
980 527 1040 548 esse
1056 520 1170 555 optimo.
1184 519 1251 546 Nam
1268 520 1330 554 quis
1355 526 1419 546 vere
1436 519 1506 546 bene
1520 520 1573 546 erit
1588 524 1668 546 natus
1680 538 1687 550 ,

903 567 954 594 nisi
971 566 993 593 is
1010 566 1055 601 qui
1067 566 1186 592 divinam
1203 565 1372 592 nativitatem
1397 570 1479 599 atque
1503 565 1688 591 conditionem

902 612 1037 646 integram
1052 610 1275 638 conservaverit?
1292 609 1367 636 Sicut
1385 609 1555 636 admirabilis
1567 609 1613 636 ille
1626 608 1687 641 Job,
1715 618 1719 624 ·

903 657 947 692 qui
963 657 1043 692 digne
1055 664 1086 684 ac
1103 656 1176 690 juste
1191 657 1260 683 bene
1276 660 1356 682 natus
1372 655 1536 690 appellatur,
1558 663 1610 682 non
1625 656 1688 690 quia

902 711 935 730 ex
959 703 1031 730 Esau
1054 701 1230 737 generatione
1245 701 1394 728 carnaliter
1413 700 1495 727 fuerit
1516 707 1595 727 orsus
1609 719 1617 732 ,
1642 701 1689 727 sed

903 750 967 785 quia
981 749 1117 776 Abraham
1132 756 1181 782 per
1193 747 1247 774 Deo
1263 747 1390 774 dilectam
1407 746 1484 773 ﬁdem
1500 750 1542 773 est
1557 746 1689 777 imitatus,

903 800 931 822 et
943 795 1007 829 quia
1025 794 1099 821 Isaac
1113 794 1139 820 in
1154 793 1299 820 verissima
1317 793 1445 820 castitate
1459 797 1500 819 est
1514 796 1632 819 sectatus
1642 811 1650 824 ,
1663 795 1691 819 et

903 841 986 868 lsrael
997 841 1024 866 in
1039 840 1183 874 perspicua
1197 838 1287 865 cordis
1302 837 1419 872 puritate
1441 837 1666 872 appropinquavit
1679 857 1688 869 ,

903 891 930 914 et
939 885 1140 913 Melchisedech
1152 885 1179 911 in
1195 883 1310 910 ﬁliorum
1330 884 1526 916 immolatione,
1548 888 1575 910 et
1586 882 1690 917 Ioseph

904 932 930 959 in
949 931 1083 962 castitate,
1099 935 1126 957 et
1147 929 1230 965 Moysi
1246 930 1271 956 in
1294 929 1512 960 mansuetudine,
1528 933 1556 955 et
1570 928 1691 955 Santueli

905 977 932 1004 in
944 977 1095 1011 justitia.et
1104 977 1208 1003 Lazaro
1220 975 1246 1002 in
1258 975 1500 1010 passionejudicii.
1512 978 1594 1009 atque
1604 973 1691 1001 omni-

903 1022 955 1049 bus
965 1022 1067 1049 sanctis
1081 1022 1106 1048 in
1123 1021 1254 1048 omnibus
1270 1021 1431 1052 virtutibus,
1445 1020 1483 1047 ita
1504 1025 1533 1047 ut
1548 1019 1635 1054 possit
1648 1019 1691 1047 di-

904 1076 965 1096 cere
975 1068 1058 1095 etiam
1077 1068 1135 1102 ipse
1151 1075 1214 1095 cum
1231 1071 1327 1094 sancto
1354 1067 1438 1094 David
1456 1075 1462 1093 :
1484 1066 1617 1101 Particepa
1643 1073 1690 1100 ego

904 1123 961 1141 mm
975 1115 1091 1140 omnium
1102 1114 1249 1140 timentium
1261 1118 1295 1144 te.
1310 1118 1332 1139 et
1347 1113 1550 1139 custodientium
1565 1112 1690 1139 mandata

905 1165 950 1186 tua
964 1159 997 1186 ⁸⁵.
1027 1160 1098 1194 Ergo
1115 1159 1179 1193 quia
1201 1160 1324 1186 omnium
1355 1163 1513 1186 sanctorum
1537 1157 1691 1184 sanctitatis

905 1205 1041 1240 particeps
1056 1205 1170 1233 effectus
1185 1211 1227 1233 est
1241 1205 1338 1233 beatus
1359 1204 1426 1236 Job,
1446 1203 1548 1231 idcirco
1560 1203 1642 1238 digne
1656 1210 1690 1230 ex

905 1259 1004 1287 genere
1025 1252 1130 1286 optimo
1147 1251 1232 1279 fuisse
1257 1252 1345 1279 dictus
1360 1256 1412 1282 est,
1435 1254 1529 1284 utpote
1556 1250 1637 1278 totius
1649 1249 1690 1283 ju-

906 1297 988 1324 stitiaa
1012 1298 1181 1325 nobilitatem
1206 1298 1232 1325 in
1251 1305 1281 1325 se
1295 1302 1423 1331 gestans,
1450 1300 1544 1331 utpote
1568 1297 1691 1323 omnium

906 1345 1059 1372 amicorum
1077 1342 1184 1370 Domini
1200 1343 1351 1370 libertatem
1367 1342 1395 1369 in
1412 1349 1441 1370 se
1455 1342 1608 1369 continens.
1632 1339 1691 1367 Non

906 1391 1034 1418 dicuntur
1049 1391 1136 1417 Amon
1149 1389 1192 1416 vel
1206 1390 1326 1417 Absaton
1337 1389 1406 1416 bene
1425 1389 1479 1416 nati
1496 1397 1504 1415 :
1522 1391 1692 1423 negaverunt

907 1438 992 1470 enim,
1005 1442 1033 1464 et
1048 1437 1235 1465 discessrrunt
1250 1443 1329 1471 atque
1341 1435 1497 1463 ceciderunt
1518 1442 1533 1461 a
1549 1433 1692 1461 sanctitate

907 1490 934 1511 et
947 1484 1078 1519 dignitate
1095 1483 1178 1510 David
1198 1483 1282 1518 patris
1301 1483 1362 1510 sui:
1384 1486 1411 1509 et
1427 1481 1472 1508 alii
1498 1480 1638 1507 innumeri
1653 1480 1691 1507 si-

907 1530 1008 1557 militer
1020 1534 1050 1556 ut
1074 1530 1092 1556 ii
1115 1529 1195 1564 primi
1210 1535 1236 1556 et
1253 1528 1403 1561 novissimi,
1426 1527 1471 1562 qui
1488 1534 1595 1554 omnem
1609 1526 1692 1561 justi-

909 1575 952 1603 tiae
968 1575 1120 1602 libertatem
1136 1576 1293 1602 amittentes
1309 1580 1337 1601 et
1352 1575 1422 1602 servi
1447 1573 1536 1600 effecti
1561 1572 1665 1607 peccati
1682 1591 1690 1602 .

907 1621 1000 1649 aeterni
1017 1622 1141 1656 supplicii
1158 1621 1230 1656 apud
1244 1620 1347 1648 inferos
1361 1620 1574 1654 comprobantur
1585 1617 1691 1645 famuli.

907 1667 962 1694 Nos
975 1675 1039 1694 vero
1059 1667 1156 1701 dignos
1167 1673 1260 1693 omnes
1274 1665 1372 1692 habeat
1384 1669 1493 1692 sanctos
1504 1664 1625 1691 omnium
1640 1663 1692 1690 Do-

907 1713 1008 1744 minus,
1025 1717 1055 1739 ut
1075 1712 1144 1739 bene
1161 1712 1216 1738 nati
1238 1712 1265 1738 in
1282 1715 1377 1738 sancta
1405 1708 1614 1743 regeneratione
1628 1715 1692 1742 per-

908 1765 1077 1786 severemus.
1093 1757 1230 1784 Concedat
1248 1755 1423 1782 nihilominus
1438 1754 1495 1788 ipse
1511 1753 1589 1781 nobis
1611 1753 1692 1780 caele-

907 1806 956 1832 stis
973 1805 1114 1835 Dominus,
1136 1808 1164 1829 ut
1187 1803 1216 1829 in
1233 1801 1430 1836 incorruptibili
1446 1800 1628 1835 generositate
1640 1798 1692 1826 illi-

906 1851 969 1877 bata
989 1856 1219 1884 permaneamus,
1245 1855 1299 1875 non
1326 1847 1417 1874 carnis
1439 1850 1542 1873 tantum
1567 1845 1692 1872 libertate

906 1897 1066 1931 gloriantes,
1084 1895 1130 1921 sed
1148 1895 1245 1920 anima:
1261 1893 1397 1925 castitate,
1425 1892 1478 1919 ﬁde
1500 1896 1583 1925 atque
1600 1890 1691 1917 omnia

906 1951 996 1970 coram
1016 1942 1069 1968 Deo
1080 1945 1107 1968 et
1120 1942 1222 1969 sanctis
1249 1939 1352 1974 angelis
1376 1938 1434 1972 ejus
1451 1939 1689 1965 demonstrantes:

906 1993 945 2021 ut,
957 1987 1031 2014 liberi
1044 1988 1076 2014 ab
1087 1986 1213 2014 omnibus
1226 1985 1343 2020 peccatis
1355 1989 1382 2010 et
1395 1983 1511 2015 delictis,
1526 1982 1552 2008 in
1561 1987 1691 2009 aeternam

906 2036 1018 2072 gloriam
1046 2042 1077 2061 ac
1099 2041 1210 2068 regnum
1237 2032 1356 2059 C(BICSliS
1386 2029 1475 2057 Patris
1492 2028 1577 2056 nostri
1601 2028 1690 2062 regis,

906 2090 967 2110 cunt
986 2081 1089 2108 sanctis
1101 2080 1160 2106 sine
1179 2077 1338 2105 diﬂicultate
1354 2076 1531 2106 introeamus,
1547 2073 1634 2101 sancti
1648 2079 1692 2100 at-

905 2136 958 2164 que
971 2126 1121 2154 intaminati
1139 2124 1186 2151 ﬁlii
1205 2123 1276 2158 ejus,
1297 2126 1501 2157 perseverantes
1511 2120 1538 2146 in
1551 2118 1692 2153 praeceptis

905 2173 964 2208 ejus
980 2180 1067 2207 usque
1091 2171 1117 2197 in
1139 2171 1230 2201 ﬁnem,
1247 2174 1274 2196 et
1286 2168 1438 2195 libertatem
1454 2166 1488 2193 ab
1502 2172 1533 2192 eo
1546 2164 1624 2191 nobis
1644 2164 1692 2191 do-

909 2225 998 2247 natam
1014 2224 1095 2253 atque
1111 2217 1282 2244 nobilitatem
1302 2213 1505 2242 immaculatam
1519 2211 1619 2246 jugitcr
1640 2218 1690 2237 cu-

907 2266 1065 2293 stodientes.
1088 2263 1132 2291 Sic
1155 2263 1247 2296 itaque
1262 2261 1389 2288 omnibus
1408 2258 1495 2285 modis
1517 2257 1586 2284 bene
1612 2259 1691 2282 natus

907 2311 1003 2338 beatus
1019 2308 1068 2336 Job
1085 2315 1146 2335 esse
1160 2306 1339 2341 dignoscitur.
1352 2303 1427 2331 Beati
1448 2309 1542 2330 omnes
1556 2300 1602 2336 qui
1616 2300 1691 2326 iiilllll

907 2355 1011 2382 fuerint
1028 2353 1136 2380 imitati.
1156 2351 1230 2378 Beati
1257 2357 1352 2377 omnes
1370 2349 1413 2383 qui
1427 2347 1486 2381 ejus
1502 2347 1591 2373 divina
1608 2345 1692 2372 vestio

908 2402 950 2435 gia
966 2399 1068 2427 fuerint
1083 2398 1180 2426 secuti.
1194 2396 1313 2423 Hi'enim
1330 2401 1424 2421 omnes
1436 2392 1515 2419 simul
1528 2397 1557 2418 ut
1568 2391 1613 2418 ille
1630 2390 1690 2425 glo-
1715 2424 1716 2427 η

908 2448 948 2474 ria
964 2445 1033 2480 apud
1048 2445 1131 2472 Deum
1146 2443 1217 2477 digiti
1236 2441 1416 2468 habebuntur.
1437 2438 1489 2465 Sed
1507 2437 1595 2464 adhuc
1615 2435 1668 2462 fuit
1682 2454 1691 2468 ,

908 2492 1007 2526 inquit,
1023 2491 1068 2518 hic
1080 2491 1162 2517 homo
1176 2489 1209 2515 de
1223 2494 1323 2521 genere
1336 2485 1448 2520 optimo.
1465 2484 1497 2510 Et
1524 2491 1577 2509 non
1603 2481 1691 2509 solum

908 2538 1022 2573 optimo,
1035 2536 1083 2563 sed
1099 2543 1131 2561 ex
1150 2533 1274 2569 partibus
1299 2530 1427 2559 Orientis.
1457 2528 1533 2556 Unde
1556 2527 1635 2562 igitur
1650 2531 1692 2553 est

907 2571 1051 2610 delectatio
1064 2579 1192 2607 luminis?
1203 2578 1280 2605 Unde
1291 2577 1374 2604 etiam
1387 2574 1454 2601 radii
1465 2571 1692 2607 pulchritudinis?

910 2629 986 2656 Unde
1000 2632 1076 2655 ortus
1100 2623 1242 2652 sanitatis?
1270 2622 1308 2649 Ex
1330 2621 1452 2656 partibus
1471 2618 1600 2645 Orientis.
1616 2617 1693 2644 Unde

909 2680 951 2703 est
967 2673 1107 2701 hominum
1133 2669 1260 2697 initium?
1277 2667 1354 2695 Unde
1377 2666 1486 2693 fuerunt
1502 2663 1594 2691 mundi
1618 2662 1692 2696 prio-

911 2719 976 2747 res?
1003 2718 1051 2746 Ubi
1072 2722 1114 2745 est
1139 2715 1282 2751 paradisus
1307 2710 1507 2747 jucunditatia?
1532 2708 1666 2735 Ptantavit
1683 2727 1691 2739 ,

912 2765 1010 2801 inquit,
1028 2763 1180 2800 paradisum
1197 2759 1335 2794 voluptatis
1349 2759 1376 2785 in
1391 2757 1580 2803 fidemcautra
1603 2755 1691 2781 orien-
