1904 3076
54 119 102 147 595

619 124 811 152 ΛΝΟΝΥΜΕΞ
831 125 861 151 ΙΝ
882 123 950 151 1011.
973 141 1005 145 -
1026 125 1088 152 LIB.
1110 126 1129 152 I.

1634 131 1686 159 ΞΜ

56 186 161 206 sorores
180 186 245 206 snas
257 188 351 207 secum
371 182 565 215 convorahant,
577 188 605 209 ιιι
620 184 778 212 innocentes
791 193 849 212 scc-
867 185 885 212 Α
903 181 974 209 lalur
988 184 1060 210 enim
1076 189 1163 211 tecum
1183 184 1312 212 Dominus
1327 185 1397 213 Deus
1413 191 1474 214 tuus
1494 195 1542 222 per
1567 189 1686 224 inopem.

56 226 141 252 lcrum
154 233 249 252 coram
267 232 344 261 patre
366 235 415 254 suo
441 233 522 262 atque
545 229 671 257 omnibus
684 236 848 258 attestaren-

55 278 108 300 tur.
128 272 169 300 0b
198 274 248 300 hoc
274 281 339 309 ergo
358 276 546 303 convocabant
566 277 598 303 ad
623 285 652 304 se
668 283 724 306 tres
740 286 848 306 sorores

54 325 120 345 suas
135 323 163 344 ut
174 326 266 346 secum
283 320 479 347 manducarent
499 327 526 348 et
551 322 696 354 biberent,
722 328 749 349 ut
776 324 847 351 sicut

53 371 148 390 secum
166 365 361 392 manducarenl
390 371 416 392 et
443 366 586 400 bibercttl,
602 368 642 395 sic
657 373 683 395 et
707 369 846 396 collauda-

54 415 129 442 rent,
148 415 174 436 et
193 411 403 438 lionnrilicarcnt
421 420 513 440 secum
527 413 669 441 Dominum
687 415 845 446 ctelcstem,

52 455 93 482 sic
109 461 139 482 et
157 457 312 488 adorarent.
330 463 357 485 et
373 459 476 491 gratias
492 465 604 495 agerent
625 468 692 488 vero
707 460 844 493 Creatori,

52 502 93 528 sic
109 506 138 528 et
154 501 300 530 adorarent
316 508 342 530 et
358 504 572 537 deprecarentur
590 511 721 534 teternnm
741 515 844 542 regem.

52 546 94 574 01)
112 547 165 574 hoc
183 555 248 583 ergo
271 550 459 577 convocabant
473 559 564 579 secum
578 558 633 580 tres
647 560 756 580 sorores
770 561 844 587 suas,

52 600 81 620 ut
94 594 193 622 fierent
209 603 305 623 omnes
323 596 402 623 simul
416 597 530 625 ecclesia
549 605 716 631 sanctorum,
731 608 845 636 congre-

51 640 126 675 gatio
146 641 346 676 religiosorum,
368 650 519 671 conventus
537 645 792 679 imtnaculatorum,
818 653 845 674 et.

52 686 321 720 incoinqninatornm
338 693 420 723 atque
446 695 595 717 castorum.
610 692 657 718 Sic
673 692 765 726 itaque
780 701 845 720 con-

51 733 195 760 venientes
214 734 365 760 atliuvicein
387 736 540 769 potationes
559 737 694 766 faciebant
719 747 767 774 per
789 740 845 766 sin-

50 778 132 812 gulos
147 779 216 806 dies.
233 779 290 807 Non
305 787 353 814 per
374 781 496 816 singulos
512 783 569 810 dies
586 785 668 811 totius
690 785 751 812 vitae
765 793 822 812 suat
836 806 844 818 ,

51 823 100 850 sed
111 831 161 857 per
172 824 294 859 singulos
305 825 364 852 dies
376 826 543 861 scptitnanm.
558 827 665 863 Septem
675 837 735 856 cum
754 835 845 856 essent

50 869 113 902 filii,
133 876 239 905 septem
255 871 351 899 diebus
365 872 432 900 festa
453 874 638 902 celebrabant.
655 875 700 902 Sic
727 884 845 911 namque

49 921 78 943 et
94 916 138 943 lex
153 922 214 951 post
229 918 286 945 lucc
302 919 424 953 prmcipit
440 925 543 955 septem
568 922 664 950 diebus
678 930 771 958 agere,
788 925 844 951 sive

49 962 173 995 paschm,
190 963 248 989 sive
259 963 501 998 hebdomadarum,
514 967 574 994 sive
585 969 763 1003 sccnopegim.
782 969 845 997 llaec

50 1008 148 1043 itaque
163 1009 277 1043 implere
290 1009 470 1046 anticipantes
488 1012 534 1039 lilii
550 1012 611 1044 Job,
630 1015 672 1040 vel
689 1014 771 1042 etiam
787 1016 845 1050 ipse

50 1053 102 1081 Job
114 1055 161 1089 qui
177 1063 225 1083 eos
240 1056 343 1089 docuit,
358 1058 512 1091 potationes
537 1058 673 1087 faciebant
702 1068 751 1095 per
779 1062 845 1089 istos

50 1106 157 1135 septem
173 1101 232 1128 dics
246 1121 253 1134 ,
283 1103 467 1138 unusquisque
491 1110 583 1130 eorum
601 1106 670 1139 apud
697 1113 726 1132 se
743 1106 845 1134 habens

51 1153 104 1172 una
131 1146 178 1173 die
202 1155 298 1174 omnes
329 1147 427 1175 fratres
443 1156 522 1181 suos,
539 1153 565 1176 et
583 1157 693 1177 sorOres
708 1170 715 1182 ,
741 1151 845 1185 primus

50 1191 184 1225 primum,
201 1194 338 1221 secundus
351 1195 514 1228 secundum,
530 1201 557 1223 et
578 1196 616 1223 ita
646 1203 846 1232 conseqttenter

51 1244 101 1271 per
119 1238 244 1265 ordinem
262 1247 357 1266 omnes
374 1247 459 1274 usque
475 1241 508 1267 ad
524 1243 784 1271 consummationem
797 1244 845 1271 ho-

52 1291 113 1309 rum
125 1289 230 1318 septem
249 1284 367 1313 dicrtttn.
379 1285 431 1314 Per
446 1287 513 1314 istos
525 1294 590 1322 ergo
604 1289 724 1324 singulos
740 1294 843 1324 septem

52 1330 111 1357 dies
131 1331 289 1365 potationes
304 1331 452 1364 faciebant,
469 1333 494 1360 id
507 1338 548 1360 est
563 1334 635 1361 diem
653 1334 762 1369 festum,
780 1343 845 1364 con-

51 1376 172 1408 vivium,
195 1378 315 1411 epulum,
341 1379 550 1413 iucunditatem.
578 1381 632 1409 Sed
650 1383 744 1416 procul
764 1382 845 1410 dubio

51 1423 125 1456 quod
141 1430 196 1450 non
210 1424 260 1450 sibi
279 1428 394 1458 tantum,
418 1433 505 1460 neque
519 1426 585 1454 solis
607 1427 747 1455 sororibus
766 1430 823 1455 suis
835 1449 843 1461 ,

50 1468 100 1495 sed
116 1472 144 1495 et
159 1469 249 1496 servis
263 1474 290 1496 et
306 1469 408 1503 liberis,
427 1476 454 1499 et
468 1472 642 1506 pauperibus,
658 1477 685 1500 et
698 1474 802 1508 egenis,
818 1478 845 1502 et

900 232 926 253 et
941 235 1088 263 pauperum
1102 237 1160 261 ora,
1176 231 1219 265 qui
1239 231 1277 258 ait
1291 241 1296 258 :
1316 231 1498 268 Quodcunque
1510 235 1624 268 feceritis
1639 237 1686 263 nni

899 273 931 299 dc
956 274 1073 300 minimis
1094 275 1153 301 istis
1181 276 1393 308 miserabilibus,
1408 277 1472 304 mihi
1493 279 1591 312 fecistis
1612 281 1685 307 “5-”.

934 319 998 346 Post
1014 320 1069 347 haac
1082 321 1205 348 universa
1225 322 1293 349 dicit
1308 331 1314 348 :
1329 322 1363 348 Et
1378 331 1436 350 cum
1449 324 1519 358 ﬁniti
1534 332 1618 353 essent
1631 327 1687 354 dies

897 366 1063 398 potationum
1079 367 1112 392 ⁸⁵.
1130 366 1256 395 Ostendit
1273 370 1413 397 evidenter
1439 371 1499 398 istic
1512 372 1582 406 quod
1607 380 1687 407 supe-

898 410 954 438 rius
968 411 1069 438 dictunt
1085 417 1127 439 est
1142 421 1234 440 verum
1248 413 1343 448 fuisse,
1356 415 1419 449 quia
1434 423 1486 442 non
1501 424 1608 451 semper
1620 425 1687 453 θυι)-

898 455 1034 489 labantur,
1050 457 1112 491 quia
1135 465 1186 485 non
1211 459 1332 492 quotidie
1349 460 1503 494 potationes
1529 461 1686 496 faciebant,

898 501 946 528 sed
972 503 1054 530 certis
1072 503 1178 537 diebus,
1207 503 1254 531 sed
1276 504 1335 532 istis
1349 506 1444 533 diebus
1471 507 1517 542 qui
1542 510 1686 536 memorati

897 553 962 574 sunt
978 555 1084 582 septem
1109 557 1223 577 lllllllel‘O
1245 552 1395 579 secundum
1414 560 1557 580 numerum
1582 560 1685 590 septem

897 592 1013 621 filiorum
1029 593 1091 627 Job,
1107 597 1256 623 Secundum
1274 597 1334 624 illos
1345 603 1449 632 septem
1464 599 1510 633 qui
1527 599 1553 626 in
1570 599 1628 635 lege
1645 609 1686 628 ce-

897 638 995 666 lebrati
1009 646 1082 668 sunt.
1098 642 1164 669 Cum
1179 651 1244 679 ergo
1259 644 1302 671 isti
1317 643 1470 677 finirentur,
1488 651 1549 680 post
1560 647 1610 674 hoc
1624 655 1685 675 ctnn

898 686 1026 713 transiret
1042 687 1213 722 solemnitas,
1226 698 1287 716 eum
1307 690 1453 718 finirentur
1470 692 1623 726 potationes
1640 701 1686 720 se-

896 733 1013 760 cundum
1033 733 1190 762 festivitatis
1203 737 1441 764 consuetudinem.
1459 737 1517 765 Non
1531 739 1603 765 enim
1620 747 1687 774 quo-

898 776 962 803 tidie
973 778 1128 811 potationes
1145 780 1281 806 faciebant
1299 781 1343 807 lilii
1367 782 1439 809 illius
1453 782 1523 809 beati
1542 784 1611 817 viri,
1640 793 1688 812 ne-

897 830 949 856 que
962 831 1069 858 semper
1095 825 1120 851 in
1139 826 1288 858 calicibus,
1303 831 1330 853 et
1346 827 1448 862 phialis
1463 829 1566 856 dabant
1592 831 1686 859 oculos

898 876 972 900 suos,
994 878 1047 896 non
1066 876 1144 898 erant
1167 872 1316 905 vinolenti,
1334 873 1405 900 sicut
1421 879 1485 902 sunt
1500 883 1572 902 nunc
1590 885 1687 911 quatu—

897 914 1017 949 plurimi,
1033 917 1078 943 seti
1092 918 1179 944 sancti
1191 924 1270 945 erant
1284 920 1448 946 sanctissimi
1471 921 1543 948 illius
1560 922 1605 949 lilii
1624 922 1683 951 Job.

897 961 964 988 Cum
978 969 1042 996 ergo
1055 963 1141 989 sancti
1159 964 1208 990 viri
1223 970 1329 998 essent,
1343 967 1431 994 sancti
1451 967 1477 994 in
1503 969 1686 995 solemnitati-

897 1005 948 1032 bus
966 1007 1034 1037 suis,
1052 1007 1085 1034 de
1103 1009 1229 1036 castitate
1248 1017 1280 1036 ac
1305 1012 1452 1038 sanctitate
1466 1031 1474 1043 ,
1496 1012 1528 1038 de
1553 1013 1685 1039 munditia

898 1059 1005 1086 quoque
1020 1060 1052 1079 ac
1067 1054 1196 1087 pudicitia
1210 1058 1236 1082 et
1251 1062 1344 1083 secum
1358 1057 1474 1084 invicetn
1488 1063 1515 1084 et
1532 1066 1592 1085 cunt
1610 1066 1686 1086 soro-

899 1098 973 1125 ribus
987 1099 1043 1126 suis
1061 1100 1202 1134 loquentes
1213 1121 1221 1133 ,
1244 1101 1321 1136 juxta
1337 1102 1394 1130 hac
1411 1111 1470 1138 qua:
1490 1105 1614 1139 superius
1628 1112 1685 1131 me-

898 1153 1001 1175 morata
1017 1154 1079 1175 sunt
1101 1149 1240 1177 universa.
1252 1149 1398 1185 Postquam
1411 1159 1476 1185 ergo
1489 1152 1529 1179 sic
1542 1151 1611 1179 finiti
1623 1156 1686 1179 sunt

898 1194 955 1221 dies
970 1195 1137 1228 potationum
1165 1195 1192 1222 in
1214 1197 1360 1230 castitate,
1381 1202 1409 1224 et
1438 1198 1463 1224 in
1481 1198 1580 1232 pietate
1604 1203 1686 1233 atque

898 1240 1038 1273 pudicitia,
1062 1245 1121 1275 post
1134 1241 1186 1268 hoc
1201 1243 1330 1269 nimirum
1340 1244 1404 1278 quid
1420 1242 1521 1270 factum
1538 1249 1580 1271 est
1594 1250 1686 1271 osten-

898 1287 936 1318 dit
953 1288 1046 1314 dicens
1063 1297 1069 1315 :
1088 1288 1210 1315 Mittebat
1223 1289 1272 1315 Job
1289 1294 1313 1316 et
1326 1290 1471 1316 mandabat
1495 1291 1556 1317 illos
1567 1291 1600 1321 “.
1624 1291 1686 1317 mit-

900 1333 972 1359 tebat
991 1333 1023 1359 ad
1036 1341 1083 1361 eos
1111 1334 1156 1368 qui
1176 1334 1306 1368 pietatem
1334 1336 1523 1368 admonerent,
1542 1336 1686 1377 qurjusti-

899 1378 962 1405 tiam
979 1379 1159 1412 instruerent,
1170 1380 1215 1414 qui
1230 1380 1275 1408 Dei
1293 1381 1416 1408 titnorem
1430 1382 1569 1415 docerent,
1585 1383 1631 1418 qui
1647 1388 1687 1411 te-

897 1423 1084 1451 stificarentur
1102 1425 1149 1452 Dei
1161 1425 1294 1458 judicium
1317 1427 1438 1455 terribile
1454 1427 1480 1454 in
1493 1436 1546 1463 quo
1561 1428 1683 1456 omnium

897 1474 924 1497 et
937 1471 1143 1498 manifestorum
1164 1479 1287 1506 operum,
1304 1477 1332 1499 et
1347 1473 1492 1500 verborqu
1509 1475 1578 1502 ratio
1594 1474 1684 1509 inqui-

52 1513 252 1548 indigentibus,
267 1520 294 1542 et
309 1523 360 1543 non
387 1516 552 1544 habentibus
566 1518 692 1545 onmibus
709 1517 844 1546 faciebant
860 1529 882 1559 ρ
900 1517 969 1543 ritur
985 1522 1068 1552 atque
1090 1517 1224 1551 redditur,
1242 1518 1268 1545 in
1296 1525 1351 1553 quo
1377 1519 1496 1547 vindicta
1513 1520 1686 1555 impatienter

50 1560 175 1594 epulum,
201 1561 331 1589 omnibus
357 1562 524 1590 exhibebant
539 1564 750 1598 jucunditatem,
766 1570 847 1599 atque

50 1605 223 1633 convivium.
239 1605 298 1634 Non
315 1609 386 1635 enim
404 1614 531 1643 poterant
557 1609 583 1636 in
605 1614 682 1644 parte
702 1618 769 1638 sane
783 1611 845 1638 imi-

52 1653 104 1679 tari
122 1652 223 1688 legent,
246 1655 271 1680 in
292 1660 370 1688 parte
386 1660 476 1683 autem
500 1663 566 1682 non.
590 1656 648 1683 Non
672 1661 800 1691 poterant
819 1657 846 1684 in

52 1699 105 1726 hoc
123 1699 226 1726 imitari
245 1699 332 1734 legem
348 1705 378 1728 ut
394 1706 498 1736 septem
518 1702 617 1730 diebus
635 1701 704 1730 festa
728 1703 847 1730 celebra-

51 1750 126 1778 rent,
144 1746 171 1773 in
191 1747 244 1774 hoc
254 1752 344 1774 autetu
359 1756 410 1776 non
428 1748 540 1782 imitari,
556 1754 584 1775 nt
599 1757 652 1777 non
668 1750 846 1785 epularentur

50 1799 114 1818 cum
131 1791 187 1818 illis
203 1792 286 1823 servi,
302 1797 385 1827 atque
410 1793 525 1827 ancillas,
541 1801 574 1821 ac
600 1795 688 1829 egeni.
713 1794 845 1831 Prtecepil

51 1844 172 1872 namque
189 1838 216 1864 in
232 1838 291 1873 lege
311 1843 339 1865 et.
358 1839 424 1866 dicit
440 1848 446 1865 :
466 1839 573 1874 Septem
591 1839 683 1866 diebus
703 1840 844 1867 celebrabis

50 1885 122 1910 diem
137 1884 235 1918 festum
254 1885 368 1913 Domino
381 1885 436 1912 Deo
448 1891 504 1920 tuo,
520 1891 545 1913 et
568 1887 713 1921 epulaberis
726 1892 753 1913 tu
770 1892 792 1914 el
810 1888 844 1921 [i-

49 1932 102 1959 lius
114 1936 188 1963 tuus,
205 1937 229 1958 et
244 1932 300 1965 ﬁlia
313 1937 370 1964 tua,
386 1938 409 1958 et
423 1941 513 1960 servus
533 1937 606 1965 tuus,
628 1938 652 1960 et
672 1933 768 1959 ancilla
787 1939 842 1964 tua.

50 1985 74 2005 et
91 1979 195 2005 advena
214 1979 261 2013 qui
286 1982 324 2005 est
346 1978 372 2005 in
389 1984 424 2010 te,
446 1984 470 2005 et
491 1987 587 2014 egena:
601 1980 686 2014 genti:
701 1985 763 2007 tute.
779 1980 843 2013 Qua:

51 2033 116 2059 ergo
128 2026 156 2052 in
170 2024 232 2059 lege
247 2029 307 2060 post
332 2025 389 2052 haec
401 2030 536 2060 praecepta
552 2030 627 2058 sunt,
643 2026 700 2052 haec
715 2026 842 2053 nimirum

51 2071 208 2104 anticipans
224 2069 287 2102 Job,
315 2076 343 2097 et
373 2071 431 2104 ipse
447 2070 580 2105 implevit,
596 2075 623 2097 et
649 2070 718 2096 lilius
732 2070 844 2105 implere

51 2115 159 2147 docuit,
177 2120 206 2142 et
233 2115 457 2150 hospitalitatem,
478 2120 505 2143 et
524 2115 738 2151 eleemosynam,
752 2120 780 2143 et
794 2117 843 2143 ιιιί-

50 2161 236 2189 sericordiam
261 2166 289 2188 et
313 2168 463 2196 pauperum
487 2165 515 2188 et
534 2161 694 2188 miserorum
714 2161 842 2188 beneficia

899 1563 1026 1590 omnibtts
1041 1564 1184 1591 animabus
1197 1564 1325 1597 infertur,
1341 1565 1368 1592 in
1384 1572 1438 1600 quo
1457 1567 1495 1592 ira
1527 1566 1552 1593 in
1576 1566 1685 1594 flamina

899 1608 970 1643 ignis
983 1609 1112 1636 onmibus
1125 1609 1216 1644 impiis
1228 1610 1374 1645 irrogatur.
1390 1610 1485 1639 Verbis
1504 1620 1567 1647 ergo
1583 1613 1685 1640 doctri-

899 1663 951 1687 nae,
965 1656 1113 1689 disciplina:
1132 1661 1212 1690 atque
1228 1657 1435 1691 admonitionis,
1449 1658 1598 1686 mundabat
1614 1660 1684 1692 illos,

898 1701 955 1727 sive
968 1708 1015 1734 per
1029 1708 1077 1728 eos
1089 1708 1157 1735 quos
1173 1702 1300 1729 mittebat
1313 1702 1346 1729 ad
1364 1702 1433 1735 illos,
1455 1703 1512 1730 sive
1524 1711 1571 1738 per
1584 1711 1685 1732 semet-

899 1745 986 1780 ipsum
1003 1747 1035 1772 ad
1061 1753 1090 1772 se
1103 1753 1257 1773 convocans
1272 1746 1345 1774 illos.
1363 1746 1416 1774 Sed
1432 1748 1571 1780 mittebat,
1587 1749 1684 1783 inquit,

898 1797 926 1819 et
936 1792 1150 1820 mundabateos.
1166 1792 1236 1826 Quid
1247 1794 1370 1820 mittebat
1385 1794 1427 1820 vel
1442 1795 1579 1828 quomodo
1593 1796 1685 1822 mitte-

897 1838 963 1865 bat?
977 1838 1017 1876 μ
1037 1839 1178 1866 Dominum
1195 1839 1329 1870 mittebat,
1343 1844 1370 1866 et
1386 1841 1419 1866 ad
1443 1839 1600 1868 Creatorem
1616 1841 1684 1869 diri-

897 1885 986 1919 gebat.
1001 1883 1069 1917 Quid
1085 1884 1226 1911 mittebat?
1237 1883 1381 1912 Orationes
1400 1892 1431 1913 ac
1450 1893 1544 1920 preces
1559 1894 1624 1915 suas
1635 1895 1683 1922 pro

896 1931 946 1963 eis,
958 1931 1156 1958 confessionem
1171 1938 1278 1965 quoque
1291 1937 1372 1966 atqtte
1387 1932 1536 1967 gratiarum
1549 1933 1684 1961 actionem

896 1984 945 2012 pro
961 1977 1023 2004 illis.
1039 1976 1101 2003 llaec
1119 1976 1224 2004 scilicet
1249 1978 1373 2004 universa
1389 1979 1514 2005 mittebat
1528 1983 1554 2006 et
1570 1979 1683 2006 nmnda-

897 2024 1011 2051 bateos.
1028 2023 1176 2051 Mundabat
1195 2031 1242 2050 eos
1268 2024 1437 2051 orationibus
1456 2024 1523 2056 suis,
1537 2025 1685 2052 mundabat

896 2077 943 2096 eos
959 2070 1084 2104 precibus
1096 2076 1128 2096 ac
1139 2068 1377 2103 postulationibus,
1387 2069 1535 2096 mundabat
1551 2076 1600 2096 eos
1614 2070 1685 2096 sicut

896 2115 1002 2150 Moyses
1014 2115 1083 2143 filios
1098 2115 1178 2142 Israel
1194 2123 1243 2150 pro
1255 2116 1308 2142 illis
1317 2116 1344 2142 in
1355 2115 1464 2143 deserto
1476 2116 1590 2147 orando,
1606 2124 1684 2143 mun-

896 2162 978 2189 dabat
994 2170 1041 2189 eos
1053 2162 1122 2189 sicut
1142 2162 1253 2189 Samuel
1276 2162 1416 2189 universos
1442 2161 1510 2189 filios
1526 2161 1607 2188 lsrael
1631 2162 1683 2188 ad-

51 2212 133 2243 atque
149 2207 365 2239 consolationes,
381 2215 440 2241 quae
451 2212 515 2234 sunt
530 2207 584 2234 Deo
609 2207 687 2234 valde
714 2212 842 2242 at-ccpta-
860 2199 882 2226 D
897 2215 992 2235 versus
1006 2208 1156 2244 allophylos
1166 2215 1329 2245 pugnantes,
1341 2208 1514 2236 orationibus
1529 2209 1586 2236 suis
1599 2208 1684 2236 Deum

51 2254 119 2281 biles
133 2261 199 2280 cum
215 2252 269 2280 fide
281 2257 441 2287 perpetratae
460 2257 542 2287 atque
556 2252 691 2287 perfectte.
709 2253 746 2280 Ita
760 2254 840 2281 debe-

51 2307 110 2327 mus
120 2300 206 2327 etiam
225 2306 286 2332 nos,
301 2306 318 2326 ο
333 2299 425 2332 amici,
441 2299 468 2325 in
484 2299 580 2326 diebus
595 2299 673 2326 festis
687 2300 787 2327 nostris
799 2305 842 2327 at-

49 2354 103 2383 que
114 2345 338 2382 jucunditatibus
359 2353 412 2373 non
437 2346 525 2373 solum
543 2346 594 2374 hoc
613 2347 759 2381 respicere,
776 2354 835 2381 quo

50 2393 130 2421 modo
146 2400 200 2420 nos
213 2391 264 2420 soli
278 2391 420 2427 epulemur
431 2396 513 2426 atque
526 2392 718 2426 jucundemus,
726 2393 774 2420 sed
791 2393 842 2419 hoc

49 2439 203 2475 pmsertim
222 2438 352 2465 debemus
366 2437 505 2464 intendere
514 2442 542 2464 ut
553 2437 840 2472 epulenturnobiscum

49 2491 76 2513 ct
91 2486 236 2514 celebrent
262 2484 332 2511 diem
349 2483 449 2512 festum
465 2488 586 2512 nostrum
602 2484 672 2511 servi
701 2483 788 2510 nostri
814 2488 842 2510 et

50 2531 163 2563 ancillae,
173 2534 203 2558 et
218 2529 333 2557 clientes
348 2529 444 2562 nostri,
456 2533 484 2556 et
496 2529 587 2564 egeni,
599 2534 626 2555 et
637 2536 770 2563 pauperes
783 2528 841 2554 uni-

50 2579 131 2611 versi,
149 2583 178 2605 et
192 2576 366 2605 celebremus
383 2575 455 2602 diem
473 2575 570 2602 festum
595 2575 708 2601 Domino
724 2574 777 2601 Deo
794 2581 843 2600 no-

50 2629 114 2654 stro.
132 2624 163 2652 Si
181 2623 257 2651 enim
275 2621 475 2650 celebraverint
492 2627 579 2649 tecum
594 2621 665 2648 diem
690 2620 799 2652 festum,
816 2625 844 2647 et

50 2672 175 2705 epulatus
195 2675 289 2697 tecum
310 2667 394 2695 fuerit
409 2675 505 2694 servus
525 2671 597 2698 tuus,
613 2673 640 2694 et
658 2667 757 2694 ancilla
785 2671 842 2699 tua,

49 2722 72 2745 et
81 2722 234 2753 pauperes,
251 2719 279 2742 et
290 2713 382 2749 egeni,
395 2718 476 2747 atque
490 2713 594 2748 inopes,
611 2721 661 2748 pro
671 2719 748 2741 certo
761 2713 841 2743 scito.

49 2766 116 2799 quod
137 2763 259 2792 Domino
279 2761 335 2788 Deo
354 2765 401 2788 tuo
416 2759 487 2787 diem
504 2760 602 2788 festum
619 2760 752 2788 celebras.
771 2760 842 2794 Epu-

79 2846 145 2867 "-”
161 2844 263 2872 Matth.
283 2850 349 2873 xxv,
365 2842 409 2868 40.
448 2842 470 2858 ⁵⁸
481 2841 531 2868 Job
548 2849 555 2867 l
572 2862 578 2875 ,
667 2841 690 2857 ⁵⁸
705 2841 769 2870 ibid.

212 2895 354 2924 ΡΑτιιοι..
378 2893 437 2922 (in.
460 2888 562 2922 XVII.

897 2254 950 2281 illis
962 2253 1097 2289 placando
1108 2259 1188 2289 atque
1204 2255 1351 2282 exorando.
1363 2254 1409 2282 Sic
1424 2261 1491 2290 ergo
1501 2261 1528 2282 et
1538 2255 1582 2281 hic
1595 2254 1683 2288 justus

890 2298 946 2326 .Job
962 2298 1025 2326 ol'nn
1043 2299 1113 2327 filios
1127 2307 1191 2327 suos
1207 2300 1364 2327 mandabat.
1387 2299 1464 2332 Quod
1480 2305 1569 2326 autem
1581 2290 1684 2339 oratio-

897 2345 977 2372 nibus
1004 2349 1086 2379 atque
1112 2345 1346 2373 satisfactionibus
1364 2352 1412 2373 eos
1435 2346 1617 2378 mundaverit,
1635 2354 1683 2380 per

895 2397 926 2416 ea
937 2397 996 2424 qua:
1013 2394 1164 2424 sequuntur
1173 2390 1293 2418 ostendit
1302 2390 1396 2417 dicens
1408 2398 1415 2416 ε
1431 2389 1550 2425 Snrgens
1562 2398 1638 2417 mane
1646 2390 1680 2416 ⁸⁷.

895 2434 957 2463 Mox
970 2436 1003 2462 ad
1019 2435 1103 2462 Deum
1122 2437 1261 2468 currebat,
1277 2443 1338 2462 mox
1354 2435 1388 2462 ad
1410 2435 1491 2462 Deum
1506 2435 1680 2470 procedebat,

896 2490 944 2514 pro
961 2490 989 2509 se
1003 2488 1030 2509 et
1047 2482 1109 2509 liliis
1122 2483 1179 2510 suis
1195 2483 1278 2510 Deum
1290 2489 1407 2510 exorans
1421 2486 1504 2516 atque
1519 2482 1680 2516 deprecans.

897 2536 978 2555 orans
992 2536 1098 2564 quoque
1116 2533 1197 2564 atque
1209 2529 1348 2563 postulans
1361 2528 1511 2556 terribilem
1523 2528 1571 2555 Dei
1584 2527 1680 2555 faciem

897 2579 924 2602 et
939 2575 989 2601 sibi
1007 2579 1034 2602 et
1053 2575 1106 2602 illis
1130 2575 1311 2610 repropitiare
1338 2575 1489 2602 festinans:
1515 2580 1565 2601 nec
1580 2581 1633 2601 non
1655 2579 1683 2601 et

897 2621 1008 2652 docens,
1025 2625 1053 2648 et
1066 2621 1216 2648 admonens
1232 2625 1313 2655 atque
1341 2620 1456 2648 formam
1471 2619 1629 2650 ostendens,
1655 2624 1683 2646 et

897 2671 961 2694 tunc
976 2667 1038 2694 liliis
1051 2667 1118 2699 suis,
1136 2670 1163 2694 et
1176 2675 1247 2694 nunc
1258 2667 1385 2694 omnibus
1397 2666 1475 2694 nobis
1487 2666 1512 2693 iu
1524 2669 1686 2700 perpetuum

896 2716 926 2739 ut
941 2712 1083 2740 confestim
1099 2713 1218 2740 diluculo
1235 2720 1266 2740 ex
1284 2713 1371 2740 noctis
1389 2713 1484 2748 requie
1494 2715 1682 2745 exsurgentes,

896 2763 961 2787 ante
974 2767 1053 2787 omne
1071 2766 1139 2795 opus
1154 2759 1195 2787 vel
1209 2759 1332 2793 verbum,
1344 2764 1408 2786 ante
1423 2766 1503 2787 omne
1517 2757 1682 2793 colloquium

1189 2821 1204 2833 ἱ

807 2841 828 2856 ⁵⁷
841 2841 904 2869 ibid.

1487 2886 1525 2916 13
