1904 3076
66 139 119 166 597

642 151 834 182 ANONYMUS
853 154 886 182 IN
904 156 973 185 JOB.
995 173 1025 177 —
1047 158 1110 187 LIB.
1131 160 1151 189 I.

1656 173 1709 202 398

70 217 233 246 creverunt,
257 215 305 249 qui
330 215 356 244 in
382 216 427 246 Dei
457 220 556 249 timore
579 225 722 253 exercitati
741 232 817 260 sunt,
835 235 869 254 ne
884 230 905 258 Α
922 229 1030 256 teritum
1050 232 1174 265 tradunt,
1191 238 1219 260 et
1232 236 1397 272 semetipsos
1418 238 1445 265 in
1471 238 1590 270 furorem
1612 242 1709 277 judicii

73 257 144 277 σηιιιο
159 259 206 277 lilii
223 262 278 277 mn:
299 264 395 277 ι...ιι.....
410 266 478 277 -.τηεμ
495 275 517 277 ,ν
530 276 535 277 ,
620 271 626 277 .
698 272 704 277 .
727 273 732 277 .
769 273 775 277 .
808 274 814 277 _
927 276 933 277 κ

73 257 145 285 forte
159 259 206 286 tilii
223 262 279 289 mei
298 264 396 297 quibus
410 266 479 295 vivis
492 275 542 303 ego
557 271 662 304 gaudeo
681 272 704 299 si
725 273 776 308 ipsi
790 274 866 302 vixe-

73 303 127 330 rint
146 303 211 338 Deo,
229 307 330 341 quibus
344 310 412 338 vivis
428 319 478 347 ego
492 315 612 348 gratulor
626 316 649 344 si
665 318 713 352 ipsi
730 303 764 346 ad
781 319 863 347 Deum

71 349 251 386 intenderint,
261 354 283 380 si
302 355 351 390 ipsi
366 356 421 384 Deo
436 359 595 394 servierint,
608 362 630 389 si
642 362 692 397 ipsi
708 365 864 394 aCreatore

69 402 126 422 non
152 399 330 432 recesserint,
347 409 382 428 ne
399 402 470 431 forte
491 404 538 433 filii
554 408 605 435 mei
618 408 645 435 in
662 411 744 438 corde
757 419 816 444 suo,
835 414 862 440 in

69 446 172 474 mente,
198 444 225 470 in
242 446 345 479 animo,
364 448 390 475 itt
411 456 505 484 sensu,
530 452 556 479 in
573 455 740 489 cogitatione
759 457 861 493 aliquid

67 487 254 521 cogitaverim
266 496 360 520 contra
375 493 473 523 Deum.
489 497 529 524 Ac
546 499 568 526 si
594 487 717 529 diceret:
736 501 774 529 Ne
790 504 861 532 forte

66 532 158 568 aliqua
174 535 246 563 mala
263 538 392 572 cogitatio
407 540 434 567 in
453 549 500 569 cor
512 551 606 571 eorum
624 548 790 582 ascenderit,
800 558 859 585 qum

66 585 80 603 a
94 578 151 606 Deo
173 580 253 616 longe
268 583 347 617 facit,
362 592 422 619 quae
435 594 450 613 a
466 590 611 618 sanctitate
635 595 774 626 pervertit,
797 605 858 631 quae

64 632 78 650 a
94 626 227 655 castitate
244 635 363 664 separat,
378 640 438 668 quae
451 642 466 661 a
480 636 585 670 pietate
603 638 749 668 abstrahit.
768 626 824 676 Dic,
841 652 857 672 ο

63 671 143 700 beate
158 672 223 706 Job,
241 678 380 710 quomodo
396 681 572 714 permitteres
587 688 616 711 ut
631 686 733 721 aliquid
751 671 856 717 mali'fi-
879 726 882 728 η

63 713 105 728 lii.
132 716 186 728 ρης-
213 718 237 728 :.,
264 727 292 728 κη
314 721 320 728 .
333 721 339 727 ι

881 729 1060 765 ‘ignorantia
1093 739 1257 770 perpetratis
1294 741 1402 770 delictis
1431 743 1551 772 filiorum
1584 754 1698 777 suorum

63 713 106 741 liis
132 716 187 744 tuis
213 718 239 744 in
264 721 355 749 verbis
380 713 461 758 atque
489 727 617 761 operibus
639 731 855 763 evidentioribus

60 762 214 797 excideret,
228 767 273 800 qui
289 774 338 802 pro
352 770 469 798 occultis
493 778 520 800 et
539 773 650 810 abditis,
671 783 719 805 aut
740 782 854 808 omnino

60 807 176 836 forsitan
206 819 259 839 non
280 815 485 850 exsistentilms,
514 820 550 846 ita
575 821 689 850 nimium
720 825 853 855 sollicitus

59 852 146 881 fueris
165 859 251 890 atque
274 866 366 886 curam
383 864 521 896 gesseris:
539 866 584 900 qui
611 868 745 898 sollicitus
770 877 852 907 atque

57 904 185 927 metuens
199 901 291 929 dixisti
308 905 366 932 :Ne
381 906 449 940 forte
461 908 511 942 ﬁlii
527 912 576 938 mei
591 912 618 939 in
630 915 708 941 corde
719 924 767 942 suo
785 901 850 944 πίαίὶ

55 942 160 978 aliquid
175 947 346 980 cogitaverim
364 952 490 980 adversus
510 954 606 989 Deum,
621 966 654 985 ne
669 959 739 987 forte
753 961 787 989 de
799 962 851 990 im-

55 990 189 1023 pudicitia
211 995 402 1032 cogitaverint,
425 1006 460 1026 ne
472 999 542 1028 forte
557 1003 592 1030 ad
613 1004 779 1039 impietatem
803 1008 852 1036 de-

54 1037 233 1073 clinaverint,
249 1049 284 1069 ne
298 1042 368 1072 forte
389 1050 448 1079 post
467 1053 579 1081 peccata
593 1037 794 1088 oberraverint,
815 1062 849 1082 ne

53 1081 126 1109 forte
145 1084 241 1113 illicita
257 1088 378 1116 tneditati
396 1089 506 1123 fuerint,
525 1101 559 1120 ne
580 1094 651 1122 forte
668 1097 767 1132 injusta
781 1081 849 1127 con-

51 1131 203 1165 cupierint,
221 1141 255 1161 ne
269 1135 339 1164 forte
353 1137 445 1173 aliqua
462 1141 540 1169 radix
557 1145 749 1174 amaritudinis
764 1153 847 1183 atque

52 1175 124 1204 fellis
140 1184 240 1206 exorta
265 1181 290 1208 in
311 1183 410 1211 animis
425 1193 520 1214 eorutn
542 1188 608 1223 ipsis
624 1193 773 1221 nocuerit?
784 1194 847 1224 llaec

49 1222 159 1251 scilicet
176 1229 261 1260 atque
276 1228 318 1254 his
332 1229 432 1258 similia
450 1222 565 1267 plurima
581 1235 652 1263 intra
668 1240 844 1275 semetipsum

50 1273 177 1298 tractans
200 1273 299 1301 beatus
323 1275 374 1303 Job
398 1278 487 1306 dixit:
511 1278 553 1307 Ne
574 1282 642 1316 forte
666 1283 719 1317 ﬁlii
744 1273 794 1312 mei
816 1287 845 1313 in

47 1316 127 1343 corde
139 1325 189 1345 suo
206 1321 272 1346 muli
284 1323 387 1357 aliquid
404 1326 579 1359 cogitaverim
599 1329 725 1358 adversus
746 1332 842 1361 Deum.

48 1360 87 1388 Ne
102 1362 187 1397 forte,
209 1365 306 1400 inquit,
324 1370 531 1407 conlriugantur
551 1376 618 1402 rami
639 1377 703 1410 mei,
718 1386 752 1406 ne
772 1379 843 1407 forte

46 1408 206 1437 avellantur
220 1415 384 1449 propagines
399 1425 476 1451 mem,
491 1427 525 1447 ne
538 1420 607 1449 forte
616 1408 723 1451 excidat
737 1425 841 1454 fructus

46 1461 137 1488 meus,
165 1464 248 1491 quem
267 1467 317 1494 ego
338 1462 363 1489 in
387 1463 494 1498 justitia
517 1467 608 1500 genui,
633 1477 712 1503 quem
736 1471 761 1498 in
789 1472 842 1500 fide

45 1502 164 1535 produxi
179 1512 188 1531 :
211 1504 254 1531 Ne
268 1506 337 1541 forte
352 1509 404 1542 ﬁlii
423 1512 473 1537 mei
489 1512 516 1539 in
536 1515 618 1541 corde
641 1502 690 1542 suo
708 1518 771 1544 mali
787 1519 839 1552 ali:

43 1547 109 1580 quid
126 1550 301 1585 cogitaverim
316 1554 442 1583 adversus
455 1557 549 1585 Deum.
585 1559 624 1587 Ne
642 1561 713 1589 forte
741 1550 839 1591 oblivi;

43 1599 160 1622 scantur
174 1595 271 1631 Deum,
288 1603 317 1626 et
334 1602 493 1630 recedentes
516 1611 532 1631 a
551 1606 649 1635 timore
660 1608 729 1643 ejus,
755 1615 837 1646 atque

43 1641 269 1677 uterelinquentes
279 1645 338 1679 ejus
355 1647 499 1683 beneﬁcia,
515 1651 606 1679 dicant
623 1653 648 1681 in
666 1657 750 1684 corde
768 1666 834 1686 suo:

41 1686 101 1714 Non
126 1693 169 1715 est
191 1690 271 1723 Deus,
299 1701 353 1720 non
370 1696 540 1731 estjustitia,
565 1707 619 1727 non
637 1707 678 1729 est
691 1702 835 1738 judiciutn,

41 1740 94 1760 non
111 1740 156 1762 est
172 1739 349 1772 resurrectio,
366 1749 454 1777 neque
470 1743 623 1780 inquisitio,
639 1755 728 1783 neque
752 1752 834 1779 retri-

39 1779 128 1808 butio.
146 1780 246 1810 Omnia
267 1792 384 1821 namque
402 1788 460 1816 haec
481 1790 551 1818 mala
565 1798 641 1826 sunt,
658 1799 686 1822 et
701 1796 754 1824 Deo
767 1805 833 1825 con-

40 1828 136 1861 traria,
151 1835 179 1857 et
192 1837 207 1857 a
221 1831 277 1859 Deo
293 1833 439 1870 longinqua
455 1842 482 1864 et
496 1838 551 1866 Deo
565 1840 676 1869 odibilia
698 1852 704 1870 :
722 1849 750 1870 et
772 1852 833 1873 om-

39 1874 81 1902 nis
96 1875 182 1904 homo
198 1879 244 1912 qui
263 1880 321 1908 haec
337 1882 507 1918 cogitaverit,
529 1885 572 1913 vel
595 1888 771 1924 disposuerit,
791 1891 833 1919 vel

39 1919 146 1954 fecerit,
168 1924 212 1950 vel
233 1929 418 1961 proposuerit,
443 1930 572 1959 inimicus
596 1938 640 1960 est
664 1935 722 1968 Dei,
750 1941 832 1972 atque

38 1966 160 1995 odibilis.
183 1968 228 1996 Sic
247 1971 338 2005 itaque
361 1974 518 2003 omnimodo
538 1978 687 2006 sanissime
710 1982 832 2016 cogitans

38 2020 87 2046 pro
101 2015 248 2044 animabus
270 2017 385 2046 ﬁliorum
401 2028 513 2049 suorum
527 2021 577 2051 Job
590 2024 680 2052 dixit:
703 2015 831 2062 Nerforle

38 2059 87 2092 ﬁlii
101 2061 154 2087 πιεί
169 2062 198 2088 in
211 2064 290 2090 corde
309 2073 359 2092 suo
375 2066 440 2093 mali
455 2067 560 2103 aliquid
581 2059 767 2105 cogitat-crint
781 2073 831 2100 ad-

38 2113 126 2134 unus
143 2106 240 2136 Deum.
257 2109 307 2143 Qui
327 2112 399 2139 enim
417 2113 488 2140 mala
498 2115 682 2149 cogitaverim
696 2117 829 2147 adversus

39 2151 131 2186 Deum,
147 2154 206 2181 cito
224 2156 371 2190 intereunt,
391 2164 418 2185 et
436 2159 464 2187 in
487 2167 620 2195 perpetuo
643 2165 829 2192 condemnan-

38 2202 88 2231 tur,
107 2200 330 2235 intercipiuntur,
347 2204 541 2239 impediuntur,
555 2211 638 2242 atque
653 2208 678 2235 in
693 2209 827 2243 profundo

36 2244 133 2272 inferni
155 2246 182 2273 in
203 2252 335 2276 aeternum
351 2253 525 2284 torquentur.
549 2251 603 2280 Sed
628 2253 753 2288 plerique
777 2255 825 2282 ho-
841 2264 864 2292 ι)

36 2291 140 2319 minum
160 2293 218 2320 haec
240 2302 293 2321 non
321 2296 545 2330 retniniscuntur,
560 2299 606 2332 qui
629 2299 699 2327 ﬁlios
713 2308 776 2328 suos
791 2302 826 2329 ab

35 2337 150 2365 infantia
173 2340 370 2374 exterminant,
388 2342 433 2376 qui
450 2342 519 2370 ﬁlios
537 2351 602 2371 suos
625 2348 652 2371 et
673 2345 744 2373 ﬁlias
760 2353 825 2375 suas

34 2386 67 2411 ab
89 2385 263 2413 incunabulis
285 2394 338 2414 non
355 2389 491 2420 erudiunt,
510 2397 563 2417 non
587 2391 824 2426 corripiuntaju-

34 2435 154 2462 ventute,
169 2438 222 2458 non
239 2433 386 2465 prohibent
405 2435 487 2467 mala,
507 2443 559 2463 non
580 2437 678 2464 odittltl
693 2439 822 2482 pessima,

33 2485 83 2503 non
97 2484 229 2505 coercent
246 2479 353 2512 illicita,
379 2489 433 2508 non
454 2482 602 2510 admonent
622 2484 747 2511 timorem
764 2479 822 2518 Dei,

34 2530 84 2548 non
116 2523 321 2552 coanminantur
351 2525 484 2560 judicium
512 2528 655 2563 gehennae,
682 2538 736 2557 non
760 2532 824 2559 vitae

33 2572 141 2594 eterna
167 2569 310 2596 introitum
328 2570 435 2598 docent.
463 2572 521 2600 Non
548 2574 618 2600 enim
634 2575 751 2602 educant
773 2584 823 2605 nos

33 2613 58 2639 in
88 2613 233 2648 disciplina
261 2620 345 2650 atque
370 2617 526 2645 eruditione
551 2619 669 2652 Domini,
696 2622 742 2656 qui
768 2629 821 2650 non

33 2665 143 2693 egerunt
163 2668 259 2688 curam
274 2669 324 2695 pro
339 2663 483 2691 animabus
501 2672 606 2697 eorum,
632 2673 720 2701 neque
746 2668 820 2696 solli-

33 2705 75 2732 citi
101 2713 166 2734 sunt
191 2715 241 2742 pro
256 2707 356 2741 salute,
376 2708 419 2736 vel
434 2710 588 2744 perditione
613 2711 741 2739 ﬁliorum.
761 2713 818 2741 Hu-

32 2750 144 2784 iusmodi
159 2760 222 2780 cum
237 2760 291 2781 non
306 2754 443 2788 erudiunt,
462 2762 550 2791 neque
571 2758 725 2793 corripiunt
748 2759 819 2788 filios

32 2803 100 2831 suos,
117 2803 146 2827 et
159 2799 285 2834 ipsorum
295 2800 403 2829 animas
419 2801 474 2837 igni
494 2802 709 2839 inexstinguibili
727 2805 754 2832 in
777 2805 818 2832 in-

917 276 1088 311 demergunt.
1114 278 1210 307 Omnia
1232 281 1304 309 enim
1330 290 1390 318 qua:
1412 284 1578 321 deliquerint
1601 276 1649 322 filii
1676 292 1709 320 de

915 321 1074 355 parentibus
1089 324 1276 359 requiruntur,
1300 329 1346 362 qui
1364 336 1417 356 non
1433 331 1592 367 erudierint,
1621 344 1709 372 neque

914 367 1096 401 corripuerint
1111 369 1182 398 filios
1205 379 1278 399 suos.
1306 372 1393 408 Hujus
1416 378 1529 406 evidens
1550 382 1705 417 exemplum

913 411 940 438 in
958 411 1016 439 lleli
1042 416 1198 443 ostenditur
1209 423 1237 444 et
1257 419 1283 445 in
1306 419 1370 447 ﬁliis
1394 422 1463 457 ejus,
1482 430 1565 460 atque
1590 427 1617 454 in
1632 411 1705 458 .aliis

912 457 988 485 alibi.
1013 459 1074 487 llaec
1096 463 1185 489 sciens
1202 464 1338 498 gloriosus
1358 467 1404 494 Dci
1431 468 1548 499 famulus
1569 472 1630 505 Job,
1648 484 1703 504 non

912 502 999 529 solum
1016 512 1030 531 a
1057 506 1210 535 manifestis
1239 511 1358 543 peccatis
1381 512 1512 542 observat
1534 517 1603 545 ﬁlios
1626 527 1703 554 suos,

911 548 958 574 sed
974 553 1000 575 et
1015 551 1048 577 ab
1064 553 1241 586 occultis,‘ne
1256 556 1319 582 mali
1335 556 1437 592 aliquid
1452 560 1478 588 in
1494 563 1575 590 corde
1591 571 1640 592 suo
1655 574 1703 593 co-

909 593 1035 626 gitarent.
1054 598 1160 626 Primus
1176 599 1271 628 beatus
1297 602 1342 629 ille
1370 607 1519 635 ostendens
1538 609 1618 638 factis
1636 615 1700 646 hoc,

909 641 980 675 quod
1000 648 1061 676 post
1077 643 1127 671 hoc
1143 646 1246 673 dictum
1260 652 1302 675 es:
1317 649 1408 677 verbis
1422 660 1429 678 :
1446 652 1486 679 Ab
1509 656 1621 683 occultis
1635 659 1701 687 meis

908 686 1006 712 munda
1021 695 1062 714 me
1078 688 1119 715 “:
1138 697 1187 724 pro
1209 693 1327 721 occultis
1352 695 1541 732 nihilominus,
1568 705 1650 736 atque
1672 703 1700 732 in

906 776 1023 806 sollicite
1038 782 1187 810 mandabat
1201 791 1257 816 eos,
1277 791 1305 813 et
1329 796 1384 815 non
1412 795 1519 818 tantum
1533 800 1583 827 pro
1598 801 1699 830 perpe-

905 823 984 851 tratis
1010 830 1094 860 atque
1116 829 1210 861 certis,
1225 837 1358 865 quantum
1384 843 1433 869 pro
1458 838 1571 867 incertis
1591 845 1619 868 et
1643 849 1697 869 non

904 871 1109 901 exsistentibus.
1120 874 1177 903 Hoc
1193 877 1322 905 nimirum
1334 879 1452 909 faciebat
1469 883 1516 912 ille
1532 884 1628 914 beatus
1641 888 1694 915 vir.

865 909 890 939 Β
904 915 962 943 Non
975 919 1057 946 semei
1075 925 1122 947 aut
1136 923 1266 956 secundo,
1283 933 1370 960 neque
1391 935 1445 955 uno
1468 936 1540 957 anno
1554 936 1600 958 aut
1626 932 1695 960 duo-

903 963 963 997 bus,
987 967 1034 993 sed
1051 968 1091 994 sic
1111 969 1224 1002 faciebat
1238 971 1289 998 Job
1306 974 1428 1001 omnibus
1451 975 1544 1003 diebus
1567 979 1627 1005 vilia
1650 987 1695 1007 eo-

903 1017 961 1036 rum
977 1010 1022 1038 “‘.
1044 1011 1101 1039 Non
1121 1014 1290 1049 quiescebat,
1313 1025 1366 1045 non
1383 1019 1508 1048 ﬁduciam
1524 1024 1693 1058 resumebat,

901 1063 955 1083 non
973 1057 1184 1094 obdorntitabat,
1210 1070 1300 1097 neque
1321 1065 1545 1102 obliviscebatur,
1560 1078 1614 1097 non
1633 1076 1693 1100 erat

900 1103 1058 1138 negligens,
1081 1115 1134 1134 non
1156 1114 1215 1137 erat
1244 1110 1417 1146 fastidiosus,
1443 1116 1490 1143 sed
1516 1117 1554 1145 ita
1573 1118 1692 1148 faciebat

899 1150 1004 1177 cunctis
1022 1151 1117 1180 diebus
1132 1155 1194 1182 vita:
1210 1163 1316 1190 eorum,
1333 1166 1397 1188 ante
1411 1163 1549 1196 apostolos
1569 1172 1602 1192 ea
1627 1174 1690 1202 qua

898 1196 1083 1228 apostolorum
1100 1205 1164 1227 sunt
1181 1201 1345 1237 adimplcns,
1362 1205 1434 1233 sicut
1456 1208 1522 1235 dicit
1542 1218 1550 1236 :
1568 1209 1621 1242 Qui
1635 1196 1690 1239 ἐω-

896 1240 934 1269 pit
953 1241 981 1267 in
1002 1244 1074 1269 vobis
1098 1252 1163 1279 opus
1189 1247 1296 1282 bonum,
1321 1251 1439 1284 perficiet
1464 1261 1547 1289 usque
1571 1257 1599 1283 in
1619 1258 1688 1284 diem

896 1286 998 1314 Christi
1018 1289 1062 1316 "z
1086 1296 1112 1317 ct
1131 1298 1193 1320 ante
1217 1294 1364 1323 adventum
1386 1298 1505 1332 Domini,
1521 1308 1686 1338 prreceptum

895 1331 1001 1360 Domini
1029 1335 1182 1371 adimplens
1198 1339 1314 1368 dicentis
1336 1351 1343 1369 :
1369 1343 1421 1376 Qui
1440 1331 1590 1375 tolera-verit
1604 1331 1686 1384 usque

894 1376 923 1403 in
939 1378 1018 1411 ﬁnem
1036 1380 1079 1407 hic
1091 1382 1181 1410 salvat
1194 1385 1244 1412 erit
1262 1386 1294 1413 ".
1316 1386 1362 1416 Sic
1383 1389 1477 1425 itaque
1492 1391 1612 1422 faciebat

893 1425 1021 1453 omnibus
1043 1427 1138 1456 diebus
1162 1430 1225 1458 vita:
1241 1439 1346 1465 eorum,
1373 1442 1501 1470 magnum
1526 1439 1683 1469 thesaurqu

894 1475 924 1495 se
940 1471 1055 1499 credens
1071 1473 1171 1502 habere
1185 1475 1212 1502 in
1234 1484 1319 1512 regno
1330 1479 1475 1514 cmlorum,
1493 1487 1522 1510 ut
1537 1484 1684 1515 inviolatos

892 1519 975 1549 atque
990 1516 1179 1548 itnmaculatos
1203 1521 1274 1550 filios
1296 1532 1361 1553 suos
1377 1527 1530 1562 exhiberet,
1545 1536 1573 1558 et
1585 1533 1618 1558 ad
1638 1540 1683 1560 re-

891 1568 973 1595 gnum
991 1563 1120 1595 cwlorum
1135 1573 1183 1594 eos
1199 1569 1329 1598 mitteret.
1346 1572 1402 1605 Sic,
1421 1573 1546 1609 inquam,
1563 1577 1682 1607 faciebat

891 1607 941 1635 Job
958 1609 1086 1639 omnibus
1103 1612 1200 1642 diebus
1213 1615 1274 1643 vitae
1290 1624 1396 1645 eorum.
1412 1607 1465 1647 Sicf
1474 1622 1595 1650 faciebat
1608 1624 1682 1652 sicut

890 1655 959 1682 alter
974 1658 1051 1690 prior
1069 1658 1114 1685 illo
1129 1667 1181 1687 non
1198 1660 1273 1696 fecit,
1293 1664 1364 1692 sicut
1380 1665 1452 1694 alter
1476 1668 1522 1696 illo
1541 1671 1681 1705 antiquior

889 1707 942 1727 non
966 1703 1060 1736 gessit.
1076 1704 1190 1739 Magnus
1213 1713 1272 1735 erat
1294 1710 1431 1738 A-braltam
1451 1713 1479 1740 in
1493 1715 1555 1747 ﬁde,
1567 1703 1615 1742 sed
1630 1724 1679 1744 ex-

889 1744 962 1772 cellit
979 1746 1056 1774 illum
1071 1747 1122 1777 Job
1143 1750 1170 1776 in
1187 1751 1340 1781 tolerantia.
1356 1755 1469 1791 Magnus
1483 1744 1636 1789 eratdacob
1649 1762 1677 1790 in

888 1791 980 1819 cordis
1005 1795 1152 1828 munditia,
1175 1797 1222 1824 sed
1249 1806 1301 1825 non
1325 1799 1377 1827 fuit
1400 1802 1448 1830 illo
1466 1805 1555 1833 minor
1575 1807 1626 1834 Job
1647 1808 1675 1836 in

886 1838 1085 1868 misericordia.
1104 1842 1244 1871 Adversus
1266 1852 1381 1875 cxcteros
1405 1856 1499 1878 omnes
1523 1853 1628 1887 priores
1648 1860 1676 1883 et

885 1884 1060 1917 navissimos,
1095 1894 1150 1914 non
1179 1889 1324 1917 succubuit
1346 1891 1372 1919 in
1397 1895 1530 1923 virtutum
1562 1899 1672 1929 studiis.

884 1929 952 1956 Cum
969 1931 1090 1958 omnium
1100 1934 1248 1963 virtutibus
1264 1939 1492 1974 communicaret,
1507 1948 1535 1970 et
1551 1946 1673 1974 omnium

883 1973 975 2007 ﬁdem,
1008 1981 1036 2003 et
1071 1979 1201 2012 pietatem
1228 1987 1311 2017 atque
1339 1973 1489 2018 justitiatnr
1506 1988 1672 2025 imitaretur,

884 2022 1054 2049 transcendit
1069 2029 1195 2058 cunctos,
1210 2032 1291 2062 atque
1315 2031 1445 2064 praecellit
1466 2033 1608 2063 tolerantia
1625 2044 1673 2064 ve-

883 2067 1050 2098 hementium
1073 2072 1209 2108 dolorum.
1226 2075 1323 2103 Merito
1344 2077 1426 2113 digne
1446 2079 1546 2108 dicitur
1564 2083 1597 2110 de
1611 2085 1671 2113 solo

881 2112 932 2141 Job
946 2123 953 2141 :
970 2116 1034 2150 quia
1051 2116 1086 2144 ita
1099 2117 1219 2147 faciebat
1233 2121 1307 2148 sicut
1324 2112 1384 2150 non,
1393 2123 1459 2152 fecit
1471 2126 1550 2156 alter.
1570 2129 1666 2158 Omnia

880 2161 951 2187 enitn
978 2170 1038 2196 qua:
1058 2164 1182 2192 fecerunt
1207 2169 1295 2195 sancti
1323 2169 1389 2196 fecit
1410 2171 1493 2199 etiam
1514 2173 1575 2203 Job.
1591 2176 1668 2210 Quod

880 2211 971 2234 autem
984 2210 1113 2238 sustinuit
1125 2211 1176 2240 Job
1189 2221 1249 2241 cum
1267 2217 1418 2250 gratiarum
1435 2221 1602 2255 actionibus,
1616 2224 1667 2251 hoc

880 2252 1056 2283 nihilominus
1082 2257 1173 2285 nullus
1200 2259 1271 2286 alius
1299 2263 1439 2293 sustinuit.
1456 2266 1588 2295 Omnibus
1602 2277 1667 2304 ergo

880 2299 970 2326 modis
991 2302 1126 2330 veraciter
1149 2304 1260 2339 dicitur,
1285 2308 1324 2334 sic
1345 2308 1460 2343 faciebat
1484 2312 1534 2340 Job
1563 2318 1666 2345 cunctis

879 2343 972 2371 diebus
991 2346 1050 2372 vim
1062 2354 1165 2375 eorum.
1182 2349 1228 2377 Sic
1243 2350 1373 2386 faciebat,
1388 2357 1465 2389 quasi
1477 2357 1579 2391 justus,
1594 2343 1663 2394 pius,

879 2390 956 2424 quasi
981 2391 1036 2419 Deo
1060 2392 1194 2427 dilectus,
1222 2397 1300 2430 quasi
1318 2400 1444 2429 credens.
1476 2403 1523 2432 Sic
1547 2390 1666 2435 faciebat

877 2436 946 2462 sicut
963 2435 1017 2464 Deo
1031 2438 1167 2472 placebat,
1198 2442 1268 2470 sicut
1284 2444 1407 2474 Creatori
1436 2448 1542 2478 libitum
1564 2452 1663 2488 fuerat,

875 2483 945 2509 sicut
966 2492 1013 2511 rex
1031 2491 1142 2514 sanctus
1158 2487 1277 2518 volebat.

911 2528 963 2556 Sed
986 2538 1048 2558 cum
1068 2533 1105 2559 ita
1130 2533 1234 2563 faceret
1259 2536 1321 2570 Job,
1349 2545 1431 2574 atque
1455 2540 1514 2569 hrec
1533 2545 1662 2574 universa

873 2573 944 2602 boria
960 2577 1114 2611 perliceret,
1132 2588 1185 2608 non
1203 2583 1334 2611 sustinuit
1356 2573 1504 2620 malignus,
1521 2597 1575 2616 non
1592 2591 1660 2618 tole-

873 2621 945 2648 ravit
961 2624 1152 2660 nequissimus,
1178 2629 1226 2656 sed
1251 2630 1344 2658 zelans
1369 2632 1534 2667 malignatus
1557 2641 1610 2669 est,
1632 2643 1660 2666 et

875 2666 998 2696 invidens
1009 2677 1158 2700 succensus
1181 2678 1233 2701 est.
1260 2675 1343 2710 Quid,
1370 2677 1469 2712 inquit,
1485 2679 1523 2706 illi
1548 2680 1658 2714 faciam,

874 2715 1010 2747 quomodo
1024 2718 1166 2752 aggrediar
1177 2719 1188 2746 ?
1196 2720 1337 2754 Quomodo
1345 2723 1557 2753 circumveniam
1566 2727 1578 2754 ?
1586 2727 1659 2760 Quo-

873 2765 954 2789 modo
980 2765 1150 2798 supplantem
1167 2767 1178 2794 ?
1204 2768 1345 2802 Quomodo
1369 2773 1534 2805 praevaricer
1551 2774 1564 2801 ‘i
1583 2775 1659 2808 Quo-

872 2808 954 2835 modo
968 2815 983 2836 a
993 2809 1102 2844 justitia
1122 2813 1277 2842 abducam?
1303 2816 1451 2845 Praesentia
1467 2826 1519 2846 non
1538 2825 1657 2857 reputat,

61 2865 83 2882 “
96 2865 170 2896 Psal.
189 2875 270 2901 xvm,
297 2867 343 2896 15.
381 2867 414 2884 ⁶⁴⁸
429 2868 478 2897 Job
497 2877 516 2903 l,
534 2870 561 2898 5.
601 2871 623 2887 ⁸⁵
640 2871 756 2908 Philipp.
776 2881 795 2908 t,
811 2873 825 2902 6

884 2875 898 2891 "
912 2875 1007 2905 Matth.
1026 2886 1053 2913 x,
1071 2879 1116 2908 22.
