1904 3076
213 139 267 168 Z99

781 137 971 165 ANONYMUS
990 136 1024 164 IN
1045 136 1116 164 JOB.
1137 151 1171 157 —
1184 135 1254 163 LIB.
1276 136 1296 162 l.

1799 137 1849 163 M30

214 197 335 224 visibilis
351 203 402 224 non
420 194 546 229 requirit,
565 194 612 222 sed
625 193 714 221 futura
732 199 837 229 sperat,
858 193 1005 222 invisibilia
1021 195 1040 224 A
1059 197 1182 220 tumaees
1196 193 1331 227 patienter
1346 193 1517 225 sustinendo,
1532 194 1728 228 spernentibus
1745 203 1775 222 se
1796 196 1849 223 cle-

214 247 366 278 exspectat,
393 242 484 268 divina
510 238 648 268 desiderat
679 245 761 275 atque
786 239 1005 274 incorruptibilia

216 289 340 323 requirit.
369 287 494 320 Undique
523 285 629 320 justitia
657 285 768 312 indultus
800 290 853 325 cst,
884 285 1007 317 undique

215 335 361 363 sanctitate
373 339 413 360 est
431 332 556 364 vestitus,
575 331 602 358 in
622 331 737 358 veritate
755 332 895 363 fundatus,
915 331 941 358 iu
954 331 1006 358 ﬁde

215 386 257 409 est
272 380 461 408 conﬁrmatus.
486 378 549 405 llaec.
577 379 707 406 nimirum
724 379 849 413 cogitans
871 377 1007 412 ncquissi-

215 435 275 454 mus
297 427 414 458 daemon,
432 425 490 451 haec.
507 426 578 460 apud
603 426 781 460 semetipsum
807 424 944 451 meditans
961 423 1005 451 ille

215 475 260 509 qui
277 475 312 501 ab
329 473 407 500 initio
422 473 553 499 adversus
569 476 678 500 sanctos
694 472 795 500 bellum
812 472 896 507 gessit
913 471 1007 498 diabo-

215 522 267 554 lus,
285 519 374 547 dixit:
399 519 578 546 Considetavi
605 519 668 554 quid
696 518 806 550 faciam,
828 518 861 544 ad
887 517 1005 552 priorem

215 568 289 594 illam
316 574 405 593 meam
432 565 582 599 nequitiam
602 564 771 599 confugiam,
796 563 938 597 principali
960 562 1004 589 illa

216 614 314 640 fraude
336 618 408 644 utar,
426 612 564 638 accusabo
577 611 648 646 apud
672 610 756 637 Deum
777 608 839 640 Job,
857 609 927 636 sicut
941 608 1005 635 olim

216 660 300 686 Deum
317 658 388 694 apud
403 657 500 690 Adam,
519 657 661 683 .lctraliam
678 656 728 683 Job
742 656 812 691 apud
823 656 920 685 Deum,
935 655 1006 681 sicut

216 716 229 732 a
249 705 400 741 primordio
417 705 500 732 Adam
517 704 610 740 (habet
626 703 707 730 etiam
721 702 771 730 Job
788 703 945 737 paradisum
966 702 1007 729 di—

215 752 356 784 vitiarum,
383 751 453 778 sicut
479 756 507 778 et
526 750 589 777 olim
614 749 724 784 Adam),
738 757 771 776 eo
788 749 859 784 quod
883 749 1006 777 invidens

217 799 264 826 tibi
281 798 362 829 Deus,
383 805 415 824 uc
427 797 554 824 elliciaris
569 797 640 824 sicut
657 796 729 823 Deus
747 803 799 822 non
819 795 943 830 permisit
955 803 1005 829 gu-

215 849 290 871 stare
308 849 334 870 te
355 843 387 869 de
401 842 473 877 ligno
488 842 611 869 scicntia:
634 850 640 868 :
659 841 748 868 dicam
770 848 842 867 nunc
856 840 889 877 ad
908 841 1005 873 Deum,

215 891 277 924 quia
295 897 347 917 non
377 893 489 923 propter
515 887 704 919 dilectionem,
722 887 768 914 sed
788 892 899 922 propter
922 894 1006 921 pecu-

215 936 288 962 niam
313 936 404 962 calere
435 934 542 961 videtur
559 939 584 960 te
601 932 662 960 Job.
678 933 730 960 Sed
747 941 807 960 cum
826 933 886 960 [nec
900 933 1004 967 cogita-

214 987 257 1008 ret
273 981 457 1015 nequissunus
480 985 563 1015 atque
580 981 637 1007 inec
660 988 753 1007 secum
778 980 949 1015 loqueretur,
963 981 1005 1014 [a-

215 1036 285 1058 ctum
307 1038 357 1060 eu,
382 1030 482 1064 inquit,
505 1029 581 1065 quasi
597 1029 643 1056 illa
662 1030 718 1056 dies
734 1030 768 1055 ⁵⁷.
782 1029 847 1062 Qua)
864 1029 922 1056 dies
938 1029 1006 1057 illa?

217 1076 278 1103 Dies
291 1083 352 1109 quae
366 1074 467 1101 diaboli
482 1075 631 1108 nequitiam
652 1074 800 1110 redarguit,
825 1082 887 1108 qua:
901 1074 950 1101 Dei
962 1074 1006 1109 ju-

215 1124 318 1151 stitiam
333 1121 530 1154 manilestavit,
553 1128 613 1155 qure
638 1121 687 1148 Jul)
713 1121 885 1148 tolerantiam
902 1123 1006 1156 patel‘e‘

215 1170 263 1201 cit.
283 1168 328 1195 Illa
347 1169 406 1195 dies
419 1175 478 1202 qua:
495 1167 539 1194 Dei
559 1166 807 1200 longzmimitzdcm,
835 1172 863 1194 et
885 1167 936 1194 Job
952 1167 1006 1193 ala-

216 1216 355 1245 critatem,
371 1218 396 1240 el
414 1212 512 1240 diaboli
523 1212 671 1246 nequitiam
689 1212 835 1247 publicavit
852 1222 858 1239 :
876 1213 1008 1247 quemad-

216 1262 327 1288 tuodum
344 1260 389 1287 ille
405 1259 463 1285 (bes
480 1259 676 1291 manilestabit,
703 1258 748 1293 qui
768 1259 794 1285 iu
824 1259 887 1293 igne
900 1259 1006 1286 revela-

218 1309 303 1338 bitur,
319 1315 359 1334 ste
374 1307 417 1334 ille
431 1306 489 1333 dies
506 1305 657 1340 publicavit
672 1313 779 1332 omnem
808 1305 1005 1340 ncquissimum

217 1353 318 1381 diaboli
331 1352 431 1384 zelum,
448 1356 529 1386 atque
542 1352 697 1378 universam
713 1350 825 1386 maligni
841 1350 952 1378 Satana:
965 1352 1007 1377 in-

217 1399 330 1428 vidiam.
360 1397 416 1424 lloc
440 1405 558 1431 namque
582 1397 773 1424 demonstrans
787 1397 875 1423 dicit:
892 1396 1006 1423 Factum

217 1449 257 1472 est
275 1443 352 1479 quasi
380 1444 431 1469 dies
444 1443 501 1474 illa,
518 1447 541 1469 et
555 1447 677 1469 venerunt
694 1447 720 1468 ιιι
732 1442 819 1477 angeli
836 1442 884 1469 Dei
907 1447 1006 1469 starent

219 1497 279 1519 ante
302 1491 384 1517 Deum
409 1489 442 1516 ⁸³.
468 1488 608 1516 Venerunt
623 1496 675 1516 non
690 1490 723 1516 de
737 1489 794 1516 loco
812 1489 838 1516 in
860 1489 949 1516 locum
963 1496 1008 1516 ce-

219 1539 325 1569 dentes,
343 1542 431 1570 neque
449 1535 547 1562 exinde
563 1534 703 1562 venientes
718 1535 763 1561 ubi
781 1534 850 1561 Deus
872 1542 925 1561 non
949 1534 1008 1561 fue-

219 1584 256 1610 rit
270 1589 398 1617 przeseus,
412 1581 457 1608 illo
473 1586 562 1608 autem
584 1580 736 1612 venientes,
756 1581 800 1608 ubi
826 1580 910 1607 Dcutn
930 1581 1007 1609 inve-

218 1632 320 1664 nirent,
340 1630 381 1658 vel
404 1629 537 1656 viderent.
560 1629 665 1656 Caelum
688 1629 771 1660 enim,
788 1633 815 1655 et
828 1633 942 1661 terram,
963 1636 1007 1656 su-

218 1685 309 1713 peros.
333 1682 361 1704 et
383 1677 497 1709 inferos,
524 1675 740 1710 corruptionem,
757 1676 1006 1710 incorruptionem,

219 1728 247 1751 et
266 1723 392 1750 universa
409 1721 466 1755 ejus
483 1721 566 1756 replet
584 1721 736 1753 beatitudo,
752 1722 878 1749 universa
893 1722 1009 1749 circurn-

218 1770 265 1797 dat
288 1769 387 1800 virtus,
413 1772 508 1795 Cuncta
533 1767 592 1801 ejus
619 1768 744 1794 continet
770 1768 927 1803 magnitudo
951 1776 957 1794 :
980 1772 1008 1795 et

219 1815 288 1842 nihil
305 1819 347 1842 est
364 1819 441 1841 extra
465 1821 538 1842 eum.
562 1813 705 1847 Quomodo
734 1821 799 1849 ergo
827 1819 962 1840 venerunt
982 1817 1010 1840 et

218 1863 290 1890 unde
307 1867 443 1890 venerunt
455 1867 519 1889 ante
536 1860 634 1888 faciem
650 1860 709 1892 Dei,
726 1861 771 1895 qui
793 1860 884 1888 omnia
900 1860 1010 1894 replet?

219 1908 291 1936 Bene
305 1908 500 1942 intelligamus,
517 1915 533 1934 ο
546 1907 639 1938 amici,
655 1911 681 1933 et
692 1910 797 1938 sancte,
813 1911 840 1933 et
855 1906 910 1934 Deo
925 1905 1010 1941 digne

219 1955 309 1982 omnia
325 1961 385 1989 qua:
397 1955 469 1981 dicta
484 1953 527 1981 vel
541 1953 643 1988 scripta
657 1957 740 1980 sunt:
757 1952 805 1979 Dei
819 1953 892 1980 enim
907 1959 1010 1979 sermo-

219 2009 268 2029 nes
285 2005 311 2028 et
327 2000 439 2028 consilia
457 2000 538 2034 digne
557 2000 611 2026 Deo
627 1998 805 2034 percipienda
827 2003 902 2025 sunt.
919 1998 1009 2025 Vene-

219 2052 284 2075 runt
300 2047 388 2082 angeli
405 2046 451 2074 De‘t
476 2050 506 2072 ut
533 2050 639 2073 starent
663 2050 728 2071 ante
756 2044 852 2076 Deum,
878 2049 1010 2072 venerunt

220 2101 277 2121 non
291 2093 414 2128 vestigiis
428 2092 595 2124 carnalibus,
613 2099 702 2126 neque
727 2090 883 2118 incessibus
911 2097 1009 2124 corpo-

221 2140 333 2171 ralibus,
350 2139 397 2167 sed
422 2139 538 2173 spiritali
563 2145 678 2165 accessu
695 2142 778 2172 atque
805 2135 1009 2171 incorruptibili

221 2192 295 2213 statu
312 2186 428 2213 ccelesti.
445 2186 585 2213 Venerunt
599 2185 751 2216 laudantes,
779 2182 1008 2215 honoriﬁcantes,

222 2232 440 2266 magniﬁcantes,
467 2233 640 2264 conlitcntes,
670 2231 774 2266 gratias
803 2233 927 2264 agentes.
958 2227 1010 2255 Per

225 2279 276 2304 hoc
291 2278 363 2304 ettilll
382 2278 453 2311 quod
467 2279 574 2305 venisse
597 2277 673 2308 dicit.
695 2284 746 2312 per
764 2276 815 2303 hoc
831 2275 1009 2302 nihilominus

224 2323 360 2357 signiﬁcat
385 2323 457 2357 quod
482 2323 517 2350 sit
539 2331 618 2358 opus,
642 2322 683 2350 vel
703 2322 824 2349 studiutu
849 2325 1010 2348 sanctorum

225 2369 396 2403 angelorum,
411 2369 482 2403 quod
498 2369 607 2396 assidue
621 2369 759 2396 ctelestem
786 2367 929 2394 Dominum
952 2366 1011 2392 lau-

226 2415 301 2446 dent,
316 2415 387 2449 quod
403 2419 504 2441 aaterno
519 2415 571 2441 Deo
586 2415 689 2449 gratias
712 2419 806 2449 agant.
823 2413 894 2449 quod
916 2418 1012 2440 sancto

225 2459 282 2487 Deo
297 2459 485 2487 indesinenter
501 2459 614 2493 gloriam
639 2467 688 2495 pro
701 2459 842 2487 beneﬁciis
860 2458 919 2491 ejus
940 2457 1017 2485 reie-.

226 2510 297 2539 rant,
314 2513 363 2540 pro
376 2506 463 2541 gratia
485 2506 554 2540 ejus,
580 2513 628 2539 pro
654 2506 841 2533 misericordia
867 2505 936 2540 ejus,
963 2512 1011 2538 pro

227 2551 397 2579 mirabilibus
408 2551 480 2586 ejus,
497 2558 557 2586 qua:
581 2551 702 2586 impertit
723 2551 816 2586 generi
843 2551 963 2578 humano
985 2551 1011 2578 in

226 2599 299 2626 omni
313 2599 390 2631 hora,
414 2598 440 2625 in
461 2597 535 2625 omni
561 2601 694 2631 tempore,
716 2597 842 2632 plurima,
860 2601 888 2624 et
905 2604 1012 2631 magna,

227 2636 309 2678 atque
322 2645 440 2678 diversa,
456 2643 605 2679 aliquando
621 2643 654 2670 de
670 2644 798 2677 periculis
813 2643 944 2675 liberans,
964 2642 1014 2670 ali-

227 2692 335 2725 quando
348 2692 381 2719 de
394 2689 601 2719 discriminibus
617 2688 749 2724 eripiens,
769 2695 963 2722 nonnunquam
979 2695 1011 2715 ex

228 2738 361 2772 angustiis
386 2736 504 2770 salvans,
533 2736 708 2771 peccantibus
734 2734 927 2770 longanimiter
952 2741 1013 2768 par-

229 2782 326 2815 cendo,
342 2782 506 2817 pmnitentes
522 2782 737 2810 misericorditer
752 2779 937 2815 suscipiendo,
949 2787 1014 2808 con-

265 2842 286 2856 ⁶⁷
300 2840 348 2867 Job
374 2849 394 2872 ι,
414 2841 440 2867 ﬁ.
494 2841 516 2856 “
530 2841 595 2867 ibitb
647 2841 669 2856 “
683 2839 755 2868 Psal.
776 2847 908 2874 cxxxvtn,
921 2838 946 2867 8.

229 2875 347 2908 “ittrg.
376 2884 394 2907 ι,
413 2876 455 2902 ll.
494 2875 599 2902 7‘Psal.
617 2883 653 2908 ct,
672 2876 696 2902 l.

992 2840 1014 2855 '°
1027 2838 1059 2866 lll
1081 2839 1147 2875 Reg.
1165 2850 1244 2875 xvut,
1260 2843 1303 2870 15.

1058 240 1229 268 mentissime
1256 241 1429 273 miserando,
1460 241 1566 277 aliaque
1590 243 1740 270 inell'abilia
1770 249 1851 279 atque

1059 285 1276 321 iuexcogitabilia
1310 286 1442 314 benelicia
1470 288 1543 314 circa
1579 296 1665 321 genus
1701 290 1850 318 hutnanum

1058 333 1233 367 perﬁciendo.
1250 333 1316 367 Qua:
1333 334 1460 362 universa
1479 335 1603 369 quotidie
1618 336 1744 363 videntes
1761 339 1849 365 sancti

1058 380 1145 414 angeli
1162 385 1266 408 stantes
1285 381 1310 407 in
1330 385 1476 415 conspectu
1493 381 1563 414 ejus,
1581 381 1701 413 laudant,
1721 387 1748 409 ct
1766 383 1850 410 Itono-

1059 426 1177 458 t'ilicant,
1196 425 1371 459 magniticant
1397 434 1504 461 quoque
1521 427 1605 454 Dctun
1623 433 1707 463 atque
1727 429 1767 455 illi
1786 437 1850 464 gra-

1059 472 1111 498 tias
1124 477 1208 506 agunt
1223 479 1272 505 pro
1290 472 1528 500 inu'stimabilibus
1551 474 1609 509 ejus
1627 474 1791 507 beneﬁciis,
1811 481 1851 503 at-

1058 526 1110 550 que
1129 517 1324 544 misericordia:
1343 518 1413 551 ejus,
1436 527 1496 553 qua:
1516 520 1710 548 demonstrans
1733 522 1798 549 istic
1813 523 1852 550 di-

1058 562 1111 588 cit:
1135 561 1266 589 Venerunt
1293 566 1379 598 angeli
1407 565 1465 597 Dei,
1487 570 1515 592 ut
1541 570 1643 593 starent
1668 574 1730 594 ante
1756 567 1851 595 Deum.

1059 607 1180 635 Humana
1204 617 1268 635 usus
1292 611 1502 645 consuetudine,
1528 619 1560 638 ac
1583 613 1741 645 proverbio,
1770 619 1853 649 atque

1059 653 1206 687 locutione,
1232 655 1298 682 dicit
1323 664 1456 684 venerunt
1483 662 1546 684 ante
1567 659 1662 692 Deum,
1686 661 1733 694 qui
1760 664 1852 688 omnia

1059 700 1153 734 replet,
1179 701 1224 735 qui
1250 702 1350 737 ubique
1373 711 1494 737 pnes-eus
1517 708 1569 737 est,
1586 710 1612 732 et
1638 714 1692 732 non
1713 712 1758 733 est
1776 707 1853 734 locus

1058 752 1146 780 neque
1159 746 1186 772 in
1204 747 1282 780 CtL'lG,
1301 755 1387 783 neque
1405 749 1430 775 in
1449 753 1532 781 terra,
1548 758 1636 785 neque
1662 751 1689 778 in
1721 753 1851 785 excelsis,

1058 800 1146 827 neque
1162 793 1232 827 apud
1249 793 1350 821 inferos
1367 795 1414 822 ubi
1427 803 1479 823 non
1495 797 1530 823 sit
1546 804 1667 831 praesens
1686 798 1771 826 Deus.
1798 799 1853 827 iloe

1059 839 1162 867 sciebat
1177 841 1221 867 ille
1237 841 1282 875 qui
1299 842 1336 868 ait
1352 850 1358 868 :
1379 840 1408 868 Si
1427 843 1570 888 ascendere
1580 844 1607 869 in
1622 844 1728 875 coelum,
1755 851 1785 872 tu
1800 847 1854 873 illic

1057 895 1095 919 es,
1110 892 1133 913 et
1150 887 1172 914 εἰ
1190 888 1347 914 descendere
1366 890 1400 914 αιί
1416 887 1550 924 infernum
1567 891 1630 917 ades
1652 891 1687 919 ⁵9.
1709 891 1770 919 Hoc
1785 893 1854 920 scic-

1058 933 1104 960 bat
1119 933 1204 966 Elius,
1221 935 1293 969 quod
1307 940 1334 961 et
1348 935 1460 969 eretum,
1476 941 1504 963 et
1519 942 1590 962 terra
1614 942 1697 971 atque
1723 946 1855 966 universa

1058 987 1118 1015 qua:
1134 985 1197 1008 sunt
1212 981 1238 1007 in
1255 981 1306 1013 eis,
1322 981 1349 1008 in
1364 988 1510 1016 conspeettt
1529 982 1576 1009 Dei
1593 989 1666 1010 sunt.
1683 984 1783 1012 Merito
1795 993 1854 1012 ctnu

1058 1031 1131 1054 esset
1147 1035 1229 1061 super
1246 1033 1362 1059 terram,
1382 1034 1450 1055 ante
1473 1029 1558 1056 υευιιι
1586 1037 1616 1057 se
1639 1035 1716 1057 stare
1742 1032 1855 1058 demon-

1058 1073 1167 1105 stravit,
1182 1074 1299 1111 dicens:
1324 1073 1392 1101 Viuit
1409 1074 1538 1102 Dominus
1567 1077 1609 1103 cui
1629 1082 1686 1103 asto
1704 1077 1732 1104 in
1746 1085 1856 1111 conspe-

1059 1125 1101 1146 ctu
1116 1120 1173 1154 ejus
1187 1120 1220 1146 ⁷⁰.
1235 1104 1371 1147 ξιιιιὶιίιθι·
1385 1127 1412 1148 et
1433 1122 1547 1156 angelus
1570 1121 1680 1150 Gabriel
1703 1132 1710 1150 :
1737 1123 1792 1156 Qui
1812 1132 1856 1150 as-

1058 1166 1123 1191 sisto
1145 1166 1171 1192 in
1195 1173 1339 1202 comperta
1362 1167 1419 1202 ejus
1433 1173 1457 1195 et
1476 1167 1525 1194 Dei
1546 1168 1580 1195 ⁷¹.
1603 1169 1724 1196 EtElias
1744 1177 1814 1204 ergo
1830 1171 1854 1196 iu

1059 1220 1175 1246 corpore
1201 1221 1283 1248 super
1312 1218 1424 1245 terrain,
1444 1219 1472 1242 et
1496 1215 1607 1242 Gabriel
1649 1216 1710 1242 sine
1737 1223 1856 1250 corpore

1060 1257 1085 1284 in
1103 1258 1190 1290 caelis,
1208 1263 1321 1294 uterque
1337 1260 1463 1287 similiter
1480 1261 1612 1288 assistere
1632 1269 1661 1288 se
1677 1262 1813 1288 dixerunt
1829 1263 1854 1288 in

1059 1309 1206 1338 conspectu
1224 1305 1291 1332 Dei:
1315 1306 1414 1340 ubique
1431 1312 1474 1334 est
1492 1307 1564 1334 enim
1590 1308 1677 1335 facies
1705 1307 1766 1339 υι-ἱ,
1793 1313 1855 1335 tan-

1060 1355 1115 1377 tum
1133 1351 1203 1378 mala
1222 1353 1315 1379 videre
1337 1361 1391 1380 non
1417 1354 1473 1380 vult
1490 1353 1584 1389 justus
1596 1359 1624 1381 et
1641 1360 1756 1382 sanctus
1772 1354 1855 1387 Deus,

1061 1397 1121 1424 ideo
1136 1398 1222 1425 dicit:
1241 1399 1314 1425 Mala
1328 1400 1416 1427 videre
1433 1409 1484 1427 non
1497 1401 1552 1427 uult
1565 1400 1705 1428 Dentium.
1719 1402 1753 1429 Et
1770 1402 1854 1429 alibi:

1060 1443 1094 1470 Et
1109 1452 1154 1478 ego
1168 1449 1191 1471 te
1208 1445 1297 1472 videns
1311 1447 1464 1480 despiciam.
1487 1446 1521 1474 Et
1537 1447 1626 1474 adhuc
1645 1456 1651 1473 :
1677 1446 1747 1474 Cum
1763 1453 1856 1475 uten-

1060 1490 1153 1517 deritis
1167 1500 1260 1518 manus
1277 1497 1376 1519 vestras
1393 1494 1427 1519 ad
1440 1501 1489 1526 me,
1503 1499 1620 1520 avertam
1632 1493 1729 1528 facient
1740 1503 1830 1521 meam
1842 1503 1857 1521 α

1022 1541 1043 1570 C
1061 1538 1132 1564 vobis
1148 1539 1181 1566 ⁷³.
1196 1539 1288 1567 Sancti
1305 1547 1370 1574 ergo
1384 1540 1470 1575 digni,
1485 1548 1516 1566 ac
1532 1540 1610 1575 justi,
1629 1546 1714 1575 atque
1736 1543 1857 1568 creden-

1062 1588 1112 1615 tes,
1133 1585 1201 1611 casti
1220 1592 1328 1619 quoque
1345 1592 1377 1612 ac
1395 1593 1514 1618 veraces,
1532 1586 1589 1614 sive
1607 1587 1633 1613 in
1647 1595 1766 1622 corpore
1789 1589 1855 1619 sint,

1060 1630 1118 1658 sive
1136 1635 1211 1658 extra
1229 1639 1339 1666 corpus,
1354 1633 1412 1659 sive
1428 1633 1454 1659 in
1469 1637 1552 1667 terra,
1570 1633 1628 1660 sive
1648 1633 1675 1660 in
1691 1634 1776 1667 cmlo,
1800 1636 1858 1662 sive

1060 1678 1147 1713 angeli
1166 1678 1288 1714 gloriosi,
1303 1679 1359 1706 sive
1378 1681 1464 1707 sancti
1487 1681 1551 1712 viri,
1570 1680 1673 1715 jugiter
1690 1690 1723 1708 ac
1751 1682 1858 1709 indesi-

1061 1729 1156 1751 nenter
1175 1728 1257 1759 atque
1273 1724 1515 1752 ltttliSSttclulJllllel‘
1538 1730 1631 1752 astant
1655 1725 1681 1752 in
1704 1732 1857 1760 conspectu

1062 1770 1118 1797 Dei.
1140 1769 1241 1798 Venire
1259 1776 1349 1797 autem
1376 1772 1505 1798 dicuntur
1530 1776 1593 1798 ante
1615 1772 1697 1798 Deum
1718 1772 1857 1803 homines,

1060 1815 1123 1842 dum
1147 1823 1208 1842 cum
1233 1816 1328 1851 majori
1356 1817 1499 1844 devotione
1519 1821 1601 1852 atque
1623 1812 1719 1844 ‘studio
1747 1819 1858 1845 animas

1060 1868 1122 1888 suas
1138 1861 1284 1889 effuderint
1303 1862 1328 1889 in
1347 1863 1471 1890 oratione
1488 1867 1551 1890 ante
1566 1864 1660 1895 Deum,
1684 1863 1760 1890 sicut
1778 1867 1858 1891 Anna

1060 1911 1147 1933 mater
1167 1907 1312 1940 Samuelis,
1333 1916 1395 1934 cum
1424 1908 1449 1934 in
1475 1908 1569 1936 dolore
1594 1909 1677 1935 anitui
1703 1909 1859 1936 emtnderet

1061 1952 1213 1979 orationem
1228 1960 1306 1979 suam
1330 1952 1356 1979 in
1371 1959 1518 1987 conspectu
1536 1954 1642 1981 Domini
1654 1954 1678 1969 ⁷³
1697 1962 1704 1980 :
1727 1955 1801 1981 sicut
1816 1955 1860 1982 ille

1060 1999 1093 2025 de
1112 2006 1166 2033 quo
1180 1999 1282 2026 dictum
1299 2004 1358 2026 est:
1373 1998 1465 2026 Oratio
1479 2001 1613 2034 pauperis,
1625 2009 1683 2027 cum
1699 2002 1860 2028 anziaretur

1060 2051 1082 2071 et
1100 2045 1127 2071 in
1145 2051 1283 2080 conspectu
1297 2045 1403 2072 Donnni
1426 2046 1569 2080 e/Iunderet
1591 2048 1740 2074 orationem
1756 2048 1792 2076 ⁷³.
1813 2050 1860 2075 Sic

1061 2091 1152 2125 itaque
1166 2092 1297 2118 assistunt
1313 2097 1376 2118 ante
1392 2091 1474 2118 Deum
1489 2099 1583 2119 omnes
1593 2093 1638 2126 qui
1655 2093 1776 2120 soliicite
1793 2102 1858 2121 cum

1061 2137 1186 2164 oratiOne
1215 2137 1402 2164 adoraverint.
1444 2137 1490 2165 Sic
1530 2138 1617 2173 angeli
1654 2146 1717 2166 cum
1751 2140 1861 2174 gratias

1064 2188 1174 2217 agentes
1194 2183 1398 2211 misericordias
1414 2183 1472 2217 ejus
1492 2184 1670 2217 conﬁtentur,
1688 2190 1774 2219 atque
1795 2193 1862 2220 gra-

1065 2229 1115 2255 tias
1133 2229 1169 2255 illi
1184 2237 1234 2263 pro
1248 2229 1307 2264 ejus
1331 2229 1472 2258 beneﬁciis
1490 2237 1585 2266 agunt,
1609 2239 1668 2266 quae
1695 2227 1741 2258 ille
1765 2232 1861 2259 inces~

1063 2280 1157 2302 santer
1183 2276 1304 2309 impertit
1332 2275 1395 2303 ﬁliis
1420 2275 1576 2309 hominum,
1595 2282 1641 2303 aut
1657 2285 1718 2303 cum
1738 2277 1862 2304 viderint

1064 2326 1222 2348 sanctorum
1247 2321 1363 2349 virtutes
1382 2323 1514 2355 virorum,
1536 2323 1653 2356 insignia
1672 2323 1796 2349 virorum
1820 2323 1863 2350 ni-

1065 2368 1211 2395 hilominus
1230 2367 1277 2395 Dei
1294 2377 1445 2402 servorum,
1466 2369 1659 2400 constantiam,
1685 2376 1770 2404 atque
1793 2377 1863 2403 ago-

1065 2422 1124 2447 nes,
1143 2419 1206 2441 lunc
1226 2415 1352 2442 nimirutn
1370 2423 1431 2442 cum
1457 2415 1553 2449 gaudio
1568 2420 1650 2449 atque
1668 2415 1863 2442 exsultatione

1067 2461 1202 2488 assistunt
1214 2467 1276 2488 ante
1292 2461 1385 2491 Deum,
1415 2469 1508 2488 revera
1524 2467 1552 2487 et
1566 2466 1595 2487 ut
1613 2461 1697 2487 Deutn
1722 2461 1860 2488 honoriﬁ-

1066 2512 1140 2540 cent,
1156 2512 1237 2542 atque
1253 2507 1361 2534 laudent
1377 2507 1408 2534 de
1424 2507 1537 2534 victoria
1558 2514 1701 2534 servorum
1729 2507 1791 2540 Dei,
1812 2515 1863 2534 nec

1067 2560 1121 2579 non
1141 2558 1169 2579 ut
1185 2553 1226 2580 eis
1240 2553 1285 2588 qui
1305 2558 1415 2588 propter
1439 2553 1523 2580 Deum
1540 2553 1691 2587 patiuntur,
1716 2554 1863 2585 paliezttin'.

1068 2599 1239 2626 tolerantiam
1269 2605 1351 2634 atque
1377 2604 1498 2627 sanctam
1530 2599 1795 2627 consummationem
1828 2600 1864 2626 ab

1068 2645 1164 2673 eodem
1178 2645 1315 2680 postulent
1331 2646 1397 2673 Deo.
1425 2646 1471 2672 Sic
1497 2645 1590 2680 itaque
1615 2649 1754 2671 venerunt
1769 2650 1797 2670 et
1815 2653 1863 2671 ve-

1067 2690 1145 2717 niunt
1159 2691 1245 2726 angeli
1263 2690 1322 2724 Dei,
1336 2696 1365 2718 ut
1385 2696 1491 2719 starent
1504 2696 1567 2718 ante
1584 2690 1680 2718 Deum.
1697 2690 1743 2718 Sic
1762 2691 1863 2717 astite-

1068 2740 1131 2762 runt
1147 2744 1206 2763 cum
1218 2737 1299 2764 totius
1309 2738 1400 2764 mundi
1413 2741 1486 2764 salus
1499 2737 1531 2764 ad
1545 2737 1667 2764 homines
1684 2737 1799 2764 veniens
1809 2737 1863 2764 ini-

1068 2782 1136 2809 tium
1151 2783 1277 2817 sumpsit,
1293 2792 1326 2811 ex
1341 2783 1451 2818 Virgine
1471 2788 1533 2812 nato
1550 2783 1697 2819 Uuigenito
1710 2783 1778 2816 Deo,
1795 2791 1863 2814 cum

1357 2844 1378 2858 '“
1393 2843 1457 2870 Luc.
1474 2851 1492 2875 ι,
1516 2843 1559 2871 19.
1611 2843 1632 2858 τ’
1649 2842 1702 2870 lsa.
1718 2842 1784 2875 1,14
1798 2851 1863 2878 seq.
