1904 3076
79 116 127 144 401

652 119 846 149 ANONYMUS
864 121 898 148 IN
917 120 987 148 JOB.
1008 137 1043 142 —
1062 121 1127 150 LIB.
1149 121 1169 149 Ι.

1664 123 1716 152 ΜΒ

80 177 168 204 subito
181 175 255 204 facta
265 181 310 205 est
321 177 463 206 multitudo
473 178 873 207 exercituumcaelestinmlatt-
888 181 911 209 Α
925 178 975 207 Job
988 181 1220 215 appropinquare,
1238 180 1279 207 vel
1296 187 1356 207 eam
1373 185 1487 216 tangere
1496 180 1646 216 permissus
1663 188 1716 208 non

81 224 200 251 tlantium
212 229 302 258 atque
313 225 544 260 tnaguiticantiutn
561 226 644 253 Deutn
660 234 709 262 pro
727 226 818 254 tnundi
830 235 874 253 sa-

80 270 142 297 lute‘.
155 269 201 297 Sic
215 271 367 298 astiterunt
382 271 409 298 in
421 271 556 307 principio
571 273 654 301 totius
667 277 809 305 creaturis,
821 273 874 301 sic-

72 321 114 342 .ut
130 315 192 342 dicit
208 316 296 350 paulo
307 321 366 352 post
376 316 435 351 ipse
444 317 516 345 Deus
524 318 557 346 ad
565 318 617 346 Job
625 319 790 354 depromens
798 324 824 347 et
833 319 874 346 di-

84 370 159 389 cens:
170 360 238 389 Cum
254 363 350 396 fierent
363 364 448 391 stella?
462 364 638 392 laudauerunt
655 374 695 392 me
708 374 767 393 uoce
776 374 873 401 magna

79 408 162 442 angeli
178 409 241 441 mei,
259 415 286 436 et
307 411 432 445 hymnum
447 411 583 438 dixerunt.
602 411 631 439 Si
655 417 720 439 tunc
743 413 872 440 laudave-

81 460 138 481 rttnt
162 454 278 487 quando
301 456 456 483 inanimatae
483 457 569 484 stellae
595 458 674 485 facta:
696 463 772 491 sunt,
788 459 873 486 tnttlto

79 500 161 534 magis
171 505 238 528 tunc
248 501 433 529 laudaverunt
448 503 558 537 quando
572 504 700 531 anitnatw
712 509 740 532 ct
756 510 873 532 sensatte

81 547 158 575 Stella:
180 547 264 575 taetre
290 553 366 580 sunt,
383 549 407 576 id
432 555 474 576 est
489 542 587 577 animae
610 556 769 578 sanctorum
790 558 874 586 atque

72 599 217 620 .ustorum.
242 593 285 621 De
306 595 404 629 quibus
428 595 518 624 stellis
535 597 681 624 dicendum
706 602 769 625 est:
789 597 872 625 Stella

86 638 142 665 mini
160 647 176 666 α
198 640 283 666 stella
310 640 399 674 tit/fert
423 641 451 668 in
476 641 610 674 claritate,
623 643 661 669 ita
676 647 701 669 et
716 644 872 670 resurrectio

80 689 249 710 atortuorum
257 684 294 711 ⁷⁸.
310 685 345 712 Ει
359 686 424 712 alibi
440 695 447 712 :
464 686 537 713 Tunc
554 687 690 722 fulgebant
702 688 770 723 justi
784 693 811 715 ιιι
830 688 872 715 Iu—

80 729 190 756 minaria
217 730 293 763 caeli,
314 736 339 757 et
365 732 433 758 sicut
457 733 540 759 stella
562 734 589 760 in
616 734 809 768 perpetuum".
826 734 872 761 Sic

80 775 165 809 itaque
181 784 197 803 a
213 777 321 805 saeculo
336 783 365 805 et
380 785 466 813 usque
490 779 516 806 in
543 784 676 807 mternum
700 786 789 808 astant
814 781 871 808 sin—

72 821 133 857 gula
160 821 303 851 beneﬁcia
327 824 498 859 operationis
520 825 639 858 Domini,
667 834 727 861 qum
755 827 781 854 in
797 827 869 854 omni

926 226 988 252 est?
1002 226 1144 259 Quomodo
1159 227 1266 254 veniret
1280 227 1313 253 ad
1331 226 1414 253 (‘tBlOS
1433 227 1455 253 is
1471 227 1515 261 qui
1531 234 1582 253 non
1598 232 1642 254 est
1655 235 1717 262 per-

926 271 1026 298 missus
1050 271 1163 298 introire
1191 272 1216 298 in
1241 272 1417 306 paradisum?
1434 271 1462 298 Si
1478 272 1551 298 enim
1566 273 1599 300 ad
1614 273 1716 300 ostium

926 318 1045 353 paradisi
1073 318 1274 345 observandum
1299 319 1441 345 cherubim
1475 319 1578 353 positus
1606 324 1659 351 est,
1687 324 1715 347 et

925 365 1081 398 rltotnpbtea
1106 364 1241 397 llanunea,
1261 369 1290 391 ut
1308 365 1390 392 homo
1407 364 1450 391 ille
1465 365 1510 399 qui
1529 365 1627 392 eximie
1650 365 1713 392 olim

925 410 1034 443 cecidit,
1057 410 1083 437 id
1109 415 1150 437 est
1177 410 1275 441 Adam.
1291 410 1360 437 ultra
1389 411 1500 438 introire
1521 419 1574 438 non
1601 417 1711 445 posset:

924 457 1020 491 quales
1034 461 1159 492 putamus
1179 465 1238 484 esse
1254 462 1363 483 sanctas
1386 458 1543 492 angelorum
1561 459 1711 490 custodias.

925 504 1096 538 virtutesque
1121 503 1265 535 cmlorutn,
1278 511 1339 537 qua:
1364 503 1523 530 custodiunt
1537 509 1627 538 portas
1641 505 1713 539 illas,

924 550 957 577 ad
973 558 1039 584 quas
1052 550 1152 577 dictum
1168 555 1208 577 est
1218 559 1225 578 :
1236 550 1440 583 Tolliteportas,
1454 550 1593 585 principes,
1603 558 1713 585 vestras,

923 600 949 623 et
963 602 990 622 ut
1007 597 1120 623 introeat
1129 604 1175 623 rex
1192 597 1282 631 gloria:
1291 596 1333 623 7"?
1350 603 1417 631 quas
1434 598 1551 623 transire
1565 598 1605 624 vel
1625 604 1713 625 trans—

924 642 998 677 gredi
1027 643 1060 669 ad
1091 643 1189 669 caelum
1210 643 1378 677 nequissimo
1407 643 1517 670 diabolo
1548 644 1714 678 impossibile

924 694 994 721 erat,
1009 693 1036 715 et
1053 694 1105 716 est.
1119 688 1184 716 Nam
1203 696 1263 716 cum
1279 689 1312 716 de
1326 689 1403 716 ctelis
1419 694 1528 724 propter
1542 690 1712 724 iniquitatem

924 735 1076 767 ceciderit,
1105 743 1243 770 nunquam
1277 743 1371 762 rttrsus
1394 736 1520 763 introibit
1542 736 1569 762 in
1603 736 1710 766 cmlum.

924 787 1063 813 nuttquam
1081 779 1170 806 denuo
1185 784 1339 806 revertetur
1364 780 1396 806 ad
1421 780 1497 808 illud.
1520 780 1548 808 Si
1578 782 1650 808 enim
1679 783 1713 808 ad

924 825 1021 860 impios
1039 831 1122 860 atque
1137 825 1285 853 sceleratos
1303 827 1369 853 dicit
1386 827 1466 859 Deus,
1485 826 1597 854 Calcare
1621 828 1712 854 aulam

79 873 194 902 tempore
210 869 339 904 impertit
353 871 417 898 ﬁliis
433 871 587 905 hominum,
602 873 776 907 conlitentia,
787 879 871 909 atque
886 870 908 898 Β
924 880 1008 899 meam
1032 881 1083 898 non
1101 872 1245 906 adﬁcietis,
1263 879 1352 898 nonne
1377 872 1462 899 multo
1484 873 1571 906 magis
1587 873 1712 900 diabolus

79 915 239 948 invocantia,
255 923 286 944 et.
301 918 404 951 gratias
416 918 524 952 agentia
535 919 696 946 beatitudini
706 920 800 947 salerni
810 920 867 947 Dei.

79 960 128 988 Sed
155 962 269 989 interim
300 965 450 991 secundum
478 964 621 991 historiam
647 970 782 992 steterunt
806 970 869 994 tunc

79 1011 136 1034 ante
153 1007 238 1035 Deum
258 1009 352 1044 angeli
369 1011 540 1043 confitentes,
558 1015 585 1038 et
599 1011 701 1045 gratias
715 1012 738 1038 ei
758 1016 872 1046 agentes

72 1058 183 1088 propter
205 1055 387 1082 sanctitatem
415 1055 478 1090 Job,
503 1063 536 1083 ac
561 1057 702 1089 tneritunt,
733 1058 868 1092 justitiam

80 1107 189 1134 quoque,
210 1108 243 1127 ac
261 1101 404 1135 pietatem,
421 1102 607 1129 innocentiam
629 1107 714 1137 atque
727 1104 869 1138 integrita-

82 1151 140 1178 tem,
161 1147 315 1174 maximam
335 1148 387 1175 sibi
402 1147 516 1183 gloriam
534 1154 691 1183 reputantes
705 1155 768 1177 ante
784 1151 867 1178 Deum

81 1191 144 1219 beati
155 1191 206 1219 Job
224 1193 416 1220 innocentiam
435 1199 516 1229 atque
531 1195 716 1222 sanctitatem.
728 1195 781 1223 Sed
797 1196 868 1230 quod

81 1245 124 1272 pro
135 1239 233 1272 gaudio
251 1243 336 1274 atque
352 1239 439 1274 gloria
454 1242 558 1267 sanctis
572 1241 686 1276 angelis,
704 1241 755 1269 ltoe
772 1242 869 1269 nihilo-

81 1284 205 1312 minus-ad
223 1285 469 1314 inﬂammationem
483 1293 565 1322 atque
581 1288 669 1314 zelum
686 1289 796 1322 prolicit
809 1297 868 1316 tua-

81 1329 146 1364 ligno
163 1336 190 1358 et
204 1332 370 1359 adversario
398 1333 516 1361 diabolo.
533 1333 681 1368 Propterea
708 1342 770 1362 cum
795 1336 869 1362 veni-

81 1380 135 1402 rent
157 1377 246 1412 angeli
273 1379 377 1413 gratias
402 1387 493 1415 agere,
518 1388 550 1408 ac
575 1381 700 1408 conﬁteri
722 1389 772 1416 pro
795 1382 868 1415 justo

81 1421 134 1453 Job,
148 1425 221 1451 venit
236 1424 366 1452 diabolus
378 1426 548 1461 malignitate
561 1432 643 1461 atque
656 1427 868 1455 inflammatione

83 1468 192 1502 repletus
221 1470 359 1498 adversus
383 1477 566 1500 memoratum
596 1472 658 1500 Job.
691 1472 868 1501 Venientibus

83 1515 199 1543 videlicet
219 1517 339 1552 angelis,
361 1519 436 1545 venit
460 1522 488 1546 et
505 1518 630 1546 diabolus
656 1522 686 1546 ut
707 1523 792 1546 staret
805 1524 868 1546 ante

84 1561 228 1590 Dominum.
251 1565 348 1600 Angeli
365 1570 500 1593 venerunt
530 1573 559 1594 ut
585 1568 685 1602 gratias
703 1572 824 1603 agerent,
841 1572 868 1595 et

82 1613 285 1648 conﬁterentur,
304 1621 331 1642 et
348 1615 492 1642 laudarent
506 1624 513 1642 :
529 1617 655 1644 diabolus
673 1625 737 1645 vero
755 1618 827 1645 venit
841 1623 869 1645 ut

82 1661 249 1694 mentiretur,
274 1666 301 1689 et
321 1667 474 1694 accusaret,
491 1667 573 1697 atque
589 1663 723 1697 culparet.
751 1664 783 1691 Et
805 1673 869 1692 vere

84 1706 151 1737 quasi
165 1706 277 1733 dttabus
291 1708 416 1741 personis
431 1711 510 1734 utens
524 1708 681 1742 angelorum
705 1714 734 1735 et
754 1709 867 1741 diaboli,

84 1751 230 1785 angelorum
246 1760 314 1780 sane
339 1753 487 1780 bonitatem
506 1752 638 1785 ostendit,
653 1758 678 1780 et
696 1754 795 1781 diaboli
821 1762 868 1781 ne-

84 1797 187 1832 quitiam
214 1799 367 1834 redarguit,
381 1804 462 1833 atque
487 1799 670 1833 nequissimus
687 1800 869 1834 cogitationes

83 1843 135 1876 q'us
146 1845 258 1880 detegit,
272 1847 372 1880 quibus
395 1845 522 1881 nequiter
538 1851 618 1880 atque
635 1845 747 1880 indigne
762 1846 868 1881 cogita-

84 1890 118 1918 vit
134 1892 203 1925 apud
222 1893 401 1927 semetipsum
415 1892 512 1926 procul
534 1892 615 1919 dubio
632 1896 763 1924 tractans,
779 1900 811 1919 ac
826 1892 867 1920 di-

85 1944 142 1964 cens
156 1947 164 1966 :
180 1939 248 1971 Qttis
272 1939 337 1964 mini
356 1939 431 1965 dabit
457 1944 486 1965 ut
501 1938 602 1973 possim
616 1938 710 1965 venire
728 1943 792 1965 ante
803 1946 868 1965 con-

85 1989 196 2017 spectum
220 1985 290 2012 Dei?
305 1985 371 2018 Quis
384 1985 449 2011 mihi
471 1985 545 2011 dabit
556 1989 585 2011 ut
596 1983 696 2019 possim
715 1989 789 2010 stare
803 1989 868 2012 ante

86 2030 173 2058 faciem
198 2032 275 2059 illius
297 2031 411 2058 aeterni?
435 2031 512 2058 Hanc
543 2030 649 2058 scilicet
676 2029 868 2064 cogitationem

85 2077 185 2111 diaboli,
199 2083 226 2106 et
247 2078 335 2113 ipsum
355 2077 413 2111 eius
428 2078 606 2109 desiderium,
624 2077 702 2112 quasi
720 2077 869 2103 adventum

87 2132 233 2153 memorans
261 2126 394 2160 scriptor,
420 2123 556 2151 dicittEt
586 2123 708 2150 diabolus
739 2122 810 2150 venit
840 2127 868 2149 ut

87 2177 158 2198 ttaret
181 2177 243 2199 ante
271 2171 410 2198 Dominum
418 2170 452 2197 ⁷⁷.
471 2169 563 2203 Venit,
579 2169 626 2197 sed
640 2177 693 2196 non
708 2169 734 2196 in
752 2175 871 2204 praesen-

923 918 968 953 qui
995 924 1036 945 est
1063 919 1144 945 totius
1160 918 1310 952 iniquitatis
1328 924 1433 950 auctor,
1449 922 1478 946 et
1493 920 1580 945 ontnis
1601 919 1712 946 sceleris

921 969 999 1000 pater
1024 969 1106 999 atque
1123 965 1260 995 inventor,
1276 964 1309 990 ad
1331 963 1470 991 caelestem
1493 964 1580 990 aulam
1600 972 1634 991 ex
1658 972 1710 999 qua

922 1016 1017 1046 sponte
1030 1011 1138 1043 cecidit,
1157 1018 1294 1044 tutnquam
1308 1011 1406 1037 iterum
1421 1000 1561 1043 ascendet,
1572 1019 1713 1045 nunquam

923 1057 1013 1085 denuo
1027 1056 1200 1084 revertetur?
1215 1055 1242 1083 Si
1260 1056 1332 1083 enim
1355 1056 1466 1090 spiritus
1493 1056 1587 1084 exiens
1612 1059 1709 1083 iterum

922 1110 977 1130 non
1002 1103 1158 1135 revertitur,
1187 1110 1275 1137 neque
1303 1107 1446 1130 revocatur
1470 1103 1562 1129 anima
1594 1103 1708 1130 ablata:

921 1156 1012 1176 nonne
1027 1149 1111 1176 ntttlto
1122 1149 1240 1183 amplius
1252 1149 1276 1176 is
1293 1148 1338 1183 qui
1363 1153 1474 1182 propter
1491 1147 1662 1182 iniquitatem
1677 1149 1710 1176 de

922 1195 991 1222 cutio
1008 1195 1102 1228 exivit,
1119 1202 1255 1230 nunquam
1272 1202 1369 1222 rursus
1387 1194 1450 1221 illuc
1467 1199 1629 1226 revertetur,
1646 1200 1674 1222 et
1687 1196 1710 1222 is

921 1241 967 1275 qui
980 1246 1091 1276 propter
1119 1242 1333 1275 impmnitentem
1356 1241 1505 1276 nequitiam
1520 1242 1657 1276 projectus
1669 1247 1711 1269 est

921 1294 954 1314 ex
973 1288 1063 1315 cltoris
1086 1293 1241 1315 sanctorum
1259 1287 1428 1321 angelorum,
1442 1295 1579 1322 nunquam
1600 1295 1710 1323 prorsus

922 1334 954 1360 ad
967 1334 1157 1367 paenitentiam
1178 1334 1369 1361 revocabitur?
1385 1334 1473 1361 Stabit
1490 1335 1562 1361 enim
1581 1339 1708 1369 tanquam

921 1380 1085 1414 incomptus,
1103 1386 1183 1415 atque
1208 1381 1336 1407 indomita
1355 1381 1509 1408 aversione.
1525 1381 1556 1408 Et
1571 1382 1670 1414 adhuc,
1686 1383 1709 1408 si

921 1427 984 1454 olitn
1000 1427 1066 1454 Cain
1083 1435 1144 1454 cum
1159 1428 1246 1455 exiret
1273 1434 1288 1454 a
1318 1427 1386 1454 faeie
1414 1427 1521 1454 Domini
1549 1435 1597 1462 pro
1619 1428 1709 1462 impiis

921 1473 1042 1505 ausibus,
1062 1481 1198 1507 nunquam
1219 1478 1283 1500 ante
1294 1480 1467 1508 conspectum
1484 1474 1590 1501 Domini
1606 1474 1651 1502 Dei
1668 1481 1710 1501 est

921 1526 1050 1546 reversus
1063 1527 1069 1545 :
1083 1527 1172 1547 nonne
1187 1519 1272 1546 tnttlto
1288 1520 1404 1555 amplius
1417 1521 1461 1548 hic
1476 1521 1601 1548 diabolus
1615 1520 1660 1555 qui
1676 1522 1708 1546 ad

920 1572 1028 1592 omnem
1044 1565 1235 1593 crudelitatem
1260 1565 1311 1592 fuit
1325 1566 1456 1600 magister
1472 1566 1541 1601 ejus,
1557 1565 1602 1600 qui
1618 1571 1645 1593 et
1657 1565 1708 1592 lto-

922 1612 1019 1638 micida
1035 1612 1068 1638 ab
1082 1611 1241 1645 initiojuste
1255 1616 1296 1639 est
1308 1617 1480 1646 nuncupatus
1490 1620 1504 1639 a
1518 1613 1588 1640 facie
1602 1612 1708 1640 Domini

922 1656 968 1683 Dei
981 1661 1107 1691 tanquam
1121 1656 1320 1691 injustusjuste
1334 1656 1482 1691 projectus,
1495 1665 1632 1691 nunquam
1645 1662 1709 1684 attte

921 1702 1017 1730 faciem
1035 1702 1142 1729 Domini
1161 1703 1252 1730 veniet
1272 1703 1401 1737 amplius,
1428 1711 1564 1738 nunquam
1591 1703 1616 1730 in
1645 1711 1709 1730 con-

920 1754 1014 1784 spectu
1042 1755 1144 1777 sanctae
1180 1749 1270 1784 gloria:
1296 1754 1449 1776 revertetur
1479 1750 1608 1777 ulterius?
1631 1750 1708 1784 juxta

921 1797 972 1823 hoc
996 1796 1067 1830 quod
1091 1796 1192 1822 dictum
1211 1800 1272 1822 est:
1289 1795 1435 1829 Auferatur
1455 1795 1551 1829 impius
1572 1803 1603 1822 ne
1622 1796 1708 1822 videat

919 1843 1031 1877 gloriam
1048 1841 1198 1870 Domini".
1214 1842 1342 1868 Etadltuc
1356 1851 1362 1869 :
1377 1841 1403 1868 Si
1417 1842 1491 1876 impii
1510 1850 1560 1869 non
1577 1847 1708 1876 resurgen:

919 1889 1077 1923 injudicio,
1095 1893 1118 1914 et
1143 1894 1292 1922 peccatores
1312 1889 1339 1915 in
1363 1888 1472 1915 consilio
1495 1888 1629 1923 jastorum
1654 1896 1708 1915 non

920 1934 1135 1970 apparebunt",
1151 1935 1287 1968 quomodo
1310 1935 1354 1962 ille
1369 1935 1415 1969 qui
1439 1939 1516 1970 pater
1537 1935 1641 1962 exstitit
1657 1935 1708 1960 im-

921 1982 1063 2016 pietatum,
1079 1986 1107 2008 et
1131 1981 1239 2016 genitor
1255 1985 1442 2015 peccatorum,
1461 1981 1487 2007 id
1504 1985 1546 2008 est
1573 1980 1708 2011 diabolus.

921 2028 947 2054 in
964 2033 1109 2062 conspectu
1124 2033 1226 2054 sancta
1240 2027 1332 2061 gloria:
1349 2026 1396 2053 Dei
1417 2026 1576 2061 apparebit?
1592 2027 1708 2060 Quomo-

921 2074 956 2101 do
978 2081 1051 2101 mors
1073 2075 1134 2100 vita:
1154 2073 1334 2101 conveniret?
1351 2072 1491 2106 Quomodo
1507 2072 1618 2099 stabunt
1633 2077 1709 2099 tene-

920 2118 977 2146 ιιι-ιιι
1006 2118 1031 2145 in
1059 2124 1207 2153 conspectu
1236 2118 1305 2145 lucis
1330 2116 1546 2145 inaccessibilis?
1570 2116 1711 2150 Quomodo

923 2163 1078 2191 sustineant
1099 2163 1212 2198 stipula,
1230 2164 1323 2191 lentant
1348 2168 1430 2198 atque
1455 2169 1519 2189 cera
1542 2161 1710 2190 vicinitatem

87 2217 128 2247 tia,
144 2225 194 2245 non
210 2225 335 2249 accessu,
355 2224 442 2252 neque
462 2216 585 2249 introitu,
607 2216 655 2243 sed
669 2215 744 2243 venit
760 2215 866 2250 cogita-
884 2224 911 2252 Ι)
922 2210 992 2244 ignis
1011 2209 1220 2244 insuperabilis;
1240 2210 1273 2237 de
1285 2217 1339 2244 quo
1350 2210 1452 2236 dieilur
1466 2218 1473 2236 ε
1489 2208 1562 2236 Sicut
1574 2209 1635 2243 ﬂuit
1651 2216 1710 2234 ιδ’·ιι

90 2265 165 2299 tione,
180 2265 295 2297 consilio
319 2269 346 2292 et
374 2263 519 2292 desiderio.
538 2262 605 2289 Nam
621 2263 692 2290 sicut
707 2263 768 2296 quis
783 2262 868 2289 latro-

89 2319 143 2337 num
159 2313 263 2347 positus
287 2311 313 2338 in
331 2318 441 2338 carcere
457 2317 489 2337 ac
508 2308 625 2336 vinculis
639 2308 696 2334 vult
708 2307 868 2342 frequenter

90 2361 114 2383 et
125 2364 195 2392 optat
210 2363 240 2385 ut
258 2358 375 2385 sitforas
390 2357 418 2383 in
435 2356 572 2383 montibus
588 2355 633 2382 ubi
647 2355 750 2390 pridem
766 2354 866 2386 fuerat,

90 2403 131 2429 sed
154 2411 204 2430 non
227 2405 286 2438 ipse
302 2407 343 2430 est
357 2402 425 2434 illic,
441 2402 489 2429 sed
506 2408 603 2429 sensus
627 2406 708 2435 atque
738 2400 867 2435 cogitatio

91 2448 150 2481 eius,
165 2455 191 2477 et
207 2450 282 2476 venit
311 2448 345 2475 illi
373 2448 502 2484 cogitatio
527 2446 774 2474 commonefaciens
792 2453 822 2472 se
835 2446 868 2472 de

92 2494 121 2522 iis
132 2503 186 2530 qua:
202 2497 256 2529 illic
267 2501 331 2523 sunt
344 2495 411 2533 locis
424 2499 452 2521 et
467 2493 641 2525 stationibus,
657 2491 738 2519 factis
749 2498 867 2527 quoque,

93 2547 163 2577 atque
182 2543 301 2570 studiis:
317 2543 353 2569 ita
372 2540 507 2573 diabolus,
529 2548 590 2567 cum
607 2538 818 2567 commonefacit
839 2543 869 2564 se

95 2588 202 2621 priorum
218 2590 352 2620 omniutn,
369 2591 396 2615 ct
418 2587 555 2614 desiderat
577 2585 619 2612 illa
635 2593 697 2619 qum.
721 2588 784 2611 sunt
806 2589 869 2609 ante

95 2631 179 2668 Deum,
200 2639 228 2662 et
249 2634 323 2661 vadit
348 2633 411 2660 illuc
426 2639 506 2659 sensu
529 2636 612 2666 atque
629 2629 803 2664 cogitatione,
822 2634 868 2654 ve-

97 2678 160 2706 nisse
183 2681 281 2708 dicitur
302 2684 366 2706 ante
389 2678 485 2710 Deum,
503 2684 565 2704 cutn
593 2683 647 2703 tton
678 2675 735 2710 ipse
759 2674 868 2709 proprie

97 2726 198 2759 venerit,
213 2727 258 2754 sed
289 2733 370 2754 sensu
397 2728 425 2752 et
446 2724 621 2759 cogitatione.
637 2721 705 2749 Nam
732 2720 869 2756 quomodo

100 2770 191 2799 veniret
210 2776 273 2799 ante
292 2775 466 2804 conspectum
481 2769 530 2796 Dei
545 2769 577 2799 is.
594 2767 640 2802 qui
655 2770 756 2794 saneta:
770 2766 868 2793 anima:

128 2818 169 2844 "l
183 2819 246 2847 Cor.
260 2827 307 2852 xv,
323 2819 368 2851 Μ,
386 2818 430 2845 4⁸2.
469 2817 492 2832 ⁷⁸
503 2817 570 2844 Dan.
588 2824 635 2849 χιι,
651 2816 678 2842 3.
735 2815 758 2830 τ’
770 2813 820 2842 Job
835 2821 855 2846 ι,
869 2813 896 2839 6.

100 2852 118 2867 ”
129 2852 195 2883 Psal.
209 2863 296 2886 um,
315 2854 340 2880 5.
461 2863 464 2866 ’

922 2264 938 2282 a
957 2255 1026 2290 facie
1046 2256 1124 2290 ignis,
1138 2256 1176 2282 ιιι
1201 2261 1307 2290 pereant
1330 2261 1480 2289 peccatores
1499 2263 1515 2281 a
1536 2254 1604 2289 facie
1616 2254 1661 2280 Dei
1671 2253 1712 2280 "‘i

920 2301 1063 2335 Quomodo
1079 2309 1172 2328 vocem
1190 2301 1237 2328 Dei
1261 2301 1386 2333 audiens,
1409 2302 1574 2335 respondeat
1597 2300 1634 2326 illi
1659 2300 1710 2325 int—

922 2348 1049 2380 mundus,
1066 2354 1147 2383 atque
1168 2348 1345 2376 exsecrabilis
1363 2348 1455 2381 refuga
1480 2347 1614 2379 diabolus,
1630 2354 1710 2381 quem

921 2403 972 2422 nec
1001 2395 1087 2422 sancti
1113 2395 1201 2430 angeli
1233 2395 1342 2429 dignum
1361 2394 1462 2421 habent
1486 2402 1535 2421 suo
1559 2391 1711 2427 colloquio?

922 2440 1006 2474 Cujus
1031 2439 1249 2473 conjunctione-tn
1278 2440 1368 2467 nttlltts
1393 2444 1550 2466 sanctorum
1578 2438 1709 2471 suscepit,

892 2497 894 2499 ·
924 2494 1010 2521 neque
1026 2486 1165 2520 amplexus
1181 2486 1242 2513 est?
1259 2486 1335 2520 Quod
1353 2485 1452 2513 claruit
1480 2486 1506 2511 in
1533 2484 1612 2512 beato
1627 2483 1712 2510 Paulo

923 2537 950 2560 et
965 2531 1032 2564 Sila,
1050 2532 1149 2566 quibus
1166 2532 1243 2559 valde
1262 2531 1405 2559 ntolestum
1429 2530 1479 2557 fuit
1495 2532 1565 2564 (μινυς
1589 2530 1712 2557 diabolus

922 2586 971 2614 per
989 2578 1062 2605 illius
1083 2579 1230 2605 divinantis
1247 2578 1341 2612 puella:
1361 2585 1393 2604 os
1417 2577 1444 2604 in
1462 2576 1652 2611 Philippenses
1668 2583 1712 2603 se-

924 2629 1038 2658 quentes
1060 2631 1107 2651 eos
1128 2625 1299 2656 clamaverit,
1319 2629 1461 2658 usquequo
1491 2630 1543 2649 ttott
1573 2623 1713 2649 sustinens

923 2672 1024 2700 Paulus
1037 2670 1170 2700 confusus
1183 2670 1250 2697 illud
1269 2669 1432 2697 daamonium
1450 2667 1564 2704 pepulit.
1578 2667 1711 2695 Omnibus

926 2718 1018 2752 itaque
1041 2716 1129 2744 modis
1151 2715 1359 2751 comprobatum
1379 2719 1435 2748 est,
1459 2714 1522 2749 quia
1545 2712 1671 2740 diabolus
1696 2720 1711 2738 a

924 2764 1028 2791 sanctis
1052 2763 1147 2798 pulsus
1171 2767 1226 2794 est,
1247 2766 1330 2796 atque
1354 2767 1510 2789 sanctorum
1538 2758 1712 2794 praesentiam

936 2812 959 2829 ⁷⁸
979 2811 1050 2839 Psal.
1070 2818 1148 2844 χχιιι,
1166 2811 1191 2837 7.
1224 2810 1246 2827 ⁷⁹
1262 2809 1312 2838 lsa.
1340 2816 1414 2842 xxvr,
1429 2809 1472 2836 to.
1512 2807 1534 2823 ⁸ο
1548 2806 1619 2834 Psal.
1645 2814 1663 2838 t,
1682 2804 1710 2832 4.
