1904 3076
197 133 250 163 ιθδ

737 130 739 133 ⁴
760 130 952 159 ANONYMUS
970 130 1005 158 ΙΝ
1023 129 1094 158 JOB.
1114 145 1148 150 -—~
1167 129 1232 158 LIB.
1250 129 1271 157 1.

1769 127 1822 156 404

199 202 252 222 non
280 193 425 225 sustinuit.
441 192 507 220 'sive
527 190 703 226 angelorum,
727 190 786 217 sive
815 190 954 217 hominum
972 198 979 216 :
998 190 1060 219 Ain
1084 189 1190 223 spiritu,
1217 192 1310 223 utpote
1337 193 1390 214 non
1415 184 1546 218 carnalia,
1569 185 1616 213 sed
1641 184 1775 220 spiritalia
1793 185 1820 211 iu

197 241 283 268 multo
301 239 386 273 magis
407 239 553 266 terribilem
577 238 623 264 Dei
645 238 814 272 prmsentiam
832 244 884 263 non
897 236 981 263 susti-

197 286 282 317 nebit,
300 291 388 319 neque
412 288 475 310 ante
496 283 643 318 gloriosam
670 282 716 309 Dei
744 282 841 309 faciem
860 282 977 309 accedet.

197 331 226 358 Si
244 331 316 358 enim
329 337 389 357 cum
404 329 437 356 ad
456 333 542 356 terras
556 329 662 355 veniret
676 327 853 361 Unigenitus,
870 326 982 353 Deitatis

199 377 225 403 in
247 383 277 404 se
298 375 425 403 virtutem
451 379 532 408 atque
557 381 697 401 accessum
716 381 769 400 non
787 373 934 403 sustinens,
948 379 982 398 ne

197 425 380 455 torqueretur,
397 419 503 453 rogavit
518 427 524 445 :
542 420 677 454 quomodo
699 418 732 445 ad
749 418 982 452 incorruptionem

197 466 340 498 accedens,
355 470 420 492 ante
434 465 507 491 illam
522 463 724 491 intolerabilem
737 468 819 498 atque
833 463 982 490 inaccessi-

198 511 278 539 bilcm
307 511 353 538 Dei
377 509 478 538 faciem
500 509 592 541 stabit,
610 513 638 536 et
661 516 754 536 vocem
768 508 914 535 verborum
932 515 982 535 au-

197 557 286 589 diens,
301 563 462 591 responsum
481 560 562 591 atque
575 555 782 591 replicationem
796 555 890 583 dabit?
907 555 983 588 Quod

196 609 239 630 est
251 603 378 630 omnibus
395 602 482 629 modis
495 607 523 629 et
540 603 674 633 illicitum,
687 607 713 628 et
728 601 903 636 impossibile.
919 601 984 628 Post

197 657 258 684 quae
276 649 444 681 universa,o
459 650 549 680 amici.
567 655 597 676 ut
619 649 745 683 superius
765 648 832 680 dixi,
851 648 985 682 intelliga-

198 702 259 722 mus
273 694 354 722 verba
367 698 469 722 sanctae
483 694 642 729 Scriptura}.

235 739 348 767 Venisse
367 739 489 767 diabolus
513 739 616 767 dicitur
642 744 705 767 ante
730 739 825 771 Deum,
838 744 867 765 et
879 739 985 766 audisse

200 794 214 812 a
235 785 300 817 Deo,
319 790 347 812 et
369 785 541 820 respondisse
566 785 633 817 Deo,
649 792 703 812 non
723 785 792 818 quod
812 785 946 820 malignus
959 788 986 812 et

199 831 354 858 immundus
374 835 457 865 atque
483 830 644 858 tenebrosus
661 830 786 858 diabolus
807 830 876 858 facie
889 831 922 857 ad
945 830 985 857 fa-

197 875 266 902 ciem
286 876 392 903 steterit
407 880 470 903 ante
492 876 586 903 Deum.
608 876 708 903 Absit:
725 876 786 910 quis
811 876 883 903 enim
901 877 985 904 durtts

198 922 311 950 effectus
336 923 483 955 sustineat,
500 922 598 957 inquit,
620 923 792 957 praesentiam
808 922 884 956 ejus?
903 922 986 950 Paulo

199 974 257 1002 post
270 969 295 994 in
309 968 404 995 eodem
417 968 497 1000 libro,
517 968 568 995 hoc
584 973 637 1001 est,
651 968 712 1002 quis
726 968 812 995 durus
825 968 936 996 etl‘ectus
952 968 987 996 ad

200 1022 251 1042 non
275 1013 472 1047 paenitendum,
495 1014 620 1041 timorem
648 1019 730 1048 atque
756 1014 884 1041 virtutem
901 1013 988 1042 susti-

199 1064 262 1087 neat
286 1059 375 1086 vultus
395 1059 474 1094 ejus?
497 1059 571 1093 Ideo,
590 1063 620 1086 ut
641 1060 766 1094 superius
788 1060 917 1092 diximus,
933 1066 987 1086 non

200 1107 226 1133 in
244 1113 358 1141 persona
372 1107 447 1132 venit
469 1105 655 1140 nequissimus
672 1106 799 1133 diabolus
809 1111 874 1133 ante
889 1106 986 1138 Deum,

199 1154 247 1180 sed
268 1152 403 1184 consiliis,
417 1156 445 1178 et
459 1151 682 1186 cogitationibus.
697 1156 780 1186 atque
793 1151 920 1187 nequitiae
932 1159 988 1179 sure

201 1197 420 1225 meditationibus
434 1205 440 1222 :
453 1201 481 1224 et
504 1204 564 1230 qua:
579 1197 708 1231 cogitavit
720 1199 754 1225 de
769 1205 812 1230 eo,
830 1205 889 1232 quae
905 1198 987 1225 etiam

199 1243 233 1270 de
253 1241 304 1270 Job
330 1242 416 1276 justo,
442 1242 500 1269 hinc
523 1246 657 1269 venerunt
683 1245 747 1269 ante
774 1242 870 1274 Deum,
891 1242 987 1270 horum

200 1289 333 1316 memoria
349 1289 424 1315 venit
446 1288 473 1314 in
493 1293 640 1322 conspectu
666 1288 760 1315 aeterni
776 1288 834 1315 Dei.
854 1287 917 1316 llazc
931 1296 988 1316 me-

201 1343 310 1362 morans
321 1335 428 1370 Moyses
445 1342 576 1369 personas
591 1334 666 1370 ponit
681 1339 763 1368 atque
779 1335 906 1361 ostendit.
924 1334 988 1362 Per-

201 1381 277 1408 sonis
291 1381 388 1416 quibus
398 1380 502 1408 utitur?
517 1380 669 1416 Aliquando
682 1380 851 1415 angelorum,
862 1379 988 1414 aliquan-

201 1428 237 1454 do
254 1427 363 1460 diaboli,
378 1434 575 1461 nonnunquam
595 1431 686 1454 autem
699 1426 757 1458 Dei,
777 1430 806 1452 ut
819 1433 868 1460 per
880 1425 988 1459 signiﬁ-

201 1474 322 1500 cationes
339 1480 516 1508 personarum
539 1479 570 1500 ea
595 1479 657 1506 quae
673 1472 839 1506 contigerint
853 1472 988 1506 designet,

201 1525 229 1547 et
254 1527 315 1554 quae
340 1519 411 1547 facta
443 1524 505 1547 sunt
528 1518 694 1546 manifestet.
726 1518 847 1551 Quorum
878 1518 989 1546 evidens

202 1565 355 1600 exemplum
385 1565 412 1592 in
441 1565 519 1593 nobis
551 1564 742 1600 reperimus,o
771 1564 862 1591 amici.
878 1563 943 1591 Nam
961 1569 989 1591 et

203 1612 359 1646 frequenter
371 1610 497 1638 sensibus
511 1610 612 1638 nostris
627 1610 674 1637 illo
695 1610 843 1645 pergimus,
859 1609 902 1637 ubi
919 1617 989 1636 nun-

200 1665 284 1693 quam
300 1665 415 1692 corpore
432 1661 582 1692 praesentes
603 1656 713 1688 fuimus,
726 1657 784 1684 sive
800 1656 826 1683 in
841 1656 939 1683 ctutum
955 1656 989 1682 ad

202 1703 300 1736 Deum,
314 1704 372 1731 sive
385 1704 411 1730 in
426 1708 526 1730 terram
544 1703 577 1730 ad
600 1703 734 1730 homines.
751 1703 828 1738 Saepe
842 1703 875 1730 ad
891 1703 989 1730 absen-

205 1755 246 1777 tes
255 1749 392 1785 'tanquam
410 1750 442 1776 ad
463 1754 614 1785 praesentes
635 1749 786 1784 loquimur,
802 1753 829 1776 et
849 1749 990 1784 cogitatio-

203 1797 284 1824 nibus
299 1796 400 1824 nostris
414 1801 475 1823 cum
488 1795 541 1823 illis
553 1795 599 1830 qui
615 1795 692 1823 valde
708 1796 786 1831 longe
802 1800 866 1823 sunt
879 1801 989 1823 conten-

201 1843 302 1876 dimus,
317 1849 345 1870 et
360 1843 537 1875 altercamur,
552 1847 690 1870 certamus
707 1850 815 1877 quoque
827 1847 855 1870 et
875 1843 990 1878 replica-

202 1896 276 1922 mus,
298 1893 325 1916 et
341 1896 376 1916 ex
401 1888 507 1915 illorum
531 1896 647 1923 persona
670 1889 880 1921 controversias,
908 1893 990 1923 atque

204 1935 405 1970 replicationes,
419 1935 498 1963 nobis
515 1935 582 1970 ipsis
598 1935 722 1962 facimus.
739 1934 815 1970 Smpe
826 1936 908 1962 etiam
921 1940 949 1963 et
964 1936 989 1963 in

203 1981 303 2010 canum
328 1982 362 2009 ad
383 1981 466 2008 Deum
490 1981 666 2008 ascendimus
684 1987 712 2008 et
727 1986 858 2015 tanquam
883 1981 910 2008 in
924 1989 991 2009 con-

204 2034 301 2063 spectu
320 2028 366 2055 Dei
380 2028 407 2055 in
424 2027 540 2056 excelsis
555 2027 638 2054 animi
652 2027 769 2060 visione,
785 2032 867 2062 atque
878 2027 991 2061 spiritus

203 2073 358 2102 elevatione
373 2080 488 2106 stamus,
504 2078 532 2102 et
547 2076 580 2101 ad
598 2074 681 2100 Deum
702 2073 851 2108 loquimur,
863 2078 890 2101 et
907 2081 921 2099 a
937 2073 991 2100 Deo

204 2122 338 2152 audimus,
353 2126 435 2156 atque
451 2121 506 2148 Deo
519 2127 677 2155 responsum
694 2120 799 2147 damus.
813 2119 845 2147 Et
858 2120 915 2148 haec
928 2120 991 2147 uni-

204 2174 285 2194 versa
300 2167 415 2193 dicimus
438 2166 526 2193 adhuc
547 2166 573 2192 in
592 2172 707 2200 corpore
721 2165 813 2200 positi,
827 2169 910 2199 atque
929 2172 992 2192 car-

1031 235 1104 262 omni
1130 240 1252 270 tempore
1277 235 1440 270 cogitantes,
1459 239 1587 268 tanquam
1603 235 1676 260 inter
1694 232 1821 260 homines

1032 290 1114 316 super
1129 286 1229 308 terram
1244 282 1305 312 visi,
1321 281 1404 307 animi
1423 288 1488 307 vero
1503 279 1594 306 studio
1612 284 1675 306 ante
1690 279 1776 306 Deum
1792 279 1819 305 in

1032 328 1102 356 coelo
1120 327 1204 354 fuisse
1218 326 1395 361 comprobati.
1414 325 1549 359 Ejusmodi
1568 324 1660 352 dicunt
1672 331 1736 351 cum
1753 323 1820 349 fidu-

1032 374 1096 402 cia:
1111 373 1258 404 Habitatio,
1272 372 1313 400 vel
1321 371 1484 398 conuersatio
1499 375 1590 398 nostra
1606 370 1635 397 in
1650 370 1722 396 caelis
1736 373 1776 396 est
1787 369 1819 395 ".

1034 420 1064 447 Si
1080 420 1162 455 igitur
1175 419 1299 446 homines
1315 425 1398 445 carne
1419 417 1518 450 induti,
1533 421 1562 444 et
1573 416 1753 451 corruptione
1768 415 1823 442 eir-

1033 464 1153 492 cumdati
1170 463 1198 491 in
1210 464 1287 491 costis
1299 469 1363 491 ante
1378 463 1462 490 Deum
1477 467 1549 489 stare
1563 466 1591 489 et
1605 468 1667 489 esse
1683 461 1822 493 dicuntur,

1034 519 1087 538 non
1103 514 1197 537 natura
1212 509 1277 536 illuc
1287 508 1415 544 profecti,
1426 508 1474 535 sed
1484 508 1625 535 voluntate
1637 511 1666 534 et
1672 505 1822 538 desiderio,

1035 557 1119 584 animi
1135 556 1310 584 meditatione
1318 556 1418 589 evecti,
1433 555 1497 590 quid
1514 561 1641 589 magnum
1658 554 1681 581 si
1698 553 1823 580 diabolus

1034 611 1096 630 cum
1109 602 1145 630 sit
1158 602 1269 637 spiritus
1281 607 1309 629 et
1322 601 1565 635 incorruptibiliter
1575 607 1666 627 aerem
1681 604 1824 635 pertrans-

1035 649 1093 676 ieus
1113 653 1141 675 et
1161 648 1283 683 pelagus,
1302 651 1364 676 ante
1391 647 1474 674 Deum
1497 646 1604 673 venisse
1626 644 1746 671 dicitur?
1766 643 1824 671 Non

1035 692 1107 726 quod
1119 692 1175 725 ipse
1189 692 1273 722 venit.
1285 691 1333 719 sed
1354 696 1485 718 venerunt
1497 689 1664 717 immortales
1680 689 1825 723 cogitatiov

1035 745 1084 765 nes
1094 737 1152 772 ejus
1165 747 1172 764 :
1190 742 1270 772 atque
1285 737 1459 772 nequissima!
1473 735 1652 771 cogitationes
1669 735 1740 769 ejus.
1759 734 1824 760 Nam

1035 785 1107 811 sicut
1121 784 1154 810 ad
1166 783 1321 812 Cornelium
1334 783 1436 811 dictum
1452 783 1485 810 de
1498 782 1576 810 bonis
1589 789 1598 808 :
1611 781 1755 808 Orationes
1773 785 1825 807 tua

1037 837 1060 858 et
1077 831 1245 865 elecmosymz
1261 834 1313 857 tua:
1326 829 1534 856 ascettderuntin
1546 828 1699 855 memoriam
1717 828 1745 854 in
1761 835 1824 854 con-

1037 883 1127 912 speclu
1154 877 1258 909 Deis",
1275 877 1316 904 sic
1330 876 1469 904 etdictum
1483 879 1526 902 est
1550 874 1657 902 diabolo
1679 874 1713 901 de
1735 873 1825 905 malis,

1038 923 1224 957 malignitates
1239 928 1292 950 tuae
1314 927 1396 957 atque
1414 922 1571 956 iniquitates
1595 920 1781 948 ascenderunt
1800 919 1825 946 in

1038 970 1200 997 memoriam
1224 969 1250 996 iu
1277 973 1425 1003 conspectu
1445 967 1504 994 Dei.
1529 966 1672 1000 Quomodo
1695 966 1828 993 ascende-

1038 1016 1119 1043 runt?
1138 1016 1160 1043 A
1175 1015 1278 1043 sanctis
1290 1015 1395 1049 angelis
1407 1014 1514 1041 oblatae.
1533 1013 1611 1041 Sicut
1622 1013 1695 1039 enim
1707 1012 1827 1040 oil'erunt

1037 1062 1124 1089 sancti
1148 1062 1236 1096 angeli
1261 1060 1580 1094 memoriamjustorum,
1599 1065 1680 1094 atque
1690 1059 1827 1094 iustifica-

1039 1107 1128 1135 tiones
1151 1115 1245 1134 eorum
1270 1112 1333 1134 ante
1359 1106 1466 1134 Deum:
1485 1106 1526 1133 sic
1549 1106 1676 1133 similiter
1701 1104 1828 1134 deferunt

1039 1152 1120 1180 iidem
1152 1152 1238 1187 angeli
1263 1152 1420 1179 memoriam
1446 1151 1568 1183 malitiae,
1599 1156 1681 1186 atque
1700 1151 1828 1185 nequitiae

1039 1198 1152 1231 diaboli,
1167 1198 1262 1226 livoris
1277 1205 1384 1233 quoque
1399 1198 1457 1233 ejus
1476 1202 1504 1224 et
1521 1197 1630 1224 invidia:
1644 1205 1726 1232 quam
1746 1197 1828 1224 habet

1039 1244 1112 1271 circa
1144 1248 1254 1271 sanctos
1278 1243 1304 1270 in
1331 1247 1478 1277 conspectu
1510 1241 1641 1269 terribilis
1664 1241 1725 1269 Dei.
1750 1242 1828 1275 Quod

1039 1295 1129 1317 autem
1145 1288 1263 1317 otl'eruut
1277 1288 1387 1323 gloriosi
1401 1288 1488 1323 angeli
1507 1288 1533 1315 in
1550 1292 1698 1322 conspectu
1717 1288 1827 1315 Domini

1040 1336 1098 1363 hate
1115 1336 1254 1368 universa,
1272 1335 1319 1362 Dei
1345 1335 1465 1369 Raphael
1486 1335 1597 1361 nuntius
1614 1335 1691 1361 testis
1708 1340 1762 1366 est,
1781 1335 1827 1368 qni

1040 1383 1147 1410 locutus
1163 1386 1206 1410 est
1227 1381 1260 1408 ad
1284 1381 1396 1409 Tobiam
1417 1382 1513 1409 dicens
1528 1388 1536 1407 :
1551 1380 1617 1407 Cum
1634 1388 1726 1407 orares
1753 1385 1828 1411 tu.et

1040 1429 1111 1456 Sara
1126 1429 1183 1463 filia
1204 1428 1340 1463 Raguelis,
1357 1436 1404 1462 ego
1420 1427 1503 1454 obtuli
1520 1427 1674 1454 memoriam
1698 1426 1829 1454 orationis

1040 1481 1145 1507 ventris,
1168 1480 1191 1502 et
1212 1475 1329 1509 legitima
1348 1474 1405 1509 ejus
1424 1475 1451 1501 in
1466 1479 1605 1508 conspectu
1627 1473 1719 1508 gloritz
1735 1473 1785 1500 Dei
1793 1473 1827 1500 ".

1041 1520 1166 1548 Otl'erunt
1189 1520 1366 1547 nihilominus
1389 1520 1477 1547 sancti
1503 1519 1593 1555 angeli
1611 1519 1658 1546 Dei
1681 1526 1734 1546 non
1748 1519 1828 1554 quasi

1043 1567 1149 1594 nesciat
1168 1567 1190 1594 is
1205 1566 1250 1601 qui
1278 1566 1370 1594 omnia
1390 1566 1466 1594 novit
1479 1571 1624 1601 antequam
1643 1565 1720 1597 ﬁant,
1738 1566 1787 1593 sed
1801 1570 1830 1592 ut

1044 1619 1126 1641 testes
1138 1613 1292 1640 eiliciantur
1303 1612 1460 1640 sanctitatis
1471 1617 1552 1646 atque
1564 1612 1673 1646 pietatis
1681 1611 1828 1646 justorum.

1044 1660 1143 1686 lterum
1160 1664 1288 1693 tauquam
1302 1657 1430 1686 deﬂeutcs
1448 1658 1613 1692 itnpietales,
1627 1663 1708 1692 atque
1721 1657 1827 1691 injusti-

1045 1706 1095 1732 tias
1122 1705 1299 1739 injustorum,
1331 1709 1378 1731 aut
1405 1704 1487 1731 etiam
1517 1704 1602 1738 ipsius
1623 1703 1737 1731 diaboli.
1768 1703 1831 1730 llaec

1044 1758 1163 1785 namque
1191 1750 1381 1777 demonstrans
1404 1754 1486 1784 atque
1509 1749 1667 1784 signiﬁcans
1697 1749 1830 1776 Dominus

1044 1797 1112 1825 dicit
1128 1798 1161 1824 de
1182 1796 1235 1824 illis
1251 1796 1329 1823 bonis
1342 1797 1428 1823 servis
1443 1796 1507 1830 (hoc
1521 1800 1562 1823 est
1574 1795 1608 1822 de
1620 1794 1754 1830 angelis):
1776 1794 1826 1821 γε.

1044 1845 1142 1870 uienles
1163 1848 1250 1869 autem
1268 1842 1455 1869 nuntiaverunt
1469 1843 1574 1869 demitto
1596 1850 1645 1869 suo
1665 1841 1756 1868 omnia
1772 1849 1831 1876 qua:

1044 1891 1116 1925 facta
1128 1891 1232 1924 fuerant
1248 1889 1294 1917 "2

1081 1937 1126 1964 Sic
1149 1937 1242 1972 itaque
1261 1937 1416 1965 omnimode
1436 1941 1575 1963 ostensum
1591 1941 1644 1967 est,
1659 1939 1686 1963 et
1700 1943 1750 1970 per
1765 1942 1831 1962 san-

1045 1989 1150 2011 ctorum
1175 1984 1269 2016 verba,
1295 1987 1377 2018 atque
1398 1982 1538 2014 historias,
1551 1987 1578 2009 et
1602 1989 1650 2016 per
1672 1981 1830 2016 angelorum

1045 2030 1127 2062 dicta,
1140 2030 1204 2064 quia
1227 2037 1281 2056 non
1302 2037 1419 2064 persona
1431 2036 1478 2055 sua
1495 2028 1539 2054 illa
1553 2035 1634 2059 satva,
1649 2027 1764 2059 crudeli,
1782 2028 1832 2054 ob-

1045 2083 1138 2109 scena,
1166 2080 1248 2110 atque
1275 2075 1448 2105 exsecrabili,
1465 2074 1607 2101 tenebrosa
1623 2080 1732 2108 quoque
1745 2077 1832 2108 atque

1045 2121 1230 2153 abominabili,
1253 2121 1360 2148 venerit
1383 2121 1507 2148 diabolus
1534 2120 1560 2147 in
1581 2123 1728 2154 conspectu
1741 2120 1830 2146 sancti

1045 2175 1077 2196 ac
1092 2167 1201 2203 gloriosi
1217 2167 1276 2199 Dei,
1293 2168 1340 2195 sed
1361 2166 1487 2201 nequitia:
1505 2166 1680 2198 revelatione,
1697 2166 1744 2194 sed
1763 2167 1831 2193 livo-

205 2214 248 2241 nis
261 2213 436 2247 corruptione
452 2219 534 2247 super
547 2217 647 2239 terram
662 2213 834 2239 circumdati.
848 2212 925 2245 Quod
940 2220 990 2239 au-
1006 2221 1029 2249 ι)
1047 2215 1084 2241 ris
1096 2219 1179 2248 atque
1193 2213 1302 2240 invidiae
1324 2213 1532 2248 approbatione,
1547 2217 1576 2239 et
1590 2212 1731 2247 iniustitiae
1743 2212 1832 2239 incre-

207 2265 261 2286 tem
278 2259 315 2285 ita
330 2259 377 2289 sit,
393 2263 493 2285 norunt
508 2259 526 2286 ii
540 2259 586 2293 qui
608 2259 708 2286 sinceri
731 2264 796 2285 sunt
810 2258 882 2285 circa
896 2258 992 2290 Deum,

207 2305 247 2332 illi
261 2305 307 2339 qui
322 2304 422 2331 animis
432 2304 489 2331 suis
501 2305 534 2332 ad
547 2304 766 2339 incorruptibilia
783 2309 866 2338 atque
882 2303 990 2331 excelsa

207 2358 316 2385 semper
329 2350 481 2377 intendunt.
491 2350 537 2378 Sic
553 2350 658 2377 locutus
674 2354 715 2377 est
727 2351 760 2377 ad
776 2350 860 2376 Deum
876 2349 993 2384 Moyses,

207 2397 319 2431 quando
336 2396 474 2431 respondit
490 2395 528 2423 illi
541 2396 611 2423 Deus
624 2397 719 2424 dicens
733 2405 740 2423 :
757 2395 827 2428 Quid
848 2396 947 2422 clamas
959 2396 993 2421 ad

207 2451 249 2470 me
259 2443 301 2469 "2'
315 2442 361 2469 Sic
378 2442 453 2469 stetit
467 2446 530 2469 ante
552 2442 636 2469 Deum
652 2442 726 2469 Elias
738 2449 798 2469 cum
813 2442 927 2474 diceret,
947 2440 992 2468 Vi-

208 2491 244 2517 uit
261 2489 389 2516 Dominus
407 2489 449 2515 cui
465 2493 523 2515 asto
544 2488 571 2514 in
595 2493 734 2522 conspectu
754 2488 811 2522 ejus
822 2488 856 2515 ".
882 2487 916 2514 Et
947 2487 992 2514 alii

208 2534 423 2562 innumerabiles
450 2534 632 2562 ostenduntur
660 2541 692 2560 ex
721 2533 879 2568 Scripturis,
902 2536 930 2560 et
958 2533 993 2559 ad

208 2583 293 2610 Deum
320 2581 403 2609 locuti
427 2581 522 2613 fuisse,
536 2585 564 2608 et
580 2588 594 2607 a
608 2580 707 2607 saeculo
719 2581 838 2612 audisse,
849 2585 877 2607 et
893 2579 990 2607 identi-

209 2630 271 2657 dem
280 2629 336 2656 Deo
353 2628 535 2660 respondisse,
550 2634 604 2654 non
615 2634 732 2662 corpore
743 2631 832 2654 tamen
850 2627 877 2654 in
892 2625 994 2654 coelum

209 2675 239 2702 in
265 2678 414 2710 conspectu
433 2674 481 2701 Dei
503 2673 673 2706 ascendisse,
690 2673 738 2700 sed
760 2672 874 2708 spiritali
897 2671 995 2699 animae

211 2721 368 2748 sinceritate
385 2724 449 2747 ante
461 2719 546 2747 Deum
559 2719 676 2751 venisse.
689 2719 770 2746 Tales
786 2719 896 2746 fuerunt
908 2718 945 2745 illi
962 2718 996 2746 ad

213 2774 279 2800 quos
295 2767 358 2794 dicit
380 2766 553 2800 Apostolus“
569 2776 576 2794 :
595 2765 646 2793 Vos
661 2774 712 2793 non
727 2766 790 2792 cui;
806 2766 833 2791 in
844 2773 932 2796 carne,
952 2765 996 2791 sed

246 2814 270 2830 "
284 2815 368 2842 Exod.
388 2823 443 2850 xtv,
463 2815 506 2841 lii.
548 2814 571 2830 ⁸³
584 2812 696 2850 ιιιβεε.
709 2821 791 2850 avni,
809 2813 852 2839 i5.
929 2812 996 2841 Rom

215 2857 263 2879 tut,
284 2849 325 2876 ta.
363 2850 396 2865 ’λίπ’
423 2849 516 2877 Matth.
535 2857 612 2883 xviii,
625 2847 683 2876 ΜΓ
706 2849 727 2865 ⁸⁷
742 2847 796 2875 Jer.
814 2855 869 2880 nv,
886 2848 927 2874 l0.

1001 2832 1007 2840 .
1023 2820 1083 2846 vtu,
1097 2813 1125 2841 9.
1162 2813 1184 2829 ⁸·
1198 2812 1315 2848 Philipp.
1335 2819 1377 2846 tu,
1388 2811 1434 2840 20.

1044 2259 1164 2295 patione,
1179 2259 1333 2292 iniquarum
1348 2257 1526 2285 nihilominus
1536 2262 1564 2285 et
1575 2257 1832 2292 malignissimarum

1045 2305 1239 2341 cogitationum
1258 2304 1482 2333 manifestatione
1498 2308 1580 2339 atque
1591 2302 1831 2331 commemoratio-

1047 2359 1090 2380 ne.
1107 2351 1209 2379 Horum
1228 2352 1333 2379 scilicet
1357 2353 1477 2380 omnium
1504 2351 1730 2379 commemoratio
1750 2356 1835 2384 asque

1047 2397 1177 2426 memoria
1191 2399 1264 2425 venit
1283 2399 1310 2425 in
1335 2404 1481 2433 conspectu
1498 2398 1556 2426 Dei.
1574 2398 1620 2425 Sic
1632 2403 1749 2432 namque
1766 2397 1834 2424 dicit

1046 2449 1108 2480 post
1123 2444 1181 2472 haec
1194 2453 1200 2471 :
1213 2444 1291 2471 Nam:
1319 2445 1476 2471 recordabar
1503 2444 1667 2478 impietatum
1686 2450 1790 2474 eorum,
1808 2447 1834 2468 et

1046 2490 1182 2517 vindicabo
1195 2495 1302 2524 peccata
1320 2490 1425 2517 illorum
1444 2489 1477 2522 ⁸⁷,
1489 2497 1543 2516 non
1557 2489 1634 2523 quasi
1648 2488 1748 2515 oblitus
1761 2495 1834 2516 nunc

1046 2536 1217 2567 recordetur,
1243 2536 1292 2563 sed
1313 2534 1376 2570 quia
1402 2543 1473 2562 nunc
1488 2535 1627 2562 vindicare
1639 2533 1834 2568 justejudica-

1046 2581 1128 2608 verit.
1158 2580 1239 2608 Juxta
1263 2581 1314 2608 hoc
1340 2580 1427 2615 ipsum
1445 2579 1598 2614 exemplum
1628 2586 1701 2606 nunc
1728 2578 1834 2605 venisse

1049 2626 1149 2654 dicitur
1169 2626 1196 2653 in
1219 2630 1366 2660 conspectu
1391 2625 1439 2653 Dei
1463 2625 1600 2658 diabolus,
1617 2632 1669 2652 non
1693 2625 1767 2660 quod
1786 2632 1834 2651 ne-

1048 2672 1196 2708 quissimus
1224 2671 1268 2699 ille
1288 2672 1393 2700 venerit
1410 2672 1438 2699 in
1461 2676 1609 2706 conspectu
1633 2671 1696 2699 boni
1707 2670 1768 2702 Dei,
1785 2672 1834 2698 sed

1049 2718 1128 2754 quasi
1158 2718 1338 2753 cogitationes
1363 2716 1423 2751 ejus
1452 2717 1576 2746 crudeles
1601 2724 1634 2743 ac
1659 2715 1835 2750 nequissima:

1050 2764 1174 2791 venerint
1196 2764 1223 2791 in
1249 2764 1409 2790 metnoriam
1434 2763 1460 2789 in
1484 2766 1627 2796 conspectu
1644 2761 1701 2789 Dei.
1720 2761 1781 2787 llaec
1795 2761 1837 2787 ni-

1473 2810 1505 2827 "‘
1520 2811 1580 2839 Act.
1596 2818 1623 2845 ι,
1636 2809 1680 2838 5i.
1724 2809 1746 2825 "
1765 2809 1833 2838 Τοῦ.
