1904 3076
81 116 133 144 405

646 118 834 164 ΑΝολλξγΜυε
852 118 884 147 lN
903 118 973 147 JOB.
993 134 1027 140 —
1044 119 1108 147 LIB.
1125 119 1146 146 Ι.

1652 116 1704 143 4υῦ

83 175 181 203 mirum
200 174 394 201 demonstrans
411 174 437 201 in
455 175 505 202 hac
526 175 666 210 Scriptura
685 177 808 210 personis
822 176 874 204 uti—
888 178 912 206 Δ
926 177 970 204 tiae
985 177 1053 212 ejus,
1069 182 1151 210 atque
1173 175 1349 209 correptione
1370 174 1507 209 iniustitia:
1532 174 1613 203 illius.
1635 173 1705 201 Nam

84 225 136 252 tar,
155 224 183 247 et
207 228 402 254 nonnunquam
427 228 460 247 ex
487 220 601 248 adverso
623 222 674 248 sibi
693 221 807 249 invicem
825 229 872 249 eas

84 271 205 306 statuens
235 266 325 292 dicit:
349 264 479 292 Venerunt
511 266 600 300 angeli
628 271 656 293 ut
683 272 782 294 starent
809 272 871 294 ante

85 313 176 343 Deum,
190 317 214 338 et
231 311 356 339 diabolus
377 313 447 339 venit
463 320 521 339 cum
534 312 589 339 illis
609 318 637 339 ut
652 317 733 340 staret
745 314 799 346 ipse
811 319 872 341 ante

84 359 164 385 Deum
172 357 220 386 ⁸⁷⁸.
243 357 307 384 llaec
320 361 409 384 atttem
421 357 456 384 ob
475 357 525 384 hoc
538 357 605 384 dicit
619 361 647 384 ut
660 357 758 385 diaboli
775 358 872 393 iniqui—

85 410 162 431 tatem
181 404 371 438 redargueret,
388 407 415 430 et
429 402 480 430 Job
510 403 681 430 tolerantiam
705 404 871 436 ostenderet,

85 455 111 477 ct
133 449 180 476 Dei
201 449 340 482 justitiam
360 449 560 476 demonstraret
578 457 585 475 :
606 448 870 484 Venerunt,.inquit,

84 496 165 530 angeli
184 495 235 522 Dei
256 500 284 522 ut
307 499 407 521 starent
427 501 488 520 ante
505 493 599 521 Deum.
618 492 759 521 Venerunt
781 499 872 529 utpote

85 541 168 569 sancti
196 548 230 568 ac
261 541 384 576 gloriosi,
414 545 506 575 utpote
529 541 702 568 sanctissima
728 540 775 568 Dei
801 540 871 568 facie

88 588 153 621 ligni
169 586 270 615 habiti.
294 586 432 614 Venerunt
455 586 543 621 angeli
561 592 717 614 sanctorum
732 586 870 616 Sanctitati

90 633 215 664 tttestari,
233 632 373 667 justorum
397 632 520 660 diversas
544 640 575 660 ac
595 633 684 660 varias
701 633 826 665 virtutes,
843 637 871 660 et

86 686 172 706 coram
188 677 246 705 Deo
258 678 449 705 demonstrare
461 687 472 705 εΔ
485 677 680 706 Melchisedech
696 679 750 707 Deo
761 680 870 713 dignum

89 725 273 752 sacerdotium
301 732 309 751 :
335 724 451 751 Abraha:
476 724 641 752 immobilem
674 726 765 757 fidem,
797 725 871 752 Isaac

87 777 162 795 uiuum
184 769 356 804 eonjugium,
376 768 457 795 Israel
481 770 572 796 cordis
597 770 754 804 puritatem,
770 770 870 805 Joscph

87 815 249 847 castitatem,
270 814 353 849 llloysi
370 815 614 847 mansuetudinem,
625 815 758 849 justitiam
771 816 822 844 Job
839 824 870 844 ac

87 860 129 888 Dei
144 860 290 887 culturam.
310 860 372 886 Istis
392 867 508 894 namque
526 862 691 894 temporibus
704 866 762 888 erat
775 862 868 888 beatus

86 905 141 935 Job.
157 906 210 933 Ista
224 906 318 940 itaque
334 905 466 938 confiteri,
483 913 515 933 ac
535 907 666 941 profiteri,
681 912 762 941 atque
776 908 869 934 testiﬁ-

89 951 151 982 cari,
166 956 204 983 et,
221 956 252 977 ut
269 951 306 977 ita
323 950 423 982 dicam,
438 950 470 977 de
493 951 551 978 istis
575 951 684 986 gloriari
706 959 798 979 coram
816 952 870 979 Deo

89 1000 216 1022 venerunt
239 994 328 1022 sancti
354 995 454 1028 angeli.
483 993 529 1022 Sic
556 999 584 1022 et
607 1003 679 1022 nunc
693 1001 719 1023 et
739 1004 824 1031 usque
842 998 870 1024 in

89 1040 164 1068 finem
178 1041 273 1067 δεῖευιί
288 1040 408 1071 venient,
427 1040 505 1067 unius
524 1040 627 1076 jejunio
648 1049 701 1068 non
718 1042 793 1075 ficto,
807 1042 872 1070 alte-

87 1087 139 1114 rius
155 1085 282 1112 sollicitis
300 1086 481 1118 orationibus,
495 1086 610 1113 alterins
632 1094 706 1120 pura:
734 1087 870 1122 paeniten-

90 1131 129 1158 tia:
142 1136 222 1165 atque
240 1139 294 1158 non
312 1131 446 1158 simulatae
458 1131 540 1163 bono,
556 1131 668 1159 alterius
677 1131 872 1161 sincerissimis

89 1177 275 1211 elecmosynis,
293 1180 320 1204 et
337 1183 487 1211 pauperum
504 1177 690 1212 largitatibus,
709 1186 740 1205 ac
755 1179 870 1206 misera-

92 1222 204 1249 tionibus
216 1222 419 1250 instantissime
433 1223 460 1249 in
474 1228 621 1257 conspectu
635 1222 681 1250 Dei
696 1228 870 1252 attestantes.

89 1267 135 1295 Pro
168 1267 210 1296 bis
241 1269 352 1303 inquam
380 1269 505 1296 omnibus
534 1273 684 1301 venerunt,
713 1274 740 1297 et
764 1270 873 1298 venient

91 1313 170 1347 angeli
199 1319 262 1340 ante
287 1314 381 1347 Deum,
402 1320 429 1341 et
454 1315 578 1342 diabohts
596 1315 670 1341 venit
685 1323 745 1342 eum
771 1316 826 1344 illis
844 1321 873 1343 ut

90 1365 237 1392 accusaret,
267 1364 297 1386 ut
333 1360 506 1392 detraheret,
531 1365 560 1388 ut
592 1362 818 1397 reprehenderet,
844 1367 873 1389 ut

91 1405 222 1432 mendacio
244 1405 397 1438 simularet,
411 1411 439 1434 ut
457 1412 577 1439 vexaret,
597 1412 626 1434 ut
640 1407 808 1435 luctaretur:
824 1416 872 1436 ve-

91 1450 127 1476 nit
139 1455 164 1478 et
173 1458 243 1479 nunc
263 1456 293 1478 ut
314 1451 448 1486 luctetur,
465 1457 494 1479 ut
519 1452 642 1486 tribulet,
657 1459 686 1480 ut
709 1454 878 1488 persecutio-

923 222 946 250 si
963 223 1006 250 hic
1022 230 1102 257 super
1122 227 1221 249 terram
1236 230 1317 250 nemo
1330 222 1363 249 de
1378 221 1448 248 veris
1465 228 1496 248 ac
1509 220 1590 255 justis
1601 220 1706 255 princi-

922 267 1001 301 pibus
1025 272 1106 300 atque
1125 266 1274 301 judicibus,
1298 266 1460 298 homicidas,
1486 271 1533 292 aut
1559 265 1631 293 fures
1660 269 1706 292 aut

922 312 1004 339 etiam
1031 311 1196 339 facinorosos
1212 311 1330 339 latrones
1347 310 1512 338 confabulari
1536 318 1638 344 secum,
1664 309 1707 338 vel

921 358 1059 386 consiliari
1083 357 1158 391 facit,
1181 364 1215 385 ne
1236 357 1332 384 similis
1353 357 1408 384 illis
1424 356 1562 392 iudicetur
1578 364 1586 384 :
1603 361 1706 391 quanto

921 404 1010 439 magis
1025 404 1116 438 justus
1128 409 1155 431 et
1167 410 1248 431 verus
1260 407 1340 437 atque
1357 402 1487 430 terribilis
1500 402 1580 434 Deus,
1592 401 1705 436 impium

922 449 996 477 illum
1024 449 1169 480 latronem,
1195 454 1278 483 atque
1302 448 1466 475 homicidam
1497 447 1633 475 diabolum
1655 454 1706 482 pro

921 495 1057 530 colloquio
1082 503 1132 522 suo
1155 499 1218 522 ante
1242 494 1388 529 gloriosam
1414 494 1487 520 illam
1513 501 1589 521 suam
1606 493 1704 520 faciem

922 549 1060 576 nunquam
1076 541 1169 568 venire
1181 540 1326 575 permittit,
1339 547 1426 574 neque
1443 539 1493 566 hoc
1512 538 1707 573 amplectitur?

922 588 950 614 Si
965 587 1037 614 enim
1055 594 1115 614 cum
1130 587 1163 615 ad
1184 591 1271 614 terras
1285 586 1390 614 veniret
1404 586 1430 613 in
1447 593 1559 620 corpore
1572 585 1707 620 Unigeni-

923 637 975 664 tus,
995 633 1069 667 loqui
1091 640 1152 660 eum
1173 640 1265 660 coram
1291 639 1320 659 se
1342 639 1396 658 non
1419 631 1554 666 permisit,
1574 631 1621 659 sed
1644 638 1705 658 eum

922 677 1107 713 increpatione
1133 677 1201 705 dixit
1228 677 1261 704 ad
1280 685 1361 705 eum:
1376 677 1536 704 Ccnticcsce
1561 681 1589 704 et
1610 676 1706 704 obmu-

922 729 995 751 tesce
1012 723 1168 758 :quomodo
1193 723 1219 750 in
1247 727 1361 758 aspectu
1385 723 1479 758 gloriae
1503 729 1559 750 sua:
1591 721 1706 750 Deitatis

921 768 1039 803 colloqui
1061 776 1123 796 cum
1147 768 1266 802 maligno
1286 771 1387 795 statuat
1414 767 1533 799 diabolo,
1553 775 1614 794 cum
1642 767 1709 794 dicit

922 815 955 842 ad
979 822 1040 843 eum
1058 819 1085 842 et
1110 814 1266 848 respondet,
1288 817 1315 840 et
1335 820 1494 848 responsum
1516 812 1610 839 audire.
1627 812 1660 839 ab
1675 819 1708 839 eo

922 861 1035 894 patitur,
1048 861 1089 888 vel
1103 859 1248 895 dignatur?
1260 858 1312 886 Sed
1327 858 1396 886 dixit
1411 858 1444 885 ad
1459 857 1595 885 diabolum
1615 858 1707 885 occul-

922 910 947 933 ta
972 906 1166 940 increpatione,
1187 909 1269 939 atque
1302 903 1490 931 conl‘utatione
1513 903 1627 930 occulta:
1648 903 1707 937 ejus

921 952 1113 987 malignitatis,
1132 955 1160 978 et
1178 951 1240 984 zeli,
1268 955 1351 985 atque
1373 950 1498 984 pessimae
1518 949 1712 984 cogitationis..

921 997 987 1025 Nam
1002 1002 1027 1025 et
1044 1004 1114 1032 saepe
1130 997 1271 1031 Scriptura
1286 1003 1317 1023 ea
1332 1003 1391 1030 qua:
1411 1003 1465 1023 non
1488 996 1583 1023 dicunt
1602 995 1706 1022 dixisse

921 1044 997 1075 dicit,
1020 1047 1048 1070 et
1074 1051 1104 1069 ea
1125 1050 1184 1076 quat
1206 1049 1259 1069 non
1284 1041 1399 1068 audiunt
1421 1041 1542 1074 audisse,
1557 1045 1584 1068 et
1598 1047 1629 1067 ea
1646 1047 1706 1074 quas

921 1097 974 1117 non
994 1088 1146 1123 intelligunt
1163 1095 1212 1115 nec
1224 1088 1319 1114 vivunt
1338 1086 1510 1114 infremuisse
1527 1094 1534 1112 :
1552 1086 1622 1113 sicut
1643 1093 1704 1112 cum

922 1135 1001 1162 dicit:
1012 1134 1264 1164 Dixitmaremirtus
1273 1138 1358 1160 autem
1369 1132 1450 1158 maris
1461 1132 1542 1158 dixit:
1553 1131 1705 1163 aut,Terra,

921 1181 984 1207 audi
997 1181 1099 1208 uerbum
1116 1180 1231 1213 Domini,
1247 1179 1298 1211 vel,
1310 1177 1451 1213 Infremuit
1460 1182 1529 1204 terra
1540 1185 1617 1212 super
1627 1177 1704 1203 inha-

922 1227 1035 1254 bitantes
1053 1226 1161 1253 inea".
1182 1225 1354 1252 Manifestum
1380 1230 1497 1258 namque
1521 1227 1562 1250 est
1580 1223 1641 1258 quia
1659 1223 1704 1249 ηεξ

923 1279 974 1306 que
1000 1278 1083 1303 mare,
1106 1277 1193 1305 neque
1211 1270 1299 1297 virtus
1324 1269 1417 1302 maris,
1438 1269 1489 1296 hoc
1512 1273 1552 1295 est
1564 1267 1706 1299 fluctuum,

923 1317 1068 1352 aliquando
1085 1316 1164 1348 dixit,
1181 1315 1222 1343 vel
1237 1315 1325 1343 locuta
1337 1319 1388 1348 est,
1402 1322 1489 1348 neque
1500 1320 1571 1341 terra
1583 1314 1707 1348 aliquan.

923 1364 958 1391 do
973 1362 1087 1394 audivit,
1103 1368 1190 1396 neque
1213 1360 1364 1388 infremuit.
1380 1360 1438 1387 Non
1453 1359 1525 1387 enim
1542 1359 1607 1386 dicit
1620 1365 1708 1394 neque

924 1409 990 1436 vivit
1000 1413 1081 1441 terra,
1096 1415 1155 1435 cum
1165 1407 1200 1434 sit
1209 1407 1366 1438 inanimata,
1377 1405 1423 1433 sed
1435 1412 1494 1433 mos
1506 1410 1546 1432 est
1558 1404 1710 1440 Scriptura.

924 1463 996 1488 rum,
1010 1455 1047 1482 ita
1064 1455 1098 1482 de
1116 1452 1324 1488 quamplurimis
1335 1452 1436 1480 dicere.
1452 1451 1498 1479 Sic
1515 1458 1631 1486 namque
1645 1450 1709 1476 illud

93 1504 163 1529 nem,
186 1503 213 1525 et
230 1497 437 1531 tribulationes,
464 1503 545 1534 atque
572 1499 720 1534 angustias,
741 1504 768 1528 et
789 1500 872 1528 mole-
887 1515 909 1544 α
927 1501 992 1529 dicit
1013 1500 1165 1536 Scriptura,
1189 1499 1259 1534 quod
1285 1499 1356 1526 Deus
1373 1498 1406 1526 ad
1424 1504 1515 1526 cetum
1542 1497 1709 1531 loqueretur.

93 1543 152 1569 stias
170 1543 271 1571 sanctis
292 1551 323 1571 ac
343 1543 423 1578 justis
440 1543 548 1572 excitet.
564 1544 604 1572 Ob
620 1544 671 1571 hoc
687 1552 750 1580 ergo
767 1547 875 1575 venisse

92 1587 182 1615 dicitur
206 1593 335 1623 tanquam
364 1589 474 1623 angelus
491 1590 595 1621 mortis.
615 1595 740 1625 tanquam
764 1595 874 1627 angelus

91 1639 176 1665 poenas
197 1634 331 1668 irrogans,
350 1640 431 1669 atque
445 1641 617 1670 exspectans,
634 1637 742 1670 quando
767 1638 803 1664 illi
828 1639 872 1672 qui

93 1687 163 1713 poma
182 1680 252 1716 digni
277 1686 340 1708 sunt
353 1681 377 1708 ei
396 1681 545 1713 tradantur,
568 1687 594 1709 et
611 1682 772 1717 deputentur
789 1691 874 1718 preme

94 1729 166 1759 atque
194 1726 355 1760 perditioni,
379 1727 450 1754 sicut
467 1726 512 1754 ille
535 1727 568 1755 de
592 1735 646 1762 quo
670 1729 781 1756 dicitur:
809 1729 874 1756 Tra-

93 1770 147 1797 dere
178 1771 329 1806 hujusmodi
363 1771 470 1800 Satamz
506 1773 533 1800 in
563 1774 695 1801 interitum
730 1777 816 1803 carnis
839 1776 871 1809 ⁸⁸,

94 1817 156 1844 sicut
171 1820 250 1846 etiam
274 1820 313 1847 illi
338 1821 371 1848 de
387 1821 485 1855 quibus
507 1821 608 1849 dictum
631 1828 672 1849 est
693 1832 700 1850 :
720 1823 791 1856 Quos
815 1830 872 1851 tra-

94 1863 143 1890 didi
171 1864 288 1898 Satanae,
306 1871 335 1893 ut
354 1867 456 1894 discant
486 1875 537 1895 non
560 1868 738 1903 Marp/temore
749 1870 782 1897 ⁸³.
807 1870 872 1898 0m-

96 1916 137 1936 nes
157 1911 225 1938 enim
249 1911 406 1945 faciuorosi,
432 1912 566 1946 infideles,
588 1913 673 1947 impii,
697 1913 802 1948 injusti,
825 1915 870 1942 isti

96 1962 181 1984 omnes
196 1958 324 1993 malignis
343 1964 426 1993 atque
445 1959 571 1993 pessimis
586 1959 685 1987 diaboli
699 1961 802 1995 angelis
818 1966 871 1988 tra-

96 2000 186 2029 duntur
199 2011 230 2030 ac
246 2003 410 2038 deputantur
424 2003 477 2031 illis
491 2004 525 2031 de
539 2004 640 2038 quibus
656 2004 757 2031 dicitur
770 2013 778 2033 :
796 2004 871 2032 Misit

95 2046 120 2072 in
133 2055 172 2074 eos
187 2048 256 2075 iram
287 2049 489 2083 indignationis,
503 2050 676 2076 immissiones
697 2058 743 2084 per
766 2051 871 2085 angelos

98 2094 169 2121 malos
177 2095 216 2129 ’°;
230 2096 284 2123 illis
301 2096 335 2123 de
347 2097 446 2130 quibus
457 2096 557 2123 dicitur
570 2096 633 2123 alibi
649 2104 656 2123 :
673 2096 711 2124 De
725 2097 803 2124 domo
813 2098 870 2132 ejus

97 2140 215 2168 abstrahet
239 2149 298 2168 eum
315 2141 423 2176 angelus
442 2142 543 2168 mortis.
564 2141 611 2169 Isti
631 2149 697 2177 ergo
708 2143 830 2175 veniunt,
843 2148 871 2170 et

926 1553 950 1576 et
965 1548 998 1575 ad
1013 1547 1193 1577 cucurbitam,
1209 1550 1236 1573 et
1251 1546 1285 1572 ad
1306 1552 1422 1572 vermem
1439 1543 1611 1573 matutinum,
1632 1546 1659 1569 et
1674 1541 1708 1567 ad

926 1593 1051 1629 spiritum
1082 1590 1200 1618 incendii
1224 1591 1452 1620 comburentem,
1478 1589 1551 1615 sicut
1577 1586 1708 1621 scriptum

925 1645 987 1665 est:
1002 1637 1036 1664 Et
1052 1638 1173 1671 prwcepit
1191 1636 1258 1663 Deus
1276 1635 1327 1662 ceti
1342 1642 1437 1669 magno
1457 1639 1483 1660 ut
1510 1633 1648 1668 deglntirtzt
1661 1632 1708 1658 Jo-

925 1683 1026 1710 nam”.
1041 1682 1089 1710 Cui
1103 1682 1180 1714 dixit,
1197 1681 1238 1708 vel
1261 1681 1303 1708 cui
1320 1679 1458 1715 prmcepit,
1478 1678 1520 1705 vel
1541 1686 1591 1712 qua
1617 1677 1708 1710 lingit-1

925 1730 958 1756 ad
980 1733 1068 1756 cetum
1094 1728 1198 1756 locutus
1220 1727 1280 1755 est?
1297 1727 1452 1756 Hominum,
1476 1733 1510 1751 an
1529 1723 1709 1759 angelorum?

925 1775 990 1802 Nam
1006 1776 1096 1810 pisces
1119 1781 1206 1808 neque
1223 1774 1354 1808 linguam,
1369 1779 1457 1806 neque
1478 1779 1571 1798 vocem
1596 1771 1706 1798 habent.

925 1821 971 1849 Vel
996 1821 1132 1856 quomodo
1156 1820 1257 1847 dicitur
1279 1819 1380 1846 dixisse
1398 1819 1431 1844 ad
1449 1817 1632 1850 cucurbitam,
1648 1824 1708 1851 qua:

924 1875 974 1895 nec
996 1867 1069 1894 vivit
1099 1874 1149 1894 nec
1183 1865 1287 1900 spirat?
1311 1864 1451 1898 Quomodo
1478 1863 1634 1896 lnqueretur
1667 1863 1707 1890 vel

924 1914 988 1949 quid
1008 1914 1101 1941 dicens
1125 1912 1284 1948 praeciperet
1308 1911 1414 1946 spiritui
1443 1910 1560 1938 incendii
1584 1909 1630 1944 qui
1657 1917 1710 1938 nec

924 1961 1056 1993 auditum,
1082 1967 1131 1986 nec
1158 1958 1324 1988 intellecutm
1351 1957 1454 1990 habet,
1484 1961 1514 1982 ut
1540 1956 1708 1989 incenderet,

923 2013 1004 2042 atque
1031 2009 1186 2042 percuteret
1202 2005 1229 2031 in
1259 2003 1348 2038 capite
1372 2001 1468 2029 J0me?
1487 2001 1617 2029 Universa
1634 2001 1706 2028 enim

923 2054 982 2081 haec
1012 2060 1075 2080 cum
1112 2059 1166 2079 non
1206 2050 1323 2078 habeant
1354 2049 1498 2077 scientiam
1525 2048 1707 2080 naturaliter,

922 2103 1067 2126 vertuntur
1094 2104 1176 2132 atque
1202 2100 1345 2124 moventur
1369 2095 1422 2121 huc
1447 2097 1528 2128 atque
1549 2093 1611 2120 illuc
1627 2091 1708 2120 Crea—

924 2145 991 2173 toris
1005 2144 1158 2172 eﬂicientia.
1178 2143 1255 2170 Sicut
1271 2149 1336 2177 ergo
1356 2141 1415 2169 istis
1432 2141 1559 2168 omnibus
1577 2143 1605 2167 et
1621 2139 1707 2166 dixis-

98 2187 153 2212 tunc
167 2192 299 2214 venerunt
314 2187 480 2221 temporibus
495 2186 556 2215 Job.
569 2187 622 2215 Sed
641 2196 694 2216 non
713 2195 781 2216 ante
803 2189 868 2217 bea-
886 2200 908 2227 ι)
924 2198 953 2218 se
966 2211 975 2224 ,
992 2195 1021 2218 et
1039 2191 1145 2217 locutus
1172 2189 1277 2222 fuisse,
1301 2192 1328 2215 et
1347 2188 1519 2223 praecepisse,
1543 2190 1625 2220 atque
1648 2185 1708 2219 jus-

98 2233 144 2256 tam
159 2231 202 2259 Dei
216 2232 313 2259 faciem
328 2232 441 2259 veniunt
455 2233 491 2259 illi
505 2232 681 2266 damnabiles,
696 2234 743 2261 sed
755 2234 868 2262 consilia

99 2279 123 2301 et
134 2277 306 2311 cogitationes
318 2285 425 2311 eorum,
442 2278 574 2305 desideria
589 2286 700 2314 quoque
715 2287 824 2312 eorum,
843 2285 871 2307 et

99 2321 264 2355 cogitationes
279 2324 403 2358 malignae
417 2328 444 2351 et
458 2325 582 2359 pessimae
593 2330 674 2360 atque
687 2327 869 2360 nequissime,

99 2369 122 2392 el
134 2366 239 2396 istarum
256 2370 386 2397 memoria
399 2369 547 2397 offerturin
558 2376 706 2404 conspectu
721 2371 780 2405 llei,
793 2373 869 2407 juxta

99 2415 179 2441 omnia
188 2423 247 2450 qua:
261 2420 409 2443 memorata
422 2420 504 2450 atque
514 2420 621 2443 ostensa
632 2421 705 2444 snnL

133 2458 189 2487 Post
212 2462 269 2489 hate
293 2463 420 2489 universa
445 2463 579 2490 dicitzEt
600 2464 668 2490 dixit
695 2463 821 2490 Dominus
836 2465 871 2491 ad

101 2505 220 2535 diabolum
228 2508 262 2535 ⁹¹.
277 2508 344 2535 Nam
362 2509 432 2536 sicut
449 2509 575 2537 diabolus
592 2517 645 2537 non
661 2517 777 2545 persona
796 2511 872 2538 venit

103 2556 156 2579 ante
169 2553 262 2587 Deum,
277 2555 325 2581 sed
339 2555 504 2589 cogitatione
525 2561 554 2583 et
567 2555 714 2588 desiderio.
727 2561 807 2591 atque
821 2563 869 2583 ne-

102 2596 186 2632 quitia,
199 2600 255 2628 sive
270 2600 448 2628 meditatione
462 2609 469 2627 :
483 2602 519 2628 ita
536 2606 563 2628 et
577 2602 648 2629 Deus
665 2609 718 2628 non
734 2609 782 2629 ore
795 2602 871 2629 loeu-

104 2645 141 2669 tus
160 2647 241 2673 estad
260 2646 409 2680 diabolum,
427 2654 516 2681 neque
533 2648 646 2675 verbum
667 2647 782 2675 contulit
807 2655 869 2675 eum

105 2685 191 2724 iniquo,
200 2692 246 2720 sed
259 2692 367 2720 occulta
374 2698 456 2728 atque
467 2693 558 2722 abdita
574 2694 763 2729 increpatione
773 2695 871 2730 nequi-

133 2767 218 2806 ”_‘lob
231 2780 250 2806 ι,
265 2773 293 2800 6.
332 2773 355 2790 ⁸⁸
369 2773 378 2800 l
391 2773 452 2801 Cor.
471 2781 496 2804 ν.
513 2775 539 2802 5.

105 2799 165 2832 Psal.
179 2799 254 2841 Lxxv,
270 2799 298 2836 tl.
337 2808 360 2825 “
370 2799 480 2843 tonio,
490 2799 515 2836 l.

579 2777 601 2793 ”
616 2775 705 2804 lTim.
717 2784 736 2810 ι,
749 2776 794 2804 20.
832 2775 858 2793 “
867 2775 939 2805 Psal.
956 2784 1059 2809 Lxxvn,
1075 2776 1117 2804 49.

922 2237 993 2263 sisse
1016 2236 1116 2263 dicitur
1134 2234 1204 2262 Deus
1225 2241 1279 2261 non
1299 2240 1366 2260 voce
1381 2233 1486 2264 dicens,
1503 2239 1590 2266 neque
1615 2231 1708 2266 lingua

922 2283 1044 2317 loquens,
1059 2288 1147 2316 neque
1163 2280 1189 2307 in
1204 2285 1376 2315 conspectum
1389 2287 1467 2307 suum
1484 2280 1516 2306 ad
1528 2277 1647 2306 caelestia
1661 2284 1708 2306 eos

922 2328 1078 2359 sublevans,
1094 2326 1139 2353 sed
1151 2325 1264 2352 occultat
1277 2333 1331 2352 sua:
1344 2325 1508 2360 operationis
1521 2324 1622 2352 virtute
1641 2331 1706 2351 ver-

922 2379 983 2401 tens
998 2377 1027 2399 ut
1041 2371 1189 2399 necessitas
1202 2370 1245 2397 vel
1259 2371 1328 2397 ratio
1341 2371 1495 2405 poposcerit
1508 2377 1517 2396 :
1531 2370 1570 2397 sic
1582 2369 1708 2397 similiter

922 2418 998 2452 juxta
1015 2416 1166 2452 exemplum
1181 2416 1276 2442 horum
1291 2423 1350 2450 quae
1367 2421 1517 2444 memorata
1537 2420 1610 2450 sunt,
1624 2416 1706 2443 etiam

925 2464 1037 2495 dixisse,
1052 2467 1080 2490 et
1092 2463 1200 2489 locutus
1212 2461 1305 2492 fuisse,
1317 2465 1346 2488 et
1361 2461 1478 2494 audisse,
1495 2466 1523 2489 et
1536 2461 1708 2496 respondisse

924 2509 1032 2539 dicitur,
1054 2512 1082 2535 et
1100 2508 1126 2534 in
1141 2506 1312 2542 przesentiam
1327 2506 1493 2540 suscepisse,
1517 2513 1605 2541 neque
1628 2506 1709 2534 dictis

924 2555 1068 2590 quidquam
1084 2554 1192 2581 adeum
1208 2554 1381 2588 depromens,
1394 2559 1481 2586 neque
1494 2552 1583 2587 lingua
1598 2552 1630 2580 ad
1644 2559 1706 2579 eum

924 2601 1047 2636 loquens,
1070 2607 1158 2635 neque
1180 2600 1213 2627 ad
1236 2599 1343 2626 excelsa
1360 2602 1454 2625 sancta
1481 2598 1513 2624 in
1532 2602 1706 2632 conspectuin

924 2656 1001 2676 suum
1023 2647 1217 2682 nequissimum
1234 2645 1369 2674 diabolum
1389 2643 1509 2676 elevans,
1527 2651 1588 2670 cum
1613 2643 1706 2670 occul-

925 2699 979 2722 tam
996 2699 1076 2730 atque
1087 2693 1204 2722 abditam
1218 2692 1275 2727 ejus
1289 2691 1438 2726 nequitiam
1453 2689 1555 2724 detegit
1570 2697 1600 2716 ac
1616 2696 1707 2724 repre-

1156 2776 1175 2792 “
1192 2773 1348 2807 .lobt,,'1."
1359 2770 1534 2806 lsa.t,2;Job
1547 2778 1643 2804 xxvm,
1654 2773 1703 2806 14;
