1904 3076
171 120 222 149 ὀοἿ

736 119 927 147 ANONYMUS
947 118 981 146 IN
1001 119 1071 147 JOB.
1092 135 1125 139 —
1144 120 1210 147 LIB.
1231 120 1252 148 l.

1758 117 1821 144 408

171 179 278 211 ιιι-ιιιιίι,
293 184 373 214 atque
388 179 486 207 revelat
500 179 637 207 omnibus.
651 179 716 213 Quae
731 179 809 207 nobis
823 180 964 207 evidenter
978 182 999 209 Α
1015 181 1146 208 abdicans
1172 188 1279 215 quoque
1296 184 1376 215 alque
1393 180 1569 214 redargucns,
1588 182 1615 205 et
1629 177 1820 212 iniquitatem

172 226 292 254 ostendit
305 226 362 253 haec
375 234 445 253 nunc
458 234 673 254 commemorans
689 228 828 262 Scriptura
846 228 938 254 dicens
953 234 960 252 :

173 271 209 298 Et
227 272 291 298 dixit
309 271 438 299 Dominus
462 272 496 298 ad
519 272 677 300 diabolum:
693 272 769 300 Unde
789 274 858 301 venis
886 277 914 300 tu
922 273 964 300 ”?

174 318 207 345 Et
223 318 372 353 interrogat
389 318 432 344 ille
451 318 496 351 qui
518 319 648 351 prtescins
661 324 712 350 est,
727 324 808 354 atqttc
825 321 963 354 providus,

175 365 368 398 ncquissimmn
382 363 517 391 diabolum
531 365 602 391 unde
617 365 731 397 veniret,
747 366 819 392 illum
834 366 961 400 injustam

174 409 306 445 refugam,
319 409 390 437 unde
407 416 625 444 approperasset.
642 411 686 438 Sic
701 411 879 446 interrogavit
899 413 962 440 olim

172 457 269 490 Adam,
284 456 336 483 Ubi
358 465 383 483 es
399 456 485 482 Adam
498 455 552 483 °"?
572 457 628 484 Non
643 463 673 484 ut
688 458 800 490 inscius,
814 459 860 485 sed
876 459 965 486 sciens

173 503 359 537 pratscienter,
374 507 400 530 et
416 508 479 529 tunc
495 502 528 529 ad
546 503 644 534 Adam,
661 508 687 531 et
705 512 776 531 mmc
793 504 826 531 ad
844 505 906 531 Adae
920 512 964 531 se—

173 549 326 580 ductorem,
342 549 388 576 sed
402 547 452 575 Job
468 557 520 576 non
540 549 756 584 supplantantem
771 559 777 578 :
797 552 829 577 ad
844 558 904 578 eum
918 552 964 585 qui

172 589 258 623 Adam
286 595 475 629 circumvenit,
497 597 544 623 sed
561 595 612 623 Job
634 604 686 623 non
711 597 860 631 superavit.
896 597 965 632 Ergo

173 640 237 674 quia
253 641 278 666 in
296 644 412 674 utroque
440 640 561 674 ejusdem
590 641 747 675 nequissimi
774 642 875 669 malitia
906 642 964 674 fuit,

173 687 272 713 merito
295 687 328 712 ad
353 691 498 721 utrumque
515 688 609 714 eodem
629 695 694 714 usus
709 692 750 714 est
769 689 851 715 verbo
869 697 876 715 :
898 689 966 716 dixit

175 733 209 758 ad
222 731 306 759 Adam
320 732 394 761 olim.
414 731 464 759 Ubi
481 741 507 760 es
522 733 629 759 Adam?
643 732 675 759 ad
699 733 836 760 diabolum
851 740 943 768 postea
957 743 964 760 :

175 776 252 804 Unde
264 777 333 804 venis
348 779 394 806 tu?
412 777 465 805 Sed
481 786 533 804 non
550 783 577 804 ut
591 777 692 805 inscius
706 781 881 814 interrogavit
895 780 966 808 unde

174 824 306 856 venisset,
321 824 390 851 sicut
405 832 455 852 nee
467 824 552 851 Adam
569 824 643 857 olim,
658 825 702 852 ubi
718 830 800 857 esset,
817 827 863 853 sed
876 827 966 854 occul-

175 863 231 897 tam
245 874 327 905 atque
338 871 454 897 abditam
468 872 661 906 cogitationem
677 872 735 906 ejus
747 873 873 908 detegere
885 878 967 907 atque

174 916 313 952 publicare
333 916 426 945 voluit.
450 917 556 944 Latenti
581 919 652 946 enim
676 919 762 945 livore
774 919 904 947 adversus
918 918 968 947 Job

174 963 359 990 inﬂammatus
388 968 438 995 est,
463 963 558 990 latenti
582 964 746 999 cogitatione
772 965 854 991 Deum
879 973 969 1000 repre-

175 1009 280 1042 hendit,
295 1009 371 1044 quasi
391 1009 439 1037 Job
455 1009 655 1043 defendentem,
671 1015 698 1037 et
710 1010 909 1037 multitudinem
923 1012 967 1038 di-

175 1056 301 1084 vitiarum
316 1057 353 1083 illi
369 1056 541 1083 continenter
558 1057 729 1091 largientem.
753 1057 825 1084 Dixit
852 1065 970 1092 namque

177 1103 248 1129 intra
259 1103 433 1137 semetipsum
448 1102 492 1130 :Si
509 1103 574 1130 mihi
587 1107 661 1130 tanta
671 1104 741 1130 bona
755 1103 875 1130 dedisset
886 1111 969 1138 super

178 1153 290 1182 terram,
316 1149 436 1184 profecto
459 1154 486 1176 et
504 1157 554 1184 ego
580 1149 695 1176 colerem
722 1149 795 1176 illum
821 1149 847 1175 in
876 1150 968 1183 terris,

177 1195 249 1222 sicut
275 1194 335 1222 Job.
357 1195 433 1223 Nunc
453 1203 517 1230 ergo
535 1196 596 1230 quis
621 1195 686 1222 mihi
707 1195 781 1222 dabit
809 1200 838 1222 ut
868 1197 968 1231 possim

177 1242 325 1269 ascendere
342 1250 402 1269 cum
426 1243 531 1277 angelis
546 1243 572 1269 in
588 1242 698 1275 coelum,
722 1247 750 1270 et
764 1248 837 1270 stare
857 1243 882 1270 in
904 1251 967 1271 con~

178 1293 271 1323 specta
286 1288 334 1315 Dei
352 1289 378 1315 in
394 1289 483 1316 medio
501 1296 608 1322 eorum,
628 1293 655 1315 et
669 1294 828 1322 potestatem
844 1289 970 1324 accipere

178 1343 195 1361 a
215 1335 269 1362 Deo
288 1335 410 1362 omnium
429 1335 487 1370 ejus
502 1335 653 1363 bonorum?
669 1334 702 1361 Et
717 1336 889 1363 ostenderem
907 1343 968 1362 cum

179 1390 228 1410 sua
243 1383 311 1410 bona
326 1384 485 1417 perdidisse,
500 1385 563 1419 quia
577 1393 630 1412 non
644 1389 687 1411 est
700 1384 803 1416 utilior,
822 1393 909 1420 neque
924 1387 970 1412 tir-

179 1429 249 1456 tnior
264 1429 316 1456 Job
327 1430 432 1457 cancris
448 1431 601 1457 hominibus
614 1430 757 1463 universis,
770 1432 832 1465 quia
846 1440 898 1458 non
910 1439 970 1465 pro-

179 1481 241 1510 pter
262 1475 434 1508 cltaritatem,
462 1484 549 1512 neque
575 1477 702 1511 pietatem
725 1477 774 1504 Job
790 1477 856 1505 colit
873 1478 970 1509 Deum,

181 1521 228 1548 sed
244 1527 356 1556 propter
372 1522 492 1556 pecunia:
517 1522 715 1550 multitudinem
741 1528 824 1558 atque
838 1524 969 1551 bonorum

180 1567 386 1594 abundantiam.
412 1568 470 1595 Nisi
496 1569 569 1595 enim
595 1576 642 1602 pro
667 1570 762 1596 horum
785 1569 971 1597 blandimento

179 1614 296 1641 serviret
310 1614 375 1646 Deo,
390 1614 510 1648 perfecto
522 1623 575 1641 non
591 1619 664 1642 esset
679 1616 774 1643 melior
784 1616 856 1643 Esau
873 1617 972 1644 tritavo

181 1666 240 1687 suo.
259 1658 337 1686 hunc
350 1667 416 1687 vero
433 1665 559 1695 tanquam
575 1660 625 1688 ﬂos
644 1661 752 1688 videtur
763 1670 796 1688 cx
813 1662 898 1696 spinis
914 1663 971 1689 ori-

181 1705 204 1731 ri
220 1703 272 1732 Job
287 1713 321 1732 ex
337 1706 496 1739 posteritate
513 1706 582 1734 Esau
604 1716 610 1734 :
633 1707 679 1734 sed
698 1707 720 1734 si
738 1708 890 1735 denudetur
905 1708 972 1735 divi—

181 1751 237 1784 tiis,
253 1751 376 1786 profecto
394 1752 523 1780 continuo
538 1753 721 1781 denudabitur
745 1754 827 1781 etiam
850 1755 897 1782 Dei
916 1755 973 1782 Cul-

182 1802 261 1831 tura;
275 1798 298 1824 si
315 1797 455 1825 auferatur
466 1798 500 1826 ab
515 1798 560 1826 illo
572 1800 697 1833 pecunia,
711 1799 833 1834 profecto
847 1808 899 1828 non
908 1800 973 1828 oﬂ‘e-

181 1848 224 1871 ret
240 1844 297 1879 ipse
312 1845 460 1878 gratiarum
472 1846 595 1873 actiones
608 1846 674 1873 Deo.
693 1846 765 1882 Ergo
778 1847 840 1881 quia
857 1848 914 1875 haec
928 1855 974 1875 co-

179 1891 278 1926 gitavit
291 1891 415 1918 diabolus
433 1898 493 1918 cum
511 1892 638 1926 nequiter
653 1892 750 1920 invidit
763 1893 824 1926 Job,
840 1898 868 1921 et
882 1894 974 1921 illicite

181 1936 357 1970 reprehendit
374 1937 470 1969 Deum,
489 1936 588 1970 injuste
602 1937 780 1965 nihilominus
797 1943 879 1972 atque
904 1938 974 1965 indi-

181 1991 234 2016 gne
251 1983 401 2017 ingressum
419 1990 480 2010 cum
495 1983 599 2018 angelis
611 1984 770 2011 desiderans
793 1989 859 2011 ante
877 1984 973 2017 Deum,

182 2038 288 2058 necnon
311 2032 403 2058 ethoc
416 2031 489 2066 quod
505 2031 601 2058 illicite
618 2031 747 2058 deferens
766 2030 828 2064 Job,
854 2032 974 2066 pecunia:

182 2081 266 2111 atque
290 2077 408 2104 liliorum
431 2077 490 2111 ejus
510 2081 672 2111 potestatem
697 2077 823 2111 accipere
841 2081 974 2110 cuperet,

182 2130 350 2159 acceptaque
373 2123 463 2151 omnia
490 2123 581 2150 subito
609 2123 745 2158 perderet,
761 2128 789 2150 et
806 2131 868 2150 cum
886 2123 975 2158 perdi-

183 2172 279 2203 disset,
296 2175 343 2198 aut
359 2174 435 2198 certe
449 2169 500 2197 Job
516 2178 530 2197 a
545 2169 600 2197 Deo
620 2169 801 2201 abstraheret,
833 2174 879 2196 aut
891 2169 973 2196 etiam

1014 226 1071 260 ejus
1085 231 1167 261 atque
1191 227 1372 261 apostasiam,
1398 226 1598 261 malignumque
1613 224 1671 259 ejus
1689 223 1819 252 livorem

1015 274 1088 301 circa
1104 273 1164 304 Job.
1192 279 1219 300 et
1244 274 1316 301 circa
1341 280 1437 300 omnes
1460 278 1569 300 sanctos
1598 271 1819 302 demonstrans,

1015 320 1082 347 dixit
1098 328 1105 348 τ
1121 319 1195 348 Umlc
1218 321 1289 348 venia
1314 321 1364 347 tu?
1384 320 1439 348 Non
1458 319 1526 346 dixit
1547 319 1598 346 hoc
1623 317 1656 344 ad
1681 317 1820 351 angelos,

1016 375 1104 403 neque
1117 369 1150 394 ad
1165 373 1274 395 sanctas
1287 368 1411 398 virtutes,
1426 374 1478 394 non
1499 366 1678 400 interrogavit
1695 364 1820 399 specia—

1016 414 1055 441 les
1072 414 1211 441 ministros
1231 414 1302 440 unde
1315 413 1464 446 venissent,
1481 413 1521 440 vel
1539 413 1610 439 unde
1628 412 1754 439 veniant.
1786 411 1818 438 In

1016 460 1074 494 ipso
1095 459 1168 487 cnim
1193 463 1273 495 atque
1298 460 1324 487 in
1348 459 1407 495 ejus
1424 459 1572 493 voluntate,
1596 459 1622 486 in
1651 458 1819 486 visionibus

1016 505 1074 539 ejus
1101 511 1181 540 atque
1200 506 1417 533 ordinationibus
1439 511 1466 534 et
1490 510 1556 534 eunt
1579 509 1607 533 et
1630 505 1758 538 veniunt,
1788 510 1820 531 et

1017 553 1106 579 omnia
1125 552 1269 586 perﬁciunt
1287 558 1368 587 atque
1381 552 1470 579 omnia
1486 551 1635 586 adimplent
1646 572 1654 584 ,
1667 557 1695 578 et
1709 556 1818 578 cuncta

1017 597 1164 624 secntnlum
1188 597 1246 632 ejus
1271 597 1436 625 voluntatem
1463 602 1621 632 operantur,
1647 597 1724 631 juxta
1760 597 1820 623 hoc

1017 644 1086 679 quod
1111 644 1210 671 dictum
1232 649 1273 671 est
1290 652 1298 671 :
1316 644 1465 671 Benedicite
1482 644 1633 677 Dominum,
1652 652 1741 670 omnes
1762 652 1818 670 an-

1017 690 1068 725 geli
1083 691 1148 724 eius.
1166 691 1281 717 miniatri
1294 691 1362 725 ejus,
1377 690 1422 726 qui
1433 690 1522 724 facitis
1535 689 1694 717 voluntatem
1705 690 1769 724 ejus
1780 689 1817 715 ”.

1018 737 1089 772 Ergo
1107 737 1168 770 quia
1185 737 1251 764 tales
1262 741 1326 764 sunt
1341 737 1428 764 sancti
1443 736 1541 771 angeli,
1556 740 1584 763 et
1598 735 1688 763 taliter
1703 736 1820 762 faciunt

1019 785 1185 811 voluntatem
1200 784 1258 816 Dei,
1273 789 1301 811 et
1312 784 1338 810 in
1354 783 1411 818 ipso
1424 789 1500 815 eunt,
1515 787 1542 810 et
1557 783 1678 815 veniunt,
1689 787 1717 809 et
1729 787 1819 809 extra

1020 830 1105 864 ipsum
1124 838 1261 864 nunquam
1281 834 1353 862 sunt,
1378 829 1476 856 merito
1500 836 1563 863 ergo
1579 829 1639 855 illos
1656 836 1710 855 non
1725 828 1820 854 inter-

1022 881 1098 911 rogat
1114 877 1184 903 unde
1210 876 1341 904 veniant:
1361 876 1508 909 malignum
1526 880 1616 901 autem
1640 874 1715 901 illum
1737 874 1819 900 refu-

1021 932 1081 959 gam
1096 928 1177 958 atque
1193 927 1344 957 apostatam
1362 923 1521 956 interrogat,
1539 927 1667 956 tanquam
1680 922 1818 956 alienige-

1022 977 1096 1000 nam.
1112 974 1238 1004 tanquam
1252 973 1387 1001 exterum,
1402 972 1527 1002 tanquam
1540 967 1738 1000 adversarium,
1754 971 1818 993 tan-

1021 1023 1101 1050 quam
1121 1015 1259 1042 inimicum
1284 1014 1403 1041 omnium
1422 1014 1566 1041 bonorum.
1584 1013 1661 1040 Hunc
1686 1020 1755 1046 ergo
1773 1011 1819 1039 in-

1023 1066 1165 1095 terrogans
1182 1059 1248 1087 dicit
1265 1059 1358 1087 :Unde
1377 1060 1446 1087 uenis
1472 1059 1521 1086 tu?
1545 1059 1586 1086 Ab
1603 1058 1772 1089 homicidiis.
1800 1066 1816 1084 a

1021 1105 1208 1140 sanguinibus,
1231 1106 1264 1133 ab
1279 1105 1432 1138 adulteriis,
1452 1113 1467 1131 a
1490 1104 1583 1136 furtis,
1605 1112 1620 1132 a
1646 1104 1816 1136 mendaciis,

1023 1158 1151 1188 tanquam
1170 1152 1320 1184 homicida.
1338 1157 1366 1179 et
1382 1157 1508 1186 tanquam
1524 1151 1655 1179 mendacii
1675 1156 1768 1186 pater.
1787 1155 1816 1177 et

1022 1201 1118 1227 horum
1141 1203 1236 1226 auctor
1247 1203 1328 1232 atque
1345 1198 1471 1225 inventor
1486 1198 1622 1225 exsistens
1644 1204 1728 1232 super
1758 1202 1816 1224 ter—

1022 1254 1103 1274 ram:
1124 1244 1198 1272 Unde
1221 1245 1290 1271 venis
1312 1245 1359 1271 tu?
1377 1244 1417 1271 Ab
1442 1244 1627 1271 internecione
1642 1242 1720 1274 Abel,
1744 1251 1759 1269 a
1775 1242 1816 1277 gi-

1022 1295 1133 1326 gantum
1148 1290 1317 1326 impudicitia
1333 1294 1413 1324 atque
1430 1290 1539 1317 interitu
1565 1290 1684 1322 illorum,
1708 1296 1724 1316 a
1739 1294 1815 1315 turre

1022 1338 1201 1365 contumacia:
1221 1341 1305 1372 atque
1325 1337 1502 1371 dispersione,
1524 1337 1557 1363 ab
1583 1336 1653 1363 Esau
1679 1336 1815 1363 aviditate

1023 1389 1104 1418 atque
1117 1384 1209 1411 fratris
1223 1383 1466 1415 circumventione,
1482 1391 1497 1410 a
1518 1382 1669 1410 Pharaonis
1690 1382 1814 1416 pertina-

1022 1430 1064 1458 cia
1080 1435 1161 1464 atque
1178 1430 1348 1465 perditione,
1362 1429 1398 1457 ab
1414 1429 1497 1457 lsrael
1515 1430 1540 1456 in
1556 1429 1663 1456 deserto
1677 1428 1813 1456 idolium

1023 1477 1127 1504 cultura
1151 1481 1233 1510 atque
1249 1477 1337 1508 ruina,
1359 1483 1374 1501 a
1397 1475 1589 1510 prophetarum
1610 1472 1812 1509 persecutione,

984 1540 1005 1568 ε
1022 1524 1057 1550 ab
1073 1523 1262 1551 interiectione
1284 1521 1406 1554 Joannis,
1425 1529 1440 1549 a
1463 1521 1616 1549 Judacorum
1636 1520 1812 1552 crudelitate,

1023 1576 1050 1598 ct
1065 1571 1099 1598 ab
1117 1571 1238 1598 omnium
1252 1577 1266 1596 a
1283 1570 1383 1598 saeculo
1396 1574 1422 1596 et
1438 1577 1522 1604 usque
1546 1570 1572 1596 in
1586 1568 1715 1596 smeulum
1728 1567 1812 1594 malo-

1024 1625 1083 1644 rum
1105 1616 1285 1650 pcrfectione.
1312 1616 1419 1650 Omnia,
1440 1616 1539 1650 inquit,
1561 1615 1630 1643 mala
1654 1622 1714 1649 qua:
1733 1622 1813 1648 super

1026 1669 1124 1691 terram
1139 1670 1233 1691 exorta
1259 1667 1331 1694 sunt,
1350 1671 1384 1690 ex
1401 1668 1427 1690 te
1451 1663 1556 1690 initium
1577 1665 1763 1696 sumpserunt,
1787 1665 1813 1687 et

1024 1717 1072 1744 per
1089 1715 1114 1737 te
1129 1710 1178 1737 sub
1200 1709 1270 1737 ccelo
1288 1709 1462 1737 disseminata
1486 1713 1561 1739 sunt,
1579 1712 1605 1734 et
1619 1712 1645 1734 ιιι
1661 1714 1702 1738 es,
1717 1714 1734 1733 ο
1756 1706 1812 1732 dia-

1024 1756 1098 1788 bole,
1111 1755 1234 1783 omnium
1249 1755 1346 1782 horum
1368 1754 1466 1786 factor,
1478 1759 1504 1782 et
1521 1753 1694 1788 suﬂ'ragator,
1711 1756 1740 1779 et
1760 1751 1812 1778 ini-

1025 1802 1104 1833 tium,
1120 1806 1147 1829 et
1160 1802 1231 1828 linis.
1246 1801 1361 1833 Oblnec,
1376 1800 1473 1835 inquit,
1487 1809 1503 1828 ο
1517 1799 1633 1831 diabolo,
1650 1804 1675 1826 et
1687 1806 1761 1825 mors
1774 1797 1812 1824 vi-

1024 1847 1073 1879 vit,
1089 1851 1116 1874 et
1128 1846 1250 1874 infernus
1262 1845 1350 1878 ﬂoret,
1361 1850 1387 1871 et
1403 1845 1521 1872 tenebrae
1535 1843 1663 1879 gaudent,
1673 1848 1702 1870 et
1715 1843 1812 1870 obscu-

1025 1894 1093 1921 ritas
1106 1899 1159 1920 non
1182 1891 1345 1923 minoratur,
1360 1896 1388 1918 et
1402 1890 1529 1925 iniquitas
1542 1897 1595 1917 non
1609 1889 1716 1921 deﬁcit,
1732 1894 1759 1915 et
1770 1888 1810 1922 ju-

1026 1939 1076 1965 dex
1092 1937 1186 1965 mortis
1202 1937 1341 1964 victoriam
1358 1936 1467 1970 accipit.
1480 1935 1547 1963 Cum
1565 1942 1630 1970 ergo
1647 1934 1811 1969 interrogem

1027 1988 1053 2011 te
1067 1984 1138 2010 unde
1155 1982 1260 2015 venias,
1279 1989 1331 2009 non
1352 1982 1430 2016 quasi
1449 1981 1574 2008 nesciens
1601 1981 1751 2014 interrogo,
1768 1988 1813 2007 ne-

1026 2037 1078 2065 que
1092 2035 1121 2057 ut
1136 2030 1245 2063 ignarus
1258 2029 1393 2061 sciscitor,
1409 2028 1456 2056 sed
1474 2033 1503 2055 ut
1521 2027 1723 2062 reprehendens
1734 2031 1812 2061 atque

1026 2077 1165 2112 detegens,
1183 2077 1349 2103 convincens
1368 2081 1451 2110 atque
1476 2075 1651 2109 redargucns,
1668 2073 1812 2101 ostendens

1027 2130 1135 2158 quoque
1152 2127 1236 2157 atque
1250 2121 1442 2149 demonstrans
1456 2121 1527 2155 quod
1543 2120 1577 2147 ab
1593 2119 1665 2147 omni
1691 2118 1812 2153 impieta-

1028 2168 1062 2195 tis
1085 2173 1166 2202 atque
1193 2166 1333 2202 iniustitiae
1356 2166 1525 2201 perfectione
1550 2171 1631 2199 atque
1656 2164 1811 2198 operatione

183 2224 246 2243 cum
266 2216 368 2250 justum
390 2215 440 2243 Job
455 2215 598 2243 tormentis
612 2214 730 2242 aﬂiceret
743 2236 749 2247 ,
770 2215 899 2250 nequitia:
919 2222 975 2242 sua:
991 2213 1014 2241 D
1028 2213 1131 2241 venies.
1144 2213 1191 2240 Dic
1206 2213 1277 2240 unde
1292 2213 1368 2240 venis
1383 2217 1422 2245 tn,
1435 2212 1492 2239 zelo
1502 2218 1661 2243 succensus,
1675 2209 1811 2244 iniquitate

183 2263 366 2290 satisfaceret.
394 2262 465 2297 Ergo
492 2262 554 2296 quia
579 2267 608 2289 ιιι
632 2262 687 2290 dixi
712 2261 848 2289 desiderio
869 2269 919 2288 suo
942 2269 975 2289 ac

183 2308 300 2336 cortsilio
314 2308 351 2335 ita
368 2308 442 2334 venit
455 2307 638 2342 nequissimus
654 2308 779 2335 diabolus
799 2312 863 2334 ante
878 2307 973 2340 Deum,

184 2356 213 2382 in
229 2354 317 2381 medio
333 2353 492 2388 angelorum
514 2355 611 2381 merito
624 2354 731 2382 venisse
744 2362 806 2381 eum
819 2354 902 2388 dicit,
921 2362 974 2381 non

184 2399 257 2435 quod
276 2399 332 2432 ipse
345 2399 460 2430 venerit,
476 2399 523 2426 sed
538 2399 704 2427 desiderium
729 2399 789 2434 ejus
805 2404 889 2434 atque
901 2400 975 2434 cogi-

185 2444 255 2472 tatio
273 2444 357 2471 venit.
380 2444 518 2471 Adversus
534 2451 615 2478 quam
642 2445 834 2480 cogitationem
863 2452 976 2480 respon-

185 2490 259 2518 disse
272 2490 371 2517 dicitur
388 2490 468 2523 Deus,
485 2495 512 2516 et
529 2489 710 2524 interrogasse
730 2490 880 2523 diabolum,
904 2491 977 2518 unde

184 2537 301 2564 veniret.
318 2535 386 2563 Nam
406 2544 471 2563 vero
490 2544 543 2563 non
568 2540 694 2571 p0terant
718 2536 776 2563 haec
799 2537 978 2564 historialiter

185 2583 282 2616 scribi,
298 2590 386 2618 neque
399 2583 479 2610 aliter
495 2583 574 2610 nobis
592 2581 712 2614 recitari,
730 2583 781 2610 nisi
799 2587 828 2609 ut
853 2590 976 2617 persona:

187 2629 366 2656 recitarentur
384 2628 461 2663 quasi
477 2628 510 2655 ad
526 2627 640 2655 invicem
656 2627 862 2661 respondentes,
878 2628 913 2655 ob
924 2627 977 2654 hoc

183 2675 272 2704 dicit:
289 2675 323 2702 Et
348 2675 415 2702 dixit
437 2674 507 2702 Deus
531 2675 565 2701 ad
585 2674 719 2701 diabolum
734 2673 828 2701 :Unde
844 2673 913 2702 venit
928 2674 977 2701 tu?

187 2721 245 2748 Non
263 2722 341 2756 quasi
361 2722 544 2756 interrogans,
563 2721 605 2748 vcl
619 2728 756 2756 quint-ens,
775 2720 815 2747 vel
832 2719 978 2746 sciscitans

187 2766 290 2794 dixerit
304 2774 312 2794 :
329 2767 404 2794 Unde
424 2767 493 2794 uenis
518 2767 565 2793 tu?
586 2767 633 2794 sed
655 2768 780 2801 culpans,
797 2770 825 2792 et
839 2766 977 2800 detegens,

225 2845 247 2861 ’⁸
262 2844 312 2873 Job
327 2853 345 2878 ι,
363 2846 388 2873 7.
427 2846 545 2878 9*‘_Gcn.
563 2853 602 2877 ιιι,
620 2846 646 2872 9.

685 2846 707 2861 9°
731 2844 801 2872 Psal.
820 2851 866 2876 ett,
884 2843 925 2876 20,
942 2843 987 2869 ‘21.

1028 2265 1167 2292 oneratus,
1182 2259 1283 2286 invidia
1300 2258 1415 2293 plenus?
1437 2258 1502 2293 Ego,
1521 2258 1619 2292 inquit,
1636 2256 1696 2284 dedi
1713 2255 1771 2287 Joh,
1786 2260 1811 2281 et

1029 2310 1056 2332 tu
1074 2305 1188 2332 invides.
1207 2304 1262 2339 Ego
1275 2304 1359 2339 adjeci
1373 2304 1423 2336 illi,
1437 2309 1465 2330 et
1480 2309 1507 2330 tu
1519 2302 1663 2329 a-innlaris.
1678 2301 1734 2335 Ego
1748 2302 1811 2328 mal.

1030 2350 1163 2385 tiplicavi,
1175 2354 1203 2376 tu
1220 2357 1284 2377 vero
1296 2349 1415 2376 ﬂuescis.
1431 2349 1487 2384 Ego
1498 2348 1611 2383 largitus
1625 2356 1695 2380 sum,
1713 2354 1738 2375 tu
1752 2356 1811 2375 vero

1030 2395 1139 2422 auferre
1154 2395 1273 2422 conaris.
1286 2394 1496 2429 Apprchcndam
1513 2395 1586 2421 enim
1602 2397 1638 2426 te,
1653 2399 1681 2420 et
1693 2393 1810 2428 detegam

1029 2441 1122 2468 divina
1141 2440 1326 2473 Providentia,
1354 2445 1482 2474 tanquam
1508 2440 1594 2467 furem
1618 2439 1716 2466 alienis
1740 2439 1811 2466 b0nis

1027 2487 1190 2520 inhiantem,
1209 2492 1236 2515 et
1250 2491 1406 2522 sperantem
1422 2487 1496 2521 quod
1512 2493 1559 2521 per
1573 2487 1631 2513 ha-c
1650 2484 1752 2518 justum
1765 2483 1810 2511 Job

1028 2533 1190 2560 subvertere
1203 2533 1301 2567 possis.
1322 2533 1375 2560 Sed
1389 2540 1451 2568 ego,
1468 2533 1574 2567 inquit,
1591 2537 1618 2559 et
1632 2537 1705 2558 tuam
1719 2530 1809 2565 iniqui-

1029 2584 1111 2606 tatem
1127 2580 1301 2614 redarguam,
1315 2580 1384 2606 bona
1399 2578 1449 2607 Job
1466 2578 1512 2605 tibi
1528 2578 1671 2609 tradendo,
1685 2583 1716 2604 ut
1729 2582 1753 2604 et
1764 2575 1808 2602 Joh

1024 2624 1125 2659 justum
1142 2625 1325 2652 demonstrem
1341 2631 1389 2658 per
1401 2623 1573 2651 tolerantiam
1590 2622 1732 2649 victoriam
1746 2621 1774 2647 de
1786 2625 1808 2647 te

1027 2674 1190 2696 snmcntem.
1206 2668 1246 2696 0b
1264 2670 1315 2696 hoc
1331 2675 1396 2704 ergo
1410 2673 1537 2703 tanquam
1555 2668 1725 2702 interrogans
1738 2666 1806 2692 dico:

1029 2715 1106 2743 Unde
1120 2716 1190 2742 venis
1204 2716 1253 2743 tu?
1280 2715 1315 2743 Ut
1334 2716 1440 2743 occulta
1458 2721 1501 2742 tua
1520 2714 1659 2744 meditatio
1676 2718 1806 2748 appareat,

1030 2768 1058 2790 ut
1072 2763 1220 2791 vehemens
1243 2768 1287 2790 tua
1313 2763 1431 2798 nequitia
1455 2762 1581 2791 omnibus
1604 2761 1805 2792 demonstretur,
