1904 3076
40 156 85 184 ιοε)
605 159 798 188 ANUNYMUS
817 159 850 187 IN

870 160 942 188 JOB.
960 176 992 180 —
1014 160 1078 190 LIB.
1100 161 1121 188 Ι.
1618 165 1667 192 410

40 220 65 241 ut
79 214 228 242 malitiosus
254 219 315 242 tuus
337 215 407 243 livor
432 217 560 245 omnibus
579 218 743 249 innotescat.
771 221 825 248 Pro
840 224 863 251 Α
877 229 930 255 que
946 227 988 249 est
1003 229 1125 257 praesens
1147 228 1228 257 atque
1247 227 1335 250 totum
1355 224 1483 251 mundqu
1498 224 1586 252 subito
1606 233 1666 260 per-

40 261 77 288 lris
90 267 152 296 ergo
168 261 299 289 omnibus
319 262 380 289 dico
396 271 403 289 :
427 261 502 291 Unde
520 265 593 291 venia
612 267 660 293 tu?
686 267 824 294 Adversus

40 312 92 338 qua:
104 305 271 338 respondens
283 305 407 334 diabolus
422 308 487 335 dicit
501 317 508 335 :
525 309 640 338 Circuivt'
653 320 756 340 omnem
770 319 824 340 ter-

41 358 89 378 ram
100 359 155 386 quis
172 350 222 378 sub
239 351 303 379 calo
319 356 368 386 est,
381 359 404 380 et
418 355 474 381 veni
489 355 523 383 π.
541 355 724 392 Magniloquio
741 366 824 396 atque

41 397 183 432 arrogantia
211 399 310 431 uteris,
339 406 356 426 ο
381 400 536 428 miserrime
561 402 679 437 diabole,
705 405 823 434 elatione

40 451 134 478 quoque
145 449 229 479 alque
242 444 388 479 jactantia,
401 451 431 473 ut
445 446 481 474 ita
495 453 626 482 appareat
639 451 712 484 quod
726 459 822 480 omnes

40 489 204 524 magniloqui,
217 489 402 524 jactanticuli,
414 498 588 528 arrogantes,
604 500 631 523 et
645 498 755 532 superbi
768 503 822 526 tua:

41 534 154 568 nequitize
168 534 224 561 sint
235 534 376 570 discipuli,
388 542 416 564 et
427 538 498 572 apud
515 542 542 566 te
557 540 703 569 didicerim
716 549 747 570 ea
760 551 821 579 quae

42 581 86 607 Deo
101 585 162 608 sunt
183 582 326 609 contraria
350 590 356 609 :
383 582 453 611 Deus
474 585 544 612 enim
565 587 685 621 superbis
709 589 820 623 resistit,

40 626 167 654 humilibus
180 632 272 655 autem
285 628 332 655 dat
344 630 462 664 gratiam
478 631 511 660 ’⁷.
527 631 576 659 llis
596 634 723 662 similiter
737 636 820 664 etiam

39 674 103 700 Anna
121 677 208 700 mater
231 673 371 703 Samuelis
389 676 454 703 dicit
470 685 479 704 :
496 676 589 705 Nolite
612 679 685 715 loqui
708 683 820 716 superba

39 720 60 745 in
77 719 202 752 superbia,
225 726 319 748 etnon
339 727 413 749 exeat
432 724 643 760 magniloquium
662 735 695 755 ea:
716 736 760 755 ore
777 737 819 756 ve-

39 769 84 791 slro
96 765 125 794 ⁸⁸.
140 765 192 793 Sed
205 765 305 794 horum
323 767 466 795 immemor
484 770 620 804 diabolus,
634 777 661 799 et
682 774 750 802 alios
768 774 818 802 do-

39 812 94 843 cuit,
112 817 138 838 et.
163 812 224 848 ipse
240 821 338 849 magna
357 815 463 842 locutus
487 817 555 844 dixit
574 826 581 844 :
601 817 720 847 Circuiui
736 826 817 849 totum

39 863 121 883 terram
138 866 194 892 qua:
218 859 267 886 sub
286 860 351 887 caelo
374 865 422 888 est.
443 860 589 896 lntendite,
614 871 631 890 ο
645 865 740 898 amici,
754 867 816 901 quia

38 903 152 932 circuissc
168 912 198 932 se
214 905 282 934 dicit
302 911 386 934 totam
410 912 510 936 terram
525 917 586 944 quae
610 911 662 938 sub
678 912 749 939 caaln
762 897 816 945 est,
835 897 855 926 Β

39 951 76 977 sed
90 958 137 977 nou
154 952 315 980 carnalibus
337 953 471 989 vestigiis,
483 962 573 990 neque
593 958 816 993 corruptibilibus

39 997 168 1030 gressibus,
182 998 230 1026 sed
248 999 365 1034 spiritali
384 1004 554 1036 transcursu,
572 1007 654 1039 alque
670 1005 696 1032 in
719 1013 816 1032 cor-m-

40 1042 80 1070 rali
100 1045 210 1072 transitu
237 1045 368 1074 universa
387 1055 447 1082 quae
470 1049 520 1075 sub
540 1050 611 1077 ccelo
641 1056 706 1079 sunt
728 1053 816 1080 subito

39 1089 164 1123 pervolans
176 1095 259 1126 atque
280 1100 441 1128 peragrans.
463 1093 541 1122 Sicut
558 1102 625 1130 ergo
649 1104 703 1124 non
719 1105 814 1125 corru-

40 1135 160 1169 ptibilibus
175 1138 328 1173 gressibus,
350 1146 440 1174 neque
455 1141 612 1169 carnalibus
626 1143 751 1178 vestigiis
762 1145 817 1172 cir-

40 1181 108 1208 cuivit
125 1183 255 1217 diabolus,
273 1185 322 1212 sed
339 1185 365 1212 in
383 1186 585 1222 incorruptibili
608 1194 690 1225 atque
706 1191 814 1219 occulto

42 1231 180 1257 transcursu
207 1240 215 1259 :
244 1231 287 1259 sic
315 1232 443 1260 similiLer
470 1241 534 1261 cum
560 1235 628 1263 dicit
653 1238 726 1271 qu‘od
751 1243 814 1265 ante

42 1273 108 1301 Deum
122 1278 236 1310 steterit,
252 1285 308 1305 non
328 1278 397 1307 facie
411 1281 443 1308 ad
455 1280 556 1309 facient
572 1289 665 1310 coram
689 1284 745 1311 Deo
757 1291 814 1311 ste-

42 1320 74 1352 til,
89 1322 130 1349 sed
145 1324 260 1352 occultis
273 1325 500 1361 cogitationibus,
523 1332 550 1355 et
567 1329 742 1363 nequissimis
757 1339 814 1358 nic-

41 1367 196 1398 dilationibus
211 1375 276 1400 ante
293 1372 377 1400 Deum
390 1374 498 1402 venisse
511 1376 621 1410 dicitur,
639 1377 691 1405 hoc
708 1383 750 1405 est
766 1386 814 1405 nc-

41 1413 159 1446 quissimm
180 1415 239 1450 ejus
260 1418 444 1453 cogitationes
466 1428 515 1455 pro
537 1421 597 1456 ejus
627 1424 814 1457 increpatione

41 1465 155 1489 steterunt
173 1468 235 1491 ante
251 1465 349 1492 Deum.
365 1465 418 1493 Sed
431 1466 552 1500 interim,
578 1468 678 1504 inquit,
696 1470 814 1498 Circuivi

41 1512 105 1534 totum
119 1512 285 1545 terramque
309 1511 355 1538 sub
375 1512 438 1540 caelo
460 1518 508 1547 est,
526 1519 550 1541 et
566 1516 633 1542 ueni.
661 1515 724 1549 Sed,
743 1518 813 1546 male

41 1553 161 1587 gloriaris;
182 1561 210 1583 et
229 1556 303 1583 mala
324 1561 365 1584 est
387 1557 446 1586 11:20
471 1563 516 1586 tua
537 1559 672 1595 gloriatio.
699 1561 811 1590 Terram
827 1572 849 1600 α

42 1599 132 1631 circuis,
147 1602 192 1628 sed
207 1601 240 1628 ad
264 1601 365 1629 coelum
380 1611 433 1631 non
452 1607 606 1634 reverteris.
627 1607 662 1634 Ea
679 1616 739 1643 qute
760 1610 810 1636 sub

41 1642 95 1669 coilo
108 1649 165 1671 sunt
185 1652 331 1680 peragras,
349 1649 397 1675 sed
411 1649 457 1676 illa
482 1657 543 1684 qua:
561 1652 588 1679 in
611 1642 727 1681 excelsis
748 1659 812 1682 sunt

42 1696 82 1715 non
96 1691 250 1724 possidebis.
276 1692 392 1721 Circuivi
420 1704 522 1724 omnem
551 1703 650 1725 terram
670 1707 730 1735 qua:
762 1700 810 1727 sub

40 1736 90 1762 tela
102 1742 145 1763 ειι.
161 1738 294 1766 Circuivit
305 1748 359 1768 non
375 1741 531 1770 carnalibus
547 1745 678 1778 vestigiis,
692 1745 739 1773 sed
755 1747 810 1773 cir-

41 1781 184 1811 cuitionibus
197 1785 363 1820 iniquitatis,
388 1795 440 1814 non
459 1790 575 1817 terrenis
595 1791 745 1826 gressibus,
763 1793 810 1820 sed

40 1827 186 1860 spiritalibus
208 1832 431 1866 seductionibus,
467 1834 583 1862 Circuiut
606 1841 687 1864 lotam
713 1844 811 1865 terram

41 1876 137 1907 quierub
146 1877 206 1904 calo
223 1883 274 1906 est.
289 1878 348 1907 Non
365 1887 413 1914 per
427 1885 581 1916 temporum
598 1884 684 1918 spatia
709 1885 811 1912 circui—

42 1921 77 1952 sti,
95 1923 136 1949 sed
155 1925 255 1958 subito,
273 1925 402 1954 celeriter
427 1935 459 1955 ac
488 1928 620 1956 velociter
645 1931 738 1958 omnia
751 1939 812 1966 quae

42 1965 80 1992 sub
98 1968 160 1995 cmlo
176 1975 238 1998 sunt
262 1973 426 2006 peragrasti,
448 1978 475 2000 et
501 1975 595 2001 omnia
618 1983 678 2009 quae
699 1976 733 2008 in,
748 1965 812 2004 aere

43 2017 91 2039 sunt
109 2015 281 2049 pervolando,
302 2021 329 2044 et
345 2022 444 2045 cuncta
458 2027 519 2054 quae
535 2021 586 2047 sub
605 2021 675 2048 caelo
692 2027 755 2049 sunt
770 2023 811 2049 in-

43 2058 166 2092 spiciendo,
180 2063 272 2090 subito
286 2063 320 2090 ab
331 2064 436 2092 oriente
448 2066 481 2093 ad
493 2074 619 2095 occasum
632 2070 810 2103 transeundo,

43 2107 84 2129 ειη
97 2106 240 2136 meridiano
254 2110 289 2136 ad
305 2110 460 2144 aquilonem
474 2112 650 2146 pcrvolando,
664 2118 692 2141 et
702 2121 734 2141 ea
750 2122 811 2149 qua:

43 2155 78 2182 per
89 2158 194 2185 quatuor
210 2155 342 2183 terminos
359 2156 433 2184 orbis
447 2157 473 2184 in
489 2159 616 2187 onmibus
631 2161 769 2194 gentibus,
785 2166 812 2189 ct

43 2198 178 2231 provinciis,
206 2206 234 2228 et
256 2202 414 2237 regionibus
435 2208 519 2239 atque
547 2205 647 2241 linguis
666 2207 744 2242 liunl,
769 2208 810 2235 vel

43 2243 147 2273 dicnntur
165 2247 271 2281 videns,
294 2254 320 2276 et
343 2250 467 2284 audiens,
490 2255 518 2278 ct
539 2252 648 2285 sciens,
671 2261 724 2281 non
751 2258 811 2280 tnn-
828 2246 849 2273 D

43 2296 106 2322 quam
129 2293 153 2320 in
173 2296 319 2329 praesentia
340 2296 456 2329 habens.
479 2298 527 2325 sed
546 2289 675 2334 tanquam
698 2300 810 2334 spiritus

43 2335 126 2370 volans,
141 2344 166 2367 et
176 2342 265 2369 omnia
278 2350 338 2377 quae
353 2350 419 2371 voce
430 2343 559 2372 dicuntur
570 2346 695 2378 audiens,
709 2351 736 2373 et
750 2354 810 2380 qua:

43 2384 150 2415 operibus
171 2386 237 2415 liunt
265 2389 390 2416 universa
423 2389 528 2422 videns,
557 2399 589 2418 ea
617 2398 682 2418 vero
706 2399 767 2426 quae
782 2392 808 2418 in

44 2429 110 2457 corde
123 2436 199 2467 atque
214 2433 286 2460 intra
303 2434 425 2461 animum
444 2439 608 2468 tractantur,
625 2436 760 2464 nesciens.
779 2437 809 2464 Si

45 2475 102 2503 enim
119 2478 251 2508 hominum
271 2481 451 2517 cogitationes
477 2482 585 2514 scisset,
616 2482 740 2517 profecto
754 2485 811 2512 ttul-

45 2517 88 2548 lum
107 2522 235 2554 hominem
262 2527 368 2555 salvum
396 2528 456 2555 ﬁeri
482 2528 665 2563 permisisset,
689 2530 810 2564 nihilque

47 2564 96 2595 boui
107 2572 238 2606 perlicere,
255 2574 303 2601 sed
319 2574 410 2601 omnia
429 2574 499 2602 bona
518 2582 581 2602 mox
597 2579 627 2603 ut
646 2576 811 2611 cogitatione

49 2619 118 2648 empta
129 2616 247 2653 inissent,
262 2620 393 2648 continuo
408 2621 572 2654 destrueret,
591 2621 721 2649 continuo
750 2629 812 2656 per—

51 2659 114 2688 licere
134 2671 183 2691 non
204 2667 382 2699 permisisset.
401 2666 479 2695 Nunc
494 2674 558 2695 vero
572 2674 604 2695 ea
627 2668 736 2702 quidem
752 2675 812 2703 quas

50 2707 184 2742 cogitantur,
199 2713 239 2740 vel
256 2717 407 2741 tractantur
429 2714 535 2750 ignorat
550 2723 557 2741 :
577 2723 609 2743 ea
624 2723 691 2743 vero
707 2723 767 2751 quae
785 2716 811 2743 in

51 2754 153 2786 operibus
165 2758 238 2793 ﬁunt,
255 2765 282 2788 et
299 2768 348 2795 per
362 2768 456 2789 vocem
474 2762 613 2794 dicuntur,
627 2762 712 2795 audit,
726 2767 755 2789 et
771 2763 810 2789 vi-

52 2797 94 2831 det,
106 2807 188 2837 utpote
199 2806 312 2840 spiritus
329 2807 444 2836 callidus
459 2816 491 2836 ac
511 2809 631 2842 subtilis,
646 2814 673 2837 et
685 2809 730 2843 qui
751 2808 810 2836 ubi—

81 2888 98 2903 "
117 2888 157 2918 Iob
172 2901 189 2925 r,
204 2893 228 2921 'l.
266 2895 287 2910 '7
310 2895 317 2922 l
335 2894 409 2924 Pctr.
422 2904 447 2930 v,
527 2898 548 2914 ⁸⁸
567 2897 574 2926 Ι
592 2895 656 2934 Reg.
678 2905 708 2932 tt,
731 2898 758 2926 5.

871 269 981 297 'volans.
1008 269 1035 296 Si
1051 270 1123 296 enim
1139 270 1213 296 venti
1230 269 1303 297 aeris
1317 271 1443 305 regiones
1460 278 1492 298 ac
1509 272 1666 306 provincias

875 315 964 342 subito
981 314 1096 350 perﬂant
1114 319 1196 350 atque
1220 321 1374 349 transeunt,
1399 324 1488 344 nonne
1511 316 1595 344 multo
1609 325 1666 344 am-

873 361 944 396 plius
966 361 1037 389 aerei
1060 361 1183 396 spiritus,
1207 361 1233 388 id
1265 366 1308 388 est
1335 362 1495 396 nequissimi
1517 362 1665 395 daemones,

874 406 964 433 subito
989 405 1133 440 pervolant
1150 410 1235 432 totum
1263 407 1405 439 mundum,
1427 407 1517 434 subito
1538 407 1665 434 univw'sa

873 455 1021 486 peragrant
1043 459 1104 486 quae
1126 451 1176 479 sub
1198 451 1268 478 cozlo
1283 457 1357 484 sunt,
1378 452 1467 480 subito
1491 452 1591 488 ubique
1604 457 1666 480 sunt

872 498 1039 532 pratscntes?
1056 498 1084 525 ιη
1101 498 1175 525 omni
1189 498 1282 533 praelia
1296 497 1336 525 vel
1352 505 1452 534 pugna,
1471 499 1496 526 in
1513 499 1586 526 omni
1604 506 1666 534 pcr-

874 542 1031 571 turbalione
1043 548 1126 580 atque
1138 545 1234 571 mortis
1248 544 1338 576 ruina,
1356 545 1382 571 in
1395 545 1468 572 omni
1483 545 1618 572 seditione
1633 553 1665 572 ac

873 589 1002 622 tumultu,
1018 590 1046 618 in
1061 591 1135 618 omni
1152 590 1328 618 contentione
1342 595 1371 618 et
1387 590 1446 624 lite,
1470 591 1497 618 in
1514 591 1586 618 omni
1600 599 1664 618 san-

872 637 953 673 guine
968 642 997 665 et
1014 636 1173 670 homicidio,
1187 641 1213 664 el
1229 637 1302 664 furto
1317 642 1400 672 atque
1414 637 1559 670 adulterio,
1576 637 1663 663 omni-

871 691 924 719 que
935 683 1103 712 lamentabili
1122 683 1192 711 bello
1205 683 1262 711 sive
1277 684 1403 717 orientis,
1428 684 1486 711 sive
1501 684 1662 716 occidentis,

871 730 928 759 sive
957 729 1124 763 meridiani;
1138 730 1196 758 sive
1221 730 1366 765 aquilonis,
1390 730 1491 765 ubique
1514 734 1663 764 praesentes

871 779 935 804 sunt
950 775 1110 811 nequissimi
1132 780 1216 810 atque
1229 775 1303 803 aerei
1329 777 1466 803 daemones
1481 775 1540 810 plus
1554 780 1664 810 pertur-

870 822 975 855 bautcs,
997 826 1026 849 et
1048 822 1248 852 succendentes
1265 827 1347 856 atque
1366 822 1491 849 universa
1509 826 1661 848 moventes.

871 868 948 897 Unde
965 869 1145 897 divinationes
1164 873 1238 902 sunt,
1257 876 1289 896 ex
1319 877 1372 904 quo
1387 869 1578 904 malignissiml
1609 869 1664 895 dic-

870 922 976 948 moues,
991 915 1119 950 aereique
1132 914 1244 950 spiritus
1261 915 1351 943 subito
1365 915 1438 942 hunc
1453 915 1584 942 mundum
1601 921 1663 948 per-

868 960 992 987 volantes
1019 964 1100 996 atque
1119 960 1246 988 universa
1270 968 1330 995 qua:
1345 961 1371 988 in
1397 961 1472 988 omni
1497 961 1557 990 loco
1582 963 1664 997 hujus

868 1014 960 1034 mnum
990 1009 1059 1034 nunt
1080 1006 1298 1041 contemplantes
1321 1013 1328 1032 :
1350 1012 1377 1033 ct
1400 1016 1432 1035 ea
1450 1015 1510 1043 quae
1534 1008 1663 1036 dicuntur

869 1053 1020 1087 audientes,
1045 1053 1092 1088 qui
1109 1053 1172 1081 alibi
1188 1053 1345 1088 ubicunque
1363 1054 1441 1089 longe
1464 1055 1544 1089 positi
1560 1055 1663 1083 fuerint

867 1099 917 1127 sub
934 1099 1061 1134 nequitia:
1078 1099 1213 1126 ministris
1228 1098 1352 1126 revelant
1364 1104 1447 1134 atque
1461 1101 1662 1134 demonstrant,

867 1145 964 1172 tamin
985 1145 1089 1172 somnis
1102 1152 1185 1180 quam
1209 1145 1235 1172 in
1262 1144 1376 1180 vigiliis,
1401 1153 1451 1173 nec
1463 1154 1515 1174 non
1533 1147 1558 1173 in
1577 1148 1663 1181 phan-

868 1191 1039 1225 tasmatibus,
1058 1195 1085 1219 et
1096 1190 1174 1226 juxta
1193 1192 1251 1219 haec
1268 1197 1328 1226 qua:
1343 1192 1422 1224 llunt,
1447 1192 1490 1220 vel
1505 1200 1661 1227 emergunt,

866 1237 949 1263 etiam
972 1236 1025 1264 alia
1039 1242 1121 1272 atque
1138 1237 1191 1265 alia
1204 1236 1298 1264 futura
1313 1245 1427 1272 sperare
1442 1243 1524 1273 atque
1546 1239 1663 1273 probare

866 1284 976 1312 docent.
994 1284 1099 1312 Exinde
1121 1284 1205 1319 cmpit
1229 1284 1406 1312 divinationis
1427 1291 1506 1312 error
1526 1285 1597 1313 lilios
1613 1286 1662 1314 ho-

867 1331 969 1357 minum
989 1330 1017 1357 in
1037 1330 1197 1358 scandalum
1222 1331 1248 1357 in
1267 1337 1314 1358 eos
1328 1330 1429 1365 quibus
1457 1338 1540 1365 super
1560 1335 1660 1359 terram

866 1382 956 1403 ortum
971 1380 1024 1404 est.
1038 1375 1085 1403 llis
1101 1383 1218 1411 namque
1235 1376 1361 1403 omnibus
1373 1377 1568 1405 demonstratis
1580 1381 1662 1412 atque

866 1422 1024 1450 memoratis
1056 1422 1272 1457 malignissimus
1302 1428 1385 1457 atque
1408 1430 1504 1450 aereus
1535 1423 1660 1451 diabolus

866 1468 952 1496 dicit:
972 1468 1088 1495 Circuiui
1108 1473 1190 1495 lotam
1207 1473 1305 1495 terram
1330 1477 1389 1504 qua:
1413 1469 1460 1496 sub
1487 1469 1550 1496 celo
1569 1474 1618 1502 est,
1636 1475 1661 1497 et

867 1517 935 1543 ueni.
950 1515 973 1543 Ο
986 1515 1153 1550 nequissime
1166 1515 1334 1548 adversario,
1356 1523 1372 1543 o
1387 1516 1585 1556 malignissime
1600 1518 1660 1544 dia-

865 1563 937 1597 bole,
949 1571 1031 1598 quam
1048 1563 1183 1599 malignus
1201 1570 1243 1595 es,
1266 1567 1295 1590 et
1309 1563 1343 1590 ad
1366 1563 1458 1590 omnia
1478 1563 1548 1590 mala
1565 1571 1661 1591 versu-

865 1616 908 1638 tus
930 1614 1012 1642 atque
1035 1609 1167 1637 callidus!
1188 1609 1256 1636 Cum
1281 1610 1354 1637 enim
1372 1609 1406 1636 ad
1422 1609 1506 1637 Deum
1530 1609 1660 1644 loqueris,

864 1657 1046 1684 humilitatem
1073 1658 1189 1692 ﬁngens,
1213 1662 1297 1684 totam
1322 1662 1423 1684 terram
1448 1664 1508 1692 quae
1523 1657 1574 1684 sub
1591 1657 1661 1685 coelo

863 1707 907 1730 est
927 1703 1061 1730 circuisse
1079 1709 1104 1731 te
1121 1703 1199 1735 dicis,
1219 1707 1248 1730 et
1262 1703 1324 1730 caeli
1341 1711 1394 1730 non
1414 1703 1573 1730 meministi.
1593 1703 1660 1731 Cum

863 1754 954 1776 autent
965 1751 999 1776 ad
1013 1749 1137 1776 homines
1150 1749 1280 1784 loqueris,
1294 1754 1360 1776 tunc
1372 1749 1549 1776 nihilominus
1562 1757 1660 1784 magna

862 1793 977 1828 loquens
991 1799 1020 1820 ut
1035 1794 1157 1822 homines
1175 1794 1276 1829 rapias,
1299 1794 1368 1822 dicis
1385 1803 1390 1820 :
1407 1794 1441 1821 In
1456 1795 1549 1821 uelum
1568 1803 1661 1821 ascen-

863 1841 936 1872 dam,
958 1848 1037 1874 super
1054 1839 1145 1866 sle/las
1166 1840 1223 1867 ειεΙὶ
1239 1848 1335 1875 ponam
1350 1840 1436 1867 sedem
1454 1849 1551 1874 meum,
1568 1843 1592 1868 e‘t
1615 1848 1660 1868 ero

862 1885 957 1913 similis
971 1885 1106 1912 Altissimo
1124 1886 1168 1912 ⁸⁸⁸.
1192 1885 1249 1913 lloc
1264 1886 1391 1913 nimirum
1405 1887 1440 1913 ob
1456 1887 1507 1914 hoc
1523 1887 1593 1914 dicis
1605 1907 1612 1921 ,
1631 1892 1660 1915 ut

862 1939 911 1966 pro
920 1930 1060 1959 Altissimo
1069 1931 1175 1958 adorari
1185 1937 1266 1966 atque
1276 1932 1330 1959 coli
1345 1932 1378 1959 ab
1390 1932 1547 1960 hominibus
1556 1934 1657 1967 possis.

898 1977 1030 2010 Circuioi,
1055 1978 1153 2013 inquit,
1177 1983 1260 2005 totum
1276 1984 1374 2006 terram
1396 1987 1455 2014 quce
1472 1979 1519 2007 sub
1535 1981 1597 2006 cazlo
1609 1986 1658 2009 est.

863 2023 975 2052 Terram
994 2026 1107 2058 circuis,
1117 2032 1133 2050 ο
1147 2025 1264 2058 diabole,
1279 2025 1312 2052 ad
1328 2025 1513 2058 dosolandum,
1524 2027 1556 2053 ad
1569 2031 1659 2053 exter-

863 2071 1020 2098 minandum
1039 2079 1111 2098 calli.
1128 2071 1164 2098 Ea
1180 2079 1239 2106 qua:
1256 2071 1307 2099 sub
1319 2072 1389 2099 coelo
1405 2077 1467 2099 sunt
1483 2080 1610 2108 peragras
1625 2073 1658 2101 ad

863 2117 1076 2151 perturbandum
1091 2122 1118 2144 et
1131 2117 1356 2152 pervertendum,
1369 2121 1396 2144 et
1407 2118 1440 2144 ad
1456 2117 1577 2145 furorem
1590 2126 1657 2145 con-

862 2162 984 2190 citandas
1000 2167 1082 2198 atque
1097 2163 1304 2190 exacerbandas
1327 2164 1577 2198 geutcs'adversus
1592 2172 1658 2199 gen‘

864 2214 904 2237 tes
929 2213 956 2236 et
969 2210 1103 2246 regiones.
1118 2209 1171 2237 Pro
1187 2210 1247 2238 istis
1259 2217 1325 2243 ergo
1339 2211 1476 2241 omnibus,
1492 2211 1589 2246 inquit,
1605 2211 1659 2238 cir-

864 2255 936 2283 cuivi
954 2260 1038 2282 totam
1054 2260 1154 2283 terram
1168 2263 1228 2291 quae
1242 2257 1292 2283 sub
1311 2256 1383 2283 coelo
1398 2261 1450 2290 est,
1468 2261 1495 2283 et
1513 2257 1584 2283 veni.
1603 2257 1657 2284 Sed

864 2302 951 2328 adhuc
965 2302 1046 2329 aliter
1058 2302 1169 2329 circuivi
1184 2307 1268 2329 totam
1282 2307 1396 2335 terram,
1409 2310 1505 2330 omnes
1521 2307 1657 2336 terrenos,

864 2355 911 2375 eos
933 2348 980 2382 qui
1005 2352 1114 2375 terrena
1136 2349 1245 2382 sapiunt
1274 2353 1391 2381 tantum,
1415 2357 1461 2376 eos
1477 2350 1521 2384 qui
1549 2354 1657 2376 terrena

864 2393 920 2420 sola
935 2393 1068 2428 cogitant,
1085 2399 1112 2420 et
1134 2393 1313 2428 meditantur,
1331 2394 1449 2430 diligunt
1468 2400 1549 2430 atque
1572 2396 1658 2429 requi-

865 2443 937 2466 runt.
954 2439 1023 2466 Istos
1038 2446 1102 2474 ergo
1117 2439 1227 2472 circuis,
1248 2440 1389 2474 exploras,
1403 2440 1527 2475 exquiris
1547 2444 1574 2467 ct
1592 2449 1658 2467 cou-

864 2485 964 2517 culcas,
981 2485 1045 2520 quia
1068 2485 1197 2512 introitus
1212 2491 1240 2513 ct
1260 2486 1352 2513 exitus
1368 2487 1440 2513 viam
1468 2493 1549 2521 atque
1565 2487 1616 2513 iter
1631 2488 1656 2514 in

864 2531 904 2558 eis
917 2531 1011 2558 habes.
1027 2531 1083 2564 Sic,
1098 2532 1221 2566 inquam,
1238 2531 1338 2559 circuis
1353 2536 1489 2564 terram,o
1501 2532 1617 2564 diabolc,
1631 2537 1657 2558 cl

864 2584 996 2611 peragras
1010 2584 1042 2604 ea
1066 2584 1127 2611 qua:
1142 2577 1192 2604 sub
1218 2577 1290 2605 ctelo
1314 2582 1388 2604 sunt.
1413 2578 1477 2611 Quae
1492 2583 1555 2605 sunt
1579 2577 1659 2606 haec?

864 2621 952 2650 Corda
967 2629 1028 2657 qua:
1051 2630 1104 2649 non
1118 2627 1182 2649 sunt
1207 2623 1233 2650 in
1257 2623 1339 2656 coelo,
1353 2631 1414 2658 quae
1436 2623 1462 2650 in
1479 2624 1577 2651 cmlum
1593 2633 1658 2652 nun-

863 2675 946 2704 quam
961 2669 1156 2702 ascenderunl,
1178 2677 1266 2704 neque
1288 2670 1350 2696 lidei
1374 2669 1543 2705 integritate,
1567 2679 1656 2705 neque

865 2716 964 2743 mentis
988 2715 1135 2748 desiderio.
1159 2724 1245 2751 neque
1270 2716 1376 2743 Domini
1401 2717 1545 2749 memoria,
1567 2725 1656 2752 neque

866 2762 1076 2789 resurrectionis
1091 2763 1306 2797 exspectatione,
1332 2770 1421 2798 neque
1433 2762 1528 2798 judicii
1546 2765 1654 2799 timore,

864 2815 952 2843 neque
966 2816 1014 2843 spe
1026 2809 1120 2844 glorize
1133 2814 1250 2843 :t'tcrnaa,
1267 2810 1314 2838 scd
1331 2810 1428 2838 horum
1457 2811 1578 2838 omnium
1596 2819 1656 2847 qua:

796 2898 827 2915 "‘
844 2898 894 2927 lsa.
913 2906 967 2934 XIV,
982 2899 1026 2929 13.
