1904 3076
263 139 313 166 Jll

825 137 1016 167 ANONYJIUS
1036 138 1067 165 IN
1085 138 1155 167 JOB.
1173 155 1207 159 —
1226 137 1290 166 LIB.
1309 139 1328 166 I.
1827 143 1869 169 ιίε

264 196 290 223 iu
321 195 391 223 cmlo
412 199 494 229 sunt,
509 194 736 228 ’obliviscnntur,
762 196 914 231 despiciunt
941 203 1049 232 quoque
1062 199 1086 227 Δ
1102 196 1204 229 Mosen,
1221 197 1254 224 de
1268 204 1322 231 quo
1336 195 1400 224 dicit
1416 195 1450 223 ad
1466 195 1575 223 Aaron:
1591 195 1652 223 Non
1672 197 1739 223 sicut
1766 196 1869 231 famulus

262 246 343 275 atque
359 240 531 274 delinquunt.
554 240 629 267 Talia
647 244 710 267 sunt
724 241 805 268 corda
830 241 951 268 omnium
975 241 1047 268 fero-

262 288 342 318 cium,
358 285 549 320 pertinacium,
572 293 666 313 eorum
686 287 731 321 qui
746 294 798 314 non
814 291 899 321 agunt
911 287 1047 322 paeniten-

261 331 338 359 tiam.
364 331 554 366 Huiuscemodi
585 332 657 359 enim
687 332 770 360 corda
799 332 897 360 circuit
921 333 1045 361 diabolus

259 378 425 412 persuadens
439 382 522 413 atque
535 377 687 412 infatuans,
698 379 854 407 obtundens
867 383 949 414 atque
961 380 1046 407 obdu-

258 430 330 454 rans.
345 431 439 450 eorum
455 423 505 458 qui
518 432 550 451 ea
563 431 623 459 qute
634 432 716 459 super
727 426 826 453 cmlum
840 431 905 454 sunt
917 427 943 454 in
957 427 1044 454 incor-

257 469 383 503 ruptione
410 477 463 497 non
479 470 598 505 sapiunt,
627 472 673 498 sed
688 479 720 499 ea
742 472 800 499 sola
823 480 884 507 qua:
897 473 946 501 sub
974 474 1044 501 cmlo

255 519 320 542 sunt
343 516 369 542 in
394 516 570 552 corruptione
595 524 678 552 super
701 522 801 545 terram
828 519 979 553 requirunt.
1006 519 1043 546 De

255 561 315 589 istis
331 569 395 596 ergo
410 562 535 589 omnibus
551 562 615 590 dicit
632 571 638 589 :
655 563 770 590 Circuiui
782 568 866 591 lotam
877 570 975 591 terram
985 573 1043 599 quin

254 608 302 634 sub
317 608 381 634 cmlo
399 613 449 641 est,
469 615 493 635 et
506 609 573 637 veni.
595 610 617 636 A
633 609 712 637 nobis
725 615 817 637 autem
833 611 967 638 avertitur
980 619 1041 638 cum

255 654 340 681 donat
365 654 437 682 Deus
455 662 502 683 cor
525 656 665 688 mundum,
691 656 810 684 animam
831 662 945 690 castam,
965 665 1042 685 men-

256 703 363 734 temque
378 700 462 734 piam,
481 701 560 729 lidem
577 702 721 736 integram,
745 702 850 737 plenam
865 703 1039 736 charitatem,

255 745 470 774 misericordiam
494 747 640 779 sinceram,
663 749 808 783 puritatem
829 756 881 777 non
905 749 994 777 [ictam
1012 755 1040 777 et

254 799 329 826 spem
356 792 532 826 immobilem,
558 798 587 819 ut.
610 801 706 822 omnes
731 796 893 829 nequissimi
915 796 1040 823 incursus

255 843 337 872 atque
351 845 476 866 accessus
492 839 570 874 longe
591 847 606 866 a
629 840 706 867 nobis
724 845 892 873 avertantur,
910 847 937 868 et
950 841 1039 868 omnis

255 884 373 911 versutia
391 884 448 918 ejus
463 885 575 912 confusa
597 890 680 920 atque
694 887 819 914 ineﬂicax
840 888 1040 922 comprobetur.
1056 876 1078 906 Β

255 930 308 957 Sed
323 930 431 958 interim
446 939 508 958 cum
524 931 580 959 haec
591 932 693 959 diceret
705 932 829 960 diabolus
841 934 911 968 quod
927 933 1041 961 circuis-

254 980 295 1002 set
320 982 430 1009 terram,
455 982 483 1004 ct
497 983 669 1013 peragrasset
689 985 720 1006 ea
736 987 797 1013 quae
817 979 867 1006 sub
882 980 952 1007 caelo
966 984 1040 1011 sunt,

253 1022 393 1056 respondit
407 1022 433 1049 ei
449 1022 530 1055 Deus,
554 1023 647 1050 dicens
664 1031 672 1051 :
688 1023 904 1051 Animadvertisli
927 1024 962 1051 ad
976 1033 1040 1059 pue~

253 1075 312 1093 runt
328 1076 412 1094 meum
429 1068 490 1101 Job,
506 1070 568 1103 quia
580 1069 675 1096 similis
694 1070 718 1096 ei
733 1077 784 1096 non
801 1075 838 1097 est
857 1071 996 1105 quisquam
1012 1071 1040 1098 in

253 1114 330 1140 terris
346 1114 385 1140 9’1'
401 1113 541 1150 Tanquam
555 1115 577 1142 si
599 1115 702 1143 diceret
717 1125 723 1142 :
738 1116 806 1149 Quia
821 1116 949 1151 gloriaris
968 1117 1040 1151 quod

253 1164 355 1186 terram
380 1152 531 1191 circuieris,
554 1165 581 1187 et
604 1169 635 1188 ea
657 1169 718 1196 quat
741 1162 792 1189 sub
809 1163 877 1190 caelo
897 1168 960 1190 sunt
978 1170 1040 1197 per-

251 1206 401 1239 agraveris,
411 1206 454 1233 dic
465 1205 542 1238 mihi,
556 1207 769 1234 animadvertisti
783 1207 814 1234 ad
824 1215 935 1242 puerum
949 1216 1039 1235 meum

251 1249 319 1278 Job?
340 1250 417 1283 Quod
432 1252 455 1279 si
475 1251 591 1280 forsitan
607 1253 718 1286 dixeris,
739 1253 831 1281 nescio
846 1254 906 1288 quis
923 1254 959 1281 sit
977 1253 1037 1287 Job,

251 1297 296 1324 hic
311 1302 363 1330 est,
376 1297 420 1324 cui
434 1305 486 1324 non
500 1303 542 1326 est
557 1299 638 1326 homo
651 1299 747 1327 similis
758 1308 839 1335 super
855 1305 964 1328 terram.
980 1301 1038 1336 Ego

251 1343 313 1370 dico
331 1343 402 1377 quod
413 1351 466 1371 non
479 1344 515 1371 sit
533 1344 570 1372 illi
584 1345 681 1372 sitnilis
698 1353 780 1380 super
794 1351 894 1373 terram
910 1356 916 1374 :
932 1351 958 1373 tu
973 1355 1038 1374 vero

251 1387 297 1421 qui
308 1387 375 1415 dicis
389 1389 459 1422 quod
473 1393 572 1416 terram
587 1390 739 1424 circuieris,
753 1395 780 1417 et
794 1398 825 1418 ea
836 1399 895 1425 qua:
907 1392 958 1418 sub
969 1392 1038 1420 caelo

249 1437 314 1459 sunt
329 1435 529 1470 peragraveris,
553 1436 666 1463 ostende
690 1437 772 1463 alimn
796 1437 914 1464 similem
937 1437 985 1465 illi.
1004 1438 1037 1464 Et.

250 1485 315 1506 vere
332 1480 489 1514 nequissimi
512 1481 611 1509 diaboli
636 1482 814 1517 cogitationes
833 1483 934 1518 arguit,
955 1489 1037 1519 atque

249 1524 373 1552 illicitum
389 1525 448 1560 ejus
461 1526 572 1554 livorem
593 1529 721 1561 ostendit,
736 1536 815 1564 quem
835 1529 980 1557 meditatus
994 1535 1034 1557 est
1049 1542 1069 1571 α

249 1578 281 1598 ac
295 1571 420 1606 nequiter
448 1574 586 1608 cogitavit,
604 1582 664 1602 cuin
684 1575 733 1602 Job
751 1575 854 1603 zelatur
870 1580 897 1604 et
919 1576 1032 1604 invidet.

248 1617 287 1643 Ac
311 1617 333 1643 si
355 1617 479 1645 diceret:
495 1618 550 1654 Ego
568 1627 652 1653 arguo
672 1621 859 1648 meditationes
883 1626 954 1654 tuas,
970 1629 1034 1649 erce

248 1662 338 1689 revelo
364 1664 479 1690 consilia
503 1669 557 1697 tua,
574 1672 638 1692 ecce
663 1667 777 1693 ostendo
797 1667 945 1702 nequitiam
960 1672 1032 1694 tuam

246 1712 330 1741 atque
346 1707 470 1736 livorem.
494 1708 562 1739 Ecce
582 1710 616 1737 do
633 1710 678 1737 libi
694 1711 848 1745 audaciam,
870 1717 901 1739 ut
910 1712 1033 1747 proferas

246 1752 376 1780 malitiam
394 1758 479 1784 tuam,
492 1761 520 1782 ut
533 1755 677 1790 depromas
694 1756 886 1792 malignitatem
903 1762 986 1790 tuam,
1003 1761 1033 1785 ut

245 1797 280 1825 ad
298 1803 438 1830 certamen
453 1804 534 1835 atque
546 1801 667 1836 prmlium
693 1801 801 1829 beatum
820 1803 954 1837 requiras.
976 1802 1031 1830 Nisi

245 1844 317 1871 enim
337 1845 462 1872 ﬁduciam
490 1847 647 1882 acceperis,
673 1856 796 1883 quaerere
819 1857 871 1876 non
898 1849 1030 1877 audebis:

244 1889 459 1918 Animaduertisti
476 1892 510 1918 ad
533 1901 642 1927 puerum
666 1902 750 1921 meum
773 1893 846 1922 Job?
869 1893 925 1923 Hoc
935 1902 977 1923 est
990 1904 1033 1923 re—

245 1935 344 1963 laxasti
368 1937 487 1964 animum
512 1942 596 1972 tuum,
621 1939 802 1974 cogitationes
825 1945 896 1973 tuas,
918 1942 1031 1969 consilia

246 1986 302 2014 tua,
316 1982 506 2011 meditationes
520 1989 588 2011 tuas.
601 1985 640 2011 Ad
652 1986 753 2020 quem?
768 1986 809 2012 Ad
823 1994 933 2020 puerum
946 1996 1032 2014 meum

243 2028 304 2056 Job.
326 2029 474 2057 Ltetaberis
493 2031 648 2058 adversarie
671 2032 769 2065 sagitta
792 2031 819 2058 in
837 2033 946 2060 modum
961 2033 1031 2068 ignis

243 2075 437 2103 comburente?
460 2075 535 2104 lianc
548 2083 641 2104 vocem
663 2077 786 2104 diabolus
800 2085 969 2113 nequaquam
982 2087 1031 2106 au—

243 2120 302 2147 dire
321 2121 431 2154 patitur,
455 2128 508 2148 non
530 2120 628 2148 tolerat
651 2122 850 2156 nequissimus,
878 2127 906 2150 ut
931 2123 1030 2158 aliquis

243 2174 340 2193 servus
354 2166 400 2193 Dei
415 2167 462 2198 sit.
475 2166 517 2194 vel
533 2166 645 2195 omnino
663 2167 827 2194 nominetur.
854 2168 920 2195 Cum
939 2175 1027 2197 autern

1100 250 1173 269 meus
1186 241 1272 269 Moses
1286 242 1312 268 in
1330 246 1384 268 tota
1399 242 1475 268 domo
1489 249 1545 268 mea
1557 241 1642 275 ﬁdelis
1655 242 1674 268 '.
1690 241 1723 268 Et
1742 247 1801 275 post
1811 249 1869 276 pau-

1099 289 1183 316 lulum
1202 296 1209 315 :
1226 287 1362 320 Quomodo
1378 295 1431 315 non
1447 288 1557 315 timuisti
1572 288 1645 323 loqui
1659 289 1690 314 de
1705 288 1805 322 famulo
1821 297 1867 315 meo

1099 334 1172 362 More
1186 334 1213 361 "3
1226 334 1295 366 Quid
1312 334 1363 361 hoc
1379 333 1465 368 majus
1478 339 1530 367 est,
1546 334 1610 368 quid
1627 334 1762 369 superius,
1777 339 1805 361 ut
1817 336 1867 368 quis

1098 381 1134 408 sit
1151 379 1288 408 Creatoris
1305 387 1399 407 servus
1418 384 1500 414 atque
1514 379 1632 407 cwlestis
1657 380 1727 415 regis
1747 379 1867 407 famulus?

1098 426 1156 454 Non
1171 431 1212 454 est
1227 426 1277 454 hac
1291 426 1377 461 major
1391 425 1487 460 gloria.
1501 425 1588 460 Super
1605 426 1661 453 hazc
1676 430 1765 453 autem
1790 425 1866 460 ipsum

1096 471 1234 500 diabolum
1251 471 1384 505 increpat,
1407 471 1500 506 dejicit
1521 475 1604 506 atque
1626 469 1752 506 objurgat
1774 477 1820 505 per
1846 471 1866 498 id

1096 518 1169 554 quod
1188 517 1238 545 Job
1261 524 1376 552 puerum
1396 523 1474 544 suum
1497 517 1636 551 appellat:
1653 516 1865 548 Animadvertiui,

1095 563 1192 599 inqui_t,
1207 563 1242 589 ad
1255 570 1364 598 puerum
1375 570 1460 589 meum
1471 561 1542 588 Job?
1558 563 1597 589 Ac
1615 562 1637 589 si
1651 562 1770 590 diceret:
1785 562 1866 590 Nonne

1095 610 1183 636 vietus
1198 616 1237 641 es,
1254 613 1281 636 et
1293 607 1415 642 dejectus
1428 612 1509 643 atque
1526 608 1694 642 humiliatus,
1705 613 1739 639 ,ut
1751 608 1799 636 Job
1814 617 1866 636 cor-

1095 654 1230 689 ruptibilis
1244 659 1326 689 atque
1339 658 1464 681 terrenus
1481 654 1562 681 homo
1579 661 1677 682 servus
1688 661 1765 681 meus
1789 654 1830 686 sit,
1843 660 1864 681 et

1094 701 1121 728 in
1136 707 1195 728 mea
1209 700 1338 728 servitute
1359 699 1484 727 maneat?
1501 699 1540 727 Tu
1557 707 1631 733 vero,
1645 707 1662 727 ο
1681 699 1798 733 diabolo,
1812 708 1863 727 cum

1093 749 1218 783 superior
1242 748 1279 776 sis
1306 746 1419 783 angelis,
1447 753 1508 774 cum
1536 746 1606 774 inter
1630 746 1772 774 cherubim
1797 754 1811 773 a
1829 753 1863 774 me

1093 799 1213 826 creatus,
1226 801 1240 821 a
1256 801 1314 821 mea
1329 793 1462 821 servitute
1479 793 1626 825 recessisti,
1642 797 1669 820 et
1683 799 1772 820 meum
1791 792 1862 819 mini-

1093 842 1205 869 sterium
1220 841 1400 875 dcreliquisti,
1413 839 1510 867 merito
1525 847 1559 868 ex
1579 839 1682 867 sanctis
1705 839 1796 867 choris
1811 846 1862 874 pro-

1091 887 1180 924 iectus
1192 893 1274 922 atque
1287 894 1301 914 a
1316 886 1473 914 cmlestibus
1493 886 1587 921 pulsus
1606 885 1679 913 circa
1699 890 1784 912 ternis
1794 885 1861 912 ober-

1092 941 1149 965 ras,
1165 933 1236 960 circa
1258 938 1345 960 terras
1367 937 1468 968 reptas,
1489 937 1515 960 et
1540 936 1661 959 terrenos
1680 931 1861 958 circumvenire

1091 980 1210 1007 conaris.
1226 977 1265 1006 0b
1281 978 1332 1005 hoc
1349 985 1409 1005 cum
1432 978 1499 1005 dicis
1513 978 1584 1012 quod
1608 982 1708 1004 terram
1725 977 1859 1009 circuieris,

1091 1027 1118 1050 et
1131 1030 1162 1050 ea
1177 1030 1237 1057 qua:
1250 1022 1300 1049 sub
1315 1024 1383 1049 ctelo
1407 1027 1470 1050 sunt
1489 1023 1688 1058 peragraveris,
1713 1023 1776 1057 quia
1790 1022 1860 1049 ccele-

1091 1069 1173 1097 stium
1190 1070 1282 1104 refuga
1299 1069 1414 1096 elIectus
1431 1074 1512 1104 atque
1526 1069 1552 1096 in
1573 1068 1689 1096 terrenis
1705 1073 1819 1102 reptare,
1839 1068 1859 1094 in

1091 1121 1162 1144 terra
1191 1116 1366 1147 manducare,
1394 1116 1418 1142 in
1447 1123 1563 1151 persona
1580 1115 1715 1150 serpentis
1730 1122 1760 1142 es
1788 1114 1859 1142 male-

1090 1161 1188 1191 dictus,
1207 1161 1423 1188 animadvertisti
1450 1161 1541 1188 animo
1560 1160 1605 1187 illo
1627 1161 1803 1195 nequissimo,
1826 1161 1860 1186 iu-

1089 1206 1162 1240 vido,
1178 1207 1293 1240 crudeli,
1318 1214 1412 1242 pravo,
1428 1206 1496 1239 fero,
1518 1205 1552 1233 ad
1575 1213 1689 1241 puerum
1709 1213 1796 1233 meum
1816 1206 1859 1232 mi-

1090 1256 1152 1284 tem,
1178 1253 1335 1288 benignum,
1358 1251 1520 1286 subjectum.
1543 1252 1708 1287 religiosum.
1730 1260 1780 1278 non
1797 1251 1859 1278 frau-

1089 1298 1238 1331 dulentum,
1262 1299 1309 1326 sed
1339 1299 1476 1331 devotum,
1498 1299 1531 1326 ad
1559 1305 1673 1334 puerum
1701 1306 1799 1329 meum,
1824 1298 1858 1324 cui

1088 1352 1140 1372 non
1170 1349 1211 1371 est
1228 1345 1309 1372 homo
1327 1344 1422 1372 similis
1446 1351 1527 1380 super
1550 1345 1670 1372 terram?
1696 1343 1725 1372 in
1746 1345 1857 1371 omnibus

1087 1390 1236 1418 virtutibus
1257 1395 1338 1425 alque
1364 1391 1463 1418 studiis
1485 1398 1537 1418 non
1558 1395 1601 1417 cst
1623 1390 1660 1417 illi
1681 1390 1777 1417 similis
1789 1397 1858 1424 super

1088 1441 1201 1463 terram.
1222 1435 1359 1463 Abraham
1375 1443 1427 1464 non
1453 1441 1505 1469 est,
1528 1436 1603 1464 lsaac
1626 1436 1769 1471 requievit,
1786 1436 1857 1464 Israel

1088 1481 1228 1515 transivit,
1236 1480 1335 1516 Joseph
1348 1482 1466 1516 quietem
1483 1483 1629 1517 assumpsit
1643 1490 1649 1508 :
1662 1486 1802 1518 propterea
1812 1489 1856 1508 non

1088 1531 1130 1554 est
1147 1527 1185 1554 illi
1199 1527 1295 1554 similis
1314 1534 1394 1562 super
1409 1532 1519 1554 terram.
1537 1527 1603 1562 Ego,
1629 1527 1728 1562 inquit,
1747 1526 1856 1554 testimo-

1086 1573 1161 1600 nium
1176 1572 1307 1608 perhibeo
1327 1572 1473 1599 virtutibus
1487 1573 1556 1607 ejus,
1570 1577 1662 1606 utpote
1683 1573 1802 1600 omnium
1820 1579 1857 1600 co-

1085 1618 1174 1653 gnitor
1188 1618 1329 1646 Dominus.
1351 1618 1505 1645 Attestatur
1521 1618 1645 1646 videlicet
1661 1618 1698 1645 illi
1715 1619 1793 1646 etiam
1809 1625 1857 1644 ma»

1084 1665 1174 1700 lignus
1201 1669 1265 1690 tuus
1289 1663 1378 1696 livor,
1395 1671 1412 1691 ο
1437 1663 1552 1692 diabole.
1580 1663 1653 1697 Nisi,
1673 1663 1855 1699 inquit,meus

1085 1715 1179 1735 servus
1197 1707 1292 1735 fuisset
1316 1712 1428 1735 sanctus
1440 1715 1473 1735 ac
1490 1708 1605 1739 dignus,
1619 1714 1699 1743 atque
1715 1709 1779 1736 mihi
1798 1709 1854 1735 bene

1084 1752 1271 1786 complacens,
1291 1760 1343 1780 non
1358 1753 1451 1788 utique
1474 1761 1534 1781 cum
1561 1753 1663 1781 relatus
1683 1753 1790 1786 fuisses,
1810 1761 1854 1781 non

1084 1799 1177 1833 utique
1193 1806 1255 1825 eum
1275 1799 1421 1826 invideres.
1440 1798 1498 1827 Non
1516 1807 1545 1827 es
1559 1800 1661 1827 zelatus
1681 1800 1769 1832 Esau,
1781 1806 1855 1834 neque

1083 1843 1190 1877 lsmaei.
1206 1853 1258 1872 non
1275 1845 1406 1873 zelaberis
1427 1845 1501 1878 Sani,
1523 1851 1604 1880 atque
1626 1845 1769 1878 Acliitol’el,
1781 1852 1855 1880 neque

1082 1890 1185 1925 Doech,
1200 1899 1287 1926 neque
1301 1891 1383 1918 ullum
1399 1899 1431 1918 ex
1453 1893 1486 1919 iis
1505 1892 1551 1926 qui
1569 1896 1640 1919 tuam
1658 1899 1808 1927 perversam
1823 1892 1854 1918 ie-

1082 1942 1179 1964 cerunt
1192 1937 1356 1964 voluntatem
1375 1945 1382 1964 :
1399 1938 1446 1964 sed
1471 1938 1572 1965 zeletus
1590 1945 1620 1964 es
1635 1945 1650 1964 a
1663 1938 1760 1966 saeculo
1774 1944 1854 1964 omnes

1081 1990 1175 2011 servos
1201 1991 1275 2011 meos
1294 1988 1377 2018 atque
1397 1984 1524 2017 cultores,
1538 1985 1563 2011 id
1581 1984 1701 2012 estAbel
1715 1989 1742 2012 et
1756 1983 1851 2018 Joseph,

1082 2033 1110 2056 et
1137 2037 1208 2057 nunc
1235 2030 1322 2064 ipsum
1339 2029 1402 2062 Job,
1427 2035 1508 2065 atque
1527 2031 1569 2057 his
1591 2031 1693 2058 similes
1714 2034 1852 2061 omnes,et

1082 2083 1177 2102 onmes
1199 2075 1343 2103 sinceriter
1359 2083 1402 2103 me
1418 2076 1584 2103 invocantes.
1602 2076 1670 2109 Quia
1689 2085 1741 2103 non
1761 2082 1805 2108 est,
1817 2076 1852 2102 iu-

1081 2121 1149 2155 quit,
1162 2121 1256 2148 similis
1278 2121 1320 2148 illi
1343 2130 1422 2156 super
1443 2127 1552 2149 terram.
1581 2122 1611 2149 In
1631 2130 1684 2157 quo
1700 2130 1752 2150 non
1771 2126 1809 2149 est
1820 2121 1852 2148 si-

1081 2167 1153 2194 milis
1173 2167 1197 2194 ei
1214 2167 1356 2202 quisquam
1383 2175 1466 2202 super
1488 2173 1587 2195 terram
1603 2168 1614 2194 ἳ
1628 2167 1657 2195 in
1675 2168 1798 2195 omnibus
1813 2167 1853 2193 bo-

242 2211 306 2239 odio
317 2211 430 2239 haberet
446 2211 496 2239 Job
509 2217 590 2247 atque
605 2213 739 2240 zelaretur
750 2221 824 2246 eum,
838 2214 936 2249 adjecit
947 2222 1027 2250 super
1042 2215 1064 2242 D
1079 2213 1121 2240 nis
1144 2213 1281 2248 operibus,
1297 2219 1378 2248 atque
1399 2213 1459 2241 ideo
1481 2213 1596 2246 dilectis,
1610 2215 1668 2242 sine
1683 2214 1790 2249 querela
1806 2218 1850 2244 est,

243 2257 391 2291 nequitiam
409 2265 470 2285 cum
488 2265 595 2285 servum
614 2258 660 2286 Dei
675 2259 750 2286 illum
766 2261 919 2295 nuncupari
934 2262 1027 2288 audis-

242 2307 294 2335 set,
324 2302 379 2330 Deo
411 2309 559 2338 astrueute,
586 2306 628 2332 Ad
657 2315 767 2341 puerum
797 2316 882 2335 meum
903 2309 964 2336 Job.
993 2309 1028 2337 Et

241 2351 426 2379 animadverte
438 2357 555 2387 quantus
566 2361 664 2382 sensus
677 2355 704 2381 in
719 2355 770 2382 hoc
783 2355 840 2390 ipso
855 2357 1026 2383 demonstra-

242 2402 287 2424 tur
301 2403 437 2429 sermone,
456 2405 517 2425 cum
531 2406 639 2426 servum
655 2408 733 2428 suum
745 2401 862 2435 appellat
877 2402 936 2430 Job.
964 2403 1026 2430 Pri-

240 2450 314 2469 mum
328 2442 436 2477 quidem
451 2447 578 2478 tanquam
599 2445 710 2480 gloriam
732 2447 784 2474 sibi
797 2447 932 2474 existimat
946 2453 1027 2483 atque

240 2487 370 2515 honorem
388 2489 509 2516 omnium
528 2489 656 2517 Dominus
670 2500 731 2518 eum
745 2497 839 2519 sancte
854 2497 934 2527 atque
953 2497 1027 2520 caste

240 2533 280 2560 illi
301 2533 421 2560 serviunt
442 2533 574 2561 homines.
594 2533 697 2562 Idcirco
718 2536 796 2570 quasi
819 2536 938 2571 glorians
962 2537 1026 2563 dicit

239 2588 314 2608 nunc
327 2588 392 2608 sane
408 2581 440 2609 de
454 2581 512 2608 solo
523 2581 584 2613 Job,
600 2580 716 2608 Puerum
734 2591 818 2609 mcum
827 2581 889 2615 Job,
906 2584 957 2610 hoc
972 2586 1023 2614 est,

238 2635 346 2655 servum
363 2636 450 2655 meum
465 2635 473 2654 :
489 2627 552 2655 alibi
577 2633 668 2655 autem
694 2628 727 2656 de
751 2628 874 2663 plurimis
888 2636 895 2654 :
912 2628 975 2654 illisi
989 2628 1024 2654 ad

239 2680 282 2700 vos
303 2681 392 2700 omnes
415 2682 502 2701 servos
532 2682 601 2701 meos
626 2674 764 2708 prophetas
787 2674 807 2702 ¹.
845 2673 922 2701 Unde
941 2673 1022 2700 etiam

240 2717 312 2752 ipsos
328 2719 462 2753 gloriﬁcal
487 2724 567 2754 atque
585 2720 742 2754 magniﬁcat
769 2727 818 2755 per
835 2719 860 2746 id
877 2719 947 2753 quod
966 2726 1024 2745 scr-

240 2768 299 2796 vos,
314 2768 341 2790 et
356 2763 470 2792 famulos
498 2772 545 2792 eos
575 2765 674 2792 astruit
696 2770 777 2798 atque
803 2763 929 2798 appellat,
955 2763 1024 2790 sicut

279 2841 301 2857 "
313 2841 362 2870 Job
381 2852 400 2875 ι,
415 2843 441 2871 8.
481 2845 489 2860 ‘
503 2843 598 2873 Ilauh.
612 2852 691 2877 mn,
711 2845 754 2872 54.
793 2846 803 2860 ²
819 2844 897 2872 Num.
912 2845 996 2878 “1,7.

481 2845 489 2860 ‘
503 2843 598 2873 llatth.
612 2852 691 2877 mn,
711 2845 754 2872 54.

1078 2262 1170 2293 utpote
1185 2258 1230 2292 qui
1245 2259 1271 2285 in
1292 2259 1365 2286 nullo
1382 2259 1470 2293 potuit
1487 2260 1656 2295 reprehendi.
1670 2261 1806 2294 Quamvis,
1818 2261 1851 2286 in-

1078 2304 1148 2338 quit,
1167 2308 1193 2330 tu
1215 2311 1277 2330 eum
1298 2305 1489 2339 reprehendas,
1501 2313 1518 2333 ο
1533 2306 1649 2337 diabole.
1662 2309 1738 2342 quasi
1754 2312 1851 2342 propter

1078 2349 1188 2377 divitias
1209 2357 1252 2377 me
1267 2350 1411 2383 colentem,
1434 2356 1496 2386 post
1520 2352 1656 2387 paululum
1685 2353 1849 2388 probabitur.

1078 2396 1141 2430 quia
1155 2395 1264 2423 omnino
1279 2395 1329 2423 Job
1344 2396 1403 2423 sine
1413 2398 1522 2431 querela
1536 2404 1686 2432 permanet,
1704 2404 1731 2426 et.
1754 2407 1801 2426 non
1814 2406 1851 2425 so-

1078 2441 1132 2469 lum
1147 2442 1204 2469 sine
1219 2442 1339 2476 querela,
1356 2443 1403 2469 sed
1428 2447 1455 2470 et
1470 2443 1570 2478 justus,
1585 2452 1645 2472 cum
1661 2445 1764 2480 justitia
1778 2445 1848 2473 etiam

1077 2495 1169 2516 verus.
1193 2487 1246 2515 Sed
1269 2488 1332 2522 quia
1354 2488 1476 2524 plerique
1497 2489 1636 2516 hominum
1653 2490 1678 2517 in
1701 2490 1751 2517 hoc
1763 2489 1848 2516 mundo

1075 2532 1200 2560 onmibus
1215 2533 1301 2560 modis
1311 2533 1370 2559 siue
1386 2532 1495 2567 querela
1508 2533 1614 2561 fuerunt
1629 2539 1657 2562 et
1669 2535 1733 2570 juin
1746 2540 1772 2562 et
1781 2541 1846 2561 vera-

1074 2585 1119 2605 ces
1136 2579 1162 2605 in
1183 2579 1306 2606 humanis
1330 2579 1460 2606 duntaxat
1484 2579 1594 2614 judiciis
1612 2585 1639 2608 et
1659 2582 1756 2613 causis,
1778 2585 1846 2613 atque

1075 2624 1296 2658 corruptibilibus
1309 2623 1422 2659 justitiis
1439 2624 1585 2660 universis,
1599 2630 1627 2653 et
1641 2626 1712 2660 quod
1727 2631 1845 2653 summum

1077 2673 1104 2697 et
1118 2669 1261 2696 maximum
1275 2673 1326 2701 est,
1339 2669 1384 2697 Dei
1398 2670 1539 2698 scientiam
1554 2679 1607 2698 non
1621 2672 1778 2702 habuerunt,
1789 2670 1844 2697 cha-

1077 2716 1185 2744 ritatem
1205 2724 1312 2752 quoque
1331 2716 1390 2750 Dei,
1414 2722 1496 2752 atque
1511 2719 1654 2752 culturam,
1669 2719 1762 2746 merito
1776 2723 1845 2749 super

1077 2761 1134 2789 haec
1151 2761 1275 2789 universa
1294 2761 1344 2790 Job
1373 2761 1442 2789 bona
1461 2762 1553 2797 adjicit
1575 2764 1601 2792 id
1625 2765 1696 2799 quod
1712 2762 1844 2792 maximum

1036 2844 1045 2860 ‘
1060 2843 1124 2873 ibid.
1141 2844 1168 2872 8.
