1904 3076
55 160 99 189 H3
600 155 794 185 ANONYMUS
813 155 846 183 1N
865 155 934 184 ποις.
952 172 986 177 --
1005 155 1068 183 LIB.
1091 156 1111 183 Ι.

1606 156 1659 184 dli

53 225 88 246 est
101 218 200 250 dicens,
216 217 264 244 Dei
287 216 388 244 cullor‘
400 224 411 244 :
428 216 486 244 sive
502 215 561 243 sine
581 214 692 251 querela
713 214 820 247 fuisset,
834 216 858 245 Α
874 213 967 241 Deum.
989 213 1084 247 Incipit
1102 217 1258 252 ostendere,
1275 212 1337 247 quia
1361 212 1488 248 nequiter
1515 213 1659 242 meditatus

54 266 100 292 sive
113 263 205 298 justus,
227 263 284 290 sive
298 270 391 295 verax,
410 262 502 290 omnia
528 262 585 288 haec
602 266 715 296 propter
732 261 818 288 Deum

52 314 127 342 erant,
141 314 218 343 atque
235 308 280 335 Dei
296 308 440 335 culturam.
455 308 541 342 Super
557 314 617 342 quae
631 307 757 334 universa
770 305 818 333 ad-

51 356 134 391 jiciens
141 355 201 382 dicit
215 363 221 381 :
233 354 371 381 Abstinem
386 361 413 380 se
425 353 458 380 ab
471 353 545 380 omni
559 361 587 380 re
598 352 709 386 mala“,
724 356 818 387 ulpote

52 402 88 437 qui
100 402 172 428 tieutn
185 399 299 432 colebat,
315 403 408 435 utpote
428 399 474 434 qui
492 399 575 426 Deum
590 400 738 431 metuebat,
760 403 818 425 tau-

53 454 120 481 quam
133 446 175 480 qui
192 446 243 472 Deo
258 445 406 477 serviebat,
421 449 449 472 et
463 448 591 479 tanquam
605 445 652 479 qui
678 443 734 472 Deo
757 443 817 478 pia-

52 501 100 521 cert
115 492 243 527 cupiebat.
260 492 304 519 Sic
318 493 410 527 itaque
427 499 510 526 super
526 498 623 519 omnes
634 496 747 518 caateras
759 490 817 518 vir-

53 543 108 566 tutes
123 538 278 572 praecipuam
292 537 352 573 ejus
374 538 504 565 virtutem
527 538 556 565 in
572 537 747 565 conclusione
773 536 818 564 de-

52 590 186 613 monstrans
202 584 248 611 Dei
265 585 396 612 cultorem
413 585 489 612 illum
502 584 586 612 fuisse
597 584 817 619 ostendit,atque

51 632 77 659 ab
92 631 155 658 omni
170 638 197 658 re
214 631 282 658 mala
295 638 325 658 se
344 632 537 659 abstinentem.
556 631 590 658 Et
605 638 668 658 vere
681 638 742 658 cum
757 631 817 659 haec

51 678 77 705 ad
86 677 208 705 diabolum
219 677 352 712 loquitur,
367 685 415 713 per
436 678 495 706 haec
511 678 648 706 diabolum
665 679 755 713 arguit
772 682 816 705 at-

50 730 92 758 que
114 723 236 757 increpat,
252 727 280 750 et
300 723 383 751 veluti
398 723 513 756 diceret,
529 723 632 756 ειυόίζο
649 722 766 755 diabole,
781 722 816 750 ad

50 774 70 796 le
78 769 138 795 enim
153 774 191 795 est
208 768 252 796 hic
265 776 366 802 sermo,
389 773 416 796 et
433 774 478 797 tua
492 770 549 797 haec
569 769 719 804 increpatio
736 773 817 803 atque

48 815 186 850 objurgatio.
204 814 269 842 Sine
284 816 399 850 querela
412 819 453 843 est
466 814 530 849 Job,
548 821 575 843 tu
601 823 667 843 vero
689 815 816 843 omnibus

48 861 188 888 criminibus
200 869 229 889 es
245 861 373 890 refertus.
388 861 484 890 Justus
498 866 541 890 est
559 861 622 894 Job,
637 867 664 889 tu
678 869 743 889 vero
758 861 817 896 ipse

48 907 143 942 injustas
164 914 203 939 es,
227 912 255 935 et
285 908 367 935 totius
395 907 536 943 injustitiae
563 906 737 942 suﬁ‘ragator.
759 906 814 934 Ve-

48 960 84 979 rus
103 957 140 980 est
161 952 209 980 Job
221 973 229 986 ,
249 957 277 980 tu
296 958 385 980 autem
410 953 492 982 totius
509 953 632 981 veritatis
652 959 683 980 es
699 960 814 987 exsors,

47 1004 112 1034 atque
125 999 192 1026 omni
208 999 350 1027 mendacio
368 1000 463 1034 plenus
473 1020 480 1032 ,
492 1004 520 1026 et
531 999 621 1027 omnis
633 999 758 1032 fallaciae,
775 1003 816 1026 at-

46 1052 87 1079 que
99 1044 145 1071 doli
155 1052 184 1072 es
195 1050 282 1080 pater.
301 1046 346 1073 Dei
362 1046 451 1073 cultor
464 1050 505 1073 est
517 1045 578 1078 Job,
594 1051 621 1073 tu
633 1054 697 1073 vero
711 1046 757 1072 Dei
773 1054 815 1073 re-

47 1091 97 1125 fuga
108 1096 131 1117 et
149 1096 279 1126 apostata,
297 1096 379 1126 atque
400 1092 509 1120 rebellis
524 1100 531 1119 :
548 1096 575 1119 et
593 1099 647 1119 non
668 1091 757 1119 solum
772 1096 813 1124 tu,

46 1137 82 1164 sed
96 1141 118 1164 et
134 1144 223 1165 omnes
247 1137 374 1165 homines
390 1137 424 1165 ad
450 1138 502 1166 hoc
524 1138 651 1173 instigas,
668 1137 765 1165 suades
786 1141 814 1164 et

46 1182 118 1209 doces.
129 1182 248 1211 Abstinet
256 1190 288 1211 se
301 1184 335 1210 ab
348 1183 421 1211 omni
432 1191 514 1218 opere
524 1184 596 1212 malo
607 1188 634 1211 et
646 1184 729 1212 verbo
741 1183 791 1211 Job
804 1193 810 1210 :

47 1232 67 1254 tu
81 1232 157 1256 autem
171 1236 251 1257 omne
275 1229 376 1256 malum
395 1234 423 1257 et
440 1229 573 1263 illicitum,
592 1234 674 1264 atque
699 1230 811 1264 impium

45 1282 106 1307 opus,
117 1279 160 1302 aut
183 1276 294 1303 verbum
318 1270 460 1304 seminasti
487 1276 558 1303 inter
580 1276 715 1308 homines,
731 1281 813 1310 atque

46 1320 66 1348 in
78 1328 103 1348 ea
118 1329 172 1356 quae
184 1322 235 1349 sub
248 1322 320 1350 caelo
337 1327 400 1350 sunt
413 1322 481 1349 oriri
497 1322 596 1350 fecisti.
614 1322 684 1349 Dicit
696 1322 812 1356 denique

45 1367 89 1395 hac
111 1369 227 1397 universa
254 1370 328 1397 Deus
344 1371 378 1398 ad
400 1370 548 1403 diabolum,
570 1377 632 1398 cum
649 1369 740 1397 laudat
760 1369 811 1397 Job

44 1419 65 1442 et
78 1417 195 1444 veraciter
210 1417 368 1452 magniﬁcat
385 1425 457 1450 eum,
473 1422 504 1444 ut
518 1422 611 1444 nosset
625 1417 747 1444 diabolus
761 1419 810 1443 act-

45 1468 119 1489 versus
132 1470 207 1497 quem
224 1463 359 1495 habebat,
373 1470 406 1489 ne
423 1467 516 1497 postea
531 1462 645 1495 diceret,
666 1470 719 1489 non
744 1462 810 1489 mihi

44 1507 160 1541 indicasti,
177 1517 265 1544 neque
281 1517 333 1544 ego
360 1509 502 1544 sperabam
526 1509 553 1536 in
578 1509 708 1537 omnibus
729 1516 811 1544 super

43 1559 124 1582 terram
136 1555 318 1590 hujuscemodi
335 1563 395 1583 esse
419 1553 612 1583 constantiam".
628 1555 746 1584 Cunctos
760 1564 809 1583 au-

43 1599 94 1632 tlivi,
107 1601 146 1635 qtti
168 1601 274 1628 fuerunt
294 1602 328 1629 ab
340 1602 417 1630 initio
435 1601 539 1634 swculi,
555 1606 582 1629 et
593 1601 809 1637 quamplurimos

42 1645 95 1671 meis
107 1645 238 1681 discipulis
258 1647 437 1682 circumdedi,
453 1652 534 1682 atque
552 1647 620 1675 meis
636 1647 742 1675 insidiis
757 1656 807 1683 ap—

42 1692 160 1724 prehendi.
174 1693 268 1721 Merito
286 1693 413 1728 putabam
437 1694 518 1720 etiam
537 1694 608 1721 hunc
626 1694 704 1729 quasi
725 1703 808 1721 unum

42 1741 67 1762 ex
79 1739 190 1766 omnibus
208 1739 288 1767 facile
302 1746 446 1774 superare.
464 1739 504 1766 0b
519 1740 571 1767 hoc
587 1747 652 1775 ergo
672 1747 707 1768 ne
721 1740 809 1768 victus

43 1781 142 1810 diabolus
156 1789 214 1818 post
227 1785 280 1812 hoc
297 1789 390 1820 posset
404 1793 433 1812 ca
448 1793 508 1820 qtue
523 1790 674 1813 memorata
688 1791 750 1813 sunt
767 1787 808 1814 di-

42 1834 104 1860 cere,
120 1835 256 1864 propterea
286 1830 448 1858 testiﬁcatus
462 1836 503 1858 est
527 1831 564 1858 illi
581 1831 671 1865 Deus,
691 1836 719 1859 et
744 1837 809 1859 ante

42 1877 178 1907 pra-monuit
193 1877 225 1903 de
244 1877 370 1905 omnibus
384 1885 445 1912 qua:
458 1878 529 1905 circa
543 1877 594 1905 Job
610 1883 764 1911 agerentur,
777 1887 809 1906 ac

42 1918 58 1944 si
72 1919 160 1947 diceret
176 1929 183 1947 :
199 1921 259 1949 Noli
287 1927 394 1957 putare,
411 1931 428 1950 o
444 1923 561 1956 diabole,
577 1923 648 1958 quod
665 1924 808 1951 adversum

42 1971 106 1991 avum
125 1966 171 1994 Job
195 1967 265 1995 Esau
289 1968 406 2002 habeas,
428 1973 475 1995 aut
501 1970 646 1996 adversum
668 1977 750 1996 unum
775 1976 808 1996 ex

42 2008 96 2037 Esau
108 2012 243 2046 similibus,
252 2014 300 2042 sed
317 2014 460 2042 adversum
481 2014 532 2042 Job
549 2015 644 2047 babes,
659 2015 684 2042 in
704 2014 756 2042 ﬁde
767 2015 808 2041 in-

42 2055 216 2090 declinabilem,
236 2059 404 2087 immobilem
432 2060 587 2094 iujustilia,
614 2061 640 2088 in
658 2061 809 2095 gratiarum

43 2102 169 2132 actionibus
186 2105 398 2137 immutabilem,
414 2106 440 2132 in
456 2106 595 2133 doloribus
614 2114 666 2133 non
683 2114 810 2134 succum-

43 2146 138 2182 llenlem,
159 2159 210 2178 non
234 2152 405 2179 deiicientem
423 2152 449 2179 in
468 2152 698 2180 tribulationibus.
717 2152 808 2179 Talem

42 2193 106 2222 inisse
116 2195 163 2225 Job
182 2198 274 2226 sciens
289 2197 378 2232 Deus,
391 2203 454 2226 ante
471 2199 634 2226 testiﬁcatus
647 2203 690 2226 est
703 2199 810 2226 diabolo

870 265 912 289 est
926 269 933 287 :
947 260 1042 295 incipit
1055 258 1204 294 publicare,
1217 259 1280 291 quia
1296 258 1430 287 malitiose
1444 259 1583 294 cogitavit.
1597 260 1659 287 Non

869 308 925 335 sine
949 315 1041 338 causa,
1065 305 1203 340 inquiens,
1223 304 1274 332 Job
1294 304 1356 331 colit
1373 305 1467 333 Deum.
1490 305 1548 332 Non
1562 307 1658 341 gratis,

869 354 916 382 sed
930 361 991 381 curn
1004 352 1109 387 pretio;
1126 358 1179 378 non
1194 351 1306 382 frustra,
1323 350 1371 377 sed
1385 358 1434 385 pro
1449 352 1591 384 mercede;
1603 360 1656 380 non

868 404 980 434 propter
992 398 1131 433 pietatem,
1147 396 1193 425 sed
1207 399 1318 430 propter
1328 397 1438 425 divitias
1448 406 1456 430 ;
1468 404 1522 425 non
1547 403 1658 432 propter

868 444 975 472 Domini
992 443 1177 474 dilectionem,
1198 442 1245 469 sed
1262 447 1372 477 propter
1386 443 1484 477 peculii
1507 443 1658 472 multitudi-

867 498 942 518 nem.
962 489 1029 528 Non.
1045 489 1105 516 sine
1128 496 1210 516 causa
1230 487 1281 515 Job
1301 488 1364 515 colit
1390 488 1482 516 Deum.
1497 489 1583 517 Habet
1608 497 1658 525 pro

868 536 966 571 quibus
978 539 1176 568 recompenset,
1191 533 1275 562 habet
1289 541 1339 568 pro
1355 534 1454 568 quibus
1469 535 1564 562 reddat
1577 535 1658 562 retri-

867 583 1016 612 butionem.
1033 580 1095 608 Non
1121 581 1177 608 sine
1194 588 1275 607 causa
1292 580 1353 607 colit
1378 580 1471 608 Deum.
1485 580 1513 608 Si
1527 581 1599 608 enim
1616 582 1656 609 fe-

867 629 1133 662 rocioribus-.atque
1159 626 1368 654 immanioribus
1395 627 1548 655 hominibus
1570 632 1658 656 tantas

866 676 1007 705 conferres
1024 675 1145 708 divitias,
1154 679 1182 702 et
1197 679 1300 701 tantam
1316 674 1443 708 gloriam,
1458 679 1539 708 atque
1553 679 1656 702 tantum

866 722 1009 755 honorem,
1024 721 1146 757 profecto
1161 729 1258 749 omnes
1276 728 1329 749 uno
1353 729 1486 749 consensu
1507 722 1554 749 tibi
1571 723 1658 750 servi-

866 773 927 797 rent
947 773 976 796 et
990 773 1016 796 te
1029 768 1161 796 colerent.
1176 766 1239 795 Non
1251 768 1308 794 sine
1323 776 1406 795 causa
1420 768 1471 795 Job
1485 768 1548 796 colit
1562 768 1657 802 Deum,

866 815 913 843 sed
928 822 978 850 pro
993 814 1165 850 divitiis,pro
1179 813 1415 848 possibilitatihus,
1431 821 1481 848 pro
1491 815 1655 847 substantia,

856 870 916 897 'pro
931 861 1118 893 facultatibus,
1133 867 1183 896 pro
1208 860 1327 895 potentia
1341 864 1368 887 et
1392 860 1489 894 gloria,
1508 865 1590 896 atque
1606 861 1657 888 hu-

830 893 853 922 Β
866 893 942 935 bore.
951 906 1005 934 Pro
1015 906 1057 934 his
1070 893 1143 941 ergo
1155 893 1237 940 atque
1253 905 1349 932 horum
1369 893 1562 933 blandimentis
1575 910 1601 933 te
1611 913 1658 934 co-

866 953 907 981 lit.
923 953 1002 981 Nunc
1028 960 1094 988 vero
1110 951 1189 979 facile
1212 956 1254 978 est
1277 951 1315 978 illi
1343 951 1433 978 colere
1453 955 1490 984 te,
1508 951 1589 979 facile
1614 957 1658 980 est

865 1001 946 1028 etiam
969 1000 1027 1027 sine
1040 999 1149 1034 querela
1171 1003 1198 1026 et
1214 998 1317 1034 justum
1340 1003 1421 1032 atque
1443 1004 1568 1026 veracem
1584 1006 1655 1027 esse.

867 1047 931 1074 Sine
943 1046 1053 1082 querela
1065 1051 1118 1078 est,
1131 1046 1193 1080 quia
1211 1045 1418 1072 innumerabilia
1438 1045 1530 1078 habet,
1544 1050 1573 1072 et
1583 1045 1656 1074 nullo

866 1093 967 1129 indiget
981 1101 989 1125 ;
1004 1092 1094 1126 justus
1106 1098 1158 1123 est,
1174 1091 1237 1126 quia
1254 1091 1361 1118 divitias
1379 1091 1480 1124 habet;
1507 1098 1590 1118 verax
1603 1095 1654 1122 est.

864 1140 926 1173 quia
952 1146 1047 1166 omnes
1060 1138 1179 1173 undique
1207 1137 1244 1165 illi
1264 1137 1440 1170 inclinantur,
1453 1141 1482 1164 et
1501 1144 1654 1165 sermonem

864 1185 923 1219 ejus
942 1191 1027 1218 usque
1051 1183 1084 1210 ad
1103 1183 1189 1210 nubes
1207 1183 1357 1218 perferunt.
1379 1183 1432 1210 Sed
1453 1183 1527 1210 mitte
1548 1192 1655 1210 munitm

864 1235 937 1256 tuam
951 1234 976 1256 et
993 1234 1070 1264 tange
1084 1229 1173 1256 omnia
1188 1236 1247 1263 qua:
1263 1228 1341 1255 habet
1364 1233 1388 1254 et
1404 1228 1469 1255 scito
1486 1228 1509 1255 si
1522 1228 1655 1255 benedice!

864 1275 919 1303 Ie".
943 1274 1038 1306 Aufer,
1056 1273 1160 1308 inquit,
1181 1273 1306 1303 divitias.
1325 1272 1444 1308 exspolia
1468 1272 1655 1304 facultatibus,

864 1322 959 1356 detege
973 1321 1070 1355 gloria,
1083 1320 1159 1354 priva
1176 1320 1290 1352 honore,
1303 1319 1416 1347 humilia
1431 1326 1464 1346 ex
1477 1318 1655 1352 sublimitate,

862 1372 891 1394 et
903 1372 967 1394 tunc
983 1374 1035 1393 non
1046 1366 1134 1393 solum
1155 1366 1226 1393 hanc
1240 1365 1375 1393 culturam
1391 1365 1574 1400 derelinquet,
1589 1369 1618 1393 et
1631 1365 1656 1393 si

863 1421 915 1440 non
931 1413 957 1440 iu
973 1412 1100 1447 prasauti
1113 1416 1138 1439 te
1153 1411 1371 1443 beuetlicetphoe
1384 1416 1425 1439 est
1436 1411 1487 1438 uisi
1504 1415 1529 1438 te
1545 1412 1571 1438 in
1585 1419 1656 1446 pra:-

862 1460 932 1487 scnti
949 1459 1094 1486 maledicat
1111 1463 1139 1486 et
1156 1459 1337 1493 blaspltcmet,
1355 1463 1436 1492 atque
1448 1457 1585 1485 detrahat.
1600 1456 1657 1484 Mo-

862 1514 905 1534 ses
919 1507 991 1534 enim
1009 1513 1121 1541 magnus
1140 1505 1223 1532 homo
1238 1504 1284 1532 Dei
1301 1512 1362 1531 cum
1377 1504 1511 1531 scriberet
1524 1502 1584 1535 Job,
1598 1510 1654 1530 non

824 1565 846 1595 ο
863 1553 900 1580 ita
916 1552 1028 1587 scripsit
1043 1552 1114 1579 sicut
1144 1551 1271 1578 diabolus
1291 1550 1397 1577 locutus
1411 1554 1470 1582 est,
1487 1549 1534 1577 sed
1559 1549 1656 1577 decen-

861 1600 916 1627 tius
930 1607 963 1626 ac
978 1598 1133 1634 benignius,
1146 1602 1240 1632 utpote
1255 1597 1370 1624 devotus
1382 1596 1428 1623 Dei
1447 1595 1575 1624 famulus.
1592 1595 1655 1622 Dia-

860 1646 938 1673 bolus
953 1646 1024 1672 enim
1039 1643 1189 1671 crudeliter
1207 1651 1239 1670 ac
1256 1642 1381 1677 nequiter
1393 1642 1499 1669 loeutus
1515 1646 1568 1674 est,
1582 1646 1610 1668 et
1626 1645 1656 1669 ut

860 1692 919 1728 plus
935 1692 968 1719 ad
988 1690 1167 1722 iracundiam,
1191 1694 1219 1715 ut
1240 1688 1360 1722 putabat,
1375 1692 1535 1722 provocaret
1557 1687 1654 1719 Deum,

861 1746 915 1765 non
926 1737 996 1765 dixit
1009 1737 1032 1763 si
1050 1745 1102 1763 non
1123 1736 1151 1762 in
1171 1735 1267 1769 faciem
1282 1739 1307 1761 te
1319 1734 1493 1765 beiredircerit,
1503 1733 1550 1761 sed
1565 1734 1587 1760 si
1601 1740 1655 1761 non

859 1785 888 1811 in
906 1784 999 1819 faciem
1015 1783 1062 1809 tibi
1078 1781 1257 1809 maledizerit.
1280 1780 1368 1807 Moses
1384 1787 1449 1807 vero
1465 1779 1586 1806 illicitam
1611 1783 1656 1819 at-I

861 1839 914 1866 que
930 1829 1068 1858 crudelem
1091 1827 1190 1855 diaboli
1209 1834 1303 1854 vocem
1331 1827 1494 1858 immutans,
1515 1825 1605 1852 dixit:
1621 1824 1654 1852 In

860 1878 956 1913 [aciem
975 1876 1022 1902 tibi
1047 1875 1189 1901 benedicet.
1211 1874 1268 1901 Non
1289 1873 1349 1901 sine
1370 1880 1463 1906 causa,
1484 1871 1588 1906 inquit,
1602 1871 1654 1899 Job

861 1923 926 1951 colit
941 1923 1035 1950 Deum.
1052 1921 1083 1948 Et
1104 1920 1199 1955 utquid
1210 1921 1222 1946 γ
1234 1919 1277 1947 vel
1293 1919 1327 1946 ob
1345 1926 1425 1953 quam
1443 1925 1552 1945 causam
1567 1917 1654 1945 colit?

862 1970 931 2003 Quia
951 1974 979 1996 tu
994 1968 1102 1995 munisti
1121 1967 1161 1994 illi
1171 1975 1201 1993 ea
1214 1974 1273 2002 qua:
1285 1970 1358 1993 extra
1369 1966 1476 1992 domum
1493 1971 1570 2000 atque
1583 1965 1655 1991 intra

861 2016 967 2041 domum
991 2014 1047 2048 ejus
1072 2018 1130 2040 sunt
1143 2012 1165 2038 ⁸.
1182 2011 1221 2039 Tu
1241 2011 1363 2044 munisti,
1382 2015 1409 2037 tu
1436 2009 1652 2043 circumdedisti,

863 2065 890 2087 tu
904 2060 1086 2091 obumbrasti,
1101 2063 1128 2085 tu
1153 2058 1330 2093 prospexisti,
1354 2063 1382 2095 tu
1409 2057 1491 2084 illaesa
1506 2056 1654 2084 custodisti

861 2106 952 2133 omnia
980 2105 1051 2132 bona
1077 2104 1144 2138 ejus,
1163 2111 1214 2131 non
1232 2103 1318 2131 solum
1338 2111 1369 2130 ea
1385 2111 1445 2138 qu'e
1459 2103 1529 2129 intra
1543 2103 1653 2130 domum

861 2154 937 2185 sunt,
950 2153 997 2180 sed
1011 2157 1036 2180 et
1049 2159 1079 2179 ea
1093 2159 1153 2186 quas
1171 2151 1343 2178 extrinsecus
1363 2155 1427 2178 sunt
1442 2154 1520 2177 extra
1544 2149 1653 2177 domum

862 2198 1003 2231 universa,
1018 2205 1078 2233 quae
1093 2201 1156 2225 sunt
1167 2196 1205 2224 -ei
1219 2197 1246 2223 in
1267 2197 1393 2224 circuitu.
1415 2195 1538 2229 Quoties,-
1553 2195 1652 2230 inquit,

41 2240 114 2270 diccns
130 2253 136 2270 :
153 2243 236 2272 Homo
251 2245 310 2272 sine
320 2244 438 2280 querela,
445 2244 637 2279 justus,uerax
650 2245 700 2273 Dei
712 2246 808 2279 cultor,
822 2237 849 2267 Ῑ)
862 2245 936 2273 volui
954 2245 1186 2279 appropinquare,
1201 2247 1229 2270 et
1244 2250 1298 2270 non
1311 2242 1401 2270 inveni
1416 2249 1568 2273 accessura,
1591 2248 1654 2268 cum

41 2286 151 2316 abstinens
164 2298 191 2317 se
204 2291 276 2317 omni
292 2298 320 2318 re
333 2290 404 2318 mala
414 2290 435 2316 ‘.

68 2332 112 2361 Sed
126 2340 151 2362 et
165 2344 224 2371 quze
237 2338 264 2364 in
281 2336 387 2364 laudem
410 2337 481 2364 beati
494 2337 544 2365 Job
560 2337 626 2365 dicit
639 2337 711 2365 Deus
725 2342 809 2373 atque

41 2377 61 2404 in
81 2382 252 2410 testimonium
270 2383 430 2418 nequissimi
451 2384 562 2416 diaboli,
586 2384 643 2411 haec
660 2385 694 2412 ad
723 2385 809 2411 maxi-

40 2431 96 2452 mam
110 2428 342 2457 inﬂammationem
365 2430 548 2464 profecerunt,
561 2435 590 2458 et
603 2431 806 2458 succensionem

40 2472 145 2504 nequitiae
161 2475 311 2502 adversarii
330 2480 413 2510 atque
426 2476 573 2502 maximam
589 2476 732 2502 adversum
757 2474 807 2502 Job

40 2518 222 2548 concitationem
237 2521 331 2549 livoris
351 2529 383 2549 ac
399 2522 460 2549 zeli.
481 2521 579 2548 Merito
592 2521 704 2548 audacia
720 2520 807 2548 frctus

41 2563 197 2597 nequissimus
207 2587 215 2599 ,
229 2568 443 2595 immoderanter
457 2568 566 2603 protulit
587 2575 665 2595 suam
680 2567 807 2602 iniquita-

42 2611 82 2634 letu
91 2610 193 2639 dicens:
211 2612 274 2640 Non
284 2614 340 2641 sine
354 2622 435 2641 causa
453 2615 536 2650 gratis
549 2614 600 2641 Job
616 2613 676 2640 colit
688 2613 772 2641 Deum
785 2612 807 2640 ⁸.

41 2651 169 2690 Respondet
177 2659 361 2693 nihilominus,
370 2665 397 2688 et
405 2659 482 2693 dicit,
490 2668 542 2688 non
552 2660 629 2688 labiis
637 2661 809 2695 depromens,

41 2707 111 2735 neque
123 2704 237 2732 humano
254 2713 301 2734 ore
321 2706 440 2737 locutus,
457 2707 504 2734 sed
519 2706 642 2734 consiliis
657 2706 742 2741 iniqui
758 2714 807 2734 co-

41 2745 121 2782 gitans,
135 2755 213 2786 atque
224 2752 291 2786 ipsis
308 2753 518 2788 cogitationibus
535 2753 629 2781 illicita
648 2753 804 2785 meditatus,

42 2797 183 2828 res[‘l'lndens
200 2798 322 2826 diabolus
338 2799 418 2832 dicit,
437 2799 498 2827 Non
514 2800 569 2827 sine
581 2807 663 2827 causa
675 2799 727 2827 Job
743 2799 805 2826 colit

862 2291 984 2328 protegis
1007 2295 1089 2325 atque
1113 2289 1280 2318 obumbres?
1310 2288 1421 2323 Quoties
1436 2308 1444 2320 ,
1461 2287 1558 2323 inquit,
1579 2286 1653 2314 volui

862 2338 976 2375 perdere
997 2341 1025 2365 ct
1049 2337 1250 2369 exterminare,
1264 2340 1292 2362 et
1308 2343 1361 2362 non
1384 2334 1507 2370 permisit
1529 2334 1654 2368 omnipo-

865 2391 925 2413 tens
952 2392 1051 2412 manus
1072 2384 1140 2411 tua?
1155 2383 1195 2410 Tu
1217 2383 1330 2410 munisti
1347 2383 1372 2410 ei
1396 2383 1487 2410 omnia
1504 2389 1566 2417 quae
1590 2386 1654 2409 sunt

861 2433 933 2460 intra
952 2432 1062 2459 domum
1074 2451 1083 2464 ,
1102 2435 1185 2464 atque
1209 2434 1286 2456 extra
1312 2429 1421 2456 dommn
1447 2428 1507 2464 ejus
1523 2433 1652 2464 tanquam

861 2479 970 2506 ﬂamma
998 2477 1067 2513 ignis
1084 2475 1243 2511 angelorum
1263 2480 1374 2502 tuorum
1398 2474 1520 2501 custodia
1534 2478 1597 2500 ante
1611 2480 1654 2500 me

861 2524 952 2553 omnia
983 2524 1053 2552 boua
1073 2522 1258 2555 circumdans,
1288 2528 1428 2549 accessum
1450 2520 1516 2547 mihi
1542 2520 1653 2547 minime

860 2570 1032 2602 concessisti,
1045 2577 1133 2604 neque
1148 2569 1337 2604 approximare
1348 2567 1414 2594 mihi
1429 2565 1590 2601 permisisti,
1601 2572 1654 2600 po-

863 2620 990 2644 testatem
1008 2615 1074 2643 mihi
1102 2615 1255 2643 nullatenus
1271 2613 1380 2641 dedisﬁ.
1397 2612 1487 2646 Quare
1504 2619 1568 2646 ergo
1595 2612 1654 2639 lau-

864 2663 913 2690 das
932 2661 982 2690 Job
1001 2661 1077 2696 quasi
1089 2661 1214 2695 justum?
1232 2661 1302 2694 Quid
1321 2659 1481 2695 magniﬁcas
1499 2657 1561 2691 Job,
1574 2657 1652 2691 quasi

865 2708 913 2736 Dei
926 2708 1060 2736 cultorem
1086 2712 1170 2742 atque
1193 2707 1375 2743 religiosum?
1391 2705 1449 2733 Non
1475 2703 1527 2732 Job
1545 2703 1653 2738 religio-

860 2754 937 2787 sitas,
954 2760 1041 2788 neque
1051 2753 1156 2788 justitia
1174 2753 1226 2780 hoc
1241 2752 1316 2786 fecit,
1339 2752 1388 2780 sed
1409 2750 1568 2786 largitiones
1588 2753 1652 2781 tute,

859 2804 941 2835 atque
970 2799 1129 2834 multiplicia
1159 2803 1204 2827 tua
1234 2798 1315 2832 bona,
1339 2805 1388 2833 pro
1402 2798 1500 2833 quibus
1515 2801 1540 2824 te
1562 2794 1653 2824 colere

84 2872 90 2888 ⁸
105 2873 150 2904 Job
178 2885 198 2912 I,
215 2876 242 2905 8.
282 2878 302 2894 “
320 2879 386 2907 ibid.
425 2880 433 2896 ⁵
451 2879 516 2908 ibid.
549 2880 558 2896 ‘
576 2879 642 2908 ibid.
658 2879 684 2907 9.
724 2879 733 2895 ⁷
746 2879 812 2909 ibid.
833 2879 872 2907 ll.
911 2878 921 2893 ⁸
936 2877 1001 2906 ibid.
1015 2877 1057 2905 10.
