  <div class='ocr_page' id='page_1' title='image "/cluster/home/n/w/nwhite01/storage/ocr_20150623/17/njp.32101010944583/285.png"; bbox 0 0 1904 3076; ppageno 0'>
   <div class='ocr_carea' id='block_1_1' title="bbox 263 141 318 169">
    <p class='ocr_par' dir='ltr' id='par_1_1' title="bbox 263 141 318 169">
     <span class='ocr_line' id='line_1_1' title="bbox 263 141 318 169; baseline 0.018 -1"><span class='ocrx_word' id='word_1_1' title='bbox 263 141 318 169; x_wconf 79' lang='lat' dir='ltr'><strong>H5</strong></span> 
     </span>
    </p>
   </div>
   <div class='ocr_carea' id='block_1_2' title="bbox 840 140 1879 175">
    <p class='ocr_par' dir='ltr' id='par_1_2' title="bbox 840 140 1879 175">
     <span class='ocr_line' id='line_1_2' title="bbox 840 140 1879 175; baseline 0.003 -6"><span class='ocrx_word' id='word_1_2' title='bbox 840 140 1036 175; x_wconf 72' lang='lat' dir='ltr'><strong>ANONYMUS</strong></span> <span class='ocrx_word' id='word_1_3' title='bbox 1054 142 1089 170; x_wconf 80' lang='lat' dir='ltr'><strong>IN</strong></span> <span class='ocrx_word' id='word_1_4' title='bbox 1106 142 1176 172; x_wconf 87' lang='lat' dir='ltr'><strong>JOB.</strong></span> <span class='ocrx_word' id='word_1_5' title='bbox 1193 159 1230 165; x_wconf 95' lang='lat'><strong>—</strong></span> <span class='ocrx_word' id='word_1_6' title='bbox 1244 143 1309 172; x_wconf 81' lang='lat' dir='ltr'><strong>LIB.</strong></span> <span class='ocrx_word' id='word_1_7' title='bbox 1330 143 1350 172; x_wconf 85' lang='lat' dir='ltr'><strong>l.</strong></span> <span class='ocrx_word' id='word_1_8' title='bbox 1841 146 1879 173; x_wconf 73' lang='lat'><strong>“6</strong></span> 
     </span>
    </p>
   </div>
   <div class='ocr_carea' id='block_1_3' title="bbox 262 201 1878 239">
    <p class='ocr_par' dir='ltr' id='par_1_3' title="bbox 262 201 1878 239">
     <span class='ocr_line' id='line_1_3' title="bbox 262 201 1878 239; baseline 0.001 -8"><span class='ocrx_word' id='word_1_9' title='bbox 262 204 379 232; x_wconf 81' lang='lat' dir='ltr'><strong>videtur.</strong></span> <span class='ocrx_word' id='word_1_10' title='bbox 392 203 469 237; x_wconf 85' lang='lat' dir='ltr'><strong>Quod</strong></span> <span class='ocrx_word' id='word_1_11' title='bbox 487 202 510 230; x_wconf 88' lang='lat' dir='ltr'><strong>sl</strong></span> <span class='ocrx_word' id='word_1_12' title='bbox 524 209 579 230; x_wconf 90' lang='lat' dir='ltr'><strong>non</strong></span> <span class='ocrx_word' id='word_1_13' title='bbox 598 202 651 230; x_wconf 77' lang='lat' dir='ltr'><strong>hoc</strong></span> <span class='ocrx_word' id='word_1_14' title='bbox 668 205 719 234; x_wconf 79' lang='lat' dir='ltr'><strong>est,</strong></span> <span class='ocrx_word' id='word_1_15' title='bbox 739 201 815 230; x_wconf 68' lang='lat' dir='ltr'><strong>Mitte</strong></span> <span class='ocrx_word' id='word_1_16' title='bbox 839 211 948 230; x_wconf 83' lang='lat' dir='ltr'><strong>manum</strong></span> <span class='ocrx_word' id='word_1_17' title='bbox 966 208 1050 236; x_wconf 78' lang='lat' dir='ltr'><strong>tuam,</strong></span> <span class='ocrx_word' id='word_1_18' title='bbox 1066 206 1089 234; x_wconf 80' lang='grc' dir='ltr'>Α</span> <span class='ocrx_word' id='word_1_19' title='bbox 1105 205 1161 239; x_wconf 88' lang='lat' dir='ltr'><strong>ipse</strong></span> <span class='ocrx_word' id='word_1_20' title='bbox 1173 204 1297 233; x_wconf 81' lang='lat' dir='ltr'><strong>diabolus</strong></span> <span class='ocrx_word' id='word_1_21' title='bbox 1310 209 1351 232; x_wconf 85' lang='lat' dir='ltr'><strong>est</strong></span> <span class='ocrx_word' id='word_1_22' title='bbox 1361 204 1444 231; x_wconf 85' lang='lat' dir='ltr'><strong>etiam</strong></span> <span class='ocrx_word' id='word_1_23' title='bbox 1460 203 1596 238; x_wconf 81' lang='lat' dir='ltr'><strong>nunc,qui</strong></span> <span class='ocrx_word' id='word_1_24' title='bbox 1607 204 1697 238; x_wconf 87' lang='lat' dir='ltr'><strong>utique</strong></span> <span class='ocrx_word' id='word_1_25' title='bbox 1710 203 1759 230; x_wconf 86' lang='lat' dir='ltr'><strong>fuit</strong></span> <span class='ocrx_word' id='word_1_26' title='bbox 1771 208 1796 231; x_wconf 83' lang='lat' dir='ltr'><strong>et</strong></span> <span class='ocrx_word' id='word_1_27' title='bbox 1807 213 1878 238; x_wconf 76' lang='lat' dir='ltr'><strong>nunc;</strong></span> 
     </span>
    </p>
   </div>
   <div class='ocr_carea' id='block_1_4' title="bbox 262 248 1054 284">
    <p class='ocr_par' dir='ltr' id='par_1_4' title="bbox 262 248 1054 284">
     <span class='ocr_line' id='line_1_4' title="bbox 262 248 1054 284; baseline -0.001 -7"><span class='ocrx_word' id='word_1_28' title='bbox 262 256 341 284; x_wconf 71' lang='lat' dir='ltr'><strong>tange</strong></span> <span class='ocrx_word' id='word_1_29' title='bbox 361 250 448 276; x_wconf 85' lang='lat' dir='ltr'><strong>omnia</strong></span> <span class='ocrx_word' id='word_1_30' title='bbox 467 256 528 284; x_wconf 64' lang='lat' dir='ltr'><strong>qua</strong></span> <span class='ocrx_word' id='word_1_31' title='bbox 542 248 638 281; x_wconf 75' lang='lat' dir='ltr'><strong>habet,</strong></span> <span class='ocrx_word' id='word_1_32' title='bbox 653 249 706 275; x_wconf 71' lang='lat' dir='ltr'><strong>nisi</strong></span> <span class='ocrx_word' id='word_1_33' title='bbox 723 249 751 276; x_wconf 83' lang='lat' dir='ltr'><strong>in</strong></span> <span class='ocrx_word' id='word_1_34' title='bbox 776 249 873 283; x_wconf 79' lang='lat' dir='ltr'><strong>faciem</strong></span> <span class='ocrx_word' id='word_1_35' title='bbox 894 250 1054 278; x_wconf 74' lang='lat' dir='ltr'><strong>benedizerit</strong></span> 
     </span>
    </p>
   </div>
   <div class='ocr_carea' id='block_1_5' title="bbox 258 293 1052 329">
    <p class='ocr_par' dir='ltr' id='par_1_5' title="bbox 258 293 1052 329">
     <span class='ocr_line' id='line_1_5' title="bbox 258 293 1052 329; baseline 0.004 -7"><span class='ocrx_word' id='word_1_36' title='bbox 258 296 320 328; x_wconf 74' lang='lat' dir='ltr'><strong>tibi,</strong></span> <span class='ocrx_word' id='word_1_37' title='bbox 336 295 378 323; x_wconf 82' lang='lat' dir='ltr'><strong>vel</strong></span> <span class='ocrx_word' id='word_1_38' title='bbox 404 295 493 329; x_wconf 86' lang='lat' dir='ltr'><strong>potius</strong></span> <span class='ocrx_word' id='word_1_39' title='bbox 519 293 702 327; x_wconf 80' lang='lat' dir='ltr'><strong>maledixerit,</strong></span> <span class='ocrx_word' id='word_1_40' title='bbox 727 294 801 322; x_wconf 90' lang='lat' dir='ltr'><strong>sicut</strong></span> <span class='ocrx_word' id='word_1_41' title='bbox 827 295 892 324; x_wconf 93' lang='lat' dir='ltr'><strong>dicit</strong></span> <span class='ocrx_word' id='word_1_42' title='bbox 916 296 1052 325; x_wconf 83' lang='lat' dir='ltr'><strong>diabolus.</strong></span> 
     </span>
    </p>
   </div>
   <div class='ocr_carea' id='block_1_6' title="bbox 262 340 1055 376">
    <p class='ocr_par' dir='ltr' id='par_1_6' title="bbox 262 340 1055 376">
     <span class='ocr_line' id='line_1_6' title="bbox 262 340 1055 376; baseline 0.004 -10"><span class='ocrx_word' id='word_1_43' title='bbox 262 341 313 374; x_wconf 79' lang='lat' dir='ltr'><strong>&#39;l‘u,</strong></span> <span class='ocrx_word' id='word_1_44' title='bbox 339 340 444 375; x_wconf 89' lang='lat' dir='ltr'><strong>inquit,</strong></span> <span class='ocrx_word' id='word_1_45' title='bbox 466 340 596 375; x_wconf 88' lang='lat' dir='ltr'><strong>munisti,</strong></span> <span class='ocrx_word' id='word_1_46' title='bbox 621 345 648 368; x_wconf 90' lang='lat' dir='ltr'><strong>tu</strong></span> <span class='ocrx_word' id='word_1_47' title='bbox 674 341 854 373; x_wconf 76' lang='lat' dir='ltr'><strong>benedixisti,</strong></span> <span class='ocrx_word' id='word_1_48' title='bbox 877 346 904 368; x_wconf 89' lang='lat' dir='ltr'><strong>tu</strong></span> <span class='ocrx_word' id='word_1_49' title='bbox 924 342 1055 376; x_wconf 53' lang='lat' dir='ltr'><strong>multipli&#39;</strong></span> 
     </span>
    </p>
   </div>
   <div class='ocr_carea' id='block_1_7' title="bbox 261 386 1054 422">
    <p class='ocr_par' dir='ltr' id='par_1_7' title="bbox 261 386 1054 422">
     <span class='ocr_line' id='line_1_7' title="bbox 261 386 1054 422; baseline 0.004 -9"><span class='ocrx_word' id='word_1_50' title='bbox 261 386 340 418; x_wconf 87' lang='lat' dir='ltr'><strong>casti,</strong></span> <span class='ocrx_word' id='word_1_51' title='bbox 355 391 382 413; x_wconf 91' lang='lat' dir='ltr'><strong>tu</strong></span> <span class='ocrx_word' id='word_1_52' title='bbox 408 386 578 414; x_wconf 84' lang='lat' dir='ltr'><strong>conservasti</strong></span> <span class='ocrx_word' id='word_1_53' title='bbox 593 391 622 413; x_wconf 87' lang='lat' dir='ltr'><strong>et</strong></span> <span class='ocrx_word' id='word_1_54' title='bbox 636 393 669 414; x_wconf 90' lang='lat' dir='ltr'><strong>ea</strong></span> <span class='ocrx_word' id='word_1_55' title='bbox 695 394 756 422; x_wconf 61' lang='lat' dir='ltr'><strong>quas</strong></span> <span class='ocrx_word' id='word_1_56' title='bbox 781 387 853 414; x_wconf 93' lang='lat' dir='ltr'><strong>domi</strong></span> <span class='ocrx_word' id='word_1_57' title='bbox 879 393 959 420; x_wconf 83' lang='lat' dir='ltr'><strong>sunt,</strong></span> <span class='ocrx_word' id='word_1_58' title='bbox 973 394 1001 415; x_wconf 89' lang='lat' dir='ltr'><strong>et</strong></span> <span class='ocrx_word' id='word_1_59' title='bbox 1023 395 1054 416; x_wconf 88' lang='lat' dir='ltr'><strong>ea</strong></span> 
     </span>
    </p>
   </div>
   <div class='ocr_carea' id='block_1_8' title="bbox 261 433 1055 468">
    <p class='ocr_par' dir='ltr' id='par_1_8' title="bbox 261 433 1055 468">
     <span class='ocr_line' id='line_1_8' title="bbox 261 433 1055 468; baseline 0.004 -11"><span class='ocrx_word' id='word_1_60' title='bbox 261 438 321 465; x_wconf 74' lang='lat' dir='ltr'><strong>qua:</strong></span> <span class='ocrx_word' id='word_1_61' title='bbox 334 436 411 458; x_wconf 83' lang='lat' dir='ltr'><strong>extra</strong></span> <span class='ocrx_word' id='word_1_62' title='bbox 427 433 546 464; x_wconf 89' lang='lat' dir='ltr'><strong>domum,</strong></span> <span class='ocrx_word' id='word_1_63' title='bbox 563 433 611 460; x_wconf 85' lang='lat' dir='ltr'><strong>sed</strong></span> <span class='ocrx_word' id='word_1_64' title='bbox 634 433 660 460; x_wconf 93' lang='lat' dir='ltr'><strong>in</strong></span> <span class='ocrx_word' id='word_1_65' title='bbox 684 434 799 460; x_wconf 84' lang='lat' dir='ltr'><strong>circuitu</strong></span> <span class='ocrx_word' id='word_1_66' title='bbox 819 438 892 465; x_wconf 84' lang='lat' dir='ltr'><strong>sunt,</strong></span> <span class='ocrx_word' id='word_1_67' title='bbox 906 438 933 461; x_wconf 89' lang='lat' dir='ltr'><strong>et</strong></span> <span class='ocrx_word' id='word_1_68' title='bbox 950 442 981 460; x_wconf 89' lang='lat' dir='ltr'><strong>ea</strong></span> <span class='ocrx_word' id='word_1_69' title='bbox 995 441 1055 468; x_wconf 63' lang='lat' dir='ltr'><strong>quae</strong></span> 
     </span>
    </p>
   </div>
   <div class='ocr_carea' id='block_1_9' title="bbox 260 479 1055 513">
    <p class='ocr_par' dir='ltr' id='par_1_9' title="bbox 260 479 1055 513">
     <span class='ocr_line' id='line_1_9' title="bbox 260 479 1055 513; baseline 0.004 -9"><span class='ocrx_word' id='word_1_70' title='bbox 260 483 323 505; x_wconf 87' lang='lat' dir='ltr'><strong>sunt</strong></span> <span class='ocrx_word' id='word_1_71' title='bbox 345 485 440 512; x_wconf 85' lang='lat' dir='ltr'><strong>prope,</strong></span> <span class='ocrx_word' id='word_1_72' title='bbox 458 483 486 505; x_wconf 91' lang='lat' dir='ltr'><strong>et</strong></span> <span class='ocrx_word' id='word_1_73' title='bbox 509 486 542 506; x_wconf 88' lang='lat' dir='ltr'><strong>ea</strong></span> <span class='ocrx_word' id='word_1_74' title='bbox 563 486 624 513; x_wconf 70' lang='lat' dir='ltr'><strong>quae</strong></span> <span class='ocrx_word' id='word_1_75' title='bbox 653 479 731 512; x_wconf 80' lang='lat' dir='ltr'><strong>longe</strong></span> <span class='ocrx_word' id='word_1_76' title='bbox 755 484 820 506; x_wconf 91' lang='lat' dir='ltr'><strong>sunt</strong></span> <span class='ocrx_word' id='word_1_77' title='bbox 847 480 986 507; x_wconf 85' lang='lat' dir='ltr'><strong>universa.</strong></span> <span class='ocrx_word' id='word_1_78' title='bbox 1001 480 1055 507; x_wconf 90' lang='lat' dir='ltr'><strong>Pro</strong></span> 
     </span>
    </p>
   </div>
   <div class='ocr_carea' id='block_1_10' title="bbox 262 524 1055 561">
    <p class='ocr_par' dir='ltr' id='par_1_10' title="bbox 262 524 1055 561">
     <span class='ocr_line' id='line_1_10' title="bbox 262 524 1055 561; baseline 0.003 -10"><span class='ocrx_word' id='word_1_79' title='bbox 262 524 314 555; x_wconf 88' lang='lat' dir='ltr'><strong>his,</strong></span> <span class='ocrx_word' id='word_1_80' title='bbox 329 524 427 559; x_wconf 90' lang='lat' dir='ltr'><strong>inquit,</strong></span> <span class='ocrx_word' id='word_1_81' title='bbox 442 525 570 552; x_wconf 87' lang='lat' dir='ltr'><strong>omnibus</strong></span> <span class='ocrx_word' id='word_1_82' title='bbox 584 525 747 559; x_wconf 74' lang='lat' dir='ltr'><strong>deprecatur</strong></span> <span class='ocrx_word' id='word_1_83' title='bbox 761 530 789 553; x_wconf 90' lang='lat' dir='ltr'><strong>et</strong></span> <span class='ocrx_word' id='word_1_84' title='bbox 809 526 893 558; x_wconf 91' lang='lat' dir='ltr'><strong>colit,</strong></span> <span class='ocrx_word' id='word_1_85' title='bbox 910 530 938 553; x_wconf 92' lang='lat' dir='ltr'><strong>et</strong></span> <span class='ocrx_word' id='word_1_86' title='bbox 952 527 1055 561; x_wconf 84' lang='lat' dir='ltr'><strong>gratias</strong></span> 
     </span>
    </p>
   </div>
   <div class='ocr_carea' id='block_1_11' title="bbox 261 571 1055 607">
    <p class='ocr_par' dir='ltr' id='par_1_11' title="bbox 261 571 1055 607">
     <span class='ocr_line' id='line_1_11' title="bbox 261 571 1055 607; baseline 0.005 -11"><span class='ocrx_word' id='word_1_87' title='bbox 261 571 316 605; x_wconf 77' lang='lat' dir='ltr'><strong>agit</strong></span> <span class='ocrx_word' id='word_1_88' title='bbox 331 579 338 597; x_wconf 86' lang='lat'><strong>:</strong></span> <span class='ocrx_word' id='word_1_89' title='bbox 353 578 408 597; x_wconf 89' lang='lat' dir='ltr'><strong>non</strong></span> <span class='ocrx_word' id='word_1_90' title='bbox 433 571 481 598; x_wconf 92' lang='lat' dir='ltr'><strong>libi</strong></span> <span class='ocrx_word' id='word_1_91' title='bbox 505 571 607 606; x_wconf 83' lang='lat' dir='ltr'><strong>gratias</strong></span> <span class='ocrx_word' id='word_1_92' title='bbox 623 579 718 606; x_wconf 87' lang='lat' dir='ltr'><strong>agens,</strong></span> <span class='ocrx_word' id='word_1_93' title='bbox 739 572 788 600; x_wconf 80' lang='lat' dir='ltr'><strong>sed</strong></span> <span class='ocrx_word' id='word_1_94' title='bbox 812 580 861 607; x_wconf 90' lang='lat' dir='ltr'><strong>pro</strong></span> <span class='ocrx_word' id='word_1_95' title='bbox 889 572 957 606; x_wconf 80' lang='lat' dir='ltr'><strong>ipsis</strong></span> <span class='ocrx_word' id='word_1_96' title='bbox 975 573 1055 600; x_wconf 88' lang='lat' dir='ltr'><strong>bonis</strong></span> 
     </span>
    </p>
   </div>
   <div class='ocr_carea' id='block_1_12' title="bbox 262 615 1054 653">
    <p class='ocr_par' dir='ltr' id='par_1_12' title="bbox 262 615 1054 653">
     <span class='ocr_line' id='line_1_12' title="bbox 262 615 1054 653; baseline 0.005 -12"><span class='ocrx_word' id='word_1_97' title='bbox 262 615 367 650; x_wconf 84' lang='lat' dir='ltr'><strong>gratias</strong></span> <span class='ocrx_word' id='word_1_98' title='bbox 394 623 618 651; x_wconf 82' lang='lat' dir='ltr'><strong>recompensans,</strong></span> <span class='ocrx_word' id='word_1_99' title='bbox 643 625 698 644; x_wconf 92' lang='lat' dir='ltr'><strong>non</strong></span> <span class='ocrx_word' id='word_1_100' title='bbox 715 622 741 644; x_wconf 85' lang='lat' dir='ltr'><strong>te</strong></span> <span class='ocrx_word' id='word_1_101' title='bbox 755 617 879 652; x_wconf 84' lang='lat' dir='ltr'><strong>diligens,</strong></span> <span class='ocrx_word' id='word_1_102' title='bbox 904 619 952 645; x_wconf 84' lang='lat' dir='ltr'><strong>sed</strong></span> <span class='ocrx_word' id='word_1_103' title='bbox 969 618 1054 653; x_wconf 85' lang='lat' dir='ltr'><strong>ipsam</strong></span> 
     </span>
    </p>
   </div>
   <div class='ocr_carea' id='block_1_13' title="bbox 261 662 1055 699">
    <p class='ocr_par' dir='ltr' id='par_1_13' title="bbox 261 662 1055 699">
     <span class='ocr_line' id='line_1_13' title="bbox 261 662 1055 699; baseline 0.004 -10"><span class='ocrx_word' id='word_1_104' title='bbox 261 662 464 689; x_wconf 81' lang='lat' dir='ltr'><strong>multitudinem</strong></span> <span class='ocrx_word' id='word_1_105' title='bbox 486 663 608 696; x_wconf 71' lang='lat' dir='ltr'><strong>pecuniae</strong></span> <span class='ocrx_word' id='word_1_106' title='bbox 625 670 721 690; x_wconf 88' lang='lat' dir='ltr'><strong>amans</strong></span> <span class='ocrx_word' id='word_1_107' title='bbox 736 668 764 690; x_wconf 89' lang='lat' dir='ltr'><strong>et</strong></span> <span class='ocrx_word' id='word_1_108' title='bbox 781 671 958 697; x_wconf 85' lang='lat' dir='ltr'><strong>conservans,</strong></span> <span class='ocrx_word' id='word_1_109' title='bbox 973 669 1055 699; x_wconf 86' lang='lat' dir='ltr'><strong>atque</strong></span> 
     </span>
    </p>
   </div>
   <div class='ocr_carea' id='block_1_14' title="bbox 261 706 1054 743">
    <p class='ocr_par' dir='ltr' id='par_1_14' title="bbox 261 706 1054 743">
     <span class='ocr_line' id='line_1_14' title="bbox 261 706 1054 743; baseline 0.004 -10"><span class='ocrx_word' id='word_1_110' title='bbox 261 707 375 742; x_wconf 81' lang='lat' dir='ltr'><strong>perdere</strong></span> <span class='ocrx_word' id='word_1_111' title='bbox 388 707 494 734; x_wconf 84' lang='lat' dir='ltr'><strong>nolens.</strong></span> <span class='ocrx_word' id='word_1_112' title='bbox 509 706 567 734; x_wconf 93' lang='lat' dir='ltr'><strong>Non</strong></span> <span class='ocrx_word' id='word_1_113' title='bbox 585 714 661 742; x_wconf 86' lang='lat' dir='ltr'><strong>ergo,</strong></span> <span class='ocrx_word' id='word_1_114' title='bbox 674 708 773 743; x_wconf 90' lang='lat' dir='ltr'><strong>inquit,</strong></span> <span class='ocrx_word' id='word_1_115' title='bbox 786 715 835 742; x_wconf 90' lang='lat' dir='ltr'><strong>pro</strong></span> <span class='ocrx_word' id='word_1_116' title='bbox 851 713 895 735; x_wconf 87' lang='lat' dir='ltr'><strong>tua</strong></span> <span class='ocrx_word' id='word_1_117' title='bbox 911 708 1054 737; x_wconf 82' lang='lat' dir='ltr'><strong>dilectione</strong></span> 
     </span>
    </p>
   </div>
   <div class='ocr_carea' id='block_1_15' title="bbox 263 752 1055 789">
    <p class='ocr_par' dir='ltr' id='par_1_15' title="bbox 263 752 1055 789">
     <span class='ocr_line' id='line_1_15' title="bbox 263 752 1055 789; baseline 0.004 -10"><span class='ocrx_word' id='word_1_118' title='bbox 263 757 288 779; x_wconf 82' lang='lat' dir='ltr'><strong>te</strong></span> <span class='ocrx_word' id='word_1_119' title='bbox 302 752 379 784; x_wconf 86' lang='lat' dir='ltr'><strong>colit,</strong></span> <span class='ocrx_word' id='word_1_120' title='bbox 396 759 483 787; x_wconf 87' lang='lat' dir='ltr'><strong>neque</strong></span> <span class='ocrx_word' id='word_1_121' title='bbox 505 757 616 787; x_wconf 69' lang='lat' dir='ltr'><strong>propter</strong></span> <span class='ocrx_word' id='word_1_122' title='bbox 637 758 712 780; x_wconf 88' lang='lat' dir='ltr'><strong>tuam</strong></span> <span class='ocrx_word' id='word_1_123' title='bbox 732 754 929 781; x_wconf 79' lang='lat' dir='ltr'><strong>beatitudinem</strong></span> <span class='ocrx_word' id='word_1_124' title='bbox 952 756 1055 789; x_wconf 77' lang='lat' dir='ltr'><strong>gratias</strong></span> 
     </span>
    </p>
   </div>
   <div class='ocr_carea' id='block_1_16' title="bbox 262 798 1053 834">
    <p class='ocr_par' dir='ltr' id='par_1_16' title="bbox 262 798 1053 834">
     <span class='ocr_line' id='line_1_16' title="bbox 262 798 1053 834; baseline 0.005 -9"><span class='ocrx_word' id='word_1_125' title='bbox 262 798 327 833; x_wconf 88' lang='lat' dir='ltr'><strong>agit,</strong></span> <span class='ocrx_word' id='word_1_126' title='bbox 342 798 389 825; x_wconf 89' lang='lat' dir='ltr'><strong>sed</strong></span> <span class='ocrx_word' id='word_1_127' title='bbox 412 806 462 833; x_wconf 91' lang='lat' dir='ltr'><strong>pro</strong></span> <span class='ocrx_word' id='word_1_128' title='bbox 486 799 607 833; x_wconf 73' lang='lat' dir='ltr'><strong>pecunia:</strong></span> <span class='ocrx_word' id='word_1_129' title='bbox 629 799 709 834; x_wconf 86' lang='lat' dir='ltr'><strong>hujus</strong></span> <span class='ocrx_word' id='word_1_130' title='bbox 731 799 917 828; x_wconf 86' lang='lat' dir='ltr'><strong>blandimento</strong></span> <span class='ocrx_word' id='word_1_131' title='bbox 936 805 961 828; x_wconf 90' lang='lat' dir='ltr'><strong>te</strong></span> <span class='ocrx_word' id='word_1_132' title='bbox 978 801 1053 834; x_wconf 85' lang='lat' dir='ltr'><strong>colit,</strong></span> 
     </span>
    </p>
   </div>
   <div class='ocr_carea' id='block_1_17' title="bbox 261 843 1054 880">
    <p class='ocr_par' dir='ltr' id='par_1_17' title="bbox 261 843 1054 880">
     <span class='ocr_line' id='line_1_17' title="bbox 261 843 1054 880; baseline 0.006 -11"><span class='ocrx_word' id='word_1_133' title='bbox 261 843 307 869; x_wconf 81' lang='lat' dir='ltr'><strong>sed</strong></span> <span class='ocrx_word' id='word_1_134' title='bbox 324 848 436 877; x_wconf 88' lang='lat' dir='ltr'><strong>propter</strong></span> <span class='ocrx_word' id='word_1_135' title='bbox 450 843 648 871; x_wconf 84' lang='lat' dir='ltr'><strong>beatitudinem</strong></span> <span class='ocrx_word' id='word_1_136' title='bbox 664 852 742 872; x_wconf 88' lang='lat' dir='ltr'><strong>suam</strong></span> <span class='ocrx_word' id='word_1_137' title='bbox 759 852 904 880; x_wconf 74' lang='lat' dir='ltr'><strong>rerumque</strong></span> <span class='ocrx_word' id='word_1_138' title='bbox 923 846 1054 880; x_wconf 86' lang='lat' dir='ltr'><strong>plurima-</strong></span> 
     </span>
    </p>
   </div>
   <div class='ocr_carea' id='block_1_18' title="bbox 262 888 1053 925">
    <p class='ocr_par' dir='ltr' id='par_1_18' title="bbox 262 888 1053 925">
     <span class='ocr_line' id='line_1_18' title="bbox 262 888 1053 925; baseline 0.008 -11"><span class='ocrx_word' id='word_1_139' title='bbox 262 896 319 915; x_wconf 87' lang='lat' dir='ltr'><strong>rtltn</strong></span> <span class='ocrx_word' id='word_1_140' title='bbox 335 896 403 923; x_wconf 88' lang='lat' dir='ltr'><strong>quas</strong></span> <span class='ocrx_word' id='word_1_141' title='bbox 421 888 465 916; x_wconf 89' lang='lat' dir='ltr'><strong>hic</strong></span> <span class='ocrx_word' id='word_1_142' title='bbox 476 889 596 922; x_wconf 87' lang='lat' dir='ltr'><strong>possidet</strong></span> <span class='ocrx_word' id='word_1_143' title='bbox 607 910 615 921; x_wconf 89' lang='lat'><strong>,</strong></span> <span class='ocrx_word' id='word_1_144' title='bbox 629 889 735 924; x_wconf 86' lang='lat' dir='ltr'><strong>copiam</strong></span> <span class='ocrx_word' id='word_1_145' title='bbox 747 898 829 925; x_wconf 90' lang='lat' dir='ltr'><strong>quam</strong></span> <span class='ocrx_word' id='word_1_146' title='bbox 843 891 939 919; x_wconf 85' lang='lat' dir='ltr'><strong>dedisti</strong></span> <span class='ocrx_word' id='word_1_147' title='bbox 955 892 991 925; x_wconf 92' lang='lat' dir='ltr'><strong>ei,</strong></span> <span class='ocrx_word' id='word_1_148' title='bbox 1005 893 1053 920; x_wconf 87' lang='lat' dir='ltr'><strong>tibi</strong></span> 
     </span>
    </p>
   </div>
   <div class='ocr_carea' id='block_1_19' title="bbox 258 934 1051 972">
    <p class='ocr_par' dir='ltr' id='par_1_19' title="bbox 258 934 1051 972">
     <span class='ocr_line' id='line_1_19' title="bbox 258 934 1051 972; baseline 0.006 -12"><span class='ocrx_word' id='word_1_149' title='bbox 258 934 362 969; x_wconf 78' lang='lat' dir='ltr'><strong>gratias</strong></span> <span class='ocrx_word' id='word_1_150' title='bbox 379 935 447 969; x_wconf 82' lang='lat' dir='ltr'><strong>agit.</strong></span> <span class='ocrx_word' id='word_1_151' title='bbox 466 934 551 962; x_wconf 80' lang='lat' dir='ltr'><strong>Aufer</strong></span> <span class='ocrx_word' id='word_1_152' title='bbox 575 943 641 970; x_wconf 80' lang='lat' dir='ltr'><strong>ergo</strong></span> <span class='ocrx_word' id='word_1_153' title='bbox 667 936 704 963; x_wconf 94' lang='lat' dir='ltr'><strong>illi</strong></span> <span class='ocrx_word' id='word_1_154' title='bbox 719 944 780 971; x_wconf 65' lang='lat' dir='ltr'><strong>quae</strong></span> <span class='ocrx_word' id='word_1_155' title='bbox 796 938 892 964; x_wconf 77' lang='lat' dir='ltr'><strong>dediin</strong></span> <span class='ocrx_word' id='word_1_156' title='bbox 915 939 1051 972; x_wconf 87' lang='lat' dir='ltr'><strong>universa,</strong></span> 
     </span>
    </p>
   </div>
   <div class='ocr_carea' id='block_1_20' title="bbox 259 979 1051 1019">
    <p class='ocr_par' dir='ltr' id='par_1_20' title="bbox 259 979 1051 1019">
     <span class='ocr_line' id='line_1_20' title="bbox 259 979 1051 1019; baseline 0.009 -14"><span class='ocrx_word' id='word_1_157' title='bbox 259 979 402 1014; x_wconf 82' lang='lat' dir='ltr'><strong>apparebit</strong></span> <span class='ocrx_word' id='word_1_158' title='bbox 426 981 554 1008; x_wconf 88' lang='lat' dir='ltr'><strong>omnibus</strong></span> <span class='ocrx_word' id='word_1_159' title='bbox 581 988 641 1015; x_wconf 66' lang='lat' dir='ltr'><strong>quae</strong></span> <span class='ocrx_word' id='word_1_160' title='bbox 661 982 697 1009; x_wconf 89' lang='lat' dir='ltr'><strong>sit</strong></span> <span class='ocrx_word' id='word_1_161' title='bbox 715 981 767 1010; x_wconf 88' lang='lat' dir='ltr'><strong>Joh</strong></span> <span class='ocrx_word' id='word_1_162' title='bbox 780 983 897 1018; x_wconf 86' lang='lat' dir='ltr'><strong>perﬁdia</strong></span> <span class='ocrx_word' id='word_1_163' title='bbox 910 1003 918 1016; x_wconf 93' lang='lat'><strong>,</strong></span> <span class='ocrx_word' id='word_1_164' title='bbox 934 989 962 1011; x_wconf 89' lang='lat' dir='ltr'><strong>et</strong></span> <span class='ocrx_word' id='word_1_165' title='bbox 989 985 1051 1019; x_wconf 89' lang='lat' dir='ltr'><strong>quia</strong></span> 
     </span>
    </p>
   </div>
   <div class='ocr_carea' id='block_1_21' title="bbox 259 1025 1052 1063">
    <p class='ocr_par' dir='ltr' id='par_1_21' title="bbox 259 1025 1052 1063">
     <span class='ocr_line' id='line_1_21' title="bbox 259 1025 1052 1063; baseline 0.008 -12"><span class='ocrx_word' id='word_1_166' title='bbox 259 1032 313 1052; x_wconf 89' lang='lat' dir='ltr'><strong>non</strong></span> <span class='ocrx_word' id='word_1_167' title='bbox 339 1032 406 1060; x_wconf 90' lang='lat' dir='ltr'><strong>pura</strong></span> <span class='ocrx_word' id='word_1_168' title='bbox 420 1025 568 1053; x_wconf 84' lang='lat' dir='ltr'><strong>dilectione</strong></span> <span class='ocrx_word' id='word_1_169' title='bbox 585 1031 609 1052; x_wconf 89' lang='lat' dir='ltr'><strong>te</strong></span> <span class='ocrx_word' id='word_1_170' title='bbox 623 1026 699 1060; x_wconf 81' lang='lat' dir='ltr'><strong>colit,</strong></span> <span class='ocrx_word' id='word_1_171' title='bbox 717 1027 764 1054; x_wconf 92' lang='lat' dir='ltr'><strong>sed</strong></span> <span class='ocrx_word' id='word_1_172' title='bbox 789 1033 899 1062; x_wconf 87' lang='lat' dir='ltr'><strong>propter</strong></span> <span class='ocrx_word' id='word_1_173' title='bbox 910 1030 1052 1063; x_wconf 83' lang='lat' dir='ltr'><strong>pecuniam</strong></span> 
     </span>
    </p>
   </div>
   <div class='ocr_carea' id='block_1_22' title="bbox 259 1072 1053 1105">
    <p class='ocr_par' dir='ltr' id='par_1_22' title="bbox 259 1072 1053 1105">
     <span class='ocr_line' id='line_1_22' title="bbox 259 1072 1053 1105; baseline 0.01 -10"><span class='ocrx_word' id='word_1_174' title='bbox 259 1076 404 1104; x_wconf 81' lang='lat' dir='ltr'><strong>rerumque</strong></span> <span class='ocrx_word' id='word_1_175' title='bbox 425 1074 562 1097; x_wconf 87' lang='lat' dir='ltr'><strong>tantarum</strong></span> <span class='ocrx_word' id='word_1_176' title='bbox 588 1072 798 1105; x_wconf 83' lang='lat' dir='ltr'><strong>possessionem,</strong></span> <span class='ocrx_word' id='word_1_177' title='bbox 820 1081 854 1100; x_wconf 87' lang='lat' dir='ltr'><strong>ne</strong></span> <span class='ocrx_word' id='word_1_178' title='bbox 874 1081 933 1101; x_wconf 86' lang='lat' dir='ltr'><strong>eam</strong></span> <span class='ocrx_word' id='word_1_179' title='bbox 960 1075 982 1103; x_wconf 92' lang='lat' dir='ltr'><strong>si</strong></span> <span class='ocrx_word' id='word_1_180' title='bbox 1012 1076 1053 1103; x_wconf 92' lang='lat' dir='ltr'><strong>in-</strong></span> 
     </span>
    </p>
   </div>
   <div class='ocr_carea' id='block_1_23' title="bbox 257 1117 1052 1156">
    <p class='ocr_par' dir='ltr' id='par_1_23' title="bbox 257 1117 1052 1156">
     <span class='ocr_line' id='line_1_23' title="bbox 257 1117 1052 1156; baseline 0.01 -14"><span class='ocrx_word' id='word_1_181' title='bbox 257 1119 351 1150; x_wconf 89' lang='lat' dir='ltr'><strong>gratus</strong></span> <span class='ocrx_word' id='word_1_182' title='bbox 374 1117 498 1144; x_wconf 86' lang='lat' dir='ltr'><strong>videatur</strong></span> <span class='ocrx_word' id='word_1_183' title='bbox 526 1117 651 1149; x_wconf 81' lang='lat' dir='ltr'><strong>auferas,</strong></span> <span class='ocrx_word' id='word_1_184' title='bbox 669 1123 695 1145; x_wconf 92' lang='lat' dir='ltr'><strong>te</strong></span> <span class='ocrx_word' id='word_1_185' title='bbox 720 1125 869 1146; x_wconf 86' lang='lat' dir='ltr'><strong>reveretur.</strong></span> <span class='ocrx_word' id='word_1_186' title='bbox 892 1120 940 1147; x_wconf 88' lang='lat' dir='ltr'><strong>Cui</strong></span> <span class='ocrx_word' id='word_1_187' title='bbox 972 1122 1052 1156; x_wconf 80' lang='lat' dir='ltr'><strong>digne</strong></span> 
     </span>
    </p>
   </div>
   <div class='ocr_carea' id='block_1_24' title="bbox 256 1165 1052 1203">
    <p class='ocr_par' dir='ltr' id='par_1_24' title="bbox 256 1165 1052 1203">
     <span class='ocr_line' id='line_1_24' title="bbox 256 1165 1052 1203; baseline 0.008 -13"><span class='ocrx_word' id='word_1_188' title='bbox 256 1165 454 1198; x_wconf 85' lang='lat' dir='ltr'><strong>respondeatur</strong></span> <span class='ocrx_word' id='word_1_189' title='bbox 478 1168 507 1192; x_wconf 91' lang='lat' dir='ltr'><strong>et</strong></span> <span class='ocrx_word' id='word_1_190' title='bbox 531 1165 636 1191; x_wconf 85' lang='lat' dir='ltr'><strong>dicatur</strong></span> <span class='ocrx_word' id='word_1_191' title='bbox 654 1166 688 1192; x_wconf 90' lang='lat' dir='ltr'><strong>ad</strong></span> <span class='ocrx_word' id='word_1_192' title='bbox 703 1173 776 1193; x_wconf 90' lang='lat' dir='ltr'><strong>eum.</strong></span> <span class='ocrx_word' id='word_1_193' title='bbox 789 1166 865 1198; x_wconf 87' lang='lat' dir='ltr'><strong>Dico,</strong></span> <span class='ocrx_word' id='word_1_194' title='bbox 885 1168 1052 1203; x_wconf 89' lang='lat' dir='ltr'><strong>nequissime</strong></span> 
     </span>
    </p>
   </div>
   <div class='ocr_carea' id='block_1_25' title="bbox 257 1209 1051 1249">
    <p class='ocr_par' dir='ltr' id='par_1_25' title="bbox 257 1209 1051 1249">
     <span class='ocr_line' id='line_1_25' title="bbox 257 1209 1051 1249; baseline 0.008 -12"><span class='ocrx_word' id='word_1_195' title='bbox 257 1209 369 1244; x_wconf 83' lang='lat' dir='ltr'><strong>Satana,</strong></span> <span class='ocrx_word' id='word_1_196' title='bbox 385 1210 457 1244; x_wconf 85' lang='lat' dir='ltr'><strong>dico,</strong></span> <span class='ocrx_word' id='word_1_197' title='bbox 474 1210 590 1244; x_wconf 77' lang='lat' dir='ltr'><strong>maligne</strong></span> <span class='ocrx_word' id='word_1_198' title='bbox 605 1211 723 1245; x_wconf 88' lang='lat' dir='ltr'><strong>diabole,</strong></span> <span class='ocrx_word' id='word_1_199' title='bbox 739 1220 792 1240; x_wconf 91' lang='lat' dir='ltr'><strong>non</strong></span> <span class='ocrx_word' id='word_1_200' title='bbox 816 1213 955 1249; x_wconf 77' lang='lat' dir='ltr'><strong>intelligis,</strong></span> <span class='ocrx_word' id='word_1_201' title='bbox 968 1223 984 1242; x_wconf 89' lang='grc' dir='ltr'>ο</span> <span class='ocrx_word' id='word_1_202' title='bbox 1001 1217 1051 1243; x_wconf 92' lang='lat' dir='ltr'><strong>mi-</strong></span> 
     </span>
    </p>
   </div>
   <div class='ocr_carea' id='block_1_26' title="bbox 257 1251 1050 1296">
    <p class='ocr_par' dir='ltr' id='par_1_26' title="bbox 257 1251 1050 1296">
     <span class='ocr_line' id='line_1_26' title="bbox 257 1251 1050 1296; baseline 0.008 -13"><span class='ocrx_word' id='word_1_203' title='bbox 257 1256 387 1287; x_wconf 85' lang='lat' dir='ltr'><strong>serrime.</strong></span> <span class='ocrx_word' id='word_1_204' title='bbox 405 1257 469 1290; x_wconf 82' lang='lat' dir='ltr'><strong>quia</strong></span> <span class='ocrx_word' id='word_1_205' title='bbox 495 1260 523 1283; x_wconf 91' lang='lat' dir='ltr'><strong>tu</strong></span> <span class='ocrx_word' id='word_1_206' title='bbox 549 1257 664 1291; x_wconf 88' lang='lat' dir='ltr'><strong>teipsum</strong></span> <span class='ocrx_word' id='word_1_207' title='bbox 693 1251 852 1293; x_wconf 19' lang='lat' dir='ltr'><strong>dejicis,ytu</strong></span> <span class='ocrx_word' id='word_1_208' title='bbox 879 1261 1050 1296; x_wconf 86' lang='lat' dir='ltr'><strong>temetipsum</strong></span> 
     </span>
    </p>
   </div>
   <div class='ocr_carea' id='block_1_27' title="bbox 257 1301 1049 1340">
    <p class='ocr_par' dir='ltr' id='par_1_27' title="bbox 257 1301 1049 1340">
     <span class='ocr_line' id='line_1_27' title="bbox 257 1301 1049 1340; baseline 0.009 -12"><span class='ocrx_word' id='word_1_209' title='bbox 257 1302 433 1329; x_wconf 84' lang='lat' dir='ltr'><strong>condemnas.</strong></span> <span class='ocrx_word' id='word_1_210' title='bbox 448 1301 516 1329; x_wconf 86' lang='lat' dir='ltr'><strong>Nam</strong></span> <span class='ocrx_word' id='word_1_211' title='bbox 540 1303 566 1329; x_wconf 95' lang='lat' dir='ltr'><strong>in</strong></span> <span class='ocrx_word' id='word_1_212' title='bbox 590 1303 633 1330; x_wconf 87' lang='lat' dir='ltr'><strong>his</strong></span> <span class='ocrx_word' id='word_1_213' title='bbox 653 1311 713 1337; x_wconf 72' lang='lat' dir='ltr'><strong>qua:</strong></span> <span class='ocrx_word' id='word_1_214' title='bbox 732 1304 758 1331; x_wconf 95' lang='lat' dir='ltr'><strong>in</strong></span> <span class='ocrx_word' id='word_1_215' title='bbox 783 1304 833 1332; x_wconf 87' lang='lat' dir='ltr'><strong>Job</strong></span> <span class='ocrx_word' id='word_1_216' title='bbox 860 1307 1049 1340; x_wconf 83' lang='lat' dir='ltr'><strong>reprehendis,</strong></span> 
     </span>
    </p>
   </div>
   <div class='ocr_carea' id='block_1_28' title="bbox 255 1347 1049 1387">
    <p class='ocr_par' dir='ltr' id='par_1_28' title="bbox 255 1347 1049 1387">
     <span class='ocr_line' id='line_1_28' title="bbox 255 1347 1049 1387; baseline 0.013 -14"><span class='ocrx_word' id='word_1_217' title='bbox 255 1347 327 1382; x_wconf 86' lang='lat' dir='ltr'><strong>quod</strong></span> <span class='ocrx_word' id='word_1_218' title='bbox 353 1347 398 1375; x_wconf 90' lang='lat' dir='ltr'><strong>ille</strong></span> <span class='ocrx_word' id='word_1_219' title='bbox 430 1348 550 1384; x_wconf 88' lang='lat' dir='ltr'><strong>ingratus</strong></span> <span class='ocrx_word' id='word_1_220' title='bbox 570 1350 721 1387; x_wconf 71' lang='lat' dir='ltr'><strong>exstiterit,</strong></span> <span class='ocrx_word' id='word_1_221' title='bbox 741 1352 854 1386; x_wconf 87' lang='lat' dir='ltr'><strong>teipsttm</strong></span> <span class='ocrx_word' id='word_1_222' title='bbox 883 1354 1049 1382; x_wconf 87' lang='lat' dir='ltr'><strong>condemnas</strong></span> 
     </span>
    </p>
   </div>
   <div class='ocr_carea' id='block_1_29' title="bbox 255 1395 1047 1433">
    <p class='ocr_par' dir='ltr' id='par_1_29' title="bbox 255 1395 1047 1433">
     <span class='ocr_line' id='line_1_29' title="bbox 255 1395 1047 1433; baseline 0.01 -13"><span class='ocrx_word' id='word_1_223' title='bbox 255 1401 318 1421; x_wconf 67' lang='lat' dir='ltr'><strong>eum</strong></span> <span class='ocrx_word' id='word_1_224' title='bbox 336 1398 363 1421; x_wconf 93' lang='lat' dir='ltr'><strong>tu</strong></span> <span class='ocrx_word' id='word_1_225' title='bbox 379 1395 473 1422; x_wconf 81' lang='lat' dir='ltr'><strong>cadent</strong></span> <span class='ocrx_word' id='word_1_226' title='bbox 495 1395 606 1424; x_wconf 82' lang='lat' dir='ltr'><strong>feceris.</strong></span> <span class='ocrx_word' id='word_1_227' title='bbox 623 1396 691 1424; x_wconf 87' lang='lat' dir='ltr'><strong>Nam</strong></span> <span class='ocrx_word' id='word_1_228' title='bbox 718 1397 769 1425; x_wconf 78' lang='lat' dir='ltr'><strong>hoc</strong></span> <span class='ocrx_word' id='word_1_229' title='bbox 794 1398 881 1433; x_wconf 87' lang='lat' dir='ltr'><strong>ipsunt</strong></span> <span class='ocrx_word' id='word_1_230' title='bbox 906 1405 932 1427; x_wconf 94' lang='lat' dir='ltr'><strong>tu</strong></span> <span class='ocrx_word' id='word_1_231' title='bbox 960 1400 1047 1429; x_wconf 82' lang='lat' dir='ltr'><strong>fecisti</strong></span> 
     </span>
    </p>
   </div>
   <div class='ocr_carea' id='block_1_30' title="bbox 254 1439 1049 1480">
    <p class='ocr_par' dir='ltr' id='par_1_30' title="bbox 254 1439 1049 1480">
     <span class='ocr_line' id='line_1_30' title="bbox 254 1439 1049 1480; baseline 0.013 -14"><span class='ocrx_word' id='word_1_232' title='bbox 254 1447 318 1467; x_wconf 88' lang='lat' dir='ltr'><strong>cum</strong></span> <span class='ocrx_word' id='word_1_233' title='bbox 331 1447 346 1466; x_wconf 85' lang='lat' dir='ltr'><strong>a</strong></span> <span class='ocrx_word' id='word_1_234' title='bbox 357 1439 413 1468; x_wconf 89' lang='lat' dir='ltr'><strong>Deo</strong></span> <span class='ocrx_word' id='word_1_235' title='bbox 429 1441 594 1476; x_wconf 87' lang='lat' dir='ltr'><strong>discederes,</strong></span> <span class='ocrx_word' id='word_1_236' title='bbox 610 1448 692 1477; x_wconf 86' lang='lat' dir='ltr'><strong>atque</strong></span> <span class='ocrx_word' id='word_1_237' title='bbox 703 1444 757 1472; x_wconf 86' lang='lat' dir='ltr'><strong>Deo</strong></span> <span class='ocrx_word' id='word_1_238' title='bbox 769 1445 920 1480; x_wconf 84' lang='lat' dir='ltr'><strong>resisteres,</strong></span> <span class='ocrx_word' id='word_1_239' title='bbox 932 1448 1049 1475; x_wconf 88' lang='lat' dir='ltr'><strong>derelin-</strong></span> 
     </span>
    </p>
   </div>
   <div class='ocr_carea' id='block_1_31' title="bbox 255 1489 1048 1528">
    <p class='ocr_par' dir='ltr' id='par_1_31' title="bbox 255 1489 1048 1528">
     <span class='ocr_line' id='line_1_31' title="bbox 255 1489 1048 1528; baseline 0.014 -17"><span class='ocrx_word' id='word_1_240' title='bbox 255 1493 355 1519; x_wconf 82' lang='lat' dir='ltr'><strong>queres</strong></span> <span class='ocrx_word' id='word_1_241' title='bbox 371 1493 488 1521; x_wconf 89' lang='lat' dir='ltr'><strong>quoque,</strong></span> <span class='ocrx_word' id='word_1_242' title='bbox 503 1492 584 1522; x_wconf 90' lang='lat' dir='ltr'><strong>atque</strong></span> <span class='ocrx_word' id='word_1_243' title='bbox 597 1489 719 1524; x_wconf 76' lang='lat' dir='ltr'><strong>ingratus</strong></span> <span class='ocrx_word' id='word_1_244' title='bbox 735 1491 889 1524; x_wconf 83' lang='lat' dir='ltr'><strong>exsistercs,</strong></span> <span class='ocrx_word' id='word_1_245' title='bbox 907 1493 939 1520; x_wconf 94' lang='lat' dir='ltr'><strong>de</strong></span> <span class='ocrx_word' id='word_1_246' title='bbox 951 1494 1048 1528; x_wconf 84' lang='lat' dir='ltr'><strong>quibus</strong></span> 
     </span>
    </p>
   </div>
   <div class='ocr_carea' id='block_1_32' title="bbox 1105 251 1878 286">
    <p class='ocr_par' dir='ltr' id='par_1_32' title="bbox 1105 251 1878 286">
     <span class='ocr_line' id='line_1_32' title="bbox 1105 251 1878 286; baseline 0.001 -8"><span class='ocrx_word' id='word_1_247' title='bbox 1105 251 1230 279; x_wconf 89' lang='lat' dir='ltr'><strong>eumdem</strong></span> <span class='ocrx_word' id='word_1_248' title='bbox 1247 251 1400 286; x_wconf 87' lang='lat' dir='ltr'><strong>iniquitatis</strong></span> <span class='ocrx_word' id='word_1_249' title='bbox 1413 251 1526 278; x_wconf 77' lang='lat' dir='ltr'><strong>livorem</strong></span> <span class='ocrx_word' id='word_1_250' title='bbox 1543 251 1625 278; x_wconf 86' lang='lat' dir='ltr'><strong>etiam</strong></span> <span class='ocrx_word' id='word_1_251' title='bbox 1643 258 1714 277; x_wconf 83' lang='lat' dir='ltr'><strong>nunc</strong></span> <span class='ocrx_word' id='word_1_252' title='bbox 1732 251 1811 278; x_wconf 84' lang='lat' dir='ltr'><strong>habet</strong></span> <span class='ocrx_word' id='word_1_253' title='bbox 1823 252 1878 279; x_wconf 72' lang='lat' dir='ltr'><strong>circa</strong></span> 
     </span>
    </p>
   </div>
   <div class='ocr_carea' id='block_1_33' title="bbox 1105 297 1880 332">
    <p class='ocr_par' dir='ltr' id='par_1_33' title="bbox 1105 297 1880 332">
     <span class='ocr_line' id='line_1_33' title="bbox 1105 297 1880 332; baseline 0.001 -8"><span class='ocrx_word' id='word_1_254' title='bbox 1105 304 1155 324; x_wconf 80' lang='lat' dir='ltr'><strong>nos</strong></span> <span class='ocrx_word' id='word_1_255' title='bbox 1171 297 1263 331; x_wconf 80' lang='lat' dir='ltr'><strong>procul</strong></span> <span class='ocrx_word' id='word_1_256' title='bbox 1275 297 1370 329; x_wconf 86' lang='lat' dir='ltr'><strong>dubio,</strong></span> <span class='ocrx_word' id='word_1_257' title='bbox 1387 305 1467 332; x_wconf 84' lang='lat' dir='ltr'><strong>quem</strong></span> <span class='ocrx_word' id='word_1_258' title='bbox 1482 302 1511 325; x_wconf 87' lang='lat' dir='ltr'><strong>et</strong></span> <span class='ocrx_word' id='word_1_259' title='bbox 1529 302 1594 324; x_wconf 88' lang='lat' dir='ltr'><strong>tunc</strong></span> <span class='ocrx_word' id='word_1_260' title='bbox 1611 297 1704 324; x_wconf 78' lang='lat' dir='ltr'><strong>habuit</strong></span> <span class='ocrx_word' id='word_1_261' title='bbox 1722 302 1801 331; x_wconf 86' lang='lat' dir='ltr'><strong>atque</strong></span> <span class='ocrx_word' id='word_1_262' title='bbox 1816 305 1880 325; x_wconf 76' lang='lat' dir='ltr'><strong>exer-</strong></span> 
     </span>
    </p>
   </div>
   <div class='ocr_carea' id='block_1_34' title="bbox 1105 342 1879 378">
    <p class='ocr_par' dir='ltr' id='par_1_34' title="bbox 1105 342 1879 378">
     <span class='ocr_line' id='line_1_34' title="bbox 1105 342 1879 378; baseline -0.001 -8"><span class='ocrx_word' id='word_1_263' title='bbox 1105 344 1162 370; x_wconf 89' lang='lat' dir='ltr'><strong>cuit</strong></span> <span class='ocrx_word' id='word_1_264' title='bbox 1177 343 1250 370; x_wconf 86' lang='lat' dir='ltr'><strong>circa</strong></span> <span class='ocrx_word' id='word_1_265' title='bbox 1267 342 1330 370; x_wconf 91' lang='lat' dir='ltr'><strong>Job.</strong></span> <span class='ocrx_word' id='word_1_266' title='bbox 1358 343 1416 370; x_wconf 80' lang='lat' dir='ltr'><strong>Non</strong></span> <span class='ocrx_word' id='word_1_267' title='bbox 1441 343 1559 378; x_wconf 87' lang='lat' dir='ltr'><strong>quiescit</strong></span> <span class='ocrx_word' id='word_1_268' title='bbox 1583 351 1700 377; x_wconf 88' lang='lat' dir='ltr'><strong>unquam</strong></span> <span class='ocrx_word' id='word_1_269' title='bbox 1730 344 1879 370; x_wconf 70' lang='lat' dir='ltr'><strong>adversarius</strong></span> 
     </span>
    </p>
   </div>
   <div class='ocr_carea' id='block_1_35' title="bbox 1105 389 1879 424">
    <p class='ocr_par' dir='ltr' id='par_1_35' title="bbox 1105 389 1879 424">
     <span class='ocr_line' id='line_1_35' title="bbox 1105 389 1879 424; baseline 0.001 -8"><span class='ocrx_word' id='word_1_270' title='bbox 1105 394 1189 417; x_wconf 70' lang='lat' dir='ltr'><strong>uester</strong></span> <span class='ocrx_word' id='word_1_271' title='bbox 1196 389 1388 423; x_wconf 74' lang='lat' dir='ltr'><strong>diabolus,sed</strong></span> <span class='ocrx_word' id='word_1_272' title='bbox 1404 395 1530 424; x_wconf 77' lang='lat' dir='ltr'><strong>tanquam</strong></span> <span class='ocrx_word' id='word_1_273' title='bbox 1545 390 1585 417; x_wconf 87' lang='lat' dir='ltr'><strong>leo</strong></span> <span class='ocrx_word' id='word_1_274' title='bbox 1598 389 1813 424; x_wconf 76' lang='lat' dir='ltr'><strong>rugiens,circuit</strong></span> <span class='ocrx_word' id='word_1_275' title='bbox 1824 398 1879 424; x_wconf 80' lang='lat' dir='ltr'><strong>quc-</strong></span> 
     </span>
    </p>
   </div>
   <div class='ocr_carea' id='block_1_36' title="bbox 1105 435 1879 470">
    <p class='ocr_par' dir='ltr' id='par_1_36' title="bbox 1105 435 1879 470">
     <span class='ocr_line' id='line_1_36' title="bbox 1105 435 1879 470; baseline 0 -7"><span class='ocrx_word' id='word_1_276' title='bbox 1105 445 1164 463; x_wconf 72' lang='lat' dir='ltr'><strong>rens</strong></span> <span class='ocrx_word' id='word_1_277' title='bbox 1179 444 1256 469; x_wconf 85' lang='lat' dir='ltr'><strong>quem</strong></span> <span class='ocrx_word' id='word_1_278' title='bbox 1272 437 1376 462; x_wconf 78' lang='lat' dir='ltr'><strong>devoret</strong></span> <span class='ocrx_word' id='word_1_279' title='bbox 1390 436 1412 463; x_wconf 81' lang='lat'><strong>’.</strong></span> <span class='ocrx_word' id='word_1_280' title='bbox 1430 435 1489 463; x_wconf 85' lang='lat' dir='ltr'><strong>Non</strong></span> <span class='ocrx_word' id='word_1_281' title='bbox 1506 437 1622 470; x_wconf 87' lang='lat' dir='ltr'><strong>quiescit</strong></span> <span class='ocrx_word' id='word_1_282' title='bbox 1640 443 1758 470; x_wconf 82' lang='lat' dir='ltr'><strong>unquam</strong></span> <span class='ocrx_word' id='word_1_283' title='bbox 1772 444 1879 463; x_wconf 68' lang='lat' dir='ltr'><strong>accusari:</strong></span> 
     </span>
    </p>
   </div>
   <div class='ocr_carea' id='block_1_37' title="bbox 1106 481 1878 516">
    <p class='ocr_par' dir='ltr' id='par_1_37' title="bbox 1106 481 1878 516">
     <span class='ocr_line' id='line_1_37' title="bbox 1106 481 1878 516; baseline -0.003 -7"><span class='ocrx_word' id='word_1_284' title='bbox 1106 482 1229 509; x_wconf 74' lang='lat' dir='ltr'><strong>lim-lines</strong></span> <span class='ocrx_word' id='word_1_285' title='bbox 1240 482 1274 509; x_wconf 83' lang='lat' dir='ltr'><strong>ad</strong></span> <span class='ocrx_word' id='word_1_286' title='bbox 1288 482 1383 515; x_wconf 85' lang='lat' dir='ltr'><strong>Deum,</strong></span> <span class='ocrx_word' id='word_1_287' title='bbox 1395 487 1422 509; x_wconf 85' lang='lat' dir='ltr'><strong>et</strong></span> <span class='ocrx_word' id='word_1_288' title='bbox 1434 482 1517 509; x_wconf 89' lang='lat' dir='ltr'><strong>Deum</strong></span> <span class='ocrx_word' id='word_1_289' title='bbox 1531 482 1564 508; x_wconf 90' lang='lat' dir='ltr'><strong>ad</strong></span> <span class='ocrx_word' id='word_1_290' title='bbox 1578 481 1710 509; x_wconf 82' lang='lat' dir='ltr'><strong>homines.</strong></span> <span class='ocrx_word' id='word_1_291' title='bbox 1728 481 1819 509; x_wconf 82' lang='lat' dir='ltr'><strong>Merito</strong></span> <span class='ocrx_word' id='word_1_292' title='bbox 1830 490 1878 516; x_wconf 74' lang='lat' dir='ltr'><strong>ergo</strong></span> 
     </span>
    </p>
   </div>
   <div class='ocr_carea' id='block_1_38' title="bbox 1105 529 1878 565">
    <p class='ocr_par' dir='ltr' id='par_1_38' title="bbox 1105 529 1878 565">
     <span class='ocr_line' id='line_1_38' title="bbox 1105 529 1878 565; baseline 0.003 -9"><span class='ocrx_word' id='word_1_293' title='bbox 1105 529 1229 557; x_wconf 85' lang='lat' dir='ltr'><strong>diabolus</strong></span> <span class='ocrx_word' id='word_1_294' title='bbox 1244 534 1285 557; x_wconf 90' lang='lat' dir='ltr'><strong>est</strong></span> <span class='ocrx_word' id='word_1_295' title='bbox 1305 529 1468 565; x_wconf 84' lang='lat' dir='ltr'><strong>appellatus,</strong></span> <span class='ocrx_word' id='word_1_296' title='bbox 1485 530 1511 558; x_wconf 94' lang='lat' dir='ltr'><strong>id</strong></span> <span class='ocrx_word' id='word_1_297' title='bbox 1528 534 1570 558; x_wconf 91' lang='lat' dir='ltr'><strong>est</strong></span> <span class='ocrx_word' id='word_1_298' title='bbox 1587 536 1738 557; x_wconf 73' lang='lat' dir='ltr'><strong>accusator.</strong></span> <span class='ocrx_word' id='word_1_299' title='bbox 1753 529 1798 557; x_wconf 91' lang='lat' dir='ltr'><strong>Sic</strong></span> <span class='ocrx_word' id='word_1_300' title='bbox 1817 538 1878 558; x_wconf 82' lang='lat' dir='ltr'><strong>uatu-</strong></span> 
     </span>
    </p>
   </div>
   <div class='ocr_carea' id='block_1_39' title="bbox 1105 574 1878 610">
    <p class='ocr_par' dir='ltr' id='par_1_39' title="bbox 1105 574 1878 610">
     <span class='ocr_line' id='line_1_39' title="bbox 1105 574 1878 610; baseline 0.001 -9"><span class='ocrx_word' id='word_1_301' title='bbox 1105 582 1159 609; x_wconf 86' lang='lat' dir='ltr'><strong>que</strong></span> <span class='ocrx_word' id='word_1_302' title='bbox 1171 579 1199 602; x_wconf 90' lang='lat' dir='ltr'><strong>et</strong></span> <span class='ocrx_word' id='word_1_303' title='bbox 1223 579 1287 602; x_wconf 89' lang='lat' dir='ltr'><strong>tunc</strong></span> <span class='ocrx_word' id='word_1_304' title='bbox 1300 574 1352 603; x_wconf 90' lang='lat' dir='ltr'><strong>Job</strong></span> <span class='ocrx_word' id='word_1_305' title='bbox 1380 575 1521 603; x_wconf 84' lang='lat' dir='ltr'><strong>accusavit</strong></span> <span class='ocrx_word' id='word_1_306' title='bbox 1541 576 1615 604; x_wconf 90' lang='lat' dir='ltr'><strong>circa</strong></span> <span class='ocrx_word' id='word_1_307' title='bbox 1638 576 1734 609; x_wconf 90' lang='lat' dir='ltr'><strong>Deum,</strong></span> <span class='ocrx_word' id='word_1_308' title='bbox 1749 577 1821 610; x_wconf 83' lang='lat' dir='ltr'><strong>quasi</strong></span> <span class='ocrx_word' id='word_1_309' title='bbox 1839 585 1878 603; x_wconf 82' lang='lat' dir='ltr'><strong>non</strong></span> 
     </span>
    </p>
   </div>
   <div class='ocr_carea' id='block_1_40' title="bbox 1105 621 1878 657">
    <p class='ocr_par' dir='ltr' id='par_1_40' title="bbox 1105 621 1878 657">
     <span class='ocr_line' id='line_1_40' title="bbox 1105 621 1878 657; baseline 0.001 -9"><span class='ocrx_word' id='word_1_310' title='bbox 1105 626 1215 656; x_wconf 87' lang='lat' dir='ltr'><strong>propter</strong></span> <span class='ocrx_word' id='word_1_311' title='bbox 1240 621 1443 655; x_wconf 84' lang='lat' dir='ltr'><strong>sinceritatem,</strong></span> <span class='ocrx_word' id='word_1_312' title='bbox 1459 623 1507 650; x_wconf 86' lang='lat' dir='ltr'><strong>sed</strong></span> <span class='ocrx_word' id='word_1_313' title='bbox 1529 627 1642 657; x_wconf 86' lang='lat' dir='ltr'><strong>propter</strong></span> <span class='ocrx_word' id='word_1_314' title='bbox 1656 623 1779 656; x_wconf 64' lang='lat' dir='ltr'><strong>pecuniae</strong></span> <span class='ocrx_word' id='word_1_315' title='bbox 1795 623 1878 650; x_wconf 85' lang='lat' dir='ltr'><strong>blandi-</strong></span> 
     </span>
    </p>
   </div>
   <div class='ocr_carea' id='block_1_41' title="bbox 1107 667 1876 702">
    <p class='ocr_par' dir='ltr' id='par_1_41' title="bbox 1107 667 1876 702">
     <span class='ocr_line' id='line_1_41' title="bbox 1107 667 1876 702; baseline 0.004 -9"><span class='ocrx_word' id='word_1_316' title='bbox 1107 667 1206 695; x_wconf 88' lang='lat' dir='ltr'><strong>tionem</strong></span> <span class='ocrx_word' id='word_1_317' title='bbox 1220 667 1304 696; x_wconf 88' lang='lat' dir='ltr'><strong>Deum</strong></span> <span class='ocrx_word' id='word_1_318' title='bbox 1316 668 1432 696; x_wconf 87' lang='lat' dir='ltr'><strong>coluerit</strong></span> <span class='ocrx_word' id='word_1_319' title='bbox 1446 677 1455 697; x_wconf 85' lang='lat'><strong>:</strong></span> <span class='ocrx_word' id='word_1_320' title='bbox 1470 673 1498 695; x_wconf 90' lang='lat' dir='ltr'><strong>et</strong></span> <span class='ocrx_word' id='word_1_321' title='bbox 1511 668 1595 696; x_wconf 90' lang='lat' dir='ltr'><strong>Deum</strong></span> <span class='ocrx_word' id='word_1_322' title='bbox 1610 668 1751 696; x_wconf 80' lang='lat' dir='ltr'><strong>accusavit</strong></span> <span class='ocrx_word' id='word_1_323' title='bbox 1761 673 1788 695; x_wconf 92' lang='lat' dir='ltr'><strong>et</strong></span> <span class='ocrx_word' id='word_1_324' title='bbox 1801 676 1876 702; x_wconf 87' lang='lat' dir='ltr'><strong>repre-</strong></span> 
     </span>
    </p>
   </div>
   <div class='ocr_carea' id='block_1_42' title="bbox 1105 713 1877 749">
    <p class='ocr_par' dir='ltr' id='par_1_42' title="bbox 1105 713 1877 749">
     <span class='ocr_line' id='line_1_42' title="bbox 1105 713 1877 749; baseline 0.001 -9"><span class='ocrx_word' id='word_1_325' title='bbox 1105 713 1199 741; x_wconf 90' lang='lat' dir='ltr'><strong>hendit</strong></span> <span class='ocrx_word' id='word_1_326' title='bbox 1214 722 1267 742; x_wconf 88' lang='lat' dir='ltr'><strong>non</strong></span> <span class='ocrx_word' id='word_1_327' title='bbox 1285 714 1407 748; x_wconf 87' lang='lat' dir='ltr'><strong>minime,</strong></span> <span class='ocrx_word' id='word_1_328' title='bbox 1423 714 1470 742; x_wconf 86' lang='lat' dir='ltr'><strong>sed</strong></span> <span class='ocrx_word' id='word_1_329' title='bbox 1481 715 1572 749; x_wconf 86' lang='lat' dir='ltr'><strong>potius</strong></span> <span class='ocrx_word' id='word_1_330' title='bbox 1583 723 1664 749; x_wconf 84' lang='lat' dir='ltr'><strong>quam</strong></span> <span class='ocrx_word' id='word_1_331' title='bbox 1677 715 1805 747; x_wconf 79' lang='lat' dir='ltr'><strong>maxime,</strong></span> <span class='ocrx_word' id='word_1_332' title='bbox 1817 715 1877 749; x_wconf 83' lang='lat' dir='ltr'><strong>quasi</strong></span> 
     </span>
    </p>
   </div>
   <div class='ocr_carea' id='block_1_43' title="bbox 1105 758 1876 794">
    <p class='ocr_par' dir='ltr' id='par_1_43' title="bbox 1105 758 1876 794">
     <span class='ocr_line' id='line_1_43' title="bbox 1105 758 1876 794; baseline 0.001 -9"><span class='ocrx_word' id='word_1_333' title='bbox 1105 766 1159 785; x_wconf 88' lang='lat' dir='ltr'><strong>non</strong></span> <span class='ocrx_word' id='word_1_334' title='bbox 1176 758 1273 794; x_wconf 89' lang='lat' dir='ltr'><strong>digne,</strong></span> <span class='ocrx_word' id='word_1_335' title='bbox 1296 759 1343 787; x_wconf 89' lang='lat' dir='ltr'><strong>sed</strong></span> <span class='ocrx_word' id='word_1_336' title='bbox 1369 761 1542 789; x_wconf 86' lang='lat' dir='ltr'><strong>continenter</strong></span> <span class='ocrx_word' id='word_1_337' title='bbox 1557 759 1609 788; x_wconf 90' lang='lat' dir='ltr'><strong>Job</strong></span> <span class='ocrx_word' id='word_1_338' title='bbox 1633 759 1744 788; x_wconf 88' lang='lat' dir='ltr'><strong>divitias</strong></span> <span class='ocrx_word' id='word_1_339' title='bbox 1762 759 1876 793; x_wconf 84' lang='lat' dir='ltr'><strong>tribuerit,</strong></span> 
     </span>
    </p>
   </div>
   <div class='ocr_carea' id='block_1_44' title="bbox 1105 805 1877 838">
    <p class='ocr_par' dir='ltr' id='par_1_44' title="bbox 1105 805 1877 838">
     <span class='ocr_line' id='line_1_44' title="bbox 1105 805 1877 838; baseline 0.001 -6"><span class='ocrx_word' id='word_1_340' title='bbox 1105 806 1140 832; x_wconf 89' lang='lat' dir='ltr'><strong>ob</strong></span> <span class='ocrx_word' id='word_1_341' title='bbox 1156 805 1207 833; x_wconf 90' lang='lat' dir='ltr'><strong>hoc</strong></span> <span class='ocrx_word' id='word_1_342' title='bbox 1220 805 1321 838; x_wconf 87' lang='lat' dir='ltr'><strong>solum,</strong></span> <span class='ocrx_word' id='word_1_343' title='bbox 1336 811 1364 834; x_wconf 92' lang='lat' dir='ltr'><strong>ut</strong></span> <span class='ocrx_word' id='word_1_344' title='bbox 1381 807 1530 835; x_wconf 88' lang='lat' dir='ltr'><strong>adorarent</strong></span> <span class='ocrx_word' id='word_1_345' title='bbox 1550 807 1625 834; x_wconf 90' lang='lat' dir='ltr'><strong>illum</strong></span> <span class='ocrx_word' id='word_1_346' title='bbox 1641 811 1749 835; x_wconf 84' lang='lat' dir='ltr'><strong>tantum</strong></span> <span class='ocrx_word' id='word_1_347' title='bbox 1774 806 1877 834; x_wconf 79' lang='lat' dir='ltr'><strong>homines</strong></span> 
     </span>
    </p>
   </div>
   <div class='ocr_carea' id='block_1_45' title="bbox 1105 851 1875 886">
    <p class='ocr_par' dir='ltr' id='par_1_45' title="bbox 1105 851 1875 886">
     <span class='ocr_line' id='line_1_45' title="bbox 1105 851 1875 886; baseline 0.001 -8"><span class='ocrx_word' id='word_1_348' title='bbox 1105 856 1134 878; x_wconf 85' lang='lat' dir='ltr'><strong>et</strong></span> <span class='ocrx_word' id='word_1_349' title='bbox 1145 851 1276 879; x_wconf 83' lang='lat' dir='ltr'><strong>colerent.</strong></span> <span class='ocrx_word' id='word_1_350' title='bbox 1292 851 1349 880; x_wconf 80' lang='lat' dir='ltr'><strong>Hoc</strong></span> <span class='ocrx_word' id='word_1_351' title='bbox 1365 852 1454 886; x_wconf 89' lang='lat' dir='ltr'><strong>ipsum</strong></span> <span class='ocrx_word' id='word_1_352' title='bbox 1471 853 1599 881; x_wconf 87' lang='lat' dir='ltr'><strong>nimirum</strong></span> <span class='ocrx_word' id='word_1_353' title='bbox 1625 851 1709 880; x_wconf 86' lang='lat' dir='ltr'><strong>etiam</strong></span> <span class='ocrx_word' id='word_1_354' title='bbox 1733 859 1804 880; x_wconf 88' lang='lat' dir='ltr'><strong>nunc</strong></span> <span class='ocrx_word' id='word_1_355' title='bbox 1817 853 1875 885; x_wconf 81' lang='lat' dir='ltr'><strong>facit,</strong></span> 
     </span>
    </p>
   </div>
   <div class='ocr_carea' id='block_1_46' title="bbox 1105 898 1875 932">
    <p class='ocr_par' dir='ltr' id='par_1_46' title="bbox 1105 898 1875 932">
     <span class='ocr_line' id='line_1_46' title="bbox 1105 898 1875 932; baseline 0 -8"><span class='ocrx_word' id='word_1_356' title='bbox 1105 901 1134 925; x_wconf 90' lang='lat' dir='ltr'><strong>et</strong></span> <span class='ocrx_word' id='word_1_357' title='bbox 1155 905 1240 932; x_wconf 87' lang='lat' dir='ltr'><strong>usque</strong></span> <span class='ocrx_word' id='word_1_358' title='bbox 1258 898 1291 924; x_wconf 90' lang='lat' dir='ltr'><strong>ad</strong></span> <span class='ocrx_word' id='word_1_359' title='bbox 1307 899 1569 926; x_wconf 84' lang='lat' dir='ltr'><strong>consummationem</strong></span> <span class='ocrx_word' id='word_1_360' title='bbox 1589 898 1681 926; x_wconf 62' lang='lat' dir='ltr'><strong>siccati</strong></span> <span class='ocrx_word' id='word_1_361' title='bbox 1698 905 1792 926; x_wconf 84' lang='lat' dir='ltr'><strong>omnes</strong></span> <span class='ocrx_word' id='word_1_362' title='bbox 1805 899 1875 926; x_wconf 80' lang='lat' dir='ltr'><strong>homi-</strong></span> 
     </span>
    </p>
   </div>
   <div class='ocr_carea' id='block_1_47' title="bbox 1105 944 1876 980">
    <p class='ocr_par' dir='ltr' id='par_1_47' title="bbox 1105 944 1876 980">
     <span class='ocr_line' id='line_1_47' title="bbox 1105 944 1876 980; baseline 0.003 -10"><span class='ocrx_word' id='word_1_363' title='bbox 1105 951 1155 971; x_wconf 88' lang='lat' dir='ltr'><strong>nes</strong></span> <span class='ocrx_word' id='word_1_364' title='bbox 1170 944 1278 971; x_wconf 84' lang='lat' dir='ltr'><strong>occulte</strong></span> <span class='ocrx_word' id='word_1_365' title='bbox 1291 951 1424 971; x_wconf 84' lang='lat' dir='ltr'><strong>accusans</strong></span> <span class='ocrx_word' id='word_1_366' title='bbox 1438 944 1472 971; x_wconf 88' lang='lat' dir='ltr'><strong>ad</strong></span> <span class='ocrx_word' id='word_1_367' title='bbox 1488 945 1572 972; x_wconf 90' lang='lat' dir='ltr'><strong>Deum</strong></span> <span class='ocrx_word' id='word_1_368' title='bbox 1588 949 1616 972; x_wconf 88' lang='lat' dir='ltr'><strong>et</strong></span> <span class='ocrx_word' id='word_1_369' title='bbox 1627 952 1677 980; x_wconf 85' lang='lat' dir='ltr'><strong>pro</strong></span> <span class='ocrx_word' id='word_1_370' title='bbox 1703 944 1787 973; x_wconf 87' lang='lat' dir='ltr'><strong>verbo</strong></span> <span class='ocrx_word' id='word_1_371' title='bbox 1800 952 1824 972; x_wconf 82' lang='lat' dir='ltr'><strong>et</strong></span> <span class='ocrx_word' id='word_1_372' title='bbox 1840 952 1876 980; x_wconf 78' lang='lat' dir='ltr'><strong>pm</strong></span> 
     </span>
    </p>
   </div>
   <div class='ocr_carea' id='block_1_48' title="bbox 1103 990 1876 1027">
    <p class='ocr_par' dir='ltr' id='par_1_48' title="bbox 1103 990 1876 1027">
     <span class='ocr_line' id='line_1_48' title="bbox 1103 990 1876 1027; baseline 0.001 -10"><span class='ocrx_word' id='word_1_373' title='bbox 1103 997 1199 1025; x_wconf 89' lang='lat' dir='ltr'><strong>opere,</strong></span> <span class='ocrx_word' id='word_1_374' title='bbox 1214 990 1341 1018; x_wconf 87' lang='lat' dir='ltr'><strong>omnibus</strong></span> <span class='ocrx_word' id='word_1_375' title='bbox 1366 990 1524 1019; x_wconf 87' lang='lat' dir='ltr'><strong>hominibus</strong></span> <span class='ocrx_word' id='word_1_376' title='bbox 1547 991 1660 1026; x_wconf 87' lang='lat' dir='ltr'><strong>laqueos</strong></span> <span class='ocrx_word' id='word_1_377' title='bbox 1684 996 1714 1019; x_wconf 87' lang='lat' dir='ltr'><strong>et</strong></span> <span class='ocrx_word' id='word_1_378' title='bbox 1730 996 1876 1027; x_wconf 76' lang='lat' dir='ltr'><strong>capturaset</strong></span> 
     </span>
    </p>
   </div>
   <div class='ocr_carea' id='block_1_49' title="bbox 1104 1036 1875 1071">
    <p class='ocr_par' dir='ltr' id='par_1_49' title="bbox 1104 1036 1875 1071">
     <span class='ocr_line' id='line_1_49' title="bbox 1104 1036 1875 1071; baseline 0.001 -7"><span class='ocrx_word' id='word_1_379' title='bbox 1104 1037 1254 1064; x_wconf 84' lang='lat' dir='ltr'><strong>teudiculas</strong></span> <span class='ocrx_word' id='word_1_380' title='bbox 1274 1036 1351 1071; x_wconf 86' lang='lat' dir='ltr'><strong>ponit</strong></span> <span class='ocrx_word' id='word_1_381' title='bbox 1363 1042 1390 1064; x_wconf 89' lang='lat' dir='ltr'><strong>et</strong></span> <span class='ocrx_word' id='word_1_382' title='bbox 1402 1037 1530 1064; x_wconf 85' lang='lat' dir='ltr'><strong>scandala</strong></span> <span class='ocrx_word' id='word_1_383' title='bbox 1545 1037 1719 1071; x_wconf 84' lang='lat' dir='ltr'><strong>multiplicat,</strong></span> <span class='ocrx_word' id='word_1_384' title='bbox 1734 1043 1763 1065; x_wconf 87' lang='lat' dir='ltr'><strong>et</strong></span> <span class='ocrx_word' id='word_1_385' title='bbox 1784 1037 1875 1065; x_wconf 83' lang='lat' dir='ltr'><strong>tribula-</strong></span> 
     </span>
    </p>
   </div>
   <div class='ocr_carea' id='block_1_50' title="bbox 1104 1082 1875 1118">
    <p class='ocr_par' dir='ltr' id='par_1_50' title="bbox 1104 1082 1875 1118">
     <span class='ocr_line' id='line_1_50' title="bbox 1104 1082 1875 1118; baseline 0.001 -9"><span class='ocrx_word' id='word_1_386' title='bbox 1104 1083 1192 1110; x_wconf 88' lang='lat' dir='ltr'><strong>tioncs</strong></span> <span class='ocrx_word' id='word_1_387' title='bbox 1209 1087 1236 1109; x_wconf 90' lang='lat' dir='ltr'><strong>et</strong></span> <span class='ocrx_word' id='word_1_388' title='bbox 1257 1082 1394 1110; x_wconf 87' lang='lat' dir='ltr'><strong>molestias</strong></span> <span class='ocrx_word' id='word_1_389' title='bbox 1419 1082 1528 1118; x_wconf 81' lang='lat' dir='ltr'><strong>ingerit,</strong></span> <span class='ocrx_word' id='word_1_390' title='bbox 1542 1083 1659 1110; x_wconf 79' lang='lat' dir='ltr'><strong>maxime</strong></span> <span class='ocrx_word' id='word_1_391' title='bbox 1671 1083 1756 1118; x_wconf 81' lang='lat' dir='ltr'><strong>justis</strong></span> <span class='ocrx_word' id='word_1_392' title='bbox 1771 1084 1875 1111; x_wconf 82' lang='lat' dir='ltr'><strong>omnibus</strong></span> 
     </span>
    </p>
   </div>
   <div class='ocr_carea' id='block_1_51' title="bbox 1103 1129 1875 1163">
    <p class='ocr_par' dir='ltr' id='par_1_51' title="bbox 1103 1129 1875 1163">
     <span class='ocr_line' id='line_1_51' title="bbox 1103 1129 1875 1163; baseline 0 -8"><span class='ocrx_word' id='word_1_393' title='bbox 1103 1133 1186 1163; x_wconf 88' lang='lat' dir='ltr'><strong>atque</strong></span> <span class='ocrx_word' id='word_1_394' title='bbox 1200 1129 1314 1161; x_wconf 89' lang='lat' dir='ltr'><strong>sanctis,</strong></span> <span class='ocrx_word' id='word_1_395' title='bbox 1325 1129 1398 1156; x_wconf 90' lang='lat' dir='ltr'><strong>circa</strong></span> <span class='ocrx_word' id='word_1_396' title='bbox 1414 1135 1483 1163; x_wconf 86' lang='lat' dir='ltr'><strong>quos</strong></span> <span class='ocrx_word' id='word_1_397' title='bbox 1497 1129 1579 1156; x_wconf 88' lang='lat' dir='ltr'><strong>etiam</strong></span> <span class='ocrx_word' id='word_1_398' title='bbox 1594 1129 1680 1156; x_wconf 83' lang='lat' dir='ltr'><strong>zelum</strong></span> <span class='ocrx_word' id='word_1_399' title='bbox 1696 1129 1779 1157; x_wconf 79' lang='lat' dir='ltr'><strong>habet</strong></span> <span class='ocrx_word' id='word_1_400' title='bbox 1790 1134 1814 1157; x_wconf 87' lang='lat' dir='ltr'><strong>et</strong></span> <span class='ocrx_word' id='word_1_401' title='bbox 1823 1130 1875 1157; x_wconf 77' lang='lat' dir='ltr'><strong>bella</strong></span> 
     </span>
    </p>
   </div>
   <div class='ocr_carea' id='block_1_52' title="bbox 1101 1173 1876 1209">
    <p class='ocr_par' dir='ltr' id='par_1_52' title="bbox 1101 1173 1876 1209">
     <span class='ocr_line' id='line_1_52' title="bbox 1101 1173 1876 1209; baseline 0 -9"><span class='ocrx_word' id='word_1_402' title='bbox 1101 1175 1215 1201; x_wconf 86' lang='lat' dir='ltr'><strong>suscitat</strong></span> <span class='ocrx_word' id='word_1_403' title='bbox 1228 1179 1309 1208; x_wconf 86' lang='lat' dir='ltr'><strong>atque</strong></span> <span class='ocrx_word' id='word_1_404' title='bbox 1319 1173 1440 1209; x_wconf 70' lang='lat' dir='ltr'><strong>praelium</strong></span> <span class='ocrx_word' id='word_1_405' title='bbox 1456 1174 1611 1206; x_wconf 88' lang='lat' dir='ltr'><strong>committit,</strong></span> <span class='ocrx_word' id='word_1_406' title='bbox 1622 1175 1694 1202; x_wconf 87' lang='lat' dir='ltr'><strong>sicut</strong></span> <span class='ocrx_word' id='word_1_407' title='bbox 1706 1175 1772 1202; x_wconf 89' lang='lat' dir='ltr'><strong>dicit</strong></span> <span class='ocrx_word' id='word_1_408' title='bbox 1788 1175 1813 1201; x_wconf 93' lang='lat' dir='ltr'><strong>in</strong></span> <span class='ocrx_word' id='word_1_409' title='bbox 1825 1182 1876 1209; x_wconf 90' lang='lat' dir='ltr'><strong>quo-</strong></span> 
     </span>
    </p>
   </div>
   <div class='ocr_carea' id='block_1_53' title="bbox 1101 1221 1875 1257">
    <p class='ocr_par' dir='ltr' id='par_1_53' title="bbox 1101 1221 1875 1257">
     <span class='ocr_line' id='line_1_53' title="bbox 1101 1221 1875 1257; baseline 0 -9"><span class='ocrx_word' id='word_1_410' title='bbox 1101 1222 1163 1248; x_wconf 87' lang='lat' dir='ltr'><strong>dam</strong></span> <span class='ocrx_word' id='word_1_411' title='bbox 1185 1221 1247 1249; x_wconf 92' lang='lat' dir='ltr'><strong>loco</strong></span> <span class='ocrx_word' id='word_1_412' title='bbox 1274 1222 1427 1257; x_wconf 86' lang='lat' dir='ltr'><strong>propheta:</strong></span> <span class='ocrx_word' id='word_1_413' title='bbox 1446 1221 1481 1248; x_wconf 88' lang='lat' dir='ltr'><strong>Et</strong></span> <span class='ocrx_word' id='word_1_414' title='bbox 1498 1222 1612 1256; x_wconf 74' lang='lat' dir='ltr'><strong>faciebat</strong></span> <span class='ocrx_word' id='word_1_415' title='bbox 1633 1221 1732 1249; x_wconf 78' lang='lat' dir='ltr'><strong>bellum</strong></span> <span class='ocrx_word' id='word_1_416' title='bbox 1756 1230 1811 1249; x_wconf 83' lang='lat' dir='ltr'><strong>cum</strong></span> <span class='ocrx_word' id='word_1_417' title='bbox 1826 1229 1875 1248; x_wconf 76' lang='lat' dir='ltr'><strong>ttul-</strong></span> 
     </span>
    </p>
   </div>
   <div class='ocr_carea' id='block_1_54' title="bbox 1101 1267 1874 1302">
    <p class='ocr_par' dir='ltr' id='par_1_54' title="bbox 1101 1267 1874 1302">
     <span class='ocr_line' id='line_1_54' title="bbox 1101 1267 1874 1302; baseline 0 -8"><span class='ocrx_word' id='word_1_418' title='bbox 1101 1269 1149 1295; x_wconf 78' lang='lat' dir='ltr'><strong>ctia</strong></span> <span class='ocrx_word' id='word_1_419' title='bbox 1180 1267 1303 1294; x_wconf 71' lang='lat' dir='ltr'><strong>altissimi</strong></span> <span class='ocrx_word' id='word_1_420' title='bbox 1334 1267 1399 1299; x_wconf 80' lang='lat' dir='ltr'><strong>Dei,</strong></span> <span class='ocrx_word' id='word_1_421' title='bbox 1421 1272 1445 1294; x_wconf 86' lang='lat' dir='ltr'><strong>et</strong></span> <span class='ocrx_word' id='word_1_422' title='bbox 1471 1267 1627 1302; x_wconf 67' lang='lat' dir='ltr'><strong>pra&#39;talebat</strong></span> <span class='ocrx_word' id='word_1_423' title='bbox 1653 1268 1691 1294; x_wconf 74' lang='lat' dir='ltr'><strong>eis</strong></span> <span class='ocrx_word' id='word_1_424' title='bbox 1720 1268 1801 1294; x_wconf 82' lang='lat' dir='ltr'><strong>donec</strong></span> <span class='ocrx_word' id='word_1_425' title='bbox 1823 1269 1874 1294; x_wconf 68' lang='lat' dir='ltr'><strong>venit</strong></span> 
     </span>
    </p>
   </div>
   <div class='ocr_carea' id='block_1_55' title="bbox 1100 1312 1875 1347">
    <p class='ocr_par' dir='ltr' id='par_1_55' title="bbox 1100 1312 1875 1347">
     <span class='ocr_line' id='line_1_55' title="bbox 1100 1312 1875 1347; baseline -0.001 -7"><span class='ocrx_word' id='word_1_426' title='bbox 1100 1313 1229 1347; x_wconf 66' lang='lat' dir='ltr'><strong>Antiqua:</strong></span> <span class='ocrx_word' id='word_1_427' title='bbox 1258 1314 1361 1341; x_wconf 84' lang='lat' dir='ltr'><strong>dierum</strong></span> <span class='ocrx_word' id='word_1_428' title='bbox 1379 1317 1404 1340; x_wconf 82' lang='lat' dir='ltr'><strong>et</strong></span> <span class='ocrx_word' id='word_1_429' title='bbox 1423 1312 1556 1347; x_wconf 79' lang='lat' dir='ltr'><strong>judicium</strong></span> <span class='ocrx_word' id='word_1_430' title='bbox 1578 1313 1650 1340; x_wconf 78' lang='lat' dir='ltr'><strong>dedit</strong></span> <span class='ocrx_word' id='word_1_431' title='bbox 1676 1313 1776 1340; x_wconf 73' lang='lat' dir='ltr'><strong>sanctis</strong></span> <span class='ocrx_word' id='word_1_432' title='bbox 1801 1312 1875 1339; x_wconf 66' lang='lat' dir='ltr'><strong>Excel-</strong></span> 
     </span>
    </p>
   </div>
   <div class='ocr_carea' id='block_1_56' title="bbox 1099 1359 1874 1395">
    <p class='ocr_par' dir='ltr' id='par_1_56' title="bbox 1099 1359 1874 1395">
     <span class='ocr_line' id='line_1_56' title="bbox 1099 1359 1874 1395; baseline -0.003 -7"><span class='ocrx_word' id='word_1_433' title='bbox 1099 1363 1122 1388; x_wconf 74' lang='grc' dir='ltr'><strong>εἰ</strong></span> <span class='ocrx_word' id='word_1_434' title='bbox 1145 1362 1176 1388; x_wconf 77' lang='grc' dir='ltr'><strong>ὀ.</strong></span> <span class='ocrx_word' id='word_1_435' title='bbox 1197 1361 1291 1388; x_wconf 83' lang='lat' dir='ltr'><strong>Merito</strong></span> <span class='ocrx_word' id='word_1_436' title='bbox 1313 1368 1378 1394; x_wconf 79' lang='lat' dir='ltr'><strong>ergo</strong></span> <span class='ocrx_word' id='word_1_437' title='bbox 1408 1360 1434 1387; x_wconf 95' lang='lat' dir='ltr'><strong>in</strong></span> <span class='ocrx_word' id='word_1_438' title='bbox 1454 1359 1528 1387; x_wconf 88' lang='lat' dir='ltr'><strong>omni</strong></span> <span class='ocrx_word' id='word_1_439' title='bbox 1557 1364 1680 1395; x_wconf 87' lang='lat' dir='ltr'><strong>tempore</strong></span> <span class='ocrx_word' id='word_1_440' title='bbox 1712 1364 1788 1388; x_wconf 87' lang='lat' dir='ltr'><strong>caute</strong></span> <span class='ocrx_word' id='word_1_441' title='bbox 1811 1362 1874 1394; x_wconf 85' lang='lat' dir='ltr'><strong>atque</strong></span> 
     </span>
    </p>
   </div>
   <div class='ocr_carea' id='block_1_57' title="bbox 1099 1406 1875 1441">
    <p class='ocr_par' dir='ltr' id='par_1_57' title="bbox 1099 1406 1875 1441">
     <span class='ocr_line' id='line_1_57' title="bbox 1099 1406 1875 1441; baseline -0.001 -7"><span class='ocrx_word' id='word_1_442' title='bbox 1099 1408 1213 1437; x_wconf 81' lang='lat' dir='ltr'><strong>sollicite</strong></span> <span class='ocrx_word' id='word_1_443' title='bbox 1237 1408 1429 1439; x_wconf 86' lang='lat' dir='ltr'><strong>observemus,</strong></span> <span class='ocrx_word' id='word_1_444' title='bbox 1449 1411 1530 1441; x_wconf 86' lang='lat' dir='ltr'><strong>atque</strong></span> <span class='ocrx_word' id='word_1_445' title='bbox 1555 1407 1728 1434; x_wconf 88' lang='lat' dir='ltr'><strong>intendamus</strong></span> <span class='ocrx_word' id='word_1_446' title='bbox 1755 1406 1875 1434; x_wconf 78' lang='lat' dir='ltr'><strong>animabus</strong></span> 
     </span>
    </p>
   </div>
   <div class='ocr_carea' id='block_1_58' title="bbox 1100 1453 1874 1487">
    <p class='ocr_par' dir='ltr' id='par_1_58' title="bbox 1100 1453 1874 1487">
     <span class='ocr_line' id='line_1_58' title="bbox 1100 1453 1874 1487; baseline -0.004 -6"><span class='ocrx_word' id='word_1_447' title='bbox 1100 1455 1208 1485; x_wconf 87' lang='lat' dir='ltr'><strong>nostris,</strong></span> <span class='ocrx_word' id='word_1_448' title='bbox 1234 1459 1262 1480; x_wconf 87' lang='lat' dir='ltr'><strong>ut</strong></span> <span class='ocrx_word' id='word_1_449' title='bbox 1285 1461 1335 1481; x_wconf 91' lang='lat' dir='ltr'><strong>nec</strong></span> <span class='ocrx_word' id='word_1_450' title='bbox 1357 1454 1400 1480; x_wconf 88' lang='lat' dir='ltr'><strong>hic</strong></span> <span class='ocrx_word' id='word_1_451' title='bbox 1419 1460 1560 1481; x_wconf 87' lang='lat' dir='ltr'><strong>accessum</strong></span> <span class='ocrx_word' id='word_1_452' title='bbox 1581 1453 1614 1480; x_wconf 87' lang='lat' dir='ltr'><strong>ad</strong></span> <span class='ocrx_word' id='word_1_453' title='bbox 1640 1461 1690 1481; x_wconf 91' lang='lat' dir='ltr'><strong>nos</strong></span> <span class='ocrx_word' id='word_1_454' title='bbox 1713 1453 1874 1487; x_wconf 81' lang='lat' dir='ltr'><strong>nequissimus</strong></span> 
     </span>
    </p>
   </div>
   <div class='ocr_carea' id='block_1_59' title="bbox 1099 1498 1874 1533">
    <p class='ocr_par' dir='ltr' id='par_1_59' title="bbox 1099 1498 1874 1533">
     <span class='ocr_line' id='line_1_59' title="bbox 1099 1498 1874 1533; baseline -0.004 -6"><span class='ocrx_word' id='word_1_455' title='bbox 1099 1500 1227 1531; x_wconf 84' lang='lat' dir='ltr'><strong>inveniat,</strong></span> <span class='ocrx_word' id='word_1_456' title='bbox 1244 1506 1293 1526; x_wconf 84' lang='lat' dir='ltr'><strong>nec</strong></span> <span class='ocrx_word' id='word_1_457' title='bbox 1317 1498 1372 1526; x_wconf 86' lang='lat' dir='ltr'><strong>illic</strong></span> <span class='ocrx_word' id='word_1_458' title='bbox 1398 1498 1424 1525; x_wconf 94' lang='lat' dir='ltr'><strong>in</strong></span> <span class='ocrx_word' id='word_1_459' title='bbox 1442 1503 1586 1533; x_wconf 89' lang='lat' dir='ltr'><strong>conspectu</strong></span> <span class='ocrx_word' id='word_1_460' title='bbox 1612 1498 1659 1525; x_wconf 90' lang='lat' dir='ltr'><strong>Dei</strong></span> <span class='ocrx_word' id='word_1_461' title='bbox 1685 1505 1736 1525; x_wconf 88' lang='lat' dir='ltr'><strong>nos</strong></span> <span class='ocrx_word' id='word_1_462' title='bbox 1751 1503 1874 1532; x_wconf 78' lang='lat' dir='ltr'><strong>reprehen-</strong></span> 
     </span>
    </p>
   </div>
   <div class='ocr_carea' id='block_1_60' title="bbox 256 1530 1154 1582">
    <p class='ocr_par' dir='ltr' id='par_1_60' title="bbox 256 1530 1154 1582">
     <span class='ocr_line' id='line_1_60' title="bbox 256 1530 1154 1582; baseline 0.012 -24"><span class='ocrx_word' id='word_1_463' title='bbox 256 1538 328 1582; x_wconf 37' lang='lat' dir='ltr'><strong>n&#39;unc</strong></span> <span class='ocrx_word' id='word_1_464' title='bbox 341 1530 392 1559; x_wconf 84' lang='lat' dir='ltr'><strong>Job</strong></span> <span class='ocrx_word' id='word_1_465' title='bbox 406 1539 456 1582; x_wconf 70' lang='lat' dir='ltr'><strong>nec</strong></span> <span class='ocrx_word' id='word_1_466' title='bbox 474 1533 621 1582; x_wconf 72' lang='lat' dir='ltr'><strong>quidquam</strong></span> <span class='ocrx_word' id='word_1_467' title='bbox 645 1535 802 1570; x_wconf 85' lang='lat' dir='ltr'><strong>hujusmodi</strong></span> <span class='ocrx_word' id='word_1_468' title='bbox 825 1537 969 1567; x_wconf 87' lang='lat' dir='ltr'><strong>facientem</strong></span> <span class='ocrx_word' id='word_1_469' title='bbox 985 1547 1047 1575; x_wconf 87' lang='lat' dir='ltr'><strong>pes-</strong></span> <span class='ocrx_word' id='word_1_470' title='bbox 1060 1551 1082 1582; x_wconf 71' lang='grc' dir='ltr'><em>ς</em></span> <span class='ocrx_word' id='word_1_471' title='bbox 1098 1547 1154 1574; x_wconf 70' lang='lat' dir='ltr'><strong>dat.</strong></span> 
     </span>
    </p>
   </div>
   <div class='ocr_carea' id='block_1_61' title="bbox 255 1577 1049 1621">
    <p class='ocr_par' dir='ltr' id='par_1_61' title="bbox 255 1577 1049 1621">
     <span class='ocr_line' id='line_1_61' title="bbox 255 1577 1049 1621; baseline 0.013 -17"><span class='ocrx_word' id='word_1_472' title='bbox 255 1577 326 1604; x_wconf 85' lang='lat' dir='ltr'><strong>sime</strong></span> <span class='ocrx_word' id='word_1_473' title='bbox 341 1577 528 1611; x_wconf 89' lang='lat' dir='ltr'><strong>reprehendis.</strong></span> <span class='ocrx_word' id='word_1_474' title='bbox 545 1578 597 1606; x_wconf 87' lang='lat' dir='ltr'><strong>Sed</strong></span> <span class='ocrx_word' id='word_1_475' title='bbox 610 1580 728 1614; x_wconf 87' lang='lat' dir='ltr'><strong>interim,</strong></span> <span class='ocrx_word' id='word_1_476' title='bbox 741 1589 757 1608; x_wconf 92' lang='grc' dir='ltr'>ο</span> <span class='ocrx_word' id='word_1_477' title='bbox 772 1583 888 1616; x_wconf 89' lang='lat' dir='ltr'><strong>diabole,</strong></span> <span class='ocrx_word' id='word_1_478' title='bbox 902 1585 969 1613; x_wconf 87' lang='lat' dir='ltr'><strong>dicis</strong></span> <span class='ocrx_word' id='word_1_479' title='bbox 979 1588 1049 1621; x_wconf 90' lang='lat' dir='ltr'><strong>quod</strong></span> 
     </span>
    </p>
   </div>
   <div class='ocr_carea' id='block_1_62' title="bbox 256 1626 1050 1669">
    <p class='ocr_par' dir='ltr' id='par_1_62' title="bbox 256 1626 1050 1669">
     <span class='ocr_line' id='line_1_62' title="bbox 256 1626 1050 1669; baseline 0.015 -19"><span class='ocrx_word' id='word_1_480' title='bbox 256 1631 310 1650; x_wconf 91' lang='lat' dir='ltr'><strong>non</strong></span> <span class='ocrx_word' id='word_1_481' title='bbox 328 1629 437 1659; x_wconf 89' lang='lat' dir='ltr'><strong>propter</strong></span> <span class='ocrx_word' id='word_1_482' title='bbox 461 1626 676 1654; x_wconf 89' lang='lat' dir='ltr'><strong>benedictionem</strong></span> <span class='ocrx_word' id='word_1_483' title='bbox 703 1630 774 1657; x_wconf 88' lang='lat' dir='ltr'><strong>colat</strong></span> <span class='ocrx_word' id='word_1_484' title='bbox 797 1639 840 1658; x_wconf 92' lang='lat' dir='ltr'><strong>me</strong></span> <span class='ocrx_word' id='word_1_485' title='bbox 864 1631 926 1665; x_wconf 88' lang='lat' dir='ltr'><strong>Job,</strong></span> <span class='ocrx_word' id='word_1_486' title='bbox 938 1634 985 1660; x_wconf 84' lang='lat' dir='ltr'><strong>sed</strong></span> <span class='ocrx_word' id='word_1_487' title='bbox 1001 1642 1050 1669; x_wconf 90' lang='lat' dir='ltr'><strong>pro</strong></span> 
     </span>
    </p>
   </div>
   <div class='ocr_carea' id='block_1_63' title="bbox 256 1669 1048 1712">
    <p class='ocr_par' dir='ltr' id='par_1_63' title="bbox 256 1669 1048 1712">
     <span class='ocr_line' id='line_1_63' title="bbox 256 1669 1048 1712; baseline 0.014 -16"><span class='ocrx_word' id='word_1_488' title='bbox 256 1669 334 1697; x_wconf 89' lang='lat' dir='ltr'><strong>donis</strong></span> <span class='ocrx_word' id='word_1_489' title='bbox 346 1671 414 1698; x_wconf 90' lang='lat' dir='ltr'><strong>meis</strong></span> <span class='ocrx_word' id='word_1_490' title='bbox 431 1675 513 1706; x_wconf 79' lang='lat' dir='ltr'><strong>atque</strong></span> <span class='ocrx_word' id='word_1_491' title='bbox 526 1673 651 1706; x_wconf 87' lang='lat' dir='ltr'><strong>pecunia.</strong></span> <span class='ocrx_word' id='word_1_492' title='bbox 666 1674 714 1702; x_wconf 89' lang='lat' dir='ltr'><strong>Dic</strong></span> <span class='ocrx_word' id='word_1_493' title='bbox 725 1683 803 1711; x_wconf 86' lang='lat' dir='ltr'><strong>ergo,</strong></span> <span class='ocrx_word' id='word_1_494' title='bbox 816 1678 983 1712; x_wconf 88' lang='lat' dir='ltr'><strong>nequissime</strong></span> <span class='ocrx_word' id='word_1_495' title='bbox 997 1680 1048 1707; x_wconf 90' lang='lat' dir='ltr'><strong>Sa-</strong></span> 
     </span>
    </p>
   </div>
   <div class='ocr_carea' id='block_1_64' title="bbox 257 1718 1047 1758">
    <p class='ocr_par' dir='ltr' id='par_1_64' title="bbox 257 1718 1047 1758">
     <span class='ocr_line' id='line_1_64' title="bbox 257 1718 1047 1758; baseline 0.015 -17"><span class='ocrx_word' id='word_1_496' title='bbox 257 1719 331 1747; x_wconf 89' lang='lat' dir='ltr'><strong>tana,</strong></span> <span class='ocrx_word' id='word_1_497' title='bbox 345 1720 475 1749; x_wconf 88' lang='lat' dir='ltr'><strong>quantum</strong></span> <span class='ocrx_word' id='word_1_498' title='bbox 499 1718 542 1745; x_wconf 88' lang='lat' dir='ltr'><strong>vel</strong></span> <span class='ocrx_word' id='word_1_499' title='bbox 564 1719 628 1753; x_wconf 90' lang='lat' dir='ltr'><strong>quid</strong></span> <span class='ocrx_word' id='word_1_500' title='bbox 646 1720 708 1748; x_wconf 88' lang='lat' dir='ltr'><strong>dedi</strong></span> <span class='ocrx_word' id='word_1_501' title='bbox 733 1719 783 1749; x_wconf 89' lang='lat' dir='ltr'><strong>Job</strong></span> <span class='ocrx_word' id='word_1_502' title='bbox 795 1742 803 1755; x_wconf 90' lang='lat'><strong>,</strong></span> <span class='ocrx_word' id='word_1_503' title='bbox 819 1725 1047 1758; x_wconf 87' lang='lat' dir='ltr'><strong>quemadmodum</strong></span> 
     </span>
    </p>
   </div>
   <div class='ocr_carea' id='block_1_65' title="bbox 257 1762 1048 1803">
    <p class='ocr_par' dir='ltr' id='par_1_65' title="bbox 257 1762 1048 1803">
     <span class='ocr_line' id='line_1_65' title="bbox 257 1762 1048 1803; baseline 0.015 -15"><span class='ocrx_word' id='word_1_504' title='bbox 257 1762 326 1789; x_wconf 82' lang='lat' dir='ltr'><strong>tibi?</strong></span> <span class='ocrx_word' id='word_1_505' title='bbox 342 1762 438 1791; x_wconf 85' lang='lat' dir='ltr'><strong>Nonne</strong></span> <span class='ocrx_word' id='word_1_506' title='bbox 460 1770 486 1791; x_wconf 91' lang='lat' dir='ltr'><strong>te</strong></span> <span class='ocrx_word' id='word_1_507' title='bbox 500 1766 669 1800; x_wconf 87' lang='lat' dir='ltr'><strong>superiorem</strong></span> <span class='ocrx_word' id='word_1_508' title='bbox 688 1768 792 1802; x_wconf 77' lang='lat' dir='ltr'><strong>angelis</strong></span> <span class='ocrx_word' id='word_1_509' title='bbox 806 1769 868 1803; x_wconf 86' lang='lat' dir='ltr'><strong>feci,</strong></span> <span class='ocrx_word' id='word_1_510' title='bbox 885 1775 914 1798; x_wconf 87' lang='lat' dir='ltr'><strong>et</strong></span> <span class='ocrx_word' id='word_1_511' title='bbox 930 1773 1048 1800; x_wconf 87' lang='lat' dir='ltr'><strong>anterio-</strong></span> 
     </span>
    </p>
   </div>
   <div class='ocr_carea' id='block_1_66' title="bbox 248 1804 1046 1846">
    <p class='ocr_par' dir='ltr' id='par_1_66' title="bbox 248 1804 1046 1846">
     <span class='ocr_line' id='line_1_66' title="bbox 248 1804 1046 1846; baseline 0.014 -11"><span class='ocrx_word' id='word_1_512' title='bbox 248 1804 313 1836; x_wconf 68' lang='lat' dir='ltr'><strong>rem</strong></span> <span class='ocrx_word' id='word_1_513' title='bbox 338 1810 512 1845; x_wconf 85' lang='lat' dir='ltr'><strong>archangelis</strong></span> <span class='ocrx_word' id='word_1_514' title='bbox 530 1811 542 1838; x_wconf 83' lang='lat'>?</span> <span class='ocrx_word' id='word_1_515' title='bbox 562 1811 657 1840; x_wconf 85' lang='lat' dir='ltr'><strong>Nonne</strong></span> <span class='ocrx_word' id='word_1_516' title='bbox 683 1814 755 1841; x_wconf 90' lang='lat' dir='ltr'><strong>inter</strong></span> <span class='ocrx_word' id='word_1_517' title='bbox 779 1816 889 1844; x_wconf 89' lang='lat' dir='ltr'><strong>ordines</strong></span> <span class='ocrx_word' id='word_1_518' title='bbox 905 1817 1046 1846; x_wconf 87' lang='lat' dir='ltr'><strong>cherubim</strong></span> 
     </span>
    </p>
   </div>
   <div class='ocr_carea' id='block_1_67' title="bbox 254 1856 1047 1896">
    <p class='ocr_par' dir='ltr' id='par_1_67' title="bbox 254 1856 1047 1896">
     <span class='ocr_line' id='line_1_67' title="bbox 254 1856 1047 1896; baseline 0.013 -14"><span class='ocrx_word' id='word_1_519' title='bbox 254 1856 345 1883; x_wconf 83' lang='lat' dir='ltr'><strong>creavi</strong></span> <span class='ocrx_word' id='word_1_520' title='bbox 358 1856 370 1883; x_wconf 84' lang='lat'><strong>?</strong></span> <span class='ocrx_word' id='word_1_521' title='bbox 382 1856 476 1884; x_wconf 83' lang='lat' dir='ltr'><strong>Nonne</strong></span> <span class='ocrx_word' id='word_1_522' title='bbox 490 1857 702 1893; x_wconf 85' lang='lat' dir='ltr'><strong>incorruptiouis</strong></span> <span class='ocrx_word' id='word_1_523' title='bbox 712 1860 796 1896; x_wconf 78' lang='lat' dir='ltr'><strong>gloria</strong></span> <span class='ocrx_word' id='word_1_524' title='bbox 811 1866 835 1889; x_wconf 89' lang='lat' dir='ltr'><strong>te</strong></span> <span class='ocrx_word' id='word_1_525' title='bbox 852 1862 1047 1894; x_wconf 83' lang='lat' dir='ltr'><strong>intlui?Nonne</strong></span> 
     </span>
    </p>
   </div>
   <div class='ocr_carea' id='block_1_68' title="bbox 254 1901 1047 1938">
    <p class='ocr_par' dir='ltr' id='par_1_68' title="bbox 254 1901 1047 1938">
     <span class='ocr_line' id='line_1_68' title="bbox 254 1901 1047 1938; baseline 0.013 -10"><span class='ocrx_word' id='word_1_526' title='bbox 254 1901 283 1928; x_wconf 80' lang='lat' dir='ltr'><strong>in</strong></span> <span class='ocrx_word' id='word_1_527' title='bbox 298 1901 460 1930; x_wconf 85' lang='lat' dir='ltr'><strong>indesinenli</strong></span> <span class='ocrx_word' id='word_1_528' title='bbox 478 1903 570 1931; x_wconf 61' lang='lat' dir='ltr'><strong>laetitia</strong></span> <span class='ocrx_word' id='word_1_529' title='bbox 595 1905 686 1933; x_wconf 83' lang='lat' dir='ltr'><strong>vultus</strong></span> <span class='ocrx_word' id='word_1_530' title='bbox 711 1907 762 1933; x_wconf 86' lang='lat' dir='ltr'><strong>mei</strong></span> <span class='ocrx_word' id='word_1_531' title='bbox 777 1911 802 1935; x_wconf 89' lang='lat' dir='ltr'><strong>te</strong></span> <span class='ocrx_word' id='word_1_532' title='bbox 825 1909 955 1937; x_wconf 86' lang='lat' dir='ltr'><strong>constitui</strong></span> <span class='ocrx_word' id='word_1_533' title='bbox 971 1910 1047 1938; x_wconf 85' lang='lat' dir='ltr'><strong>?Pro</strong></span> 
     </span>
    </p>
   </div>
   <div class='ocr_carea' id='block_1_69' title="bbox 252 1948 1047 1991">
    <p class='ocr_par' dir='ltr' id='par_1_69' title="bbox 252 1948 1047 1991">
     <span class='ocr_line' id='line_1_69' title="bbox 252 1948 1047 1991; baseline 0.013 -17"><span class='ocrx_word' id='word_1_534' title='bbox 252 1948 354 1982; x_wconf 86' lang='lat' dir='ltr'><strong>quibus</strong></span> <span class='ocrx_word' id='word_1_535' title='bbox 373 1953 399 1975; x_wconf 91' lang='lat' dir='ltr'><strong>tu</strong></span> <span class='ocrx_word' id='word_1_536' title='bbox 412 1949 545 1977; x_wconf 89' lang='lat' dir='ltr'><strong>universis</strong></span> <span class='ocrx_word' id='word_1_537' title='bbox 557 1950 678 1985; x_wconf 88' lang='lat' dir='ltr'><strong>ingratus</strong></span> <span class='ocrx_word' id='word_1_538' title='bbox 692 1952 825 1980; x_wconf 65' lang='lat' dir='ltr'><strong>ersistens</strong></span> <span class='ocrx_word' id='word_1_539' title='bbox 843 1962 885 1981; x_wconf 93' lang='lat' dir='ltr'><strong>me</strong></span> <span class='ocrx_word' id='word_1_540' title='bbox 898 1955 1047 1991; x_wconf 85' lang='lat' dir='ltr'><strong>dereliqui-</strong></span> 
     </span>
    </p>
   </div>
   <div class='ocr_carea' id='block_1_70' title="bbox 254 1994 1044 2031">
    <p class='ocr_par' dir='ltr' id='par_1_70' title="bbox 254 1994 1044 2031">
     <span class='ocr_line' id='line_1_70' title="bbox 254 1994 1044 2031; baseline 0.011 -10"><span class='ocrx_word' id='word_1_541' title='bbox 254 1994 301 2026; x_wconf 85' lang='lat' dir='ltr'><strong>sti,</strong></span> <span class='ocrx_word' id='word_1_542' title='bbox 315 1999 343 2022; x_wconf 90' lang='lat' dir='ltr'><strong>et</strong></span> <span class='ocrx_word' id='word_1_543' title='bbox 366 2002 380 2021; x_wconf 89' lang='lat' dir='ltr'><strong>a</strong></span> <span class='ocrx_word' id='word_1_544' title='bbox 400 2002 443 2023; x_wconf 92' lang='lat' dir='ltr'><strong>me</strong></span> <span class='ocrx_word' id='word_1_545' title='bbox 459 1997 609 2029; x_wconf 81' lang='lat' dir='ltr'><strong>recessisti,</strong></span> <span class='ocrx_word' id='word_1_546' title='bbox 632 2003 660 2025; x_wconf 87' lang='lat' dir='ltr'><strong>et</strong></span> <span class='ocrx_word' id='word_1_547' title='bbox 681 1998 788 2026; x_wconf 87' lang='lat' dir='ltr'><strong>rebellis</strong></span> <span class='ocrx_word' id='word_1_548' title='bbox 811 2001 876 2027; x_wconf 89' lang='lat' dir='ltr'><strong>mihi</strong></span> <span class='ocrx_word' id='word_1_549' title='bbox 902 2002 1044 2031; x_wconf 84' lang='lat' dir='ltr'><strong>exstitisti.</strong></span> 
     </span>
    </p>
   </div>
   <div class='ocr_carea' id='block_1_71' title="bbox 252 2039 1045 2081">
    <p class='ocr_par' dir='ltr' id='par_1_71' title="bbox 252 2039 1045 2081">
     <span class='ocr_line' id='line_1_71' title="bbox 252 2039 1045 2081; baseline 0.011 -14"><span class='ocrx_word' id='word_1_550' title='bbox 252 2039 409 2076; x_wconf 82' lang='lat' dir='ltr'><strong>Dicergo,o</strong></span> <span class='ocrx_word' id='word_1_551' title='bbox 423 2042 539 2076; x_wconf 89' lang='lat' dir='ltr'><strong>diabole,</strong></span> <span class='ocrx_word' id='word_1_552' title='bbox 552 2044 615 2077; x_wconf 92' lang='lat' dir='ltr'><strong>quid</strong></span> <span class='ocrx_word' id='word_1_553' title='bbox 630 2044 815 2078; x_wconf 80' lang='lat' dir='ltr'><strong>hujuscemodi</strong></span> <span class='ocrx_word' id='word_1_554' title='bbox 825 2047 887 2073; x_wconf 88' lang='lat' dir='ltr'><strong>dedi</strong></span> <span class='ocrx_word' id='word_1_555' title='bbox 900 2046 949 2075; x_wconf 90' lang='lat' dir='ltr'><strong>Job</strong></span> <span class='ocrx_word' id='word_1_556' title='bbox 958 2048 1045 2081; x_wconf 69' lang='lat' dir='ltr'><strong>TQuid</strong></span> 
     </span>
    </p>
   </div>
   <div class='ocr_carea' id='block_1_72' title="bbox 252 2086 1046 2124">
    <p class='ocr_par' dir='ltr' id='par_1_72' title="bbox 252 2086 1046 2124">
     <span class='ocr_line' id='line_1_72' title="bbox 252 2086 1046 2124; baseline 0.01 -10"><span class='ocrx_word' id='word_1_557' title='bbox 252 2086 439 2120; x_wconf 85' lang='lat' dir='ltr'><strong>hujuscemodi</strong></span> <span class='ocrx_word' id='word_1_558' title='bbox 462 2089 598 2124; x_wconf 88' lang='lat' dir='ltr'><strong>impertivi</strong></span> <span class='ocrx_word' id='word_1_559' title='bbox 613 2090 625 2116; x_wconf 68' lang='grc' dir='ltr'><strong><em>Ἰ</em></strong></span> <span class='ocrx_word' id='word_1_560' title='bbox 638 2089 734 2118; x_wconf 87' lang='lat' dir='ltr'><strong>Nonne</strong></span> <span class='ocrx_word' id='word_1_561' title='bbox 750 2093 891 2120; x_wconf 91' lang='lat' dir='ltr'><strong>mortalem</strong></span> <span class='ocrx_word' id='word_1_562' title='bbox 905 2099 932 2121; x_wconf 87' lang='lat' dir='ltr'><strong>et</strong></span> <span class='ocrx_word' id='word_1_563' title='bbox 953 2102 1046 2122; x_wconf 84' lang='lat' dir='ltr'><strong>corru-</strong></span> 
     </span>
    </p>
   </div>
   <div class='ocr_carea' id='block_1_73' title="bbox 252 2134 1044 2174">
    <p class='ocr_par' dir='ltr' id='par_1_73' title="bbox 252 2134 1044 2174">
     <span class='ocr_line' id='line_1_73' title="bbox 252 2134 1044 2174; baseline 0.011 -14"><span class='ocrx_word' id='word_1_564' title='bbox 252 2134 374 2168; x_wconf 80' lang='lat' dir='ltr'><strong>ptibilem</strong></span> <span class='ocrx_word' id='word_1_565' title='bbox 397 2135 465 2162; x_wconf 87' lang='lat' dir='ltr'><strong>infra</strong></span> <span class='ocrx_word' id='word_1_566' title='bbox 482 2137 652 2172; x_wconf 76' lang='lat' dir='ltr'><strong>angelorum,</strong></span> <span class='ocrx_word' id='word_1_567' title='bbox 665 2139 892 2174; x_wconf 78' lang='lat' dir='ltr'><strong>archangelorum</strong></span> <span class='ocrx_word' id='word_1_568' title='bbox 918 2147 1044 2169; x_wconf 89' lang='lat' dir='ltr'><strong>naturam</strong></span> 
     </span>
    </p>
   </div>
   <div class='ocr_carea' id='block_1_74' title="bbox 253 2179 1044 2215">
    <p class='ocr_par' dir='ltr' id='par_1_74' title="bbox 253 2179 1044 2215">
     <span class='ocr_line' id='line_1_74' title="bbox 253 2179 1044 2215; baseline 0.013 -10"><span class='ocrx_word' id='word_1_569' title='bbox 253 2179 362 2206; x_wconf 86' lang='lat' dir='ltr'><strong>creavi?</strong></span> <span class='ocrx_word' id='word_1_570' title='bbox 373 2179 468 2208; x_wconf 89' lang='lat' dir='ltr'><strong>Nonne</strong></span> <span class='ocrx_word' id='word_1_571' title='bbox 480 2180 507 2208; x_wconf 92' lang='lat' dir='ltr'><strong>in</strong></span> <span class='ocrx_word' id='word_1_572' title='bbox 523 2181 591 2210; x_wconf 86' lang='lat' dir='ltr'><strong>valle</strong></span> <span class='ocrx_word' id='word_1_573' title='bbox 603 2182 773 2210; x_wconf 83' lang='lat' dir='ltr'><strong>miseriarum</strong></span> <span class='ocrx_word' id='word_1_574' title='bbox 785 2191 846 2211; x_wconf 92' lang='lat' dir='ltr'><strong>cum</strong></span> <span class='ocrx_word' id='word_1_575' title='bbox 862 2186 969 2214; x_wconf 72' lang='lat' dir='ltr'><strong>caeteris</strong></span> <span class='ocrx_word' id='word_1_576' title='bbox 982 2187 1044 2215; x_wconf 75' lang='lat' dir='ltr'><strong>[iliis</strong></span> 
     </span>
    </p>
   </div>
   <div class='ocr_carea' id='block_1_75' title="bbox 252 2224 1083 2261">
    <p class='ocr_par' dir='ltr' id='par_1_75' title="bbox 252 2224 1083 2261">
     <span class='ocr_line' id='line_1_75' title="bbox 252 2224 1083 2261; baseline 0.012 -11"><span class='ocrx_word' id='word_1_577' title='bbox 252 2224 395 2252; x_wconf 89' lang='lat' dir='ltr'><strong>hominum</strong></span> <span class='ocrx_word' id='word_1_578' title='bbox 412 2228 543 2255; x_wconf 87' lang='lat' dir='ltr'><strong>constitui</strong></span> <span class='ocrx_word' id='word_1_579' title='bbox 563 2228 686 2257; x_wconf 82' lang='lat' dir='ltr'><strong>?Nonne</strong></span> <span class='ocrx_word' id='word_1_580' title='bbox 703 2229 880 2258; x_wconf 84' lang='lat' dir='ltr'><strong>mortalitatis</strong></span> <span class='ocrx_word' id='word_1_581' title='bbox 898 2237 926 2259; x_wconf 91' lang='lat' dir='ltr'><strong>et</strong></span> <span class='ocrx_word' id='word_1_582' title='bbox 948 2240 1044 2261; x_wconf 91' lang='lat' dir='ltr'><strong>corru-</strong></span> <span class='ocrx_word' id='word_1_583' title='bbox 1060 2224 1083 2252; x_wconf 66' lang='grc' dir='ltr'><strong>Β</strong></span> 
     </span>
    </p>
   </div>
   <div class='ocr_carea' id='block_1_76' title="bbox 252 2269 1045 2308">
    <p class='ocr_par' dir='ltr' id='par_1_76' title="bbox 252 2269 1045 2308">
     <span class='ocr_line' id='line_1_76' title="bbox 252 2269 1045 2308; baseline 0.015 -13"><span class='ocrx_word' id='word_1_584' title='bbox 252 2269 409 2304; x_wconf 88' lang='lat' dir='ltr'><strong>ptibilitatis</strong></span> <span class='ocrx_word' id='word_1_585' title='bbox 424 2279 478 2299; x_wconf 63' lang='lat' dir='ltr'><strong>Sita:</strong></span> <span class='ocrx_word' id='word_1_586' title='bbox 497 2274 669 2308; x_wconf 78' lang='lat' dir='ltr'><strong>passionibus</strong></span> <span class='ocrx_word' id='word_1_587' title='bbox 681 2283 753 2306; x_wconf 86' lang='lat' dir='ltr'><strong>eum,</strong></span> <span class='ocrx_word' id='word_1_588' title='bbox 771 2280 799 2303; x_wconf 93' lang='lat' dir='ltr'><strong>ut</strong></span> <span class='ocrx_word' id='word_1_589' title='bbox 822 2282 937 2305; x_wconf 73' lang='lat' dir='ltr'><strong>caeteros</strong></span> <span class='ocrx_word' id='word_1_590' title='bbox 957 2279 1045 2307; x_wconf 89' lang='lat' dir='ltr'><strong>homi-</strong></span> 
     </span>
    </p>
   </div>
   <div class='ocr_carea' id='block_1_77' title="bbox 252 2317 1045 2360">
    <p class='ocr_par' dir='ltr' id='par_1_77' title="bbox 252 2317 1045 2360">
     <span class='ocr_line' id='line_1_77' title="bbox 252 2317 1045 2360; baseline 0.014 -18"><span class='ocrx_word' id='word_1_591' title='bbox 252 2323 315 2348; x_wconf 88' lang='lat' dir='ltr'><strong>nes,</strong></span> <span class='ocrx_word' id='word_1_592' title='bbox 331 2317 434 2351; x_wconf 84' lang='lat' dir='ltr'><strong>subjeci</strong></span> <span class='ocrx_word' id='word_1_593' title='bbox 450 2318 577 2353; x_wconf 85' lang='lat' dir='ltr'><strong>?Nempe</strong></span> <span class='ocrx_word' id='word_1_594' title='bbox 604 2328 656 2348; x_wconf 91' lang='lat' dir='ltr'><strong>non</strong></span> <span class='ocrx_word' id='word_1_595' title='bbox 681 2321 707 2348; x_wconf 91' lang='lat' dir='ltr'><strong>in</strong></span> <span class='ocrx_word' id='word_1_596' title='bbox 731 2322 849 2350; x_wconf 88' lang='lat' dir='ltr'><strong>tristitiis</strong></span> <span class='ocrx_word' id='word_1_597' title='bbox 874 2324 941 2351; x_wconf 89' lang='lat' dir='ltr'><strong>vivit</strong></span> <span class='ocrx_word' id='word_1_598' title='bbox 963 2333 1045 2360; x_wconf 89' lang='lat' dir='ltr'><strong>super</strong></span> 
     </span>
    </p>
   </div>
   <div class='ocr_carea' id='block_1_78' title="bbox 254 2363 1046 2400">
    <p class='ocr_par' dir='ltr' id='par_1_78' title="bbox 254 2363 1046 2400">
     <span class='ocr_line' id='line_1_78' title="bbox 254 2363 1046 2400; baseline 0.014 -12"><span class='ocrx_word' id='word_1_599' title='bbox 254 2363 379 2389; x_wconf 86' lang='lat' dir='ltr'><strong>terram?</strong></span> <span class='ocrx_word' id='word_1_600' title='bbox 395 2363 496 2400; x_wconf 87' lang='lat' dir='ltr'><strong>Nempe</strong></span> <span class='ocrx_word' id='word_1_601' title='bbox 511 2374 563 2393; x_wconf 91' lang='lat' dir='ltr'><strong>non</strong></span> <span class='ocrx_word' id='word_1_602' title='bbox 575 2367 683 2396; x_wconf 86' lang='lat' dir='ltr'><strong>labores</strong></span> <span class='ocrx_word' id='word_1_603' title='bbox 699 2376 828 2396; x_wconf 89' lang='lat' dir='ltr'><strong>manuum</strong></span> <span class='ocrx_word' id='word_1_604' title='bbox 844 2377 954 2398; x_wconf 88' lang='lat' dir='ltr'><strong>suarum</strong></span> <span class='ocrx_word' id='word_1_605' title='bbox 971 2379 1046 2399; x_wconf 88' lang='lat' dir='ltr'><strong>man-</strong></span> 
     </span>
    </p>
   </div>
   <div class='ocr_carea' id='block_1_79' title="bbox 252 2408 1045 2445">
    <p class='ocr_par' dir='ltr' id='par_1_79' title="bbox 252 2408 1045 2445">
     <span class='ocr_line' id='line_1_79' title="bbox 252 2408 1045 2445; baseline 0.013 -11"><span class='ocrx_word' id='word_1_606' title='bbox 252 2408 478 2445; x_wconf 85' lang='lat' dir='ltr'><strong>ducat?Nempe</strong></span> <span class='ocrx_word' id='word_1_607' title='bbox 502 2419 555 2439; x_wconf 92' lang='lat' dir='ltr'><strong>non</strong></span> <span class='ocrx_word' id='word_1_608' title='bbox 581 2412 689 2442; x_wconf 87' lang='lat' dir='ltr'><strong>labores</strong></span> <span class='ocrx_word' id='word_1_609' title='bbox 713 2421 777 2442; x_wconf 87' lang='lat' dir='ltr'><strong>suos</strong></span> <span class='ocrx_word' id='word_1_610' title='bbox 806 2423 858 2442; x_wconf 92' lang='lat' dir='ltr'><strong>non</strong></span> <span class='ocrx_word' id='word_1_611' title='bbox 882 2416 1045 2445; x_wconf 84' lang='lat' dir='ltr'><strong>habentibus</strong></span> 
     </span>
    </p>
   </div>
   <div class='ocr_carea' id='block_1_80' title="bbox 251 2453 1044 2495">
    <p class='ocr_par' dir='ltr' id='par_1_80' title="bbox 251 2453 1044 2495">
     <span class='ocr_line' id='line_1_80' title="bbox 251 2453 1044 2495; baseline 0.014 -16"><span class='ocrx_word' id='word_1_612' title='bbox 251 2453 397 2487; x_wconf 77' lang='lat' dir='ltr'><strong>dividens,</strong></span> <span class='ocrx_word' id='word_1_613' title='bbox 417 2456 482 2483; x_wconf 92' lang='lat' dir='ltr'><strong>mihi</strong></span> <span class='ocrx_word' id='word_1_614' title='bbox 503 2457 606 2491; x_wconf 77' lang='lat' dir='ltr'><strong>gratias</strong></span> <span class='ocrx_word' id='word_1_615' title='bbox 628 2460 682 2493; x_wconf 80' lang='lat' dir='ltr'><strong>agit</strong></span> <span class='ocrx_word' id='word_1_616' title='bbox 703 2460 714 2486; x_wconf 87' lang='lat'><strong>?</strong></span> <span class='ocrx_word' id='word_1_617' title='bbox 739 2459 840 2495; x_wconf 88' lang='lat' dir='ltr'><strong>Nempe</strong></span> <span class='ocrx_word' id='word_1_618' title='bbox 869 2469 922 2489; x_wconf 90' lang='lat' dir='ltr'><strong>non</strong></span> <span class='ocrx_word' id='word_1_619' title='bbox 945 2463 1044 2490; x_wconf 85' lang='lat' dir='ltr'><strong>sudore</strong></span> 
     </span>
    </p>
   </div>
   <div class='ocr_carea' id='block_1_81' title="bbox 251 2499 1043 2542">
    <p class='ocr_par' dir='ltr' id='par_1_81' title="bbox 251 2499 1043 2542">
     <span class='ocr_line' id='line_1_81' title="bbox 251 2499 1043 2542; baseline 0.013 -17"><span class='ocrx_word' id='word_1_620' title='bbox 251 2499 343 2527; x_wconf 90' lang='lat' dir='ltr'><strong>vultus</strong></span> <span class='ocrx_word' id='word_1_621' title='bbox 359 2501 400 2528; x_wconf 90' lang='lat' dir='ltr'><strong>sui</strong></span> <span class='ocrx_word' id='word_1_622' title='bbox 421 2502 505 2529; x_wconf 89' lang='lat' dir='ltr'><strong>edens</strong></span> <span class='ocrx_word' id='word_1_623' title='bbox 527 2511 569 2530; x_wconf 89' lang='lat' dir='ltr'><strong>me</strong></span> <span class='ocrx_word' id='word_1_624' title='bbox 585 2504 669 2532; x_wconf 77' lang='lat' dir='ltr'><strong>colit?</strong></span> <span class='ocrx_word' id='word_1_625' title='bbox 683 2505 832 2540; x_wconf 89' lang='lat' dir='ltr'><strong>Quomodo,</strong></span> <span class='ocrx_word' id='word_1_626' title='bbox 851 2507 947 2542; x_wconf 84' lang='lat' dir='ltr'><strong>inquit,</strong></span> <span class='ocrx_word' id='word_1_627' title='bbox 962 2515 980 2535; x_wconf 88' lang='grc' dir='ltr'>ο</span> <span class='ocrx_word' id='word_1_628' title='bbox 1000 2508 1043 2534; x_wconf 85' lang='lat' dir='ltr'><strong>itt-</strong></span> 
     </span>
    </p>
   </div>
   <div class='ocr_carea' id='block_1_82' title="bbox 250 2544 1042 2586">
    <p class='ocr_par' dir='ltr' id='par_1_82' title="bbox 250 2544 1042 2586">
     <span class='ocr_line' id='line_1_82' title="bbox 250 2544 1042 2586; baseline 0.008 -12"><span class='ocrx_word' id='word_1_629' title='bbox 250 2544 410 2574; x_wconf 62' lang='lat' dir='ltr'><strong>Telicissimc</strong></span> <span class='ocrx_word' id='word_1_630' title='bbox 423 2547 538 2580; x_wconf 85' lang='lat' dir='ltr'><strong>diabole,</strong></span> <span class='ocrx_word' id='word_1_631' title='bbox 556 2556 618 2576; x_wconf 92' lang='lat' dir='ltr'><strong>cum</strong></span> <span class='ocrx_word' id='word_1_632' title='bbox 636 2555 662 2576; x_wconf 90' lang='lat' dir='ltr'><strong>tu</strong></span> <span class='ocrx_word' id='word_1_633' title='bbox 675 2559 723 2584; x_wconf 83' lang='lat' dir='ltr'><strong>pro</strong></span> <span class='ocrx_word' id='word_1_634' title='bbox 732 2552 861 2586; x_wconf 83' lang='lat' dir='ltr'><strong>gloriosis</strong></span> <span class='ocrx_word' id='word_1_635' title='bbox 878 2553 905 2580; x_wconf 94' lang='lat' dir='ltr'><strong>in</strong></span> <span class='ocrx_word' id='word_1_636' title='bbox 919 2553 1042 2581; x_wconf 88' lang='lat' dir='ltr'><strong>incorru-</strong></span> 
     </span>
    </p>
   </div>
   <div class='ocr_carea' id='block_1_83' title="bbox 250 2592 1040 2632">
    <p class='ocr_par' dir='ltr' id='par_1_83' title="bbox 250 2592 1040 2632">
     <span class='ocr_line' id='line_1_83' title="bbox 250 2592 1040 2632; baseline 0.01 -14"><span class='ocrx_word' id='word_1_637' title='bbox 250 2592 345 2627; x_wconf 82' lang='lat' dir='ltr'><strong>ptione</strong></span> <span class='ocrx_word' id='word_1_638' title='bbox 363 2593 483 2628; x_wconf 86' lang='lat' dir='ltr'><strong>ingratus</strong></span> <span class='ocrx_word' id='word_1_639' title='bbox 499 2595 639 2622; x_wconf 82' lang='lat' dir='ltr'><strong>exstiteris</strong></span> <span class='ocrx_word' id='word_1_640' title='bbox 653 2614 660 2626; x_wconf 84' lang='grc'><em>,</em></span> <span class='ocrx_word' id='word_1_641' title='bbox 682 2595 731 2623; x_wconf 93' lang='lat' dir='ltr'><strong>Job</strong></span> <span class='ocrx_word' id='word_1_642' title='bbox 749 2598 942 2632; x_wconf 87' lang='lat' dir='ltr'><strong>reprehendis,</strong></span> <span class='ocrx_word' id='word_1_643' title='bbox 966 2599 1040 2626; x_wconf 89' lang='lat' dir='ltr'><strong>illum</strong></span> 
     </span>
    </p>
   </div>
   <div class='ocr_carea' id='block_1_84' title="bbox 251 2638 1044 2677">
    <p class='ocr_par' dir='ltr' id='par_1_84' title="bbox 251 2638 1044 2677">
     <span class='ocr_line' id='line_1_84' title="bbox 251 2638 1044 2677; baseline 0.01 -13"><span class='ocrx_word' id='word_1_644' title='bbox 251 2638 296 2672; x_wconf 79' lang='lat' dir='ltr'><strong>qui</strong></span> <span class='ocrx_word' id='word_1_645' title='bbox 315 2639 341 2665; x_wconf 91' lang='lat' dir='ltr'><strong>in</strong></span> <span class='ocrx_word' id='word_1_646' title='bbox 357 2639 461 2673; x_wconf 74' lang='lat' dir='ltr'><strong>exiguis</strong></span> <span class='ocrx_word' id='word_1_647' title='bbox 476 2644 557 2674; x_wconf 84' lang='lat' dir='ltr'><strong>atque</strong></span> <span class='ocrx_word' id='word_1_648' title='bbox 575 2642 666 2675; x_wconf 88' lang='lat' dir='ltr'><strong>parvis</strong></span> <span class='ocrx_word' id='word_1_649' title='bbox 681 2642 766 2671; x_wconf 88' lang='lat' dir='ltr'><strong>ﬁdelis</strong></span> <span class='ocrx_word' id='word_1_650' title='bbox 779 2644 926 2677; x_wconf 81' lang='lat' dir='ltr'><strong>exsistens,</strong></span> <span class='ocrx_word' id='word_1_651' title='bbox 943 2645 1044 2672; x_wconf 89' lang='lat' dir='ltr'><strong>indesi-</strong></span> 
     </span>
    </p>
   </div>
   <div class='ocr_carea' id='block_1_85' title="bbox 251 2686 1044 2727">
    <p class='ocr_par' dir='ltr' id='par_1_85' title="bbox 251 2686 1044 2727">
     <span class='ocr_line' id='line_1_85' title="bbox 251 2686 1044 2727; baseline 0.011 -17"><span class='ocrx_word' id='word_1_652' title='bbox 251 2689 347 2711; x_wconf 77' lang='lat' dir='ltr'><strong>nenter</strong></span> <span class='ocrx_word' id='word_1_653' title='bbox 369 2692 412 2711; x_wconf 89' lang='lat' dir='ltr'><strong>me</strong></span> <span class='ocrx_word' id='word_1_654' title='bbox 437 2686 528 2713; x_wconf 80' lang='lat' dir='ltr'><strong>colens</strong></span> <span class='ocrx_word' id='word_1_655' title='bbox 553 2687 618 2714; x_wconf 88' lang='lat' dir='ltr'><strong>mihi</strong></span> <span class='ocrx_word' id='word_1_656' title='bbox 643 2689 747 2722; x_wconf 77' lang='lat' dir='ltr'><strong>gratias</strong></span> <span class='ocrx_word' id='word_1_657' title='bbox 769 2691 847 2725; x_wconf 80' lang='lat' dir='ltr'><strong>agit?</strong></span> <span class='ocrx_word' id='word_1_658' title='bbox 865 2690 928 2718; x_wconf 74' lang='lat' dir='ltr'><strong>llatc</strong></span> <span class='ocrx_word' id='word_1_659' title='bbox 953 2692 1044 2727; x_wconf 87' lang='lat' dir='ltr'><strong>itaque</strong></span> 
     </span>
    </p>
   </div>
   <div class='ocr_carea' id='block_1_86' title="bbox 254 2730 1045 2771">
    <p class='ocr_par' dir='ltr' id='par_1_86' title="bbox 254 2730 1045 2771">
     <span class='ocr_line' id='line_1_86' title="bbox 254 2730 1045 2771; baseline 0.015 -17"><span class='ocrx_word' id='word_1_660' title='bbox 254 2730 396 2758; x_wconf 81' lang='lat' dir='ltr'><strong>audientes</strong></span> <span class='ocrx_word' id='word_1_661' title='bbox 409 2739 467 2763; x_wconf 83' lang='lat' dir='ltr'><strong>nos,</strong></span> <span class='ocrx_word' id='word_1_662' title='bbox 487 2740 504 2759; x_wconf 88' lang='grc' dir='ltr'>ο</span> <span class='ocrx_word' id='word_1_663' title='bbox 521 2732 572 2760; x_wconf 90' lang='lat' dir='ltr'><strong>viri</strong></span> <span class='ocrx_word' id='word_1_664' title='bbox 589 2735 679 2768; x_wconf 87' lang='lat' dir='ltr'><strong>petiti,</strong></span> <span class='ocrx_word' id='word_1_665' title='bbox 698 2741 778 2763; x_wconf 86' lang='lat' dir='ltr'><strong>caute</strong></span> <span class='ocrx_word' id='word_1_666' title='bbox 795 2745 844 2764; x_wconf 84' lang='lat' dir='ltr'><strong>nos</strong></span> <span class='ocrx_word' id='word_1_667' title='bbox 855 2738 1045 2771; x_wconf 81' lang='lat' dir='ltr'><strong>observemus,</strong></span> 
     </span>
    </p>
   </div>
   <div class='ocr_carea' id='block_1_87' title="bbox 253 2775 1044 2812">
    <p class='ocr_par' dir='ltr' id='par_1_87' title="bbox 253 2775 1044 2812">
     <span class='ocr_line' id='line_1_87' title="bbox 253 2775 1044 2812; baseline 0.014 -11"><span class='ocrx_word' id='word_1_668' title='bbox 253 2775 368 2803; x_wconf 90' lang='lat' dir='ltr'><strong>sollicite</strong></span> <span class='ocrx_word' id='word_1_669' title='bbox 387 2778 528 2806; x_wconf 85' lang='lat' dir='ltr'><strong>animabus</strong></span> <span class='ocrx_word' id='word_1_670' title='bbox 553 2780 654 2808; x_wconf 89' lang='lat' dir='ltr'><strong>nostris</strong></span> <span class='ocrx_word' id='word_1_671' title='bbox 677 2781 862 2810; x_wconf 82' lang='lat' dir='ltr'><strong>intendamus.</strong></span> <span class='ocrx_word' id='word_1_672' title='bbox 885 2783 952 2811; x_wconf 84' lang='lat' dir='ltr'><strong>Nam</strong></span> <span class='ocrx_word' id='word_1_673' title='bbox 975 2784 1044 2812; x_wconf 89' lang='lat' dir='ltr'><strong>idctn</strong></span> 
     </span>
    </p>
   </div>
   <div class='ocr_carea' id='block_1_88' title="bbox 289 2854 855 2892">
    <p class='ocr_par' dir='ltr' id='par_1_88' title="bbox 289 2854 855 2892">
     <span class='ocr_line' id='line_1_88' title="bbox 289 2854 855 2892; baseline 0.011 -12"><span class='ocrx_word' id='word_1_674' title='bbox 289 2855 299 2868; x_wconf 68' lang='grc' dir='ltr'><em>τ’</em></span> <span class='ocrx_word' id='word_1_675' title='bbox 317 2854 324 2880; x_wconf 89' lang='grc'><strong>1</strong></span> <span class='ocrx_word' id='word_1_676' title='bbox 342 2855 415 2882; x_wconf 84' lang='lat' dir='ltr'><strong>Pctr.</strong></span> <span class='ocrx_word' id='word_1_677' title='bbox 431 2865 457 2890; x_wconf 91' lang='lat' dir='ltr'><strong>v,</strong></span> <span class='ocrx_word' id='word_1_678' title='bbox 474 2859 501 2887; x_wconf 89' lang='lat'><strong>8.</strong></span> <span class='ocrx_word' id='word_1_679' title='bbox 542 2860 562 2875; x_wconf 77' lang='grc' dir='ltr'>ι·</span> <span class='ocrx_word' id='word_1_680' title='bbox 586 2858 651 2886; x_wconf 82' lang='lat' dir='ltr'><strong>Dan.</strong></span> <span class='ocrx_word' id='word_1_681' title='bbox 671 2867 720 2892; x_wconf 85' lang='lat' dir='ltr'><strong>vlt,</strong></span> <span class='ocrx_word' id='word_1_682' title='bbox 740 2860 786 2891; x_wconf 63' lang='lat' dir='ltr'><strong>il,</strong></span> <span class='ocrx_word' id='word_1_683' title='bbox 811 2860 855 2887; x_wconf 71' lang='lat'><strong>‘22.</strong></span> 
     </span>
    </p>
   </div>
   <div class='ocr_carea' id='block_1_89' title="bbox 1140 1589 1873 1625">
    <p class='ocr_par' dir='ltr' id='par_1_89' title="bbox 1140 1589 1873 1625">
     <span class='ocr_line' id='line_1_89' title="bbox 1140 1589 1873 1625; baseline -0.005 -7"><span class='ocrx_word' id='word_1_684' title='bbox 1140 1591 1229 1624; x_wconf 83' lang='lat' dir='ltr'><strong>Mitte,</strong></span> <span class='ocrx_word' id='word_1_685' title='bbox 1246 1590 1345 1625; x_wconf 84' lang='lat' dir='ltr'><strong>inquit.</strong></span> <span class='ocrx_word' id='word_1_686' title='bbox 1356 1598 1465 1618; x_wconf 89' lang='lat' dir='ltr'><strong>manum</strong></span> <span class='ocrx_word' id='word_1_687' title='bbox 1478 1594 1551 1618; x_wconf 90' lang='lat' dir='ltr'><strong>tuam</strong></span> <span class='ocrx_word' id='word_1_688' title='bbox 1565 1597 1626 1625; x_wconf 66' lang='lat' dir='ltr'><strong>qua:</strong></span> <span class='ocrx_word' id='word_1_689' title='bbox 1641 1597 1714 1617; x_wconf 89' lang='lat' dir='ltr'><strong>nunc</strong></span> <span class='ocrx_word' id='word_1_690' title='bbox 1731 1589 1873 1618; x_wconf 79' lang='lat' dir='ltr'><strong>circumdat.</strong></span> 
     </span>
    </p>
   </div>
   <div class='ocr_carea' id='block_1_90' title="bbox 1101 1635 1873 1672">
    <p class='ocr_par' dir='ltr' id='par_1_90' title="bbox 1101 1635 1873 1672">
     <span class='ocr_line' id='line_1_90' title="bbox 1101 1635 1873 1672; baseline -0.006 -8"><span class='ocrx_word' id='word_1_691' title='bbox 1101 1645 1161 1672; x_wconf 57' lang='lat' dir='ltr'><strong>quae</strong></span> <span class='ocrx_word' id='word_1_692' title='bbox 1178 1644 1251 1664; x_wconf 88' lang='lat' dir='ltr'><strong>nunc</strong></span> <span class='ocrx_word' id='word_1_693' title='bbox 1268 1637 1366 1667; x_wconf 83' lang='lat' dir='ltr'><strong>munit.</strong></span> <span class='ocrx_word' id='word_1_694' title='bbox 1381 1644 1441 1670; x_wconf 69' lang='lat' dir='ltr'><strong>qua:</strong></span> <span class='ocrx_word' id='word_1_695' title='bbox 1456 1643 1528 1663; x_wconf 90' lang='lat' dir='ltr'><strong>nunc</strong></span> <span class='ocrx_word' id='word_1_696' title='bbox 1540 1635 1666 1670; x_wconf 86' lang='lat' dir='ltr'><strong>protegit,</strong></span> <span class='ocrx_word' id='word_1_697' title='bbox 1684 1642 1744 1669; x_wconf 75' lang='lat' dir='ltr'><strong>qua:</strong></span> <span class='ocrx_word' id='word_1_698' title='bbox 1760 1641 1825 1661; x_wconf 89' lang='lat' dir='ltr'><strong>nunc</strong></span> <span class='ocrx_word' id='word_1_699' title='bbox 1836 1641 1873 1660; x_wconf 89' lang='lat' dir='ltr'><strong>un-</strong></span> 
     </span>
    </p>
   </div>
   <div class='ocr_carea' id='block_1_91' title="bbox 1100 1680 1872 1718">
    <p class='ocr_par' dir='ltr' id='par_1_91' title="bbox 1100 1680 1872 1718">
     <span class='ocr_line' id='line_1_91' title="bbox 1100 1680 1872 1718; baseline -0.006 -8"><span class='ocrx_word' id='word_1_700' title='bbox 1100 1684 1182 1718; x_wconf 88' lang='lat' dir='ltr'><strong>dique</strong></span> <span class='ocrx_word' id='word_1_701' title='bbox 1196 1682 1353 1714; x_wconf 84' lang='lat' dir='ltr'><strong>obumbrat,</strong></span> <span class='ocrx_word' id='word_1_702' title='bbox 1371 1690 1430 1716; x_wconf 66' lang='lat' dir='ltr'><strong>quae</strong></span> <span class='ocrx_word' id='word_1_703' title='bbox 1455 1690 1527 1709; x_wconf 90' lang='lat' dir='ltr'><strong>nunc</strong></span> <span class='ocrx_word' id='word_1_704' title='bbox 1541 1681 1695 1709; x_wconf 85' lang='lat' dir='ltr'><strong>nullatenus</strong></span> <span class='ocrx_word' id='word_1_705' title='bbox 1720 1680 1784 1708; x_wconf 90' lang='lat' dir='ltr'><strong>mihi</strong></span> <span class='ocrx_word' id='word_1_706' title='bbox 1800 1686 1872 1706; x_wconf 64' lang='lat' dir='ltr'><strong>ncces</strong></span> 
     </span>
    </p>
   </div>
   <div class='ocr_carea' id='block_1_92' title="bbox 1100 1727 1872 1759">
    <p class='ocr_par' dir='ltr' id='par_1_92' title="bbox 1100 1727 1872 1759">
     <span class='ocr_line' id='line_1_92' title="bbox 1100 1727 1872 1759; baseline -0.006 -3"><span class='ocrx_word' id='word_1_707' title='bbox 1100 1737 1159 1757; x_wconf 87' lang='lat' dir='ltr'><strong>sum</strong></span> <span class='ocrx_word' id='word_1_708' title='bbox 1176 1729 1281 1756; x_wconf 87' lang='lat' dir='ltr'><strong>tribuit.</strong></span> <span class='ocrx_word' id='word_1_709' title='bbox 1297 1728 1374 1755; x_wconf 86' lang='lat' dir='ltr'><strong>Mitte</strong></span> <span class='ocrx_word' id='word_1_710' title='bbox 1390 1736 1463 1756; x_wconf 88' lang='lat' dir='ltr'><strong>nunc</strong></span> <span class='ocrx_word' id='word_1_711' title='bbox 1478 1735 1585 1755; x_wconf 90' lang='lat' dir='ltr'><strong>manum</strong></span> <span class='ocrx_word' id='word_1_712' title='bbox 1601 1733 1687 1759; x_wconf 87' lang='lat' dir='ltr'><strong>tuam,</strong></span> <span class='ocrx_word' id='word_1_713' title='bbox 1702 1727 1754 1754; x_wconf 90' lang='lat' dir='ltr'><strong>hoc</strong></span> <span class='ocrx_word' id='word_1_714' title='bbox 1767 1731 1806 1755; x_wconf 81' lang='lat' dir='ltr'><strong>est</strong></span> <span class='ocrx_word' id='word_1_715' title='bbox 1820 1733 1872 1759; x_wconf 49' lang='lat' dir='ltr'><strong>prat-</strong></span> 
     </span>
    </p>
   </div>
   <div class='ocr_carea' id='block_1_93' title="bbox 1099 1774 1871 1812">
    <p class='ocr_par' dir='ltr' id='par_1_93' title="bbox 1099 1774 1871 1812">
     <span class='ocr_line' id='line_1_93' title="bbox 1099 1774 1871 1812; baseline -0.01 -8"><span class='ocrx_word' id='word_1_716' title='bbox 1099 1782 1208 1812; x_wconf 85' lang='lat' dir='ltr'><strong>ceptum</strong></span> <span class='ocrx_word' id='word_1_717' title='bbox 1233 1781 1328 1806; x_wconf 84' lang='lat' dir='ltr'><strong>tuum.</strong></span> <span class='ocrx_word' id='word_1_718' title='bbox 1343 1776 1493 1810; x_wconf 88' lang='lat' dir='ltr'><strong>jussionem</strong></span> <span class='ocrx_word' id='word_1_719' title='bbox 1513 1779 1605 1806; x_wconf 88' lang='lat' dir='ltr'><strong>tuam,</strong></span> <span class='ocrx_word' id='word_1_720' title='bbox 1631 1774 1774 1808; x_wconf 89' lang='lat' dir='ltr'><strong>itnperium</strong></span> <span class='ocrx_word' id='word_1_721' title='bbox 1803 1778 1871 1799; x_wconf 84' lang='lat' dir='ltr'><strong>tuum.</strong></span> 
     </span>
    </p>
   </div>
   <div class='ocr_carea' id='block_1_94' title="bbox 1099 1821 1871 1857">
    <p class='ocr_par' dir='ltr' id='par_1_94' title="bbox 1099 1821 1871 1857">
     <span class='ocr_line' id='line_1_94' title="bbox 1099 1821 1871 1857; baseline -0.01 -7"><span class='ocrx_word' id='word_1_722' title='bbox 1099 1822 1162 1850; x_wconf 73' lang='lat' dir='ltr'><strong>Hazc</strong></span> <span class='ocrx_word' id='word_1_723' title='bbox 1178 1830 1295 1857; x_wconf 88' lang='lat' dir='ltr'><strong>namque</strong></span> <span class='ocrx_word' id='word_1_724' title='bbox 1315 1822 1475 1857; x_wconf 82' lang='lat' dir='ltr'><strong>signiﬁcans</strong></span> <span class='ocrx_word' id='word_1_725' title='bbox 1495 1822 1571 1855; x_wconf 90' lang='lat' dir='ltr'><strong>dicit,</strong></span> <span class='ocrx_word' id='word_1_726' title='bbox 1589 1821 1667 1848; x_wconf 81' lang='lat' dir='ltr'><strong>Mitte</strong></span> <span class='ocrx_word' id='word_1_727' title='bbox 1683 1828 1788 1848; x_wconf 81' lang='lat' dir='ltr'><strong>manum</strong></span> <span class='ocrx_word' id='word_1_728' title='bbox 1805 1823 1871 1849; x_wconf 74' lang='lat' dir='ltr'><strong>timui,</strong></span> 
     </span>
    </p>
   </div>
   <div class='ocr_carea' id='block_1_95' title="bbox 1099 1865 1871 1903">
    <p class='ocr_par' dir='ltr' id='par_1_95' title="bbox 1099 1865 1871 1903">
     <span class='ocr_line' id='line_1_95' title="bbox 1099 1865 1871 1903; baseline -0.009 -7"><span class='ocrx_word' id='word_1_729' title='bbox 1099 1877 1131 1897; x_wconf 90' lang='lat' dir='ltr'><strong>ac</strong></span> <span class='ocrx_word' id='word_1_730' title='bbox 1143 1870 1167 1896; x_wconf 91' lang='lat' dir='ltr'><strong>si</strong></span> <span class='ocrx_word' id='word_1_731' title='bbox 1183 1869 1298 1901; x_wconf 81' lang='lat' dir='ltr'><strong>diceret,</strong></span> <span class='ocrx_word' id='word_1_732' title='bbox 1318 1869 1444 1903; x_wconf 70' lang='lat' dir='ltr'><strong>praecipe,</strong></span> <span class='ocrx_word' id='word_1_733' title='bbox 1457 1868 1533 1902; x_wconf 86' lang='lat' dir='ltr'><strong>jube,</strong></span> <span class='ocrx_word' id='word_1_734' title='bbox 1550 1867 1658 1899; x_wconf 88' lang='lat' dir='ltr'><strong>tnanda,</strong></span> <span class='ocrx_word' id='word_1_735' title='bbox 1676 1867 1808 1902; x_wconf 71' lang='lat' dir='ltr'><strong>permitte.</strong></span> <span class='ocrx_word' id='word_1_736' title='bbox 1823 1865 1871 1891; x_wconf 70' lang='lat' dir='ltr'><strong>llzcc</strong></span> 
     </span>
    </p>
   </div>
   <div class='ocr_carea' id='block_1_96' title="bbox 1098 1911 1872 1950">
    <p class='ocr_par' dir='ltr' id='par_1_96' title="bbox 1098 1911 1872 1950">
     <span class='ocr_line' id='line_1_96' title="bbox 1098 1911 1872 1950; baseline -0.005 -8"><span class='ocrx_word' id='word_1_737' title='bbox 1098 1916 1192 1950; x_wconf 89' lang='lat' dir='ltr'><strong>utique</strong></span> <span class='ocrx_word' id='word_1_738' title='bbox 1209 1916 1336 1942; x_wconf 87' lang='lat' dir='ltr'><strong>universa</strong></span> <span class='ocrx_word' id='word_1_739' title='bbox 1355 1915 1457 1941; x_wconf 88' lang='lat' dir='ltr'><strong>habens</strong></span> <span class='ocrx_word' id='word_1_740' title='bbox 1470 1914 1541 1940; x_wconf 89' lang='lat' dir='ltr'><strong>intra</strong></span> <span class='ocrx_word' id='word_1_741' title='bbox 1556 1918 1674 1940; x_wconf 89' lang='lat' dir='ltr'><strong>mentem</strong></span> <span class='ocrx_word' id='word_1_742' title='bbox 1692 1920 1770 1940; x_wconf 86' lang='lat' dir='ltr'><strong>suam</strong></span> <span class='ocrx_word' id='word_1_743' title='bbox 1784 1911 1872 1945; x_wconf 72' lang='lat' dir='ltr'><strong>nequis-</strong></span> 
     </span>
    </p>
   </div>
   <div class='ocr_carea' id='block_1_97' title="bbox 1098 1956 1872 1991">
    <p class='ocr_par' dir='ltr' id='par_1_97' title="bbox 1098 1956 1872 1991">
     <span class='ocr_line' id='line_1_97' title="bbox 1098 1956 1872 1991; baseline -0.008 -3"><span class='ocrx_word' id='word_1_744' title='bbox 1098 1962 1183 1988; x_wconf 89' lang='lat' dir='ltr'><strong>simus</strong></span> <span class='ocrx_word' id='word_1_745' title='bbox 1198 1961 1323 1988; x_wconf 85' lang='lat' dir='ltr'><strong>diabolus</strong></span> <span class='ocrx_word' id='word_1_746' title='bbox 1344 1960 1430 1991; x_wconf 79' lang='lat' dir='ltr'><strong>dixit,</strong></span> <span class='ocrx_word' id='word_1_747' title='bbox 1455 1959 1531 1987; x_wconf 81' lang='lat' dir='ltr'><strong>Mitte</strong></span> <span class='ocrx_word' id='word_1_748' title='bbox 1551 1967 1659 1986; x_wconf 87' lang='lat' dir='ltr'><strong>manum</strong></span> <span class='ocrx_word' id='word_1_749' title='bbox 1674 1964 1759 1986; x_wconf 84' lang='lat' dir='ltr'><strong>luam.</strong></span> <span class='ocrx_word' id='word_1_750' title='bbox 1781 1957 1831 1985; x_wconf 83' lang='lat' dir='ltr'><strong>Non</strong></span> <span class='ocrx_word' id='word_1_751' title='bbox 1847 1956 1872 1982; x_wconf 74' lang='lat' dir='ltr'><strong>de</strong></span> 
     </span>
    </p>
   </div>
   <div class='ocr_carea' id='block_1_98' title="bbox 1097 2005 1871 2038">
    <p class='ocr_par' dir='ltr' id='par_1_98' title="bbox 1097 2005 1871 2038">
     <span class='ocr_line' id='line_1_98' title="bbox 1097 2005 1871 2038; baseline -0.009 -4"><span class='ocrx_word' id='word_1_752' title='bbox 1097 2015 1130 2034; x_wconf 90' lang='lat' dir='ltr'><strong>eo</strong></span> <span class='ocrx_word' id='word_1_753' title='bbox 1143 2008 1236 2034; x_wconf 77' lang='lat' dir='ltr'><strong>infelix</strong></span> <span class='ocrx_word' id='word_1_754' title='bbox 1259 2006 1328 2034; x_wconf 82' lang='lat' dir='ltr'><strong>dixit</strong></span> <span class='ocrx_word' id='word_1_755' title='bbox 1353 2006 1386 2033; x_wconf 89' lang='lat' dir='ltr'><strong>ad</strong></span> <span class='ocrx_word' id='word_1_756' title='bbox 1409 2006 1514 2038; x_wconf 90' lang='lat' dir='ltr'><strong>Deum,</strong></span> <span class='ocrx_word' id='word_1_757' title='bbox 1532 2005 1608 2032; x_wconf 76' lang='lat' dir='ltr'><strong>Mitte</strong></span> <span class='ocrx_word' id='word_1_758' title='bbox 1633 2013 1741 2032; x_wconf 87' lang='lat' dir='ltr'><strong>manum</strong></span> <span class='ocrx_word' id='word_1_759' title='bbox 1758 2010 1832 2034; x_wconf 82' lang='lat' dir='ltr'><strong>tuum,</strong></span> <span class='ocrx_word' id='word_1_760' title='bbox 1847 2008 1871 2028; x_wconf 82' lang='lat' dir='ltr'><strong>eo</strong></span> 
     </span>
    </p>
   </div>
   <div class='ocr_carea' id='block_1_99' title="bbox 1097 2048 1871 2087">
    <p class='ocr_par' dir='ltr' id='par_1_99' title="bbox 1097 2048 1871 2087">
     <span class='ocr_line' id='line_1_99' title="bbox 1097 2048 1871 2087; baseline -0.006 -8"><span class='ocrx_word' id='word_1_761' title='bbox 1097 2052 1168 2087; x_wconf 92' lang='lat' dir='ltr'><strong>quod</strong></span> <span class='ocrx_word' id='word_1_762' title='bbox 1177 2060 1285 2079; x_wconf 87' lang='lat' dir='ltr'><strong>manum</strong></span> <span class='ocrx_word' id='word_1_763' title='bbox 1301 2051 1348 2078; x_wconf 91' lang='lat' dir='ltr'><strong>Dei</strong></span> <span class='ocrx_word' id='word_1_764' title='bbox 1363 2051 1443 2077; x_wconf 87' lang='lat' dir='ltr'><strong>vellet</strong></span> <span class='ocrx_word' id='word_1_765' title='bbox 1455 2051 1535 2083; x_wconf 86' lang='lat' dir='ltr'><strong>mitti,</strong></span> <span class='ocrx_word' id='word_1_766' title='bbox 1547 2050 1652 2077; x_wconf 81' lang='lat' dir='ltr'><strong>sciebat</strong></span> <span class='ocrx_word' id='word_1_767' title='bbox 1665 2057 1781 2084; x_wconf 88' lang='lat' dir='ltr'><strong>namque</strong></span> <span class='ocrx_word' id='word_1_768' title='bbox 1795 2048 1871 2078; x_wconf 84' lang='lat' dir='ltr'><strong>miser,</strong></span> 
     </span>
    </p>
   </div>
   <div class='ocr_carea' id='block_1_100' title="bbox 1097 2094 1871 2133">
    <p class='ocr_par' dir='ltr' id='par_1_100' title="bbox 1097 2094 1871 2133">
     <span class='ocr_line' id='line_1_100' title="bbox 1097 2094 1871 2133; baseline -0.006 -9"><span class='ocrx_word' id='word_1_769' title='bbox 1097 2099 1161 2133; x_wconf 91' lang='lat' dir='ltr'><strong>quia</strong></span> <span class='ocrx_word' id='word_1_770' title='bbox 1176 2098 1330 2132; x_wconf 90' lang='lat' dir='ltr'><strong>ubicunque</strong></span> <span class='ocrx_word' id='word_1_771' title='bbox 1348 2104 1443 2124; x_wconf 85' lang='lat' dir='ltr'><strong>manus</strong></span> <span class='ocrx_word' id='word_1_772' title='bbox 1456 2097 1502 2124; x_wconf 87' lang='lat' dir='ltr'><strong>Dei</strong></span> <span class='ocrx_word' id='word_1_773' title='bbox 1524 2097 1653 2127; x_wconf 85' lang='lat' dir='ltr'><strong>mittitur,</strong></span> <span class='ocrx_word' id='word_1_774' title='bbox 1677 2104 1739 2124; x_wconf 82' lang='lat' dir='ltr'><strong>cuin</strong></span> <span class='ocrx_word' id='word_1_775' title='bbox 1758 2094 1871 2131; x_wconf 80' lang='lat' dir='ltr'><strong>propitia-</strong></span> 
     </span>
    </p>
   </div>
   <div class='ocr_carea' id='block_1_101' title="bbox 1098 2139 1871 2176">
    <p class='ocr_par' dir='ltr' id='par_1_101' title="bbox 1098 2139 1871 2176">
     <span class='ocr_line' id='line_1_101' title="bbox 1098 2139 1871 2176; baseline -0.003 -7"><span class='ocrx_word' id='word_1_776' title='bbox 1098 2143 1171 2173; x_wconf 80' lang='lat' dir='ltr'><strong>ljone</strong></span> <span class='ocrx_word' id='word_1_777' title='bbox 1193 2141 1325 2176; x_wconf 89' lang='lat' dir='ltr'><strong>mittitur,</strong></span> <span class='ocrx_word' id='word_1_778' title='bbox 1340 2142 1396 2169; x_wconf 82' lang='lat' dir='ltr'><strong>illic</strong></span> <span class='ocrx_word' id='word_1_779' title='bbox 1414 2149 1441 2169; x_wconf 88' lang='lat' dir='ltr'><strong>et</strong></span> <span class='ocrx_word' id='word_1_780' title='bbox 1457 2142 1546 2169; x_wconf 89' lang='lat' dir='ltr'><strong>munit</strong></span> <span class='ocrx_word' id='word_1_781' title='bbox 1567 2147 1594 2169; x_wconf 89' lang='lat' dir='ltr'><strong>et</strong></span> <span class='ocrx_word' id='word_1_782' title='bbox 1608 2142 1765 2174; x_wconf 74' lang='lat' dir='ltr'><strong>auxiliatur,</strong></span> <span class='ocrx_word' id='word_1_783' title='bbox 1780 2148 1810 2168; x_wconf 91' lang='lat' dir='ltr'><strong>ac</strong></span> <span class='ocrx_word' id='word_1_784' title='bbox 1823 2139 1871 2173; x_wconf 88' lang='lat' dir='ltr'><strong>opi-</strong></span> 
     </span>
    </p>
   </div>
   <div class='ocr_carea' id='block_1_102' title="bbox 1099 2185 1871 2223">
    <p class='ocr_par' dir='ltr' id='par_1_102' title="bbox 1099 2185 1871 2223">
     <span class='ocr_line' id='line_1_102' title="bbox 1099 2185 1871 2223; baseline -0.005 -10"><span class='ocrx_word' id='word_1_785' title='bbox 1099 2187 1198 2214; x_wconf 89' lang='lat' dir='ltr'><strong>tulatur</strong></span> <span class='ocrx_word' id='word_1_786' title='bbox 1212 2191 1239 2214; x_wconf 90' lang='lat' dir='ltr'><strong>et</strong></span> <span class='ocrx_word' id='word_1_787' title='bbox 1254 2187 1324 2221; x_wconf 84' lang='lat' dir='ltr'><strong>regit</strong></span> <span class='ocrx_word' id='word_1_788' title='bbox 1340 2192 1367 2213; x_wconf 87' lang='lat' dir='ltr'><strong>et</strong></span> <span class='ocrx_word' id='word_1_789' title='bbox 1380 2192 1459 2223; x_wconf 84' lang='lat' dir='ltr'><strong>sanat</strong></span> <span class='ocrx_word' id='word_1_790' title='bbox 1473 2191 1554 2221; x_wconf 86' lang='lat' dir='ltr'><strong>atque</strong></span> <span class='ocrx_word' id='word_1_791' title='bbox 1570 2187 1668 2214; x_wconf 87' lang='lat' dir='ltr'><strong>salvat.</strong></span> <span class='ocrx_word' id='word_1_792' title='bbox 1683 2187 1747 2214; x_wconf 75' lang='lat' dir='ltr'><strong>llaec</strong></span> <span class='ocrx_word' id='word_1_793' title='bbox 1761 2185 1871 2213; x_wconf 83' lang='lat' dir='ltr'><strong>nimirum</strong></span> 
     </span>
    </p>
   </div>
   <div class='ocr_carea' id='block_1_103' title="bbox 1097 2231 1871 2267">
    <p class='ocr_par' dir='ltr' id='par_1_103' title="bbox 1097 2231 1871 2267">
     <span class='ocr_line' id='line_1_103' title="bbox 1097 2231 1871 2267; baseline -0.003 -10"><span class='ocrx_word' id='word_1_794' title='bbox 1097 2231 1187 2259; x_wconf 84' lang='lat' dir='ltr'><strong>sciens</strong></span> <span class='ocrx_word' id='word_1_795' title='bbox 1199 2232 1319 2267; x_wconf 83' lang='lat' dir='ltr'><strong>iniquus,</strong></span> <span class='ocrx_word' id='word_1_796' title='bbox 1332 2232 1404 2259; x_wconf 84' lang='lat' dir='ltr'><strong>aliud</strong></span> <span class='ocrx_word' id='word_1_797' title='bbox 1421 2232 1585 2266; x_wconf 88' lang='lat' dir='ltr'><strong>loquebatur</strong></span> <span class='ocrx_word' id='word_1_798' title='bbox 1603 2237 1631 2259; x_wconf 88' lang='lat' dir='ltr'><strong>ct</strong></span> <span class='ocrx_word' id='word_1_799' title='bbox 1651 2233 1725 2260; x_wconf 84' lang='lat' dir='ltr'><strong>aliud</strong></span> <span class='ocrx_word' id='word_1_800' title='bbox 1741 2231 1871 2266; x_wconf 79' lang='lat' dir='ltr'><strong>cogitabat,</strong></span> 
     </span>
    </p>
   </div>
   <div class='ocr_carea' id='block_1_104' title="bbox 1099 2277 1871 2313">
    <p class='ocr_par' dir='ltr' id='par_1_104' title="bbox 1099 2277 1871 2313">
     <span class='ocr_line' id='line_1_104' title="bbox 1099 2277 1871 2313; baseline 0.001 -10"><span class='ocrx_word' id='word_1_801' title='bbox 1099 2277 1171 2304; x_wconf 90' lang='lat' dir='ltr'><strong>aliud</strong></span> <span class='ocrx_word' id='word_1_802' title='bbox 1185 2278 1347 2312; x_wconf 75' lang='lat' dir='ltr'><strong>suggerebat</strong></span> <span class='ocrx_word' id='word_1_803' title='bbox 1372 2282 1400 2305; x_wconf 89' lang='lat' dir='ltr'><strong>et</strong></span> <span class='ocrx_word' id='word_1_804' title='bbox 1425 2278 1499 2306; x_wconf 88' lang='lat' dir='ltr'><strong>aliud</strong></span> <span class='ocrx_word' id='word_1_805' title='bbox 1521 2278 1671 2313; x_wconf 56' lang='lat' dir='ltr'><strong>quaerebat.</strong></span> <span class='ocrx_word' id='word_1_806' title='bbox 1690 2278 1732 2306; x_wconf 71' lang='grc' dir='ltr'>οι)</span> <span class='ocrx_word' id='word_1_807' title='bbox 1753 2279 1801 2305; x_wconf 92' lang='lat' dir='ltr'><strong>hoc</strong></span> <span class='ocrx_word' id='word_1_808' title='bbox 1819 2282 1871 2310; x_wconf 76' lang='lat' dir='ltr'><strong>ergo</strong></span> 
     </span>
    </p>
   </div>
   <div class='ocr_carea' id='block_1_105' title="bbox 1098 2324 1870 2360">
    <p class='ocr_par' dir='ltr' id='par_1_105' title="bbox 1098 2324 1870 2360">
     <span class='ocr_line' id='line_1_105' title="bbox 1098 2324 1870 2360; baseline 0 -9"><span class='ocrx_word' id='word_1_809' title='bbox 1098 2324 1164 2352; x_wconf 85' lang='lat' dir='ltr'><strong>dicit</strong></span> <span class='ocrx_word' id='word_1_810' title='bbox 1178 2324 1275 2354; x_wconf 85' lang='lat' dir='ltr'><strong>callide</strong></span> <span class='ocrx_word' id='word_1_811' title='bbox 1288 2332 1295 2350; x_wconf 93' lang='lat'>:</span> <span class='ocrx_word' id='word_1_812' title='bbox 1309 2324 1385 2352; x_wconf 78' lang='lat' dir='ltr'><strong>Mitte</strong></span> <span class='ocrx_word' id='word_1_813' title='bbox 1398 2333 1506 2351; x_wconf 82' lang='lat' dir='ltr'><strong>manum</strong></span> <span class='ocrx_word' id='word_1_814' title='bbox 1523 2331 1606 2353; x_wconf 84' lang='lat' dir='ltr'><strong>tuom.</strong></span> <span class='ocrx_word' id='word_1_815' title='bbox 1618 2325 1805 2360; x_wconf 82' lang='lat' dir='ltr'><strong>Bene,inquit,</strong></span> <span class='ocrx_word' id='word_1_816' title='bbox 1819 2330 1870 2351; x_wconf 82' lang='lat' dir='ltr'><strong>ecce</strong></span> 
     </span>
    </p>
   </div>
   <div class='ocr_carea' id='block_1_106' title="bbox 1098 2370 1870 2407">
    <p class='ocr_par' dir='ltr' id='par_1_106' title="bbox 1098 2370 1870 2407">
     <span class='ocr_line' id='line_1_106' title="bbox 1098 2370 1870 2407; baseline -0.003 -11"><span class='ocrx_word' id='word_1_817' title='bbox 1098 2370 1176 2397; x_wconf 91' lang='lat' dir='ltr'><strong>mitto</strong></span> <span class='ocrx_word' id='word_1_818' title='bbox 1191 2377 1298 2397; x_wconf 94' lang='lat' dir='ltr'><strong>manum</strong></span> <span class='ocrx_word' id='word_1_819' title='bbox 1311 2378 1398 2398; x_wconf 87' lang='lat' dir='ltr'><strong>meam</strong></span> <span class='ocrx_word' id='word_1_820' title='bbox 1413 2375 1442 2397; x_wconf 92' lang='lat' dir='ltr'><strong>ut</strong></span> <span class='ocrx_word' id='word_1_821' title='bbox 1457 2375 1483 2397; x_wconf 91' lang='lat' dir='ltr'><strong>tu</strong></span> <span class='ocrx_word' id='word_1_822' title='bbox 1498 2371 1568 2398; x_wconf 89' lang='lat' dir='ltr'><strong>dicis</strong></span> <span class='ocrx_word' id='word_1_823' title='bbox 1582 2379 1590 2398; x_wconf 91' lang='lat'><strong>:</strong></span> <span class='ocrx_word' id='word_1_824' title='bbox 1604 2371 1643 2398; x_wconf 85' lang='lat' dir='ltr'><strong>Ad</strong></span> <span class='ocrx_word' id='word_1_825' title='bbox 1656 2372 1719 2407; x_wconf 87' lang='lat' dir='ltr'><strong>quid</strong></span> <span class='ocrx_word' id='word_1_826' title='bbox 1737 2370 1870 2398; x_wconf 88' lang='lat' dir='ltr'><strong>faciendum</strong></span> 
     </span>
    </p>
   </div>
   <div class='ocr_carea' id='block_1_107' title="bbox 1097 2416 1868 2451">
    <p class='ocr_par' dir='ltr' id='par_1_107' title="bbox 1097 2416 1868 2451">
     <span class='ocr_line' id='line_1_107' title="bbox 1097 2416 1868 2451; baseline 0.003 -9"><span class='ocrx_word' id='word_1_827' title='bbox 1097 2416 1202 2443; x_wconf 84' lang='lat' dir='ltr'><strong>mittam</strong></span> <span class='ocrx_word' id='word_1_828' title='bbox 1217 2423 1325 2443; x_wconf 88' lang='lat' dir='ltr'><strong>manutu</strong></span> <span class='ocrx_word' id='word_1_829' title='bbox 1342 2423 1428 2443; x_wconf 82' lang='lat' dir='ltr'><strong>meam</strong></span> <span class='ocrx_word' id='word_1_830' title='bbox 1444 2416 1456 2442; x_wconf 69' lang='grc' dir='ltr'><strong><em>Ἰ</em></strong></span> <span class='ocrx_word' id='word_1_831' title='bbox 1471 2416 1557 2448; x_wconf 78' lang='lat' dir='ltr'><strong>Mitte,</strong></span> <span class='ocrx_word' id='word_1_832' title='bbox 1571 2416 1669 2451; x_wconf 90' lang='lat' dir='ltr'><strong>inquit,</strong></span> <span class='ocrx_word' id='word_1_833' title='bbox 1684 2425 1787 2444; x_wconf 79' lang='lat' dir='ltr'><strong>manum</strong></span> <span class='ocrx_word' id='word_1_834' title='bbox 1800 2420 1868 2444; x_wconf 79' lang='lat' dir='ltr'><strong>tuam.</strong></span> 
     </span>
    </p>
   </div>
   <div class='ocr_carea' id='block_1_108' title="bbox 1095 2458 1868 2497">
    <p class='ocr_par' dir='ltr' id='par_1_108' title="bbox 1095 2458 1868 2497">
     <span class='ocr_line' id='line_1_108' title="bbox 1095 2458 1868 2497; baseline -0.003 -9"><span class='ocrx_word' id='word_1_835' title='bbox 1095 2467 1119 2490; x_wconf 81' lang='lat' dir='ltr'><strong>et</strong></span> <span class='ocrx_word' id='word_1_836' title='bbox 1136 2468 1214 2497; x_wconf 84' lang='lat' dir='ltr'><strong>tange</strong></span> <span class='ocrx_word' id='word_1_837' title='bbox 1227 2463 1315 2489; x_wconf 85' lang='lat' dir='ltr'><strong>omnia</strong></span> <span class='ocrx_word' id='word_1_838' title='bbox 1327 2470 1386 2497; x_wconf 80' lang='lat' dir='ltr'><strong>qua:</strong></span> <span class='ocrx_word' id='word_1_839' title='bbox 1402 2462 1489 2489; x_wconf 76' lang='lat' dir='ltr'><strong>liabet.</strong></span> <span class='ocrx_word' id='word_1_840' title='bbox 1509 2461 1565 2488; x_wconf 90' lang='lat' dir='ltr'><strong>Cur</strong></span> <span class='ocrx_word' id='word_1_841' title='bbox 1588 2468 1708 2496; x_wconf 80' lang='lat' dir='ltr'><strong>tangam,</strong></span> <span class='ocrx_word' id='word_1_842' title='bbox 1725 2461 1826 2497; x_wconf 89' lang='lat' dir='ltr'><strong>inquit?</strong></span> <span class='ocrx_word' id='word_1_843' title='bbox 1837 2458 1868 2486; x_wconf 74' lang='lat' dir='ltr'><strong>Ad</strong></span> 
     </span>
    </p>
   </div>
   <div class='ocr_carea' id='block_1_109' title="bbox 1095 2507 1868 2543">
    <p class='ocr_par' dir='ltr' id='par_1_109' title="bbox 1095 2507 1868 2543">
     <span class='ocr_line' id='line_1_109' title="bbox 1095 2507 1868 2543; baseline -0.003 -8"><span class='ocrx_word' id='word_1_844' title='bbox 1095 2509 1249 2541; x_wconf 87' lang='lat' dir='ltr'><strong>delendum,</strong></span> <span class='ocrx_word' id='word_1_845' title='bbox 1263 2509 1312 2540; x_wconf 89' lang='lat' dir='ltr'><strong>ait,</strong></span> <span class='ocrx_word' id='word_1_846' title='bbox 1330 2514 1419 2543; x_wconf 76' lang='lat' dir='ltr'><strong>tange,</strong></span> <span class='ocrx_word' id='word_1_847' title='bbox 1429 2510 1461 2536; x_wconf 86' lang='lat' dir='ltr'><strong>ad</strong></span> <span class='ocrx_word' id='word_1_848' title='bbox 1474 2509 1625 2542; x_wconf 87' lang='lat' dir='ltr'><strong>interitum,</strong></span> <span class='ocrx_word' id='word_1_849' title='bbox 1635 2510 1668 2536; x_wconf 89' lang='lat' dir='ltr'><strong>ad</strong></span> <span class='ocrx_word' id='word_1_850' title='bbox 1682 2507 1868 2536; x_wconf 75' lang='lat' dir='ltr'><strong>exterminium.</strong></span> 
     </span>
    </p>
   </div>
   <div class='ocr_carea' id='block_1_110' title="bbox 1094 2550 1868 2590">
    <p class='ocr_par' dir='ltr' id='par_1_110' title="bbox 1094 2550 1868 2590">
     <span class='ocr_line' id='line_1_110' title="bbox 1094 2550 1868 2590; baseline -0.005 -9"><span class='ocrx_word' id='word_1_851' title='bbox 1094 2556 1128 2581; x_wconf 88' lang='lat' dir='ltr'><strong>ad</strong></span> <span class='ocrx_word' id='word_1_852' title='bbox 1145 2555 1332 2589; x_wconf 88' lang='lat' dir='ltr'><strong>perditionem.</strong></span> <span class='ocrx_word' id='word_1_853' title='bbox 1350 2555 1381 2582; x_wconf 88' lang='lat' dir='ltr'><strong>Et</strong></span> <span class='ocrx_word' id='word_1_854' title='bbox 1391 2556 1536 2590; x_wconf 89' lang='lat' dir='ltr'><strong>quomodo,</strong></span> <span class='ocrx_word' id='word_1_855' title='bbox 1553 2556 1649 2590; x_wconf 88' lang='lat' dir='ltr'><strong>inquit,</strong></span> <span class='ocrx_word' id='word_1_856' title='bbox 1668 2556 1786 2590; x_wconf 82' lang='lat' dir='ltr'><strong>perdam,</strong></span> <span class='ocrx_word' id='word_1_857' title='bbox 1801 2560 1815 2578; x_wconf 86' lang='grc' dir='ltr'><strong>ο</strong></span> <span class='ocrx_word' id='word_1_858' title='bbox 1828 2550 1868 2578; x_wconf 89' lang='lat' dir='ltr'><strong>ini-</strong></span> 
     </span>
    </p>
   </div>
   <div class='ocr_carea' id='block_1_111' title="bbox 1093 2597 1867 2635">
    <p class='ocr_par' dir='ltr' id='par_1_111' title="bbox 1093 2597 1867 2635">
     <span class='ocr_line' id='line_1_111' title="bbox 1093 2597 1867 2635; baseline 0.005 -9"><span class='ocrx_word' id='word_1_859' title='bbox 1093 2601 1163 2627; x_wconf 91' lang='lat' dir='ltr'><strong>mice</strong></span> <span class='ocrx_word' id='word_1_860' title='bbox 1177 2600 1296 2627; x_wconf 90' lang='lat' dir='ltr'><strong>omnium</strong></span> <span class='ocrx_word' id='word_1_861' title='bbox 1309 2600 1566 2635; x_wconf 87' lang='lat' dir='ltr'><strong>bonorumdiabolc,</strong></span> <span class='ocrx_word' id='word_1_862' title='bbox 1579 2609 1610 2627; x_wconf 88' lang='lat' dir='ltr'><strong>ea</strong></span> <span class='ocrx_word' id='word_1_863' title='bbox 1622 2608 1682 2635; x_wconf 68' lang='lat' dir='ltr'><strong>qua:</strong></span> <span class='ocrx_word' id='word_1_864' title='bbox 1693 2599 1778 2628; x_wconf 84' lang='lat' dir='ltr'><strong>creavi</strong></span> <span class='ocrx_word' id='word_1_865' title='bbox 1789 2599 1799 2625; x_wconf 72' lang='grc' dir='ltr'>ἵ</span> <span class='ocrx_word' id='word_1_866' title='bbox 1809 2597 1867 2630; x_wconf 76' lang='grc' dir='ltr'><strong>Ουο·</strong></span> 
     </span>
    </p>
   </div>
   <div class='ocr_carea' id='block_1_112' title="bbox 1093 2642 1867 2680">
    <p class='ocr_par' dir='ltr' id='par_1_112' title="bbox 1093 2642 1867 2680">
     <span class='ocr_line' id='line_1_112' title="bbox 1093 2642 1867 2680; baseline -0.003 -8"><span class='ocrx_word' id='word_1_867' title='bbox 1093 2645 1173 2672; x_wconf 92' lang='lat' dir='ltr'><strong>modo</strong></span> <span class='ocrx_word' id='word_1_868' title='bbox 1187 2645 1368 2672; x_wconf 80' lang='lat' dir='ltr'><strong>exterminent</strong></span> <span class='ocrx_word' id='word_1_869' title='bbox 1386 2653 1418 2673; x_wconf 89' lang='lat' dir='ltr'><strong>ea</strong></span> <span class='ocrx_word' id='word_1_870' title='bbox 1432 2653 1493 2680; x_wconf 81' lang='lat' dir='ltr'><strong>quae</strong></span> <span class='ocrx_word' id='word_1_871' title='bbox 1512 2645 1597 2673; x_wconf 86' lang='lat' dir='ltr'><strong>dedi?</strong></span> <span class='ocrx_word' id='word_1_872' title='bbox 1612 2645 1658 2673; x_wconf 86' lang='lat' dir='ltr'><strong>Vel</strong></span> <span class='ocrx_word' id='word_1_873' title='bbox 1680 2644 1808 2680; x_wconf 89' lang='lat' dir='ltr'><strong>quomodo</strong></span> <span class='ocrx_word' id='word_1_874' title='bbox 1829 2642 1867 2668; x_wconf 80' lang='lat' dir='ltr'><strong>de-</strong></span> 
     </span>
    </p>
   </div>
   <div class='ocr_carea' id='block_1_113' title="bbox 1093 2689 1866 2727">
    <p class='ocr_par' dir='ltr' id='par_1_113' title="bbox 1093 2689 1866 2727">
     <span class='ocr_line' id='line_1_113' title="bbox 1093 2689 1866 2727; baseline -0.001 -9"><span class='ocrx_word' id='word_1_875' title='bbox 1093 2692 1163 2719; x_wconf 82' lang='lat' dir='ltr'><strong>leam</strong></span> <span class='ocrx_word' id='word_1_876' title='bbox 1179 2700 1210 2719; x_wconf 86' lang='lat' dir='ltr'><strong>ea</strong></span> <span class='ocrx_word' id='word_1_877' title='bbox 1227 2700 1286 2726; x_wconf 73' lang='lat' dir='ltr'><strong>qua:</strong></span> <span class='ocrx_word' id='word_1_878' title='bbox 1300 2700 1349 2727; x_wconf 86' lang='lat' dir='ltr'><strong>ego</strong></span> <span class='ocrx_word' id='word_1_879' title='bbox 1371 2692 1422 2720; x_wconf 85' lang='lat' dir='ltr'><strong>feci</strong></span> <span class='ocrx_word' id='word_1_880' title='bbox 1439 2693 1451 2720; x_wconf 89' lang='lat'><strong>?</strong></span> <span class='ocrx_word' id='word_1_881' title='bbox 1467 2693 1499 2720; x_wconf 86' lang='lat' dir='ltr'><strong>Et</strong></span> <span class='ocrx_word' id='word_1_882' title='bbox 1522 2693 1612 2720; x_wconf 90' lang='lat' dir='ltr'><strong>adhuc</strong></span> <span class='ocrx_word' id='word_1_883' title='bbox 1631 2693 1729 2721; x_wconf 87' lang='lat' dir='ltr'><strong>aliter:</strong></span> <span class='ocrx_word' id='word_1_884' title='bbox 1744 2689 1866 2726; x_wconf 83' lang='lat' dir='ltr'><strong>Quomodo</strong></span> 
     </span>
    </p>
   </div>
   <div class='ocr_carea' id='block_1_114' title="bbox 1095 2736 1864 2774">
    <p class='ocr_par' dir='ltr' id='par_1_114' title="bbox 1095 2736 1864 2774">
     <span class='ocr_line' id='line_1_114' title="bbox 1095 2736 1864 2774; baseline -0.003 -9"><span class='ocrx_word' id='word_1_885' title='bbox 1095 2738 1217 2773; x_wconf 87' lang='lat' dir='ltr'><strong>perdam,</strong></span> <span class='ocrx_word' id='word_1_886' title='bbox 1228 2745 1245 2765; x_wconf 94' lang='grc' dir='ltr'><strong>ο</strong></span> <span class='ocrx_word' id='word_1_887' title='bbox 1262 2738 1379 2771; x_wconf 87' lang='lat' dir='ltr'><strong>diabole,</strong></span> <span class='ocrx_word' id='word_1_888' title='bbox 1388 2739 1571 2766; x_wconf 85' lang='lat' dir='ltr'><strong>substantiam</strong></span> <span class='ocrx_word' id='word_1_889' title='bbox 1582 2747 1616 2767; x_wconf 84' lang='lat' dir='ltr'><strong>ex</strong></span> <span class='ocrx_word' id='word_1_890' title='bbox 1627 2748 1678 2774; x_wconf 87' lang='lat' dir='ltr'><strong>qua</strong></span> <span class='ocrx_word' id='word_1_891' title='bbox 1696 2739 1761 2767; x_wconf 89' lang='lat' dir='ltr'><strong>mihi</strong></span> <span class='ocrx_word' id='word_1_892' title='bbox 1773 2745 1819 2765; x_wconf 91' lang='lat' dir='ltr'><strong>non</strong></span> <span class='ocrx_word' id='word_1_893' title='bbox 1831 2736 1864 2763; x_wconf 89' lang='lat' dir='ltr'><strong>iu-</strong></span> 
     </span>
    </p>
   </div>
   <div class='ocr_carea' id='block_1_115' title="bbox 1097 2781 1864 2821">
    <p class='ocr_par' dir='ltr' id='par_1_115' title="bbox 1097 2781 1864 2821">
     <span class='ocr_line' id='line_1_115' title="bbox 1097 2781 1864 2821; baseline -0.007 -9"><span class='ocrx_word' id='word_1_894' title='bbox 1097 2785 1185 2819; x_wconf 72' lang='lat' dir='ltr'><strong>dignae</strong></span> <span class='ocrx_word' id='word_1_895' title='bbox 1201 2785 1318 2813; x_wconf 67' lang='lat' dir='ltr'><strong>victima:</strong></span> <span class='ocrx_word' id='word_1_896' title='bbox 1335 2784 1502 2819; x_wconf 87' lang='lat' dir='ltr'><strong>olfcruntur,</strong></span> <span class='ocrx_word' id='word_1_897' title='bbox 1519 2790 1599 2821; x_wconf 86' lang='lat' dir='ltr'><strong>atque</strong></span> <span class='ocrx_word' id='word_1_898' title='bbox 1620 2786 1726 2815; x_wconf 87' lang='lat' dir='ltr'><strong>sincera</strong></span> <span class='ocrx_word' id='word_1_899' title='bbox 1746 2781 1864 2812; x_wconf 82' lang='lat' dir='ltr'><strong>sacriﬁcia</strong></span> 
     </span>
    </p>
   </div>
  </div>
