1904 3076
58 81 105 108 il?

630 79 822 108 ANONYMUS
840 79 875 107 1N
891 78 961 108 JOB.
982 94 1016 99 ——
1036 79 1100 107 LIB.
1128 81 1148 108 I.

1644 82 1698 109 M8

57 140 232 169 immolantur
249 141 262 168 ‘i
280 141 423 175 Quomodo
448 140 626 169 extet-minem
651 141 833 169 substantiam
844 160 852 173 ,
868 143 892 171 Α
906 140 1006 173 nando,
1023 140 1224 174 obttmbrando,
1250 141 1426 176 protegendo,
1443 141 1534 169 omnia
1557 149 1619 176 qute
1647 142 1698 169 sub

56 188 121 214 unde
134 187 225 214 viduae
250 189 406 215 vestiuntur
422 191 450 215 et
463 187 578 221 orpltaui
597 192 746 222 pascuntur
761 191 788 214 et
808 187 852 214 in-

58 233 191 260 ﬁrmorum
218 233 345 266 scapulae
357 231 489 260 calettunt
506 232 517 258 ‘l
532 231 675 265 Quomodo
694 232 816 264 perdam,
834 239 851 259 ο

57 278 166 309 diabolo,
181 278 256 305 lilios
270 277 331 311 ejus
342 279 387 312 qui
407 286 449 305 tne
460 278 575 305 nimium
588 277 696 313 diligit?
711 278 851 311 Quomodo

57 326 175 352 obturem
187 331 237 351 ora
255 332 353 351 eorum
373 325 418 358 qui
444 325 469 351 in
487 325 643 352 innocentia
660 331 713 351 una
728 332 788 352 cum
804 332 850 357 pa-

58 378 94 397 tre
104 378 151 396 suo
165 370 217 397 .Iob
234 371 336 398 devote
351 371 416 398 milti
433 372 533 406 gratias
545 377 629 406 agunt
644 371 655 398 ?
669 370 724 398 Sed
741 371 850 398 interim

59 418 116 453 quia
131 425 183 445 non
200 422 308 451 potest,
331 418 429 452 inquit,
447 418 527 446 aliter
551 423 595 445 tua
614 419 744 454 iniquitas
761 418 850 446 sedari

60 465 105 490 nisi
125 464 174 493 sic,
201 462 274 490 Ecce
295 464 381 490 omnia
404 472 464 499 qua:
484 464 579 497 habet,
608 464 667 491 dedi
690 464 716 491 in
743 471 850 490 manum

60 511 162 537 tuam“.
172 510 242 536 Nam
255 510 281 537 si
296 518 348 537 non
363 510 471 543 dedero,
487 510 630 538 discedens
650 511 810 546 gloriaberis
826 515 853 537 οι

62 557 175 591 plaudes,
189 557 275 591 quasi
292 557 378 584 victor
394 556 564 589 discesseris,
576 557 652 591 quasi
667 564 717 591 ego
730 557 780 583 hoc
793 563 854 583 cer-

61 609 143 631 tamen
161 611 215 630 tton
235 604 433 634 concesserim,
453 603 530 638 quasi
548 604 599 630 hoc
611 603 709 630 bellum
728 603 785 630 ﬁeri
799 610 852 630 non

61 650 237 685 permiserim,
265 650 345 684 quasi
361 651 395 676 de
410 649 462 677 Job
487 651 639 677 constantia
658 658 709 677 non
724 657 852 685 praesum-

61 695 164 731 pserim,
176 695 260 729 quasi
275 700 339 722 ante
352 695 473 728 praelium
492 701 520 723 et
534 696 754 731 congressionem
774 703 853 729 supe-

62 746 130 767 ratus
147 740 231 767 fuerit
251 739 317 773 Job,
333 741 378 776 qtti
398 749 470 768 a-me
490 741 680 776 magniﬁcatus
694 747 776 776 atque
795 742 852 769 latt-

61 787 131 813 dattts
142 791 193 813 est.
212 786 255 813 0b
269 786 335 818 hoc,
352 786 455 818 inquit,
472 795 505 814 ne
522 788 555 814 de
575 788 617 814 Itis
633 788 770 822 glorieris.
785 787 853 815 Ecce

63 833 139 858 omnia
160 840 220 866 qua
239 833 335 864 habet,
351 832 411 859 dedi
427 833 456 859 in
480 840 590 859 manum
606 838 689 859 tuum.
716 833 749 860 Et
763 833 853 860 adhuc

63 884 206 912 propterea,
223 883 256 904 ut
275 886 337 905 cum
355 878 406 905 hoc
421 878 493 912 quod
510 879 631 914 gloriari,
647 882 689 906 vel
706 880 853 914 apptaude-

65 934 88 952 re
99 933 147 952 non
165 925 347 959 permitteris,
369 932 431 952 cum
448 925 500 952 hoc
523 926 582 960 ipso
596 926 678 952 etiam
699 926 852 954 humilieris

64 980 90 1000 ac
112 973 238 1000 rcl'uteris
255 978 339 1008 atque
363 972 479 1000 mendax
499 975 685 1008 comproheris
699 982 706 1000 ε
720 973 770 1002 Job
788 982 852 1002 vero

64 1018 187 1045 cxaltetur
199 1025 227 1046 et
242 1018 427 1049 beatiﬁcetur,
445 1024 525 1053 atque
539 1021 626 1046 victor
638 1020 851 1052 demonstretur,

64 1071 87 1091 et
100 1065 131 1092 sit
146 1065 215 1092 Deus
231 1073 328 1097 verax,
340 1065 385 1099 qui
399 1066 581 1092 testimonium
598 1066 734 1099 perhibuit
745 1066 805 1099 Joh,
824 1072 851 1094 tu

67 1119 121 1139 vero
133 1112 237 1139 diabole
251 1112 381 1144 mendax,
397 1116 478 1147 atque
489 1117 587 1139 auctor
609 1112 741 1140 mendacii
757 1117 851 1140 ostcn-

66 1159 137 1184 daris.
149 1158 189 1185 0h
205 1158 257 1185 ltoc
272 1166 339 1192 ergo
354 1159 444 1185 ontnia
459 1165 626 1193 quaecunque
642 1158 733 1190 habet,
748 1158 808 1185 dedi
825 1158 850 1184 in

68 1209 262 1238 manumtnatn,
281 1210 311 1231 ut
334 1212 430 1231 omnes
448 1204 473 1231 itt
494 1210 626 1238 perpetuo
646 1208 810 1239 cognoscant
825 1209 853 1232 et

68 1257 129 1277 tuam
154 1251 344 1285 ittiqttitatem,
367 1259 383 1278 ο
401 1250 526 1282 diabole,
544 1254 571 1277 et
595 1249 645 1277 Job
666 1250 798 1284 justitiam
819 1258 851 1278 ac

70 1295 235 1329 tolerantiam,
252 1301 280 1324 ct
293 1303 381 1324 meam
396 1296 584 1331 praesentiam;
601 1299 628 1322 et
643 1296 705 1330 quia
723 1296 748 1322 in
764 1297 850 1323 tribu-

70 1342 199 1370 lationibus
216 1348 302 1378 atque
319 1342 463 1370 tolerantia
487 1341 571 1376 probo
586 1341 687 1368 electos
713 1349 787 1368 meos
804 1349 811 1374 ;
825 1347 853 1368 et

71 1390 121 1422 qttia
138 1390 256 1424 plurimm
272 1389 456 1416 tribulatione:
468 1389 615 1422 justorum,
635 1393 658 1414 et
677 1396 709 1414 ea:
730 1389 851 1414 omnibus

71 1436 227 1462 ititiiberabit
240 1444 284 1462 eus
301 1435 471 1467 Dominus";
489 1439 516 1462 et
528 1435 590 1469 qttia
607 1439 734 1468 tanqttattt
755 1441 850 1461 aurum

73 1484 94 1509 in
110 1483 221 1515 fornace,
237 1483 274 1510 ita
287 1482 352 1517 justi
365 1486 448 1516 atque
466 1482 520 1508 Deo
538 1481 722 1516 acccptabiles
733 1483 851 1516 proban-

73 1537 108 1555 tur
119 1530 141 1556 in
159 1530 320 1557 tentatione.
336 1529 376 1556 Ob
397 1529 448 1556 hoc
469 1536 536 1562 ergo
552 1527 721 1562 respondens
737 1528 804 1554 dicit
817 1527 852 1554 ad

73 1576 213 1603 diabolum:
234 1577 313 1609 Ecce,
332 1576 425 1610 inquit,
444 1575 531 1601 omnia
554 1583 612 1609 qua:
636 1574 712 1600 liabet
724 1594 731 1606 ,
748 1574 809 1600 dedi
824 1574 852 1600 in

74 1630 164 1649 manum
189 1628 269 1650 tuam.
289 1623 356 1656 Quia
388 1623 439 1649 hoc
464 1621 606 1656 quaesisti,
625 1625 653 1647 ut
676 1628 726 1655 ego
742 1628 851 1647 manum

76 1676 148 1695 meam
166 1671 311 1702 mitterem,
327 1669 386 1696 ideo
398 1677 464 1696 ecce
478 1676 528 1703 ego
543 1668 603 1695 dedi
621 1667 712 1695 omnia
728 1675 854 1702 quaecun-

75 1723 117 1748 que
133 1716 207 1743 habet
224 1717 249 1743 in
268 1724 375 1743 manum
389 1721 479 1749 tuam,
497 1721 523 1743 et
541 1714 676 1750 peculium
691 1718 718 1741 et
741 1714 809 1740 lilios
825 1718 853 1740 et

76 1761 235 1790 substantiam
251 1768 280 1791 et
300 1763 406 1790 labores
426 1768 454 1790 et
465 1763 574 1791 divitias
588 1767 615 1789 et
631 1761 865 1796 possibilitatem.

75 1806 157 1834 Omnia
169 1815 225 1842 quae
238 1814 304 1836 sunt
317 1809 386 1836 intra
404 1810 511 1836 domum
525 1813 552 1836 et
563 1813 640 1835 extra
655 1808 762 1834 domttm
781 1806 851 1841 ejus,

77 1854 151 1880 omnia
162 1862 329 1891 qurecunque
345 1855 425 1883 habet
443 1864 495 1882 non
510 1855 633 1887 defendo,
646 1861 733 1888 neque
745 1858 852 1880 contra-

78 1899 136 1932 dico,
151 1910 198 1929 non
223 1903 371 1938 praepedio,
399 1910 487 1934 neque
503 1901 661 1933 obvio,sed
687 1901 713 1927 itt
740 1907 850 1926 manum

79 1952 138 1974 tuam
150 1951 231 1976 trado.
249 1950 390 1980 lntcrlice.
407 1951 488 1984 perde
508 1949 568 1975 dele
591 1953 671 1982 atque
687 1945 850 1973 extcrtnina.

79 1993 164 2023 Perﬁce
176 1997 321 2031 malignum
336 2002 410 2024 tuum
430 1997 556 2024 livorem.
573 1995 656 2030 Imple
679 1994 850 2021 maledictum

80 2041 132 2069 illud
142 2048 210 2070 tuttut
227 2045 329 2072 odium.
344 2044 490 2072 Pecuniam
512 2044 583 2071 enim
599 2048 626 2070 et
644 2042 713 2069 lilios
730 2041 779 2068 Job
792 2048 852 2076 per-

80 2087 126 2120 des,
142 2090 184 2117 sed
203 2091 363 2119 cltaritatem
385 2091 444 2125 ejus
461 2098 514 2118 non
539 2090 645 2125 perdes.
664 2087 850 2116 Substantiam

81 2139 106 2159 ac
116 2134 211 2164 labores
237 2138 296 2172 ejus
313 2137 482 2172 intercipies,
500 2137 546 2164 sed
566 2136 751 2163 sinceritatem
779 2134 852 2161 illius

902 186 972 214 coelo
984 192 1048 213 sunt
1071 187 1142 214 facta
1159 187 1268 215 tuendo.
1289 189 1367 221 Quod
1383 194 1472 216 autem
1488 188 1525 215 ita
1541 194 1583 216 est
1607 188 1698 222 perdi-

904 233 968 260 tioni
984 233 1073 260 dedita
1095 233 1254 268 nequissimi
1276 234 1376 262 diaboli
1402 242 1509 267 manus.
1524 235 1696 262 manifestum

903 284 945 306 est
958 280 983 305 in
997 278 1063 311 Job;
1080 287 1141 313 quae
1158 288 1220 306 mox
1235 284 1265 306 ιιι
1279 280 1411 314 perntissa
1425 286 1511 312 est,et
1527 289 1588 308 mox
1604 280 1699 316 utjtts-

901 325 1005 351 sionem
1014 325 1128 358 accepit,
1137 325 1228 352 statim
1241 326 1424 360 imparcenter
1431 332 1530 354 cuncta
1538 327 1635 361 perdit,
1643 332 1700 354 sta-

904 370 1052 397 titnomnia
1064 370 1203 398 interﬁcit.
1215 371 1293 404 Ecce,
1306 372 1426 406 inquam,
1443 374 1532 399 omnia
1545 381 1604 407 qua:
1620 373 1698 400 habet

902 417 976 444 dedit
989 417 1016 443 in
1032 425 1140 444 manum
1152 417 1309 445 tuam.Ecce
1317 426 1414 446 omnes
1423 419 1470 446 tibi
1479 419 1567 447 adeuti
1577 420 1699 447 occasio-

904 470 962 496 nes,
972 470 1036 490 ecce
1048 471 1100 490 non
1111 463 1194 490 habes
1204 463 1462 497 contradictionem,
1471 471 1536 492 ecce
1547 473 1599 492 non
1613 466 1699 493 habes

904 510 986 537 ullam
1001 510 1290 544 replicationem,ecce
1308 518 1361 537 non
1375 511 1458 538 habes
1471 512 1675 540 excusationem
1689 520 1696 538 :

903 557 990 584 omnia
1003 564 1166 592 qmecunque
1182 557 1257 583 habet
1286 556 1346 583 dedi
1369 557 1398 584 in
1423 564 1530 584 manum
1553 563 1638 590 luant,
1663 564 1694 586 ut

904 611 965 630 cum
981 609 1090 630 omnem
1104 602 1155 630 Job
1179 603 1361 630 substantiatn
1377 603 1535 637 perdideris,
1554 608 1617 631 tunc
1628 612 1698 638 prat—

904 649 997 676 sertim
1013 655 1164 683 cognoscas
1177 647 1240 682 quia
1258 655 1312 675 non
1329 654 1440 682 propter
1457 648 1640 676 substantiam
1655 657 1698 677 me

905 695 968 722 colit
985 694 1046 728 Job,
1065 695 1111 722 sed
1129 698 1240 730 propter
1253 694 1427 727 charitatent,
1441 695 1504 728 quia
1521 703 1574 722 non
1588 701 1700 729 propter

906 741 1048 769 facultates
1063 741 1166 775 gratias
1179 742 1246 768 mihi
1260 741 1328 777 agit,
1352 743 1399 769 sed
1427 747 1538 776 propter
1555 742 1699 770 sincerita-

906 792 970 816 tem.
986 787 1026 815 Ob
1038 788 1089 815 hoc
1104 795 1170 822 ergo
1183 787 1250 814 Ecce
1266 788 1355 814 omnia
1363 796 1526 823 quaecunque
1542 788 1618 816 habet
1638 790 1699 816 dedi

905 835 932 860 in
961 843 1070 861 manant
1105 839 1188 865 tuam,
1214 834 1259 860 sed
1280 834 1366 867 ipsum
1393 842 1455 860 cave
1487 842 1518 861 ne
1539 840 1633 870 tangas
1654 835 1697 862 η’.

907 880 1017 911 Dixisti,
1033 887 1049 907 o
1062 880 1178 910 diabole,
1193 880 1264 914 quod
1288 887 1341 906 tton
1363 884 1476 914 propter
1493 880 1634 914 pietatem,
1651 882 1698 908 sed

905 931 1018 962 propter
1036 927 1145 953 divitias
1159 925 1210 954 Job
1222 926 1337 953 coluerit
1352 933 1414 953 tne:
1432 927 1536 959 dixisti,
1552 927 1699 962 attici-qua:

906 972 1016 1003 dedisti,
1042 977 1069 999 et
1092 980 1241 1008 cognosces
1266 973 1331 1007 quid
1358 973 1394 1000 sit
1418 972 1576 1009 Job._Ego,
1598 974 1697 1008 inquit,

905 1026 1073 1054 cognoscere
1091 1027 1144 1046 non
1165 1026 1276 1046 necesse
1297 1019 1383 1046 habeo
1405 1029 1412 1046 :
1429 1020 1605 1054 przescienter
1625 1021 1697 1047 cuitu

906 1065 963 1092 scio
979 1065 1157 1092 constantiam
1179 1064 1229 1092 Joh
1253 1069 1335 1099 atque
1360 1064 1530 1092 devotionem
1551 1073 1632 1099 qttant
1649 1066 1699 1092 ha-

907 1112 953 1139 bet
969 1111 1042 1138 circa
1063 1119 1106 1138 me
1123 1119 1130 1136 :
1144 1111 1233 1138 omnia
1257 1118 1323 1138 vero
1336 1118 1508 1145 quaecunque
1521 1116 1584 1137 sunt
1597 1111 1645 1144 illi,
1664 1112 1698 1138 do

907 1159 933 1185 itt
951 1165 1060 1184 tnanuttt
1092 1163 1176 1190 luant,
1209 1161 1237 1183 ut
1263 1164 1325 1183 cum
1352 1156 1526 1190 probaveris;
1549 1163 1698 1192 cognoscas

906 1205 967 1239 quia
987 1204 1062 1231 solus
1077 1203 1127 1230 Job
1145 1203 1215 1230 Valet
1244 1203 1372 1230 resistere
1398 1203 1531 1230 unitersm
1558 1203 1696 1237 illiqttitttti

906 1258 987 1286 atque
1025 1252 1137 1278 malitia:
1162 1257 1224 1277 tum.
1249 1250 1303 1277 Sed
1334 1250 1443 1277 interim
1470 1251 1571 1282 omnia,
1598 1250 1696 1284 inquit,

905 1306 1067 1334 qumcuuque
1078 1298 1154 1324 habet
1175 1298 1235 1324 dedi
1249 1298 1277 1324 in
1307 1305 1415 1324 manum
1436 1301 1522 1328 tuam,
1545 1296 1591 1322 sed
1612 1296 1698 1330 ipsum

905 1352 966 1372 cave
980 1353 1011 1371 ne
1024 1349 1126 1379 tangar.
1147 1344 1222 1378 Quod
1237 1344 1395 1378 quaesivisti,
1408 1343 1504 1378 inquit,
1518 1342 1601 1371 habes
1615 1352 1621 1369 :
1638 1351 1697 1377 qua!

907 1390 1010 1426 petisti,
1021 1391 1162 1424 accepisti,
1175 1395 1337 1426 potestatem
1351 1390 1510 1417 substantia:
1520 1394 1547 1416 et
1558 1389 1698 1424 possibili-

910 1438 973 1464 tatis
981 1441 1063 1472 atque
1072 1437 1240 1470 divitiarum,
1250 1436 1347 1471 peculii
1358 1435 1536 1463 nihilmninus
1544 1440 1624 1470 atque
1632 1435 1699 1464 illio-

907 1491 966 1510 rttttt
986 1492 992 1510 :
1013 1484 1060 1510 sed
1079 1483 1166 1517 ipsum
1183 1491 1244 1509 cave
1262 1491 1292 1509 ne
1310 1487 1421 1516 tangas,
1442 1482 1505 1516 quia
1532 1490 1584 1508 nott
1608 1482 1696 1516 ipsum

903 1531 1036 1565 quaesisti,
1046 1531 1091 1557 sed
1103 1536 1272 1564 quaecunque
1282 1529 1372 1556 habet.
1381 1528 1484 1555 Idcirco
1491 1528 1618 1555 ontnibus
1627 1535 1696 1562 qua:-

903 1584 1011 1611 cunque
1029 1577 1109 1604 habet
1129 1576 1249 1611 acceptis
1268 1575 1356 1610 ipsutn
1373 1583 1434 1602 care
1452 1583 1482 1601 ne
1491 1581 1594 1609 tangas,
1608 1582 1697 1609 neque

903 1623 1061 1655 carnaliter,
1076 1629 1164 1656 neque
1183 1621 1352 1656 spiritaliter,
1369 1627 1457 1654 neque
1474 1620 1628 1652 manifeste,
1649 1628 1697 1647 tte-

903 1678 955 1705 qtte
973 1669 1101 1695 latenter.
1119 1668 1210 1702 Ipsum
1230 1675 1291 1694 caue
1310 1675 1341 1693 ne
1357 1671 1459 1701 tangas.
1482 1666 1538 1693 Cur
1553 1667 1627 1693 enim
1642 1673 1694 1692 non

903 1714 1032 1749 tangam?
1045 1714 1085 1741 0b
1101 1713 1162 1744 hoc,
1175 1713 1273 1746 inquit,
1291 1712 1353 1746 quia
1363 1715 1489 1738 servatur
1500 1711 1533 1738 ad
1546 1711 1695 1738 secundam

903 1761 1091 1791 Iuctationetn,
1107 1764 1244 1786 certamen
1259 1765 1367 1792 quoque
1389 1761 1417 1784 et
1445 1757 1638 1789 constantiaut,
1654 1761 1697 1783 at-

903 1815 956 1842 que
968 1807 1117 1834 tolerantia:
1131 1806 1367 1840 approbationem.
1382 1803 1497 1837 Sulliclt,
1514 1803 1611 1838 inquit,
1624 1810 1696 1831 nunc

903 1853 960 1880 haec
978 1859 1038 1887 quae
1055 1858 1104 1886 per
1129 1851 1251 1886 pecunia:
1270 1856 1352 1885 atque
1382 1850 1499 1877 ﬁliorum
1516 1851 1695 1885 perditionem

903 1898 933 1925 ﬁt
947 1898 1070 1925 tentatio.
1088 1897 1184 1924 Merito
1197 1896 1286 1931 ipsum
1302 1903 1369 1923 cave
1385 1904 1418 1923 tte
1432 1901 1539 1932 tangas.
1552 1896 1574 1924 0
1587 1897 1695 1924 bonitas

904 1950 961 1978 tua,
976 1951 1035 1976 rex,
1047 1952 1064 1972 ο
1077 1944 1163 1972 virtus
1175 1949 1257 1979 atque
1277 1942 1479 1978 magnificentia
1502 1948 1555 1973 tua.
1571 1943 1692 1971 [Eternel

903 1992 989 2025 Quam
1004 1999 1129 2026 magnam
1145 1990 1359 2018 consolationem
1380 1988 1477 2016 tribuis
1495 1989 1527 2017 iis
1541 1990 1587 2024 qui
1613 1991 1646 2017 ad
1669 1995 1695 2017 te

904 2038 1087 2072 confugerint,
1099 2041 1126 2064 et
1136 2036 1298 2064 constantis
1313 2035 1440 2062 ﬁduciam
1450 2044 1464 2062 a
1474 2039 1500 2062 te
1512 2035 1693 2071 speraverint,

903 2089 933 2111 ut
947 2091 1035 2118 neque
1047 2084 1188 2111 hominum
1206 2090 1294 2118 neque
1306 2083 1492 2118 iumentorum
1504 2102 1511 2115 ,
1536 2089 1621 2116 neque
1635 2083 1694 2108 ani-

905 2134 1038 2156 matorum
1061 2137 1150 2163 neque
1176 2129 1385 2155 inanimatorum
1403 2131 1564 2162 potestatem
1594 2127 1693 2154 habeat

82 2184 147 2212 :thlte
171 2183 315 2216 gratiarum
341 2184 474 2210 actionem
495 2190 548 2209 ῃοιι
567 2180 734 2215 ἰηιειεοίρῑυε,
752 2179 848 2207 Omnia
867 2173 887 2200 D
902 2175 1087 2206 adversarius,
1101 2175 1152 2201 nisi
1171 2174 1214 2201 tIItI
1228 2173 1311 2201 fuerit
1326 2174 1492 2208 permissus!
1517 2173 1576 2200 Non
1601 2178 1692 2200 autem

82 2231 134 2257 ergo
145 2234 308 2266 quaecunque
336 2227 417 2255 habet
432 2227 492 2254 dedi
512 2227 537 2253 itt
567 2234 676 2253 manum
695 2230 778 2257 luant,
793 2231 853 2258 quae

84 2267 137 2296 iram
161 2277 237 2307 atque
263 2273 381 2307 gladium
404 2274 536 2306 continet,
563 2280 623 2306 quae
648 2270 740 2306 pradia
769 2275 852 2305 atque

84 2314 137 2341 bella
161 2324 295 2352 operatur,
320 2327 380 2353 quae
402 2319 583 2353 perditionem
600 2322 680 2352 atque
701 2316 852 2344 damnatio.-

85 2366 132 2386 ncm
152 2364 260 2396 perlicit,
276 2372 336 2399 quae
357 2365 495 2392 doloribus
512 2364 639 2395 satiatur,
655 2370 714 2396 qua:
743 2361 853 2389 sceleri-

85 2402 124 2431 bus
137 2412 208 2442 atque
226 2409 411 2444 impietatibus
426 2410 523 2436 inhiat.
542 2408 569 2434 In
587 2409 670 2441 hanc,
683 2407 780 2441 inquit,
796 2414 853 2432 nta-

86 2457 135 2478 mtm
152 2458 216 2481 tuam
238 2456 316 2483 trado
339 2456 430 2483 omnia
452 2462 620 2490 quaecunque
643 2459 706 2480 sunt
721 2453 810 2483 illius;
826 2452 851 2478 in

88 2496 141 2524 hanc
155 2508 268 2533 manum,
282 2510 341 2536 qua:
356 2502 377 2529 si
397 2501 566 2536 praevaleret,
585 2508 693 2528 omnem
716 2499 851 2526 hominem

88 2546 108 2566 et
120 2549 211 2572 onmem
231 2547 356 2580 spiritum
372 2547 416 2582 qui
438 2547 488 2574 sub
504 2546 572 2573 coalo
586 2551 639 2578 est,
656 2545 747 2572 subito
759 2544 785 2570 in
797 2543 851 2570 ictu

87 2589 142 2615 oculi
156 2594 290 2627 perderet,
310 2594 412 2621 deleret
441 2600 522 2628 atque
545 2592 722 2623 interﬁceret,
748 2591 769 2618 si
791 2597 852 2624 per-

89 2633 225 2672 mitteretur,
242 2644 268 2666 et
295 2640 316 2666 si
331 2639 407 2674 juxta
434 2639 600 2666 voluntatem
627 2635 779 2670 iniquitatis
795 2641 851 2662 suae

89 2685 221 2712 potestatem
234 2686 355 2712 haberet.
371 2686 423 2713 Sed
438 2685 541 2712 resistit
558 2684 594 2711 illi
607 2686 779 2716 utnntpotens
796 2687 852 2707 ma-

91 2733 129 2753 nus
140 2728 187 2764 Dei,
206 2737 285 2767 atque
305 2731 452 2759 fortissima
468 2732 578 2760 dextera
597 2729 735 2759 Creatoris
756 2729 853 2764 guber-

119 2809 134 2824 “
152 2810 193 2838 Mt
207 2823 225 2846 ι,
243 2814 285 2840 12.

325 2815 346 2831 ¹²
361 2814 432 2842 Psal.
450 2822 533 2841 “xm
558 2814 601 2841 ‘20.
650 2813 683 2828 "’
705 2810 716 2837 J
738 2810 754 2837 h
771 2818 793 2842 ι,
814 2809 853 2836 12.

903 2220 1081 2255 perntittitur,
1098 2219 1149 2247 nisi
1167 2219 1211 2246 tibi
1225 2220 1330 2246 noverit
1351 2218 1422 2246 Deus
1440 2227 1490 2254 pro
1518 2219 1579 2246 iidei
1605 2219 1692 2246 manl—

902 2266 1057 2297 i‘estatione,
1080 2269 1106 2292 et
1118 2265 1279 2292 constantia:
1297 2264 1506 2299 approbatione,
1526 2270 1609 2299 atque
1636 2264 1693 2298 glo-

903 2313 984 2340 riosa:
1013 2311 1243 2338 retnuneratimtis
1274 2310 1463 2337 retributione.
1495 2310 1558 2338 Haec
1589 2311 1694 2338 scilicet

905 2364 956 2384 nos
970 2357 1087 2384 scientes
1100 2355 1215 2383 sollicite
1228 2361 1309 2389 atque
1323 2356 1420 2382 devote
1439 2355 1472 2382 ad
1498 2355 1581 2382 Deunt
1599 2356 1693 2383 conl‘u—

904 2403 1020 2439 giamos,
1038 2402 1235 2429 instantissime
1249 2407 1331 2436 atque
1343 2401 1529 2428 sincerissime
1547 2402 1574 2428 in
1587 2403 1692 2429 oratio-

905 2449 985 2476 nibus
1001 2449 1082 2475 Deutn
1097 2448 1264 2480 invocemus,
1285 2453 1313 2474 ut
1326 2452 1434 2473 avertat
1451 2454 1466 2473 a
1482 2446 1560 2474 nobis
1583 2448 1692 2481 maligni

905 2494 1035 2527 insidias;
1055 2498 1083 2520 ut
1096 2493 1194 2528 eripiat
1209 2500 1258 2519 nos
1269 2493 1302 2519 de
1324 2491 1480 2518 crudelibus
1494 2491 1567 2517 illius
1598 2491 1692 2518 incur-

904 2541 1037 2572 sionibus,
1054 2545 1145 2566 etnon
1159 2539 1298 2573 permittat
1311 2545 1359 2565 nos
1372 2537 1470 2564 tentari
1484 2544 1564 2571 super
1578 2537 1604 2564 id
1620 2537 1692 2572 quod

903 2587 1041 2622 possimus
1057 2585 1182 2613 suiTerre.

939 2632 1018 2665 Ecce,
1035 2633 1135 2666 inquit,
1153 2631 1275 2657 utriversa
1302 2637 1462 2665 quocunque
1484 2629 1559 2656 habet
1586 2629 1646 2656 dedi
1665 2630 1693 2656 in

904 2689 984 2708 manu
997 2685 1051 2706 tua.
1069 2677 1127 2706 Non
1144 2678 1216 2710 ideo,
1233 2677 1331 2712 inquit.
1347 2677 1408 2704 dedi
1421 2676 1478 2704 haec
1488 2676 1578 2703 omnia
1592 2676 1618 2702 in
1636 2685 1692 2703 Ina-

908 2735 943 2754 nu
963 2732 1018 2760 tua,
1035 2725 1098 2761 quia
1112 2724 1325 2760 oportuerath
1341 2723 1442 2759 justum
1469 2722 1567 2756 fuerat,
1582 2722 1629 2750 sed
1657 2722 1692 2750 ob
