1904 3076
208 82 263 111 M9

773 81 965 110 ANONYMUS
982 82 1014 110 ΙΝ
1033 82 1102 110 J()B.
1122 98 1157 102 —
1177 82 1240 110 LIB.
1259 83 1279 110 Ι.

1788 85 1846 113 420

209 145 262 173 hoc
279 149 306 171 ut
319 143 445 178 nequitiae
464 147 516 169 ture
532 142 688 170 occasiones
700 143 845 170 auferrem.
856 144 995 177 Quomodo
1009 145 1034 177 Α
1050 144 1102 172 alio
1116 149 1243 179 poterant
1264 145 1430 172 manducare
1445 145 1487 172 vol
1500 145 1593 174 bibere
1621 141 1683 173 talis
1707 153 1742 172 ac
1771 146 1844 173 tanti

209 191 281 219 enim
295 190 397 224 justum
411 194 481 220 erat,
493 188 535 216 vel
549 193 706 224 oportuerat
717 194 747 216 ιιι
762 189 854 216 darem
871 190 897 216 in
913 197 993 217 manu

211 243 255 264 tua
278 237 342 271 juga
368 237 446 262 bottm
462 242 523 270 qua:
544 235 638 262 viduas
652 235 754 265 orando
784 235 939 263 revelabant
967 241 995 263 et

210 289 306 317 greges
322 281 521 316 pecorum,qui
553 280 691 315 nrphanos
726 281 886 314 vestiebant,
913 287 994 316 atque

210 327 423 355 calefaciebant?
435 326 577 359 Quomodo
590 331 759 360 oportuerat,
770 327 811 355 vel
823 327 926 361 justutn
936 333 995 355 erat

210 379 238 401 ut
248 373 337 408 justos
350 378 377 400 et
392 373 550 400 innocentes
564 373 634 400 ﬁlios
647 373 698 400 Job
711 378 738 400 tu
761 374 883 408 ttequiter
907 374 994 401 inter-

210 420 340 452 ﬁcercs,o
354 418 470 451 dialiole,
483 426 544 445 cum
565 418 679 446 dixerim
692 423 753 453 post
765 419 791 446 in
804 418 994 454 legezlurtum

207 473 231 494 et
246 467 409 492 innocentem
422 473 473 492 non
490 465 592 491 occides
608 465 646 491 ⁸³2
665 464 722 492 Non
745 472 809 500 ergo
836 470 995 499 oportuerat

209 512 408 547 nequejustum
426 512 525 543 fueral,
540 511 587 538 sed
604 516 717 546 propter
732 511 903 547 iniquitatem
920 516 993 538 tuam

207 564 234 586 et
250 559 337 586 zelum
357 563 385 586 et
398 559 522 590 livorem,
539 562 568 584 ut
586 557 779 584 inexcusabilis
797 557 993 592 comproberis,

208 610 236 633 et
261 605 363 639 absque
390 604 607 631 contradictione
637 603 822 638 redarguaris,
848 609 994 639 propterea

207 659 267 679 ecce
295 651 383 678 omnia
405 658 564 686 quiscunque
595 649 671 676 habet
695 650 756 677 dedi
781 651 808 676 in
832 658 912 677 manu
936 655 992 684 tua,

208 698 255 725 sed
271 698 355 732 ipsum
374 705 433 723 caue
461 705 492 723 ne
510 702 615 731 tangas.
630 695 663 722 Et
679 696 776 730 factum
796 702 833 723 est
848 697 924 730 quasi
938 697 993 723 diu

207 744 255 770 illa
269 743 301 770 ιδ.
317 743 381 776 Qua:
396 742 474 770 dies?
485 742 531 770 illa
547 743 604 769 dies
620 743 646 769 iu
664 751 716 777 qua
729 742 862 778 malignus
880 743 994 783 permis—

209 790 312 816 sionem
330 789 444 822 accepit,
472 787 498 815 in
532 796 584 822 qua
615 789 796 823 nequissimus
822 788 918 816 ﬁducia
952 793 993 816 est

1047 190 1098 218 viri
1117 190 1164 217 ﬁlii
1184 196 1305 225 tempore
1322 199 1330 218 :
1348 191 1411 226 quia
1434 198 1484 219 nec
1515 192 1574 226 ipse
1601 197 1679 219 extra
1711 192 1844 219 ordinem

1049 237 1213 265 manducare
1228 237 1271 264 vel
1285 237 1379 265 bibere
1395 238 1492 265 solitus
1503 244 1563 266 erat
1573 258 1581 270 ,
1598 238 1645 266 sed
1670 238 1843 273 competenti

1049 287 1180 317 tempore,
1211 283 1258 310 sed
1281 283 1415 317 disposito
1426 288 1548 316 tempore
1562 289 1643 319 atque
1659 283 1792 311 ordinato
1815 289 1844 311 et

1049 329 1107 363 ipse
1118 329 1303 363 manducavit,
1317 333 1344 356 et
1360 329 1430 357 ﬁlios
1450 337 1514 356 suos
1531 330 1603 357 circa
1618 330 1744 357 ordinem
1764 337 1843 357 man-

1048 374 1149 402 ducare
1162 374 1263 402 docuit.
1281 375 1326 402 Sic
1346 375 1437 410 itaque
1453 375 1518 402 hora
1535 376 1639 409 prandii
1665 375 1842 402 manducan-

1049 420 1122 448 tibus
1136 420 1190 448 illis
1204 428 1236 448 ac
1247 420 1415 454 bibentibus,
1427 419 1478 448 Job
1495 428 1561 448 sane
1575 421 1601 447 in
1617 421 1697 448 domo
1711 428 1775 453 sua,
1792 421 1842 448 ﬁlii

1049 471 1137 493 autem
1153 466 1247 502 ejuset
1263 466 1336 499 ﬁlim,
1363 466 1390 493 in
1421 466 1502 493 domo
1524 466 1618 493 fratris
1640 467 1682 493 sui
1713 466 1841 501 majoris,

1048 512 1159 540 nunti‘us
1175 512 1250 538 venit
1261 512 1294 539 ad
1308 511 1370 539 Job.
1390 511 1455 538 Erat
1468 519 1591 546 namque,
1601 511 1762 547 nequissimi
1779 512 1842 539 dia-

1047 558 1101 585 boli
1114 558 1244 589 versutia,
1259 562 1288 584 ut
1303 558 1398 586 horam
1413 558 1517 593 prandii
1532 559 1701 589 observaret,
1712 562 1741 584 ιιι
1756 565 1841 592 pran-

1047 604 1127 631 dente
1141 604 1189 631 illo
1209 604 1302 630 tristes
1329 611 1360 630 ac
1386 603 1541 631 mortiferus
1567 603 1677 631 nuntios
1709 605 1742 630 ad
1775 612 1839 630 eum

1047 649 1177 682 mitteret,
1191 656 1245 685 quo
1261 649 1348 684 magis
1373 649 1498 683 fatigaret
1525 654 1552 676 et
1573 656 1634 676 enm
1655 649 1838 682 interﬁceret,

1047 700 1076 722 ut
1088 700 1209 729 tempore
1222 695 1398 722 comestionis
1412 703 1443 722 ac
1458 699 1538 729 potus
1552 700 1634 729 atque
1653 695 1839 729 iucunditatis

1048 741 1138 768 tristes
1156 741 1267 768 nuntios
1283 741 1414 768 mittendo
1428 742 1544 768 deﬁcere
1557 742 1631 768 illum
1643 742 1747 776 justum
1764 741 1839 768 face-

1047 791 1097 814 ret.
1109 786 1171 814 Haec
1186 794 1304 822 namque
1319 788 1507 815 demonstrans
1525 788 1589 815 dicit
1603 796 1613 815 :
1631 787 1699 815 Ecce
1724 789 1836 814 nuntius

210 835 305 867 fretus,
319 834 345 861 in
361 841 413 869 qua
425 834 470 861 die
484 834 607 862 diabolus
621 835 795 862 innocentum
819 839 932 862 tnortem
956 835 995 862 fa-
1012 829 1032 856 Β
1047 831 1116 858 venit
1133 832 1167 858 ad
1177 831 1228 858 Job
1241 831 1274 866 ³⁸,
1289 831 1412 860 dolorum
1429 837 1511 866 atque
1533 833 1681 867 gemituum
1713 833 1836 863 nuntius.

208 881 327 908 bricatus
343 885 384 908 est
399 889 406 907 :
421 879 454 907 Et
470 880 569 914 factum
585 885 623 907 est
645 881 721 915 quasi
736 882 790 907 dies
810 880 870 912 illa,
888 880 913 907 in
940 888 993 916 qua

207 926 330 953 diabolus
349 927 459 961 gavisus
475 931 527 958 est,
542 926 588 961 qui
612 934 751 962 nunquam
771 933 812 954 est
828 928 946 962 gavisus,
965 927 992 954 in

207 979 260 1007 qua
278 972 413 1008 malignus
435 971 591 1005 exsultavit,
607 973 652 1007 qui
682 980 820 1007 nunquam
855 974 993 1001 exsultare

206 1023 250 1046 est
265 1018 467 1053 comprobatus.
485 1017 552 1045 Nam
572 1018 780 1046 exsultationem
797 1019 872 1046 ducit
898 1027 991 1046 eorum

207 1064 252 1098 qui
267 1068 330 1091 sunt
345 1063 535 1098 perditionem,
549 1069 630 1098 atque
651 1064 772 1091 vivorqu
805 1064 992 1091 mortificatio-

207 1118 278 1137 nem.
293 1109 328 1136 Et
339 1110 438 1144 factum
451 1115 489 1137 est
500 1111 566 1137 sicut
580 1110 628 1136 illa
653 1110 719 1136 dies.
747 1109 816 1143 Quae
835 1110 914 1137 dies?
934 1109 991 1143 llla,

206 1156 306 1192 inquit,
321 1157 379 1183 dies
394 1157 420 1183 in
432 1163 485 1191 qua
495 1156 542 1183 ﬁlii
557 1154 609 1183 Job
621 1162 649 1183 et
661 1156 722 1183 lilia:
737 1156 912 1183 novissimum
928 1156 991 1184 illud

206 1202 393 1230 unanimitalis
408 1208 490 1237 atque
497 1202 652 1229 concordiae
665 1202 809 1237 prandium
824 1203 993 1236 pranderunt

205 1256 287 1284 super
301 1254 412 1276 terram.
430 1248 457 1275 In
476 1248 552 1275 caelis
571 1255 687 1283 namque
711 1253 819 1275 aeterna:
840 1249 933 1284 gloria:
964 1253 992 1276 et

207 1293 422 1328 incorruptibilis
436 1294 605 1321 beatitudine
623 1295 726 1328 pariter
758 1294 894 1322 fruuntur.
914 1295 990 1328 Quod

206 1345 296 1366 autern
311 1339 489 1366 novissimum
504 1339 646 1375 prandium
665 1340 764 1367 tuncin
783 1348 896 1374 corpore
908 1349 990 1376 pran-

206 1384 314 1417 dernut,
326 1392 387 1411 mox
402 1385 599 1419 subsequenter
617 1385 746 1418 ostendit,
762 1386 873 1413 dicens:
889 1385 923 1412 Et
941 1386 991 1420 ﬁlii

205 1431 256 1458 Job
269 1436 292 1458 et
310 1431 372 1466 ﬁliae
381 1431 574 1458 manducabant
588 1436 612 1458 et
633 1431 751 1458 bibebant
765 1433 793 1458 in
808 1432 885 1459 domo
899 1432 990 1467 fratris

205 1478 248 1504 sui
261 1477 372 1512 majoris
382 1477 415 1510 ",
431 1484 462 1505 ac
472 1476 554 1504 veluti
566 1477 670 1512 parvuli
684 1476 801 1505 infantes
815 1478 894 1506 malis
903 1480 991 1506 omni-

207 1523 257 1550 bus
269 1528 405 1558 expertes,
416 1523 496 1551 simul
510 1524 604 1551 sedent
617 1527 643 1551 et
658 1529 747 1556 stant,
768 1524 846 1551 simul
859 1529 886 1552 et
898 1524 992 1553 ludunt

206 1574 234 1597 et
248 1569 355 1602 bibunt,
383 1577 433 1597 nec
463 1569 611 1605 quidquam
635 1570 710 1603 mali,
737 1575 784 1597 aut
813 1570 911 1603 illiciti,
944 1575 992 1598 aut

205 1615 287 1643 etiam
304 1615 414 1642 obsceni
434 1615 467 1642 de
483 1615 598 1643 invicem
612 1615 644 1642 ad
659 1615 775 1643 invicem
798 1615 916 1650 cogitant
932 1625 939 1643 :
955 1616 991 1642 ita

204 1665 233 1689 et
249 1661 399 1688 beatissimi
419 1660 465 1688 lilii
483 1660 534 1688 Job
550 1668 582 1688 ac
597 1661 659 1688 ﬁlim
674 1661 743 1689 casti
758 1667 837 1688 erant
854 1661 952 1689 anitnis
965 1665 992 1688 et

204 1707 305 1735 mundo
321 1707 414 1739 corde,
429 1712 456 1733 et
472 1707 643 1734 immaculata
666 1707 833 1734 conscientia
852 1711 880 1734 et
904 1707 992 1734 omni-

204 1752 256 1780 bus
281 1753 460 1780 immunditiis
485 1757 568 1787 atque
592 1753 695 1780 illicitis
726 1757 862 1788 expertes.
895 1753 991 1780 Merito

205 1807 267 1826 cum
295 1798 483 1833 hujuscemodi
511 1803 612 1830 essent,
633 1798 713 1826 simul
741 1799 940 1826 manducabant
965 1802 992 1826 et

203 1844 331 1872 bibebant
343 1848 428 1871 caste.
442 1844 481 1872 lla
496 1849 576 1872 erant
591 1844 670 1872 simul
685 1844 751 1871 olim
774 1845 859 1871 Adam
883 1850 911 1871 et
936 1844 990 1872 Eva

203 1890 322 1925 quandiu
348 1891 374 1916 in
388 1890 516 1925 paradiso
537 1891 563 1918 in
588 1891 746 1918 innocentia
768 1891 989 1926 permansissent.

204 1937 241 1964 Ita
259 1941 285 1964 et
299 1944 371 1964 nunc
384 1941 446 1965 sunt
457 1937 484 1964 in
498 1942 592 1964 sancta
610 1937 731 1964 Ecclesia
746 1943 828 1964 casta:
842 1937 940 1964 anima:
957 1944 989 1964 ac

202 1988 313 2016 sanctte,
328 1983 399 2011 sicut
427 1983 565 2018 simplices
591 1983 720 2015 infantes,
751 1988 834 2018 atque
864 1982 990 2010 omnibus

202 2030 280 2057 malis
293 2033 428 2064 expertes.
448 2028 494 2056 Sic
510 2029 615 2057 scilicet
628 2029 738 2056 fuerunt
750 2029 833 2056 etiam
850 2028 990 2064 benignis-

202 2076 275 2107 simi,
290 2083 322 2102 ac
342 2075 398 2103 Deo
413 2075 516 2106 dilecti,
531 2080 612 2110 atque
630 2075 756 2102 omnibus
771 2074 873 2110 angelis
886 2075 989 2102 sanctis

202 2122 261 2156 ejus
273 2120 381 2149 ﬁliiJob
398 2126 509 2156 propter
529 2121 715 2148 innocentiam
745 2126 772 2148 et
799 2121 986 2149 sanctitatem.

1048 877 1179 904 malorum
1206 882 1288 912 atque
1319 877 1508 905 amaritudinis
1532 885 1631 912 prisco,
1651 878 1838 905 tribulationis

1047 927 1128 958 atque
1146 924 1278 959 angustia:
1292 924 1464 958 praedicator.
1479 923 1597 951 Nuntius
1613 923 1688 951 venit
1712 924 1746 951 ad
1776 923 1835 955 Job.

1047 969 1094 1004 qui
1114 973 1290 996 conservatus
1313 969 1347 996 ab
1363 970 1520 997 adversario
1543 971 1641 997 missus
1661 974 1703 997 est
1726 978 1741 997 a
1771 971 1836 997 dia—

1046 1015 1119 1042 bolo.
1143 1015 1260 1043 Nuntius
1286 1016 1361 1043 venit
1381 1016 1415 1043 ad
1441 1015 1509 1049 Job,
1528 1016 1663 1049 concisus,
1684 1015 1834 1045 laceratus.

1046 1061 1220 1096 compilatus,
1250 1066 1391 1093 contusus,
1417 1061 1495 1095 ﬂens,
1513 1062 1675 1095 latnentans,
1701 1063 1835 1098 plangens

1046 1113 1073 1134 et
1092 1106 1261 1140 vociferans,
1287 1112 1368 1142 atque
1394 1107 1518 1136 universa
1545 1116 1606 1143 qua:
1633 1113 1694 1135 sunt
1720 1109 1834 1136 misera-

1046 1153 1109 1181 bilia
1129 1153 1203 1180 luctu
1220 1153 1421 1187 demonstrans,
1439 1153 1474 1181 ita
1498 1161 1514 1181 a
1533 1154 1649 1189 maligno
1673 1154 1787 1181 edoctus
1805 1160 1835 1181 ut

1046 1199 1104 1234 ipso
1120 1200 1209 1235 potius
1228 1200 1375 1227 miserabili
1398 1208 1448 1227 suo
1465 1200 1537 1228 luctu
1553 1207 1582 1228 ac
1602 1200 1712 1235 planctu
1735 1201 1762 1227 in
1787 1201 1832 1228 Dei

1046 1246 1284 1281 reprehensionem
1311 1245 1378 1280 justi
1410 1246 1480 1273 illius
1517 1251 1633 1273 mentem
1672 1247 1831 1274 concitaret.

1045 1292 1161 1320 Nuntius
1189 1293 1261 1319 venit
1279 1292 1312 1319 ad
1335 1291 1385 1320 Joh
1407 1298 1435 1319 et
1459 1292 1528 1321 dixit
1545 1292 1592 1324 illi,
1621 1293 1770 1320 miserabili
1792 1298 1832 1320 at-

1045 1346 1099 1373 que
1123 1338 1289 1374 lacrymabili
1314 1346 1380 1366 voce
1402 1338 1470 1365 dixit
1497 1338 1521 1366 ei
1547 1346 1555 1366 :
1579 1339 1648 1372 Quid
1672 1340 1788 1375 cogitas,
1815 1347 1832 1366 ο

1045 1383 1111 1412 Job?
1137 1385 1177 1412 Ad
1209 1392 1328 1412 mensam
1351 1385 1447 1418 sedes,
1465 1389 1491 1412 et
1516 1393 1548 1413 ea
1575 1393 1634 1420 qua:
1660 1386 1831 1420 contigerunt

1046 1430 1164 1464 ignoras.
1194 1430 1300 1457 Deliciis
1325 1430 1427 1462 uteris,
1467 1435 1495 1458 et
1521 1431 1676 1459 accidentes
1704 1431 1754 1458 tibi
1782 1431 1831 1458 mi.

1045 1477 1132 1504 serias
1152 1477 1251 1504 nescis.
1279 1476 1351 1504 Dixit
1372 1476 1408 1503 illi
1429 1476 1493 1504 :Ad
1517 1485 1637 1504 mensam
1661 1477 1831 1512 splendidam

1043 1522 1214 1555 sedes,Job:
1236 1523 1282 1550 sed
1303 1523 1382 1550 hodie
1405 1522 1438 1549 ad
1458 1531 1590 1555 mensam,
1618 1531 1678 1551 cras
1706 1530 1773 1550 vero
1798 1523 1830 1550 ad

1044 1569 1142 1597 lectum
1153 1569 1226 1596 foras
1240 1569 1442 1604 deportatorum
1454 1569 1582 1601 ﬁliorum,
1599 1570 1678 1597 modo
1692 1569 1717 1596 in
1731 1570 1831 1604 jucun-

1043 1616 1139 1648 ditate,
1158 1620 1218 1650 post
1230 1615 1366 1650 paululutn
1380 1621 1469 1642 autern
1491 1616 1517 1642 in
1541 1615 1641 1642 infelici
1661 1620 1830 1651 paupertate.

1043 1662 1119 1696 Quod
1134 1663 1155 1690 si
1169 1670 1222 1690 non
1236 1662 1325 1689 credis
1336 1683 1343 1695 ,
1358 1663 1429 1696 quod
1448 1661 1470 1688 si
1498 1669 1550 1688 non
1581 1669 1676 1696 speras
1706 1662 1743 1689 ita
1770 1669 1829 1689 essu

1042 1708 1105 1736 autli
1120 1708 1206 1743 :Juga
1223 1708 1299 1735 boum
1317 1713 1422 1734 tuorum
1437 1708 1549 1734 orabant
1563 1714 1586 1735 et
1603 1709 1685 1735 asina:
1697 1709 1781 1742 juxta
1798 1710 1831 1736 il-

1041 1754 1081 1781 los
1089 1754 1240 1789 pascebant,
1256 1758 1280 1780 et
1295 1759 1420 1780 uenerunt
1434 1753 1570 1787 prtvdones
1593 1758 1617 1780 et
1641 1754 1756 1788 ητα-άτιιὶ
1771 1760 1829 1781 sunt

1041 1800 1100 1833 illa,
1114 1806 1137 1827 et
1153 1808 1246 1834 pueros
1269 1800 1423 1827 occiderunt
1446 1800 1472 1827 in
1487 1808 1533 1827 ore
1560 1800 1658 1835 gladii,
1671 1805 1695 1827 et
1714 1801 1830 1827 remansi

1041 1855 1087 1881 ego
1102 1845 1185 1878 solus,
1200 1851 1224 1873 et
1239 1846 1297 1873 veni
1311 1851 1339 1873 ut
1365 1846 1412 1873 tibi
1433 1847 1583 1873 nuntiarent
1596 1846 1628 1873 ".
1647 1846 1670 1874 0
1687 1847 1830 1882 multiplex

1041 1896 1122 1927 atque
1135 1891 1231 1918 callida
1248 1891 1396 1918 adversarii
1412 1892 1524 1924 astutia,
1550 1897 1578 1918 ut
1598 1892 1692 1919 eadem
1717 1900 1777 1927 qua:
1790 1893 1829 1920 in-

1041 1942 1164 1972 gesserat
1176 1937 1257 1970 tnala,
1268 1937 1304 1964 ita
1320 1937 1416 1965 callide
1431 1941 1582 1970 enarraret,
1595 1943 1623 1965 ut
1641 1939 1674 1965 ad
1691 1937 1737 1965 Dei
1758 1938 1828 1966 blas-

1039 1983 1175 2017 phemiam
1190 1982 1257 2016 justi
1272 1982 1341 2010 illius
1353 1983 1403 2010 viri
1422 1983 1540 2010 anitnum
1556 1989 1715 2017 provocaret
1727 1984 1733 2010 !
1744 1983 1826 2019 Juga,

1041 2030 1139 2063 inquit,
1163 2028 1240 2056 boum
1267 2033 1373 2055 tuarum
1408 2029 1529 2056 arabant.
1556 2028 1613 2056 Non
1644 2029 1715 2056 enim
1739 2031 1825 2056 otiosa

1039 2080 1119 2101 erant
1133 2082 1221 2110 neque
1235 2075 1340 2102 inutilia
1352 2074 1473 2107 stabant,
1494 2075 1542 2102 sed
1558 2074 1675 2101 arabant
1703 2075 1824 2101 ultimam

1040 2125 1188 2152 aratur-am,
1201 2126 1282 2154 atque
1302 2120 1476 2147 novissimam
1502 2125 1663 2147 exercentes
1677 2120 1823 2147 culturam.

204 2167 241 2194 De
257 2167 317 2194 istis
331 2175 397 2202 ergo
408 2167 471 2194 ﬁliis
485 2166 536 2194 Job
549 2167 614 2194 dicit
631 2167 692 2194 islie
719 2176 726 2194 :
745 2166 777 2193 Et
809 2166 859 2201 ﬁlii
887 2166 939 2194 Job
963 2172 986 2194 et
1004 2179 1026 2206 ι)
1040 2167 1108 2200 Quid
1120 2167 1154 2193 ad
1174 2167 1239 2196 haec.
1259 2166 1363 2200 inquit?
1377 2165 1411 2192 Et
1428 2170 1551 2193 venerunt
1572 2166 1708 2200 ιινωᾱοηεε
1722 2172 1745 2193 et
1755 2175 1822 2200 pre:-

202 2213 267 2248 ﬁlite
280 2213 474 2240 maaducabant
484 2218 508 2240 et
532 2212 654 2239 bibebant
680 2214 708 2239 in
730 2213 807 2239 domo
833 2212 926 2246 fratris
947 2214 988 2240 sui

202 2257 325 2292 majoris.
342 2257 412 2284 Etin
434 2258 484 2286 hoc
496 2258 568 2292 quod
586 2258 681 2293 majori
694 2258 827 2293 primatus
851 2258 939 2286 honor
954 2258 989 2285 ab

202 2303 329 2330 omnibus
341 2303 531 2335 exhibebatur,
548 2304 574 2330 in
593 2304 646 2332 hoc
660 2304 717 2338 ipso
729 2304 810 2331 etiam
825 2304 894 2331 sicut
914 2309 942 2331 et
961 2305 987 2331 in

202 2348 330 2376 omnibus
341 2349 415 2375 circa
431 2349 478 2376 Dei
491 2350 690 2377 ordinationem
706 2350 846 2377 ambulare
857 2357 986 2384 propera-

202 2398 309 2421 verunt.
322 2394 369 2422 Dei
384 2395 456 2422 enim
469 2395 616 2428 ordinatio,
631 2402 713 2431 atque
726 2396 772 2423 Dei
796 2395 902 2430 justitia
930 2395 987 2423 haec

201 2444 253 2471 est,
271 2443 300 2466 ut
311 2439 407 2474 majori
425 2441 555 2474 primatus
567 2441 653 2469 honor
665 2441 699 2469 ab
718 2442 844 2469 omnibus
858 2441 986 2469 exhibea-

201 2490 256 2513 tur.
272 2479 471 2513 Manducabant
487 2493 552 2521 ergo
566 2492 594 2514 et
618 2487 747 2514 bibebant
760 2495 813 2514 non
838 2487 984 2518 luxuriose.

201 2539 288 2565 neque
303 2532 466 2566 petulanter,
483 2539 571 2566 neque
588 2532 721 2566 superflua
736 2532 885 2567 loquentes,
899 2541 985 2567 neque

201 2577 294 2605 illicita
326 2577 488 2610 fabulantes,
509 2578 558 2605 sed
583 2578 784 2605 manducabant
811 2584 838 2606 et
858 2579 985 2606 bibebant

200 2623 342 2651 laudantes
365 2631 443 2651 suum
473 2623 650 2656 Creatorem,
676 2624 876 2653 benefactorem
902 2633 980 2652 suum

200 2669 354 2701 adorantes.
370 2674 453 2703 atque
462 2668 582 2696 alentem
595 2676 624 2696 se
637 2669 841 2698 benedicentes.
862 2670 908 2698 Sic
930 2671 982 2698 ita-

198 2722 252 2749 que
263 2716 463 2742 manducabant
474 2719 502 2742 et
515 2715 643 2743 bibebant
663 2716 708 2743 lilii
727 2715 788 2744 Job.
804 2715 864 2750 Quo
878 2720 982 2751 tempo-

200 2761 248 2787 re?
263 2760 373 2787 Certum
395 2765 438 2788 est
450 2761 522 2795 quod
541 2765 662 2796 tempore
687 2763 803 2796 prandii.
822 2761 881 2790 Non
909 2763 982 2790 enini

235 2818 257 2834 ¹³
272 2817 356 2845 Exod.
372 2819 486 2853 nnt,7.
525 2819 546 2835 “
560 2818 609 2847 Job
626 2827 646 2852 ι,
665 2820 707 2847 15.
755 2821 777 2837 ¹¹
786 2821 855 2849 ibid.

894 2822 917 2838 ¹⁸
928 2822 994 2851 ibid.
1013 2822 1056 2850 Η.

1040 2213 1096 2239 dati
1111 2217 1171 2239 sunt
1183 2220 1224 2238 ea.
1236 2211 1297 2244 Joh,
1310 2211 1350 2238 vel
1370 2212 1441 2239 unde
1458 2211 1505 2238 tibi
1519 2212 1604 2244 vives,
1619 2212 1660 2239 vel
1677 2212 1749 2239 unde
1765 2213 1824 2240 aliis

1038 2258 1170 2286 beneﬁcia
1188 2258 1348 2293 imperties?
1363 2257 1442 2285 Unde
1459 2258 1499 2284 Vel
1513 2258 1559 2285 tibi
1571 2258 1669 2290 victus,
1682 2258 1722 2285 vel
1745 2259 1823 2286 miseo

1037 2305 1076 2332 ris
1091 2310 1118 2332 et
1129 2312 1181 2332 non
1194 2304 1354 2331 habentibus
1366 2303 1495 2331 refectio?
1512 2303 1578 2339 Juga
1606 2304 1685 2330 boum
1717 2308 1822 2332 tuorum

1037 2340 1165 2383 arabant,
1178 2358 1238 2385 quae
1256 2357 1305 2377 nec
1319 2350 1365 2377 tibi
1381 2350 1461 2382 ultra,
1475 2358 1524 2377 nec
1543 2350 1604 2378 aliis
1618 2351 1744 2377 arahunt.
1764 2351 1822 2377 Asi-

1036 2405 1078 2425 na:
1093 2401 1145 2423 tua:
1161 2395 1315 2431 pascebant,
1331 2403 1391 2430 qua:
1405 2395 1474 2423 ultra
1489 2395 1560 2423 fettts
1571 2404 1623 2423 non
1637 2396 1749 2429 facient,
1765 2404 1822 2432 qua:

1036 2450 1086 2469 nec
1099 2442 1146 2469 tibi
1166 2450 1216 2470 nec
1232 2442 1292 2468 aliis
1306 2442 1464 2476 proderunt.
1477 2441 1577 2475 Quare,
1594 2442 1680 2476 inquit
1691 2441 1750 2470 ἳοὺ
1762 2444 1819 2475 hoc,

1034 2489 1082 2520 ait,
1098 2490 1161 2523 quia
1176 2493 1305 2516 venerunt
1328 2489 1468 2523 prmdones
1485 2494 1511 2515 et
1542 2489 1652 2523 praedati
1686 2494 1751 2516 sunt
1779 2496 1817 2516 ea.

1034 2535 1083 2569 Qui
1097 2534 1135 2561 ait
1148 2542 1155 2560 :
1170 2534 1284 2561 Tantum
1302 2542 1344 2562 me
1358 2540 1452 2566 terres,
1462 2543 1478 2560 υ
1495 2534 1585 2565 Ιιοιιιο,
1600 2535 1678 2569 quasi
1692 2534 1764 2569 jugis
1777 2535 1818 2561 de-

1034 2580 1160 2615 praedatis
1171 2580 1263 2607 vivere
1282 2588 1335 2607 non
1360 2581 1471 2615 possint.
1497 2579 1566 2607 Sunt
1593 2580 1669 2614 pueri
1702 2580 1816 2615 plurimi,

1034 2626 1123 2653 coloni
1137 2626 1375 2659 abundantissimi,
1389 2625 1435 2661 qui
1460 2626 1579 2653 universi
1612 2626 1817 2653 mercimonium

1035 2671 1177 2705 facientes,
1197 2677 1225 2699 et
1239 2679 1281 2699 me
1295 2677 1322 2699 et
1332 2679 1361 2699 se
1378 2676 1537 2707 pascant,et
1553 2679 1596 2699 me
1610 2676 1636 2700 et
1653 2679 1683 2699 se
1695 2671 1815 2700 tolerent.

1035 2717 1088 2745 Sed
1103 2719 1248 2753 respondet
1265 2719 1374 2745 nuntius
1389 2719 1433 2752 qui
1448 2722 1566 2751 venerat,
1582 2722 1608 2746 et
1626 2718 1692 2745 dicit
1707 2727 1714 2745 :
1732 2717 1817 2745 inani-

1036 2768 1078 2791 ter
1092 2764 1139 2791 tibi
1153 2764 1296 2796 blandiris.
1313 2773 1329 2791 ο
1344 2763 1406 2798 Job,
1432 2769 1514 2800 atque
1532 2767 1700 2800 supervacue
1715 2772 1814 2799 speras,

1117 2822 1141 2840 “
1152 2822 1218 2851 ibid.
1234 2822 1277 2856 M,
1291 2822 1334 2850 15.
