1904 3076
221 80 277 110 425

787 78 978 108 ANONYMUS
998 78 1030 106 ΙΝ
1049 78 1120 106 JOB.
1140 94 1176 100 —
1191 77 1258 106 LIB.
1279 78 1300 106 1.

1807 81 1855 110 ηι

222 149 252 170 ει
262 143 324 172 illos
333 143 484 171 combussit
495 148 579 178 atque
595 142 724 178 perdidit,
744 142 792 170 sed
808 142 912 177 pariter
920 147 1000 170 cunct

1068 141 1216 176 quissimns
1246 140 1300 172 ille.
1322 141 1389 175 ignis
1414 141 1446 167 de
1470 141 1534 167 coelo
1546 141 1651 172 cecidit,
1674 141 1815 176 propriam
1832 144 1855 171 in

223 191 335 223 delevit,
352 195 383 217 ut
400 197 448 224 per
463 190 520 217 hac
533 190 625 217 omnia
643 189 692 217 tibi
718 189 911 217 detrimentum
934 193 1016 223 atque

222 237 345 264 dolorem
360 236 513 271 ingereret,
530 239 558 262 ιιι
572 243 620 270 per
636 235 694 262 htec
708 235 835 263 universa
855 235 902 262 tibi
928 235 1015 262 tribu-

223 282 351 310 lationem
368 287 449 316 atque
467 282 622 316 angustiam
643 281 776 315 adjiceret
795 290 801 308 :
818 280 892 316 Ignis
920 281 1013 309 cecidit

221 328 254 352 de
265 325 340 357 a210,
359 332 411 352 non
423 332 456 352 ex
470 332 511 358 se,
526 332 613 360 neque
637 333 652 352 a
675 333 715 358 se,
729 334 819 360 neque
838 334 885 361 per
900 333 939 358 se,
968 326 1015 353 sel

221 371 324 398 catlesti
342 370 465 404 jussioue
485 376 568 406 atque
593 371 723 400 terribilis
742 373 787 400 Dei
817 372 1013 407 prmceptione:

220 416 296 452 Ignis
309 416 402 443 cecidit
415 419 447 444 de
462 417 536 445 calo.
553 417 787 451 Quemadmodum
804 417 868 445 olim
883 417 909 444 in
926 417 1013 445 Sodo-

221 470 291 489 tnam
309 467 335 489 et
347 463 541 495 Gomorrham,
558 469 641 497 atque
656 470 739 497 super
753 470 862 490 omnem
875 463 1013 498 regionem

219 509 295 536 illam
312 509 347 541 “,
361 510 396 536 ita
409 513 437 536 et
447 510 524 544 ﬁnune
540 510 574 536 ab
599 508 644 536 illo
657 509 702 543 qui
724 513 788 536 tunc
811 509 837 535 in
867 509 1013 536 Sodomam

219 559 247 582 et
259 555 439 582 Gomorrham
462 555 552 590 ignem
565 555 592 581 in
606 554 786 589 perditionem
800 553 887 588 pluit,
907 553 941 581 ah
963 553 1014 580 hoc

220 602 289 635 ipso,
301 601 421 635 inquam,
435 602 517 628 etiam
536 601 606 636 ignis
617 601 716 628 cecidit
735 600 769 627 de
783 600 865 633 coelo,
887 604 915 627 ct
936 607 1013 627 com-

220 647 386 674 bussitoves
399 651 426 673 et
443 654 541 681 pueros
569 651 597 673 et
618 651 751 680 pastores,
776 645 868 672 omnia
895 645 1014 672 incendit

218 697 301 727 atque
318 693 423 727 pariter
436 691 545 719 delevit.
557 691 636 719 Sicut
650 692 723 719 enim
737 690 939 719 Sodomitarum
955 691 1014 719 reli-

219 740 290 773 quizc
310 747 364 766 non
380 743 582 771 remanserunt,
602 739 639 766 ita
664 743 691 765 et
714 746 795 769 nunc,
830 738 929 772 inquit,
964 738 1011 764 tibi

220 784 342 819 reliquiae
354 792 406 811 non
419 788 576 819 supersunt,
596 789 626 811 ut
638 789 679 811 est
698 784 800 816 moris,
816 785 878 818 quia
890 783 1010 819 ejusdem

220 830 265 857 Dci
281 831 320 857 ira
338 838 421 864 super
450 835 476 857 te
494 829 579 857 ell‘usa
604 835 657 862 est,
674 830 752 865 cujus
764 830 858 863 etiam,
875 835 904 857 ut
930 838 1012 865 super

219 876 289 909 illos,
304 877 374 911 ignis
390 875 491 903 cecidit
509 876 544 904 de
556 876 637 903 ctelo.
653 876 712 904 Non
732 876 803 911 quod
818 877 851 903 de
866 876 936 904 caelo
965 884 1010 903 ce-

218 923 314 950 ciderit
330 923 387 957 ipse
402 922 483 957 ignis,
500 922 586 955 absit,
600 922 647 949 sed
667 925 729 957 quia
752 923 789 950 ita
805 922 880 949 ﬁnxit
898 922 1009 956 nequis-

217 968 312 1000 simus,
325 972 352 995 et
365 968 429 1002 quia
442 968 529 1003 ipsum
544 968 667 996 nuntium
685 969 722 996 ita
737 968 829 996 docuit
841 968 932 996 dicere
953 977 1010 996 Ina-

217 1013 383 1048 lignissimus
399 1014 534 1048 diabolus,
544 1020 571 1041 ut
583 1022 643 1042 eum
660 1019 734 1049 putet
748 1014 844 1042 beatus
855 1014 915 1047 Job,
931 1019 1011 1049 atque

216 1060 366 1087 arbitretttr
380 1061 453 1094 quod
471 1060 505 1086 de
531 1060 624 1087 cmloa
643 1060 696 1088 Deo
708 1060 768 1088 istae
783 1060 905 1087 miseria:
915 1060 939 1087 ei
955 1061 1011 1087 im-

215 1107 406 1140 pingerentnr,
418 1110 445 1133 et
458 1111 488 1133 ut
505 1107 530 1133 in
548 1106 747 1140 blasphemiam
763 1105 809 1133 Dei
834 1111 1009 1134 convertere-

217 1157 283 1178 tur:
301 1151 373 1186 Ignis
386 1151 522 1178 ceciditdc
543 1151 607 1178 caelo
633 1156 657 1178 et
681 1151 822 1178 combussit
852 1160 922 1178 oves.
951 1152 1009 1179 Non

215 1202 288 1230 sunt,
303 1197 402 1232 inquit,
425 1201 538 1224 terrente
557 1198 663 1225 insidia}
681 1198 733 1225 hoc
744 1199 814 1233 quod
840 1198 941 1225 luctum
956 1205 1007 1231 est,

214 1251 232 1271 0
243 1242 304 1275 Job.
316 1243 363 1271 sed
377 1243 496 1271 caelestis
511 1248 552 1271 est
568 1243 653 1271 furor.
674 1243 734 1270 Non
747 1249 789 1271 est
804 1245 930 1271 violentia
953 1245 1009 1272 haec

215 1289 347 1322 humana,
365 1290 413 1317 sed
425 1289 554 1317 contritio
569 1294 611 1316 est
626 1289 727 1317 divina.
747 1290 775 1317 Si
798 1291 872 1318 enim
893 1291 919 1317 in
933 1291 1010 1318 habi-

217 1335 313 1363 taculis
328 1336 379 1363 hoc
392 1336 538 1368 evenisset,
553 1335 712 1363 crederetur
728 1336 800 1371 quod
821 1336 915 1364 volens
934 1337 1007 1371 quis,

215 1381 258 1409 vel
277 1381 370 1409 nolens
387 1381 459 1408 hunc
471 1382 643 1410 succenderit
658 1382 756 1417 ignem.
771 1381 848 1410 Nunc
866 1389 931 1410 vero
947 1390 1008 1410 cum

216 1428 243 1455 in
259 1427 416 1460 solitudine,
436 1427 536 1462 inquit,
560 1435 697 1461 essemus,
714 1428 740 1455 in
766 1428 875 1456 modum
903 1429 1009 1464 sagitta!

215 1474 284 1508 ignis
299 1474 331 1500 de
343 1473 413 1501 coelo
427 1480 508 1508 super
523 1480 573 1500 nos
588 1472 690 1500 ell'usus
706 1477 788 1508 atque
810 1473 945 1508 jaculatus
955 1480 1007 1510 est,

215 1525 245 1547 ut
261 1527 310 1547 nec
326 1519 461 1554 fugientes
474 1517 643 1554 effugerent,
665 1526 716 1546 nec
730 1519 890 1548 resistentes
914 1521 1010 1550 evade-

215 1571 284 1593 rent.
304 1565 389 1600 lgnis,
410 1565 510 1600 inquit,
530 1564 623 1592 cecidit
647 1565 679 1592 de
693 1565 768 1594 caelo.
783 1565 841 1593 Non
875 1568 1008 1601 mentiris,

212 1611 361 1643 odiabole,
380 1612 451 1646 quod
480 1610 552 1646 ignis
578 1611 676 1638 cecidit
705 1611 739 1638 de
768 1611 849 1645 ctelo,
877 1612 925 1640 sed
955 1621 1008 1640 non

212 1664 292 1692 quem
308 1657 379 1684 Deus
397 1657 528 1689 mitteret,
550 1657 597 1684 sed
614 1664 695 1692 quem
720 1662 748 1684 tu
778 1657 879 1686 tinxisti
909 1659 935 1686 in
966 1659 1007 1686 di-

212 1710 307 1731 versas
329 1703 429 1737 ﬁguras
455 1703 625 1730 immutando
655 1704 839 1739 temetipsum,
863 1704 1008 1739 aliquando

212 1749 239 1777 in
268 1749 422 1784 praedones,
450 1748 594 1783 aliquando
626 1749 652 1776 iit
673 1749 776 1784 igttetn,
807 1750 955 1785 aliquando
981 1751 1007 1779 in

213 1796 263 1824 tria
277 1803 378 1824 cornua
396 1795 517 1830 equitum
540 1803 546 1821 :
564 1795 629 1823 item
645 1803 711 1824 vero
725 1796 751 1824 in
774 1796 870 1825 ultimo
900 1798 927 1824 in
952 1798 1009 1833 spi-

212 1843 295 1870 ritum
307 1847 425 1877 quatuor
439 1841 553 1877 angulos
581 1842 679 1869 domus
705 1847 873 1878 tangentem.
891 1843 925 1870 Et
953 1851 1006 1871 non

211 1893 254 1915 est
268 1888 366 1914 mirum
385 1888 456 1922 quod
485 1888 633 1923 permissus
657 1888 683 1916 in
711 1893 801 1916 tantas
831 1889 933 1924 tiguras
957 1891 1007 1917 im-

212 1934 361 1962 mutaveris
388 1934 560 1969 temetipsum
576 1955 584 1967 ,
616 1941 679 1961 cum
701 1939 729 1963 et
752 1942 846 1962 coram
875 1935 932 1970 ipso
956 1936 1007 1963 Do-

212 1978 286 2007 mino
314 1981 339 2007 in
365 1988 445 2008 omne
470 1987 584 2015 regnum
608 1980 683 2007 orbis
696 1984 777 2007 terrae
803 1981 890 2015 ipsum
909 1981 1006 2008 immu-

211 2027 294 2054 tando
309 2026 538 2059 simulaveris,et
564 2025 616 2053 hoc
643 2027 669 2053 in
693 2031 833 2054 momento
865 2027 1004 2061 temporis.

211 2073 263 2100 hoe
279 2077 330 2106 est,
346 2072 448 2105 subito,
464 2076 575 2106 repente
593 2076 676 2106 atque
700 2072 834 2099 velociter
864 2073 934 2108 ignis
961 2080 1006 2101 ce—

210 2118 279 2146 cidit
298 2118 330 2145 de
344 2117 424 2145 melo.
437 2116 494 2144 Non
513 2117 668 2150 mentiaris,
682 2125 699 2144 o
714 2118 871 2146 miserrime
883 2120 1004 2147 omnium

210 2164 344 2193 bonorum
375 2164 487 2190 inimice
515 2171 523 2190 :
559 2171 612 2190 non
633 2170 647 2190 a
680 2164 735 2190 Deo
765 2164 875 2196 missus,
891 2164 937 2191 sed
959 2169 1003 2191 tua

210 2210 355 2245 iniquitate
369 2216 517 2237 succensus
530 2213 581 2236 est.
597 2209 647 2240 'l‘u,
672 2209 770 2243 inquit,
786 2217 825 2242 es,
847 2218 864 2237 ο
883 2210 999 2243 diabole,

210 2255 282 2290 ignis
299 2255 356 2290 ipse
373 2256 418 2289 qtti
435 2255 467 2282 de
480 2254 550 2283 ctelo
565 2255 674 2288 cecidit,
688 2255 734 2289 qui
754 2255 911 2283 innumeros
939 2256 1002 2291 igne

209 2306 384 2337 peccatorum
398 2301 537 2329 immundo
550 2301 705 2329 suecendis.
721 2301 761 2328 Tu
773 2309 803 2329 es
818 2302 875 2337 ipse
887 2303 969 2338 ignis.
985 2311 1001 2330 ο

210 2347 329 2379 diuhole,
339 2347 385 2382 qui
398 2348 531 2382 gehennae
544 2348 597 2382 igni
609 2348 740 2382 plurimos
748 2353 905 2382 peccatores
920 2349 999 2382 facis,

209 2394 253 2421 cui
267 2394 337 2429 ignis
351 2399 378 2420 et
395 2395 513 2421 tenebrat
536 2394 618 2429 digne
637 2399 812 2422 reservantur
835 2403 890 2430 pra:
909 2397 999 2422 muni-

209 2440 272 2468 bus.
289 2439 328 2466 Tu
347 2446 378 2467 cs
401 2441 458 2474 ipse
471 2440 550 2474 ignis,
564 2448 581 2467 o
598 2441 716 2475 diabole,
734 2442 781 2477 qui
796 2450 858 2469 cum
874 2443 906 2470 de
921 2444 1000 2471 canis

210 2487 412 2520 descendisses,
431 2488 457 2514 in
486 2487 574 2514 medio
602 2488 733 2514 montium
755 2489 895 2522 igncorutn
912 2490 1001 2525 proje-

210 2540 270 2562 ctus
286 2541 326 2567 es,
344 2534 415 2561 sicut
432 2533 528 2561 dicunt
539 2539 695 2561 sanctorum
709 2535 829 2563 oracula.
844 2535 883 2563 Tu
897 2545 927 2564 es
944 2537 1000 2571 ipse

209 2581 292 2616 ignis,
306 2588 387 2615 quem
409 2582 491 2608 etiam
504 2580 561 2616 ipse
576 2580 709 2609 Dominus
726 2581 841 2617 fulguris
862 2582 917 2618 igni
934 2591 999 2610 con-

209 2626 343 2657 similans,
362 2630 443 2661 atque
468 2627 502 2653 de
533 2625 602 2653 celo
628 2626 769 2655 cadentem
796 2629 997 2661 demonstrans,

209 2672 292 2700 dicit:
311 2671 372 2700 Vidi
398 2672 526 2700 Satanam
550 2679 677 2708 tanquam
705 2672 794 2708 fulgur
811 2674 843 2701 de
867 2674 931 2701 caelo
956 2682 1000 2701 ca-

208 2720 311 2746 dentem
320 2718 364 2746 ¹³“.
384 2718 447 2747 lltec
473 2719 601 2746 nimirum
618 2720 756 2754 universa,
770 2720 846 2754 quia,
868 2720 936 2747 dixit
949 2728 998 2748 nc-

779 2808 801 2824 "
818 2807 896 2840 «lubt,
916 2809 958 2836 Π.

246 2807 269 2823 ¹³
284 2806 352 2835 Gen.
367 2815 422 2839 xtx,
439 2808 485 2836 2i.
524 2808 555 2824 “‘
577 2808 642 2837 an.
657 2808 742 2842 x,18.

1069 188 1160 222 ignem
1185 187 1317 223 gehenna:
1340 195 1388 221 per
1415 187 1473 214 haec
1492 187 1640 215 ostendens
1664 188 1783 216 ruinam.
1805 188 1855 216 Sed

1067 233 1157 259 adhuc
1173 232 1306 259 adversus
1325 232 1425 260 diaboli
1448 233 1604 267 superbiam
1621 240 1707 267 pauca
1724 233 1855 264 dicamus.

1067 277 1245 312 Superbiens,
1266 285 1283 305 ο
1313 277 1432 311 diabole,
1453 278 1521 306 dicis
1544 278 1616 313 quod
1641 278 1711 314 ignis
1738 279 1770 306 de
1790 280 1858 307 caelo

1066 324 1208 357 ceciderit,
1225 329 1251 351 et
1266 331 1331 351 oves
1343 324 1534 358 combusserit,
1549 329 1642 359 utpote
1658 330 1703 352 tua
1719 325 1858 354 voluntate

1066 376 1149 405 atquc
1165 371 1333 405 operatione.
1346 371 1395 399 Dic
1407 378 1482 406 ergo,
1499 379 1515 399 ο
1533 371 1638 405 infelix,
1659 373 1681 400 si
1698 380 1782 407 super
1791 381 1856 400 oves

1065 417 1116 445 Job
1133 417 1245 452 potuisti
1259 419 1292 445 de
1308 417 1377 445 ctelo
1394 417 1483 452 ignem
1507 418 1653 450 adducere,
1673 423 1700 445 et
1716 426 1765 446 eas
1785 427 1859 446 com-

1065 464 1176 491 burere.
1197 463 1265 491 Cum
1296 463 1368 490 Elias
1396 462 1479 490 Deum
1495 463 1645 496 invocaret,
1662 469 1689 491 et
1706 472 1757 499 per
1769 466 1859 492 since-

1066 516 1123 536 ram
1137 509 1287 536 orationem
1312 508 1401 543 ignem
1420 516 1503 544 super
1529 508 1719 536 holocaustum
1739 511 1772 537 dc
1789 512 1859 537 coelo

1064 555 1224 586 adduceret,
1240 559 1278 588 tn,
1294 562 1311 582 ο
1324 554 1479 581 miserrime
1503 555 1626 581 omnium
1646 555 1781 582 bonorum
1807 557 1858 583 ini-

1065 601 1146 635 mice,
1159 600 1296 636 quomodo
1314 608 1366 628 non
1384 601 1498 635 potuisti
1516 607 1702 636 compescere,
1719 601 1761 628 vel
1780 610 1859 629 reru-

1064 653 1127 674 care
1141 646 1214 673 illum
1233 646 1334 681 ignem,
1353 645 1396 672 vel
1414 645 1489 673 illum
1504 653 1583 680 quem
1601 646 1671 674 idem
1689 646 1761 674 Etias
1777 656 1860 682 super

1065 692 1132 720 duos
1146 691 1399 727 quinquagenarios
1415 691 1447 718 de
1473 692 1543 718 ratio
1557 691 1718 720 advocavit?
1734 693 1859 720 Fuerunt

1065 745 1182 772 namque
1212 737 1249 764 illi
1275 737 1504 772 quinquagenarii
1536 738 1594 773 ejus
1625 739 1757 772 ministri,
1776 745 1858 774 atque

1065 783 1193 817 nequitias
1209 782 1268 818 ejus
1285 783 1385 810 nuntii.
1405 782 1459 811 Sed
1480 788 1507 810 et
1527 783 1584 811 hac
1598 785 1724 812 universa
1737 785 1857 812 diximus

1064 838 1112 865 pro
1141 830 1328 864 increpatione
1361 829 1483 864 diaboli,
1512 835 1595 866 atque
1625 832 1857 859 condemnationc

1063 875 1184 910 maligni.
1203 875 1301 902 Beatus
1320 879 1411 902 autem
1426 873 1479 902 Job
1500 875 1564 910 quid
1579 877 1750 911 responderit
1764 877 1858 904 audia-

1063 929 1136 953 tntts,
1149 921 1285 955 quomodo
1295 920 1489 948 comminuerit
1506 921 1653 948 secundam
1669 920 1771 948 luroris
1784 922 1857 949 illius

1062 967 1199 1001 sagittam,
1219 965 1355 1000 quomodo
1369 965 1510 992 transierit
1525 965 1609 1000 iniqui
1628 966 1700 993 illius
1724 968 1856 1001 impetum

1062 1016 1121 1046 post
1142 1012 1259 1046 priorem
1290 1011 1404 1038 alterum
1440 1018 1486 1045 per
1523 1012 1673 1039 tolerantia:
1708 1011 1856 1046 allectum,

1061 1058 1287 1092 quemadmodum
1301 1062 1328 1084 et
1341 1062 1437 1084 caetera
1462 1057 1595 1085 universa.
1611 1057 1761 1092 Respondit
1780 1066 1857 1084 natu-

1061 1111 1113 1138 quc
1128 1103 1151 1130 ei
1165 1103 1210 1138 qui
1231 1107 1340 1130 venerat
1354 1103 1446 1130 dicens
1462 1112 1468 1129 :
1486 1103 1517 1130 Et
1530 1104 1590 1138 quis
1608 1111 1651 1130 me
1666 1105 1717 1130 crit
1729 1103 1828 1138 major.
1840 1111 1856 1129 ο

1064 1150 1156 1181 Ιιοιιιο,
1170 1149 1212 1176 vel
1236 1149 1298 1183 quis
1316 1156 1359 1176 me
1376 1148 1528 1183 gloriosior,
1548 1157 1564 1176 ο
1577 1150 1637 1176 vir?
1657 1149 1684 1176 Si
1706 1150 1799 1184 itaque
1816 1154 1856 1176 est

1063 1203 1127 1222 vere
1151 1196 1223 1229 quod
1251 1195 1321 1230 ignis
1347 1195 1459 1222 veniens
1485 1195 1518 1222 de
1540 1195 1610 1223 coelo
1636 1203 1732 1223 omttes
1759 1204 1856 1231 greges

1064 1247 1139 1268 meos
1160 1241 1361 1276 consumpserit
1381 1241 1464 1275 illico,
1492 1241 1594 1276 gratius
1617 1241 1653 1268 illi
1679 1242 1725 1276 qui
1751 1243 1856 1276 pariter

1064 1294 1159 1314 omnes
1176 1294 1241 1313 oves
1258 1294 1332 1313 nicas
1357 1287 1482 1321 protinus
1505 1287 1530 1314 in
1548 1287 1715 1322 acceptabile
1733 1288 1855 1322 suscepit

1063 1333 1264 1360 holocaustum.
1289 1332 1355 1359 Nam
1378 1340 1438 1368 quae
1463 1341 1523 1368 ego,
1553 1333 1652 1369 inquit,
1672 1342 1721 1369 per
1745 1334 1853 1369 singula

1062 1385 1181 1414 tempora
1194 1379 1337 1407 oblaturus
1352 1386 1439 1412 eram,
1458 1380 1514 1407 haec
1531 1380 1660 1408 videlicet
1671 1380 1753 1415 elegit
1769 1380 1852 1413 Deus,

1061 1429 1089 1451 ut
1103 1425 1197 1452 statim
1213 1426 1319 1459 pariter
1334 1425 1361 1452 in
1380 1433 1436 1453 uno
1453 1426 1605 1460 susciperet
1632 1427 1792 1454 holocausta
1806 1435 1854 1462 per

1062 1471 1150 1506 ignem
1167 1471 1211 1505 qui
1228 1471 1262 1498 de
1281 1471 1351 1498 coelo
1369 1471 1468 1498 missus
1480 1477 1532 1498 est.
1549 1471 1644 1499 Omnis
1664 1480 1783 1507 namque
1805 1481 1852 1500 ac-

1061 1517 1204 1553 ceptabilis
1226 1517 1331 1552 hostia,
1361 1525 1409 1554 per
1435 1518 1525 1554 ignem
1552 1519 1598 1553 qui
1626 1519 1742 1554 desuper
1770 1519 1852 1546 fuerit

1062 1566 1160 1593 missus
1180 1566 1330 1602 suscipitur
1359 1571 1442 1601 atque
1472 1567 1654 1594 consumitur.
1679 1566 1756 1600 Quod
1779 1567 1852 1594 enim

1061 1612 1179 1646 plurinto
1203 1617 1326 1647 tempore
1341 1619 1417 1639 eram
1442 1612 1573 1646 facturus,
1590 1613 1641 1640 hoc
1658 1612 1787 1639 nimirum
1806 1620 1849 1639 ac-

1060 1657 1182 1685 cclerans
1201 1665 1254 1684 uno
1283 1664 1405 1693 tempore
1429 1659 1548 1693 suscepit
1570 1659 1650 1685 Deus.
1670 1658 1702 1685 Et
1722 1658 1783 1693 quis
1811 1666 1852 1685 me

1061 1704 1165 1731 beatior
1191 1705 1242 1732 sub
1271 1704 1364 1732 εωΙοῖ
1385 1705 1454 1731 Ante
1479 1704 1629 1738 paululum,
1657 1704 1756 1739 inquit,
1784 1703 1850 1738 juga

1059 1751 1141 1778 boum
1158 1751 1285 1778 universa
1305 1751 1428 1785 protinus
1457 1751 1523 1778 mihi
1546 1755 1675 1779 mactata.
1697 1750 1763 1777 Item
1780 1757 1851 1777 nunc

1059 1806 1155 1834 greges
1167 1799 1258 1827 ovium
1273 1806 1368 1826 omnes
1387 1799 1489 1834 pariter
1502 1798 1640 1827 combussi
1659 1803 1687 1826 et
1700 1798 1848 1825 immolavi.

1058 1845 1092 1872 Et
1108 1845 1175 1878 lucc,
1209 1845 1309 1879 inquit,
1340 1844 1395 1872 Deo
1419 1844 1537 1879 eligente
1563 1844 1658 1871 obtuli.
1674 1844 1730 1872 Sed
1762 1845 1851 1872 adhuc

1059 1894 1206 1925 supersunt
1221 1890 1329 1923 cameli,
1351 1890 1396 1924 qui
1416 1889 1482 1917 mihi
1500 1890 1534 1917 ad
1555 1890 1768 1917 transactionem
1787 1897 1850 1924 pro-

1057 1936 1162 1969 liciant,
1177 1940 1261 1970 atque
1275 1935 1302 1961 in
1319 1935 1381 1962 vitae
1393 1935 1620 1963 sustentationem
1634 1935 1780 1963 sulliciant.
1796 1936 1847 1962 Sed

1057 1989 1118 2009 Clllll
1141 1982 1199 2009 haec
1223 1981 1357 2015 cogitaret
1370 1984 1398 2008 et
1412 1980 1572 2015 loqueretur
1594 1980 1657 2013 Job,
1674 1986 1758 2016 atque
1785 1988 1846 2007 cum

1057 2028 1187 2062 patientia
1215 2026 1400 2054 intolerabiles
1430 2026 1478 2054 has
1508 2027 1657 2054 sustineret
1686 2027 1791 2062 plagas,
1822 2031 1848 2053 et

1058 2074 1212 2100 nullatenus
1223 2073 1414 2100 succumberet
1431 2073 1541 2106 maligni
1556 2072 1764 2105 tentationihns,
1780 2073 1848 2099 alius

1058 2120 1168 2146 nuntius
1182 2120 1254 2147 vertit
1271 2121 1304 2148 ad
1318 2119 1380 2154 Job,
1393 2120 1498 2148 etdixit
1512 2120 1545 2147 ad
1563 2128 1624 2147 eutn
1639 2127 1646 2146 :
1663 2119 1785 2146 lnaniter
1801 2119 1846 2145 tibi

1022 2170 1042 2196 1)
1059 2166 1201 2198 blandiris,
1214 2173 1230 2193 ο
1244 2166 1305 2199 Job,
1322 2167 1395 2201 quod
1413 2165 1533 2194 camelos
1547 2173 1597 2200 pro
1618 2166 1682 2192 vita:
1709 2170 1848 2192 sustenta-

1057 2213 1130 2238 tiune
1145 2212 1255 2245 habeas,
1270 2218 1298 2240 et
1315 2214 1386 2248 quod
1408 2213 1435 2240 in
1456 2221 1503 2247 spe
1521 2212 1716 2240 transactionis
1736 2212 1786 2238 tibi
1802 2219 1847 2238 su-

1057 2258 1162 2293 persint
1176 2267 1183 2286 :
1200 2257 1309 2294 Equites
1326 2259 1398 2286 enitn
1417 2259 1533 2292 fecerunt
1557 2267 1655 2286 cornua
1670 2259 1735 2292 tria,
1753 2264 1777 2285 et
1797 2260 1847 2285 cir-

1056 2304 1245 2332 cumdedet’unl
1263 2304 1388 2338 camelos,
1407 2309 1430 2332 et
1450 2305 1562 2339 praedati
1586 2310 1647 2331 sunt
1663 2311 1730 2331 eos:
1747 2309 1772 2330 et
1795 2312 1846 2330 non

1056 2350 1140 2377 solum
1155 2351 1213 2383 Itoc,
1232 2351 1277 2377 sed
1296 2357 1320 2378 et
1332 2359 1428 2386 pueros
1444 2352 1596 2377 occiderunt
1617 2351 1643 2376 in
1655 2359 1699 2376 ore
1712 2350 1809 2386 gladii,
1824 2359 1847 2379 ει

1055 2396 1124 2422 evasi
1141 2404 1187 2430 ego
1204 2396 1287 2429 solus,
1308 2402 1331 2423 et
1345 2397 1402 2423 veni
1416 2401 1441 2422 ut
1454 2397 1602 2423 nuntiarem
1615 2397 1661 2423 tibi
1672 2396 1705 2422 ".
1715 2396 1851 2432 Propter-

1054 2449 1096 2473 ea,
1121 2442 1218 2476 inquit,
1235 2443 1308 2469 evasi
1321 2450 1371 2476 ego
1384 2442 1457 2470 solus
1473 2449 1553 2478 atque
1570 2443 1665 2477 resliti,
1682 2448 1710 2470 ut
1731 2443 1757 2470 id
1777 2445 1847 2479 quod

1054 2489 1177 2523 contigit,
1198 2491 1339 2524 cognitum
1356 2489 1473 2517 facerem
1488 2491 1547 2522 tibi,
1564 2495 1591 2517 et
1603 2495 1632 2517 nt
1649 2491 1720 2524 quod
1739 2496 1845 2526 gestum

1052 2542 1095 2563 est
1116 2537 1163 2564 tibi
1179 2544 1347 2564 enarrarem.
1364 2537 1461 2571 Boves,
1483 2538 1582 2572 inquit,
1596 2543 1624 2565 et
1643 2537 1736 2565 asinas
1752 2538 1844 2572 perdi—

1052 2582 1229 2615 disti,oJob,
1257 2590 1355 2618 greges
1380 2585 1470 2610 ovium
1498 2585 1604 2611 tuat‘htn
1632 2584 1741 2611 ctelitus
1768 2592 1844 2611 com-

1051 2628 1124 2655 busti
1142 2633 1216 2662 sunt,
1234 2636 1298 2656 ecce
1311 2633 1338 2656 et
1353 2637 1425 2657 nunc
1448 2635 1509 2664 post
1527 2630 1571 2658 illa
1587 2631 1677 2657 omnia
1695 2630 1843 2657 novissima

1054 2675 1248 2703 trausactionis
1268 2683 1342 2710 spes,
1358 2676 1456 2704 cameli
1472 2677 1557 2704 ablati
1579 2683 1642 2704 sunt
1658 2676 1719 2704 tibi.
1742 2676 1843 2707 Prima,

1053 2723 1154 2756 inquit,
1168 2722 1248 2757 plaga
1262 2731 1311 2758 per
1324 2724 1475 2758 praedones,
1493 2725 1610 2753 secunda
1629 2732 1677 2760 per
1692 2725 1783 2759 ignem
1798 2729 1841 2759 qui
