1904 3076
68 126 115 154 4%

617 114 810 150 ANONYMUS
828 118 861 146 IN
881 118 951 147 JOB.
974 137 1008 142 -
1027 118 1092 149 LIB.
1114 119 1133 149 i.

1633 121 1686 150 426

64 190 98 216 σε
109 186 175 214 male
190 184 299 214 cecidit.
315 189 368 212 non
382 183 463 216 'qood
480 188 514 211 dc
530 182 600 210 cmlo
614 183 661 210 hic
676 183 746 218 ignis
769 182 838 209 περὶ·
856 183 879 211 Δ
896 184 1074 218 utiuti/ltitique
1090 184 1124 211 ad
1139 193 1249 212 uxorem
1270 184 1385 220 proximi
1416 186 1457 212 sui
1483 185 1636 213 liiiiuiebant
1649 186 1685 213 ”.

69 234 139 265 derit,
163 233 207 261 sed
230 233 291 267 quia
314 232 351 259 ita
377 231 497 261 tinxerit.
533 236 615 265 alque
639 231 674 256 ita
710 229 843 265 malignus

68 279 188 310 docuerit,
200 283 229 305 ut
244 279 324 306 Dcuni
338 279 410 305 circa
426 277 477 306 Joh
493 281 645 309 accusaret,
658 276 746 303 et'Job
758 276 841 303 Deum

68 327 244 362 blaspliemare
256 325 442 360 compelleret.
452 325 543 352 Tertia
557 332 622 361 ergo
635 332 683 359 per
697 325 748 352 tria
766 325 843 360 equi-

63 380 121 401 tnm
134 379 244 403 cornua,
259 372 303 406 qui
322 371 440 399 camelos
460 371 661 398 circuiiidnutes
676 371 842 398 exieriiiina-

71 425 168 446 verunt.
187 418 278 445 Prima
291 426 356 453 ergo
368 426 416 452 per
431 418 569 453 praedones
583 417 676 452 procul
692 418 776 445 dubio
792 425 841 451 pe-

68 466 171 497 destres,
189 465 306 492 secunda
328 473 375 499 per
388 465 476 499 ignem
492 465 609 498 desuper
621 465 837 497 comburentein,

71 512 139 539 tertia
154 519 199 545 per
212 511 335 545 equitum
371 512 421 538 tria
441 519 542 539 cornua
559 511 605 546 qui
621 511 742 550 camelos
765 518 841 545 pra:-

68 557 114 583 dati
129 561 199 583 sunt.
220 556 315 584 Omnia
329 574 337 589 ,
359 556 463 591 inquit,
487 557 544 584 hac
565 551 659 591 jaceiis
674 555 838 586 sustinebis,

66 603 229 631 .loh'l0innia
256 603 314 631 hinc
339 603 477 636 patienter
505 603 687 638 supportabis,
708 610 724 629 ο
741 601 840 629 homo?

66 650 166 681 Ctelum,
182 650 278 685 inquit,
295 655 322 677 et
335 655 406 677 terra
421 651 564 677 adversum
579 655 605 677 te
622 650 838 680 insurrexerunt,

65 696 178 722 ctsiles?
202 696 242 722 Ad
268 696 450 723 dimicandum
479 701 574 722 contra
601 701 626 722 te
648 695 694 723 Dei
722 696 839 730 imperio

66 747 152 767 armata
168 747 240 773 sunt,
256 746 283 768 et
300 742 392 768 taces?
405 742 489 774 Alter,
509 742 607 776 inquit,
625 742 732 768 nuntius
758 742 827 768 venit

65 790 93 814 ad
102 786 157 818 Job,
174 787 252 819 alter,
271 792 334 821 post
352 787 480 821 primum,
498 794 611 814 numero
626 794 694 814 vero
712 787 809 813 tertius
828 794 834 813 :

65 835 123 860 alter
137 834 162 860 in
187 834 323 866 nequitia,
339 834 435 861 tertius
459 841 524 861 vero
544 834 569 861 in
585 834 773 861 entinﬁatiune
792 834 839 860 iiii-

64 879 139 907 seriie.
154 878 221 907 Istos
241 887 360 914 namque
376 880 557 913 nequissimos
581 880 691 907 nuntios
714 880 838 907 miseria-

65 933 114 952 rinn
126 926 329 953 annuntiatores
340 931 421 960 atque
436 926 566 953 malorum
582 932 763 960 suggestores.
781 932 840 952 tan-

63 979 132 1006 quam
146 972 221 998 honze
233 971 436 1005 praedicationis
450 972 572 1003 nuntios,
584 971 711 998 mittebat
730 971 840 1006 nequis-

64 1018 146 1045 simus.
168 1018 240 1051 Quos
262 1019 345 1044 etiam
372 1018 432 1044 ideo
460 1025 615 1052 superesse.
634 1016 708 1049 fecit,
727 1023 756 1044 ut
782 1016 840 1051 ejus

65 1065 153 1091 malitia
173 1064 237 1091 huic
262 1064 438 1091 miseriarum
459 1058 658 1090 denuntiatioui
676 1064 838 1091 deservirel.

64 1106 111 1134 Non
126 1108 193 1134 enim
209 1108 300 1142 angeli
318 1107 437 1140 fuerunt,
454 1107 524 1135 sicut
537 1108 648 1142 quidam
660 1108 838 1142 arbitrantur,

63 1162 137 1189 neque
148 1155 288 1189 spiritales
303 1155 450 1187 daemones,
465 1155 512 1182 sed
533 1155 658 1187 homines
678 1155 788 1189 quidam
805 1163 838 1183 es

63 1201 156 1228 famulis
173 1199 233 1233 Job,
250 1201 407 1228 conservati
430 1201 465 1228 ab
484 1200 650 1233 adversario,
670 1205 754 1235 atque
776 1208 839 1228 suc-

63 1247 124 1275 censi
139 1255 152 1273 a
172 1247 282 1274 diabolo
299 1246 331 1274 ad
348 1247 459 1274 dicenda
481 1247 572 1273 omnia
586 1254 619 1274 ac
640 1246 773 1278 facienda,
784 1254 840 1281 ‘per

62 1301 112 1327 quae
127 1298 234 1328 possent
255 1293 308 1321 Job
328 1294 492 1322 subvertere
511 1294 544 1320 ad
563 1291 612 1321 Dei
629 1293 839 1328 blasphemiam.

61 1339 157 1368 Tertius
173 1347 238 1376 ergo
260 1339 307 1367 hic
331 1340 442 1367 nuntius
458 1339 533 1367 venit
555 1339 590 1367 ad
605 1330 669 1371 iob,
693 1344 720 1367 et
743 1339 840 1367 tertius

62 1385 148 1414 doloris
159 1394 246 1421 pra-co
257 1387 297 1414 illi
308 1386 432 1418 enectus,
442 1387 539 1413 tertius
548 1386 720 1419 memoravit,
728 1386 837 1413 dicens:

63 1432 156 1468 Equites
171 1434 290 1467 fecerant
310 1435 362 1460 triti
383 1441 495 1461 cornua.
511 1433 561 1466 Qui
576 1433 694 1468 equites,
707 1440 724 1460 ο
739 1432 840 1460 homo?

62 1476 168 1506 Mentiris
176 1479 257 1506 etiam
273 1479 335 1506 istic
346 1484 373 1506 ct
396 1479 423 1506 in
447 1479 554 1511 ovibus,
570 1486 631 1506 cum
645 1478 751 1506 diceres
767 1477 839 1513 quod

61 1524 121 1558 ignis
134 1525 276 1553 cecidisset
295 1526 327 1552 de
347 1525 429 1558 caelo,
443 1525 567 1560 quiniino
594 1525 725 1552 mentitur
741 1524 834 1551 diabo-
850 1537 871 1568 ο

62 1568 97 1596 lus
112 1570 153 1603 qni
171 1570 198 1597 in
218 1575 246 1597 te
263 1570 395 1604 loquitur.
418 1569 486 1602 Illic,
505 1569 602 1603 inquit,
619 1576 635 1596 ο
661 1569 837 1596 callidissime

60 1614 159 1650 Satana,
171 1616 279 1644 voluisti
304 1616 387 1643 Dcuin
412 1617 573 1652 depravare,
589 1616 668 1651 quasi
690 1616 781 1651 ignem
803 1617 836 1642 de

61 1662 119 1690 cmlo
133 1671 212 1698 super
229 1670 297 1690 oves
316 1663 468 1689 mittentem
487 1671 494 1689 :
508 1662 551 1690 hic
568 1670 632 1689 vero
652 1662 692 1689 vis
712 1662 836 1690 homines

61 1708 171 1736 incusare
185 1709 263 1744 quasi
279 1709 423 1736 adversum
438 1707 488 1736 Job
499 1708 700 1736 insurrexerint
719 1708 814 1735 illicite
830 1717 835 1733 :

61 1760 85 1781 iit
97 1755 162 1783 circa
185 1762 337 1790 utrumque
354 1755 405 1783 Job
421 1756 512 1782 odium
533 1756 698 1790 acquirerei,
715 1760 742 1782 et
763 1757 836 1781 circa

61 1801 132 1829 Deum
153 1802 372 1838 blasphemiam,
387 1807 413 1829 ct
436 1802 509 1829 circa
533 1802 657 1829 homines
678 1801 788 1834 bellum,
804 1809 836 1828 ex

61 1849 144 1880 quibus
159 1854 285 1876 neutrum
304 1848 340 1874 illi
355 1848 468 1875 credere
485 1848 617 1882 acquievit
638 1848 837 1875 constantissi-

61 1902 110 1921 mus
123 1894 180 1922 Joh.
207 1895 263 1923 Sed
289 1895 377 1922 adhuc
405 1896 513 1930 equites,
534 1895 633 1929 inquit,
647 1895 766 1929 fecerunt
786 1894 837 1921 sibi

60 1941 103 1966 tria
118 1949 225 1968 cornua.
239 1941 293 1974 Qui
304 1941 420 1975 equites,
432 1949 448 1968 ο
462 1942 563 1969 homo?
573 1941 640 1969 Nam
654 1941 700 1968 illo
714 1945 837 1975 tempore

60 1993 103 2013 non
117 1993 191 2015 erant
202 1988 311 2023 equites
326 1988 435 2023 plurimi
449 1989 519 2016 inter
532 1988 665 2021 homines,
680 1988 727 2015 sed
742 1995 836 2022 quam-

59 2031 155 2065 plurimi
179 2035 321 2061 hominum
340 2034 490 2069 pedestres,
503 2035 633 2062 adversus
652 2034 767 2061 invicem
780 2033 837 2061 bel-

59 2077 103 2104 lum
123 2080 261 2114 gerebant.
290 2080 341 2113 Qui
366 2087 431 2115 ergo
456 2079 567 2107 luerunt
597 2080 703 2114 equites
718 2080 764 2114 qui
784 2079 835 2106 tria

60 2132 147 2152 cornua
164 2127 215 2154 sibi
240 2126 377 2158 fecerunt,
391 2127 442 2154 hoc
461 2132 514 2160 est,
527 2127 572 2161 qui
590 2127 688 2161 triplici
711 2126 791 2153 modo
807 2133 837 2153 se

60 2177 230 2204 armaverunt,
245 2173 291 2208 qui
306 2172 403 2208 triplici
419 2173 513 2207 pradio
530 2173 768 2200 circumdederunt
780 2176 836 2199 ‘ca-

60 2217 148 2245 melus?
166 2219 204 2245 Illi
223 2218 336 2246 fuerunt
357 2219 495 2253 spiritales
513 2221 631 2253 equites.
648 2218 675 2245 Id
701 2223 744 2245 cst
763 2218 834 2245 aerei

59 2263 165 2297 spiritus,
180 2265 227 2300 qui
252 2271 352 2292 terram
375 2270 531 2300 peragrant,
550 2267 595 2299 qui
623 2265 733 2299 pelagus
745 2270 836 2292 trans-

59 2314 122 2340 eunt,
136 2311 179 2345 qui
192 2319 286 2338 aerem
300 2311 452 2346 pervolant,
480 2311 526 2346 qui
542 2311 615 2338 omni
631 2316 711 2338 vento
726 2316 752 2337 et
766 2318 836 2345 aqua

59 2358 129 2389 alque
142 2357 269 2384 omnibus
282 2358 449 2392 tempestivis
470 2358 598 2392 procellis
619 2358 836 2385 vehementiores

59 2406 119 2432 sunt,
134 2408 214 2436 atque
231 2403 382 2430 velociores
395 2403 423 2430 in
439 2411 501 2430 aera
515 2411 564 2430 sua
586 2403 739 2438 iniquitate.
755 2402 833 2431 Unde

59 2446 127 2472 etiam
144 2449 251 2482 equites
279 2449 359 2484 digne
379 2448 561 2484 appellantur,
583 2450 628 2485 qui
643 2457 724 2484 super
736 2456 831 2476 omnes

59 2490 197 2522 luxuriosos
214 2500 296 2529 atque
318 2496 468 2529 impudicos
485 2497 580 2523 sedent
596 2503 726 2532 tanquam
753 2504 835 2531 super

59 2542 142 2570 equos,
158 2544 186 2566 et
204 2539 284 2575 juxta
300 2541 450 2575 nequitiam
471 2549 547 2568 suain
561 2543 701 2576 exagitant
716 2542 786 2574 illus,
805 2547 832 2569 et

59 2583 86 2609 ad
99 2592 151 2612 sum
163 2585 321 2621 iniquitatis
336 2593 417 2623 atque
440 2589 614 2623 impudicitiae
635 2588 831 2623 perfectionem

59 2634 142 2658 Otones
153 2632 324 2660 insectantur
335 2634 407 2666 illos,
421 2635 454 2661 de
469 2635 567 2669 quibus
584 2635 682 2662 dicitur
696 2644 703 2663 :
721 2635 832 2662 Adulter

59 2676 116 2703 sicut
140 2680 313 2707 admissarius
341 2682 387 2708 sub
413 2682 482 2708 omni
508 2687 610 2709 sessor:
634 2681 831 2709 himiit".Et:

60 2720 139 2750 Nolite
159 2725 218 2760 ﬁeri
246 2728 312 2753 sicut
329 2737 410 2762 equus
434 2735 458 2755 et
477 2729 563 2755 mulus
579 2731 605 2755 in
620 2730 776 2764 quibusnon
796 2732 834 2754 est

60 2768 236 2799 intellectui“.
257 2774 288 2800 Et
302 2774 408 2802 adhuc:
426 2774 495 2810 liqui
517 2776 670 2802 admissarii
683 2775 747 2808 facti
759 2781 832 2808 sunt,

855 866 875 893 Β

87 2869 197 2897 “Eccli.
210 2877 307 2899 xxxiii,
323 2870 348 2896 6.
387 2868 409 2884 ¹⁶
422 2868 492 2895 Psal.
511 2875 585 2900 xui,
600 2868 616 2896 9

209 2917 342 2946 I'ATnOL.
357 2915 402 2945 Gri
434 2915 532 2945 XVII.

668 2864 689 2883 ι’
704 2865 803 2894 .Iercm.
819 2873 844 2899 v,
856 2864 882 2892 8.

898 229 943 256 Isti
964 237 1029 264 ergo
1046 231 1113 257 tales
1132 235 1194 257 sunt
1211 231 1272 265 equi
1289 231 1398 264 diaboli,
1415 232 1458 258 isti
1474 238 1537 259 sunt
1549 232 1611 267 equi
1628 240 1686 259 ma-

897 275 971 310 ligni,
984 281 1011 303 et
1029 277 1073 303 isti
1087 284 1180 304 omnes
1197 279 1241 313 qui
1256 277 1376 313 ejusdem
1393 279 1519 305 serviunt
1533 279 1684 312 iniquitati,

896 322 939 349 isti
954 330 1068 357 quorum
1089 324 1170 357 pedes
1185 324 1211 350 in
1233 324 1423 358 iniquitatibus
1443 329 1569 353 currunt.
1589 325 1687 360 Hujus-

897 368 967 395 iiiodi
981 376 1098 404 namque
1111 377 1242 404 equorum
1259 371 1340 403 pedes
1353 370 1458 397 veloces
1471 375 1534 398 sunt
1551 370 1584 396 ad
1600 370 1686 398 cliuli-

896 414 1013 441 denduni
1029 415 1199 450 sanguinem.
1214 415 1325 450 Equites
1341 420 1403 442 sunt
1417 416 1572 450 nequissimi
1584 416 1685 443 daemo-

895 468 944 488 nes
976 466 1057 496 atque
1083 462 1154 488 aerei
1179 462 1304 496 spiritus.
1332 461 1406 489 Talis
1433 463 1504 491 enim
1533 471 1618 497 equus
1635 463 1685 490 fuit

898 507 962 534 olim
983 507 1242 541 Nabuchodonosor,
1255 510 1302 536 sed
1321 518 1372 536 non
1385 509 1496 544 jugiter,
1515 510 1561 536 scil
1580 515 1682 544 septem

894 555 975 582 annis
1005 560 1119 588 tantum,
1135 554 1233 589 quibus
1251 563 1265 581 a
1283 554 1458 589 nequissiniis
1485 555 1631 588 equitibus,
1658 555 1683 581 id

894 606 935 627 est
950 600 1128 632 dwmouihus,
1156 601 1338 635 iinparccnler
1362 605 1403 627 est
1432 600 1594 635 exagitatus.
1611 598 1684 628 Talis

894 655 978 682 equus
993 647 1043 674 luit
1056 653 1082 674 et
1097 647 1143 674 ille
1159 648 1204 682 qui
1221 647 1246 674 in
1266 647 1420 682 Erangeliis
1437 655 1450 673 a
1468 647 1572 682 legione
1586 647 1684 675 simili-

894 699 935 721 ter
954 701 1003 729 per
1015 693 1122 721 deserta
1144 699 1172 721 et
1187 701 1234 728 per
1251 699 1357 721 mortles
1371 694 1521 728 urgebatur
1537 695 1623 721 donec
1635 702 1684 722 vc-

894 739 972 765 nieus
998 738 1128 765 Dominus
1153 739 1212 765 illos
1229 739 1339 773 quidem
1361 738 1447 766 malus
1466 739 1580 773 equites,
1601 739 1627 766 id
1642 745 1684 767 est

894 785 1042 817 daemones,
1061 783 1197 818 eﬂ'ngavit,
1222 789 1250 811 ct
1277 784 1350 811 illiini
1388 785 1518 812 miserunt
1547 785 1682 812 liberavit.

893 830 1000 866 Aliique
1019 831 1154 857 innumeri
1182 839 1195 856 a
1223 830 1333 863 sacculo,
1350 830 1395 858 alii
1419 837 1524 865 aperte,
1553 831 1598 858 alii
1619 839 1684 859 vero

890 877 1005 908 occulte,
1032 877 1139 904 diverse
1164 885 1195 904 ac
1222 877 1296 904 varie
1321 877 1474 905 dcemonum
1501 877 1563 912 equi
1592 877 1680 905 cﬂ‘ecti

890 929 954 951 sunt
970 933 977 951 :
994 924 1092 958 quibus
1111 923 1247 950 universis
1261 931 1322 950 cuni
1335 929 1427 951 essent
1450 924 1578 950 immundi
1600 930 1682 959 atque

890 970 1084 1001 evsecrabilcs,
1098 970 1124 996 in
1138 970 1216 996 ntali-s
1231 969 1271 996 usi
1286 970 1398 997 suntcis
1414 970 1570 1005 nequissimi
1584 970 1682 997 ἀίειιιοο

891 1022 949 1045 nes,
965 1013 1026 1040 aliis
1041 1021 1107 1040 sane
1122 1013 1156 1040 ad
1173 1015 1345 1042 velocitatem
1368 1015 1506 1042 homicidii
1525 1021 1552 1042 et
1568 1015 1681 1051 sangui-

890 1060 943 1093 nis,
959 1060 1153 1087 devastationis
1166 1068 1275 1096 quoque
1291 1066 1373 1096 atque
1400 1061 1560 1096 nequissimi
1577 1055 1680 1094 litoris,

890 1111 917 1133 et
930 1106 1049 1133 omnium
1067 1114 1127 1142 qua!
1140 1106 1268 1134 voluntas
1289 1107 1387 1135 diaboli
1404 1112 1486 1143 atque
1501 1115 1570 1143 opus
1586 1109 1680 1144 exige-

891 1152 946 1180 bat.
963 1153 1000 1180 Iie
1021 1153 1081 1180 istis
1096 1160 1160 1188 ergo
1175 1153 1314 1187 equitibus
1333 1154 1398 1181 dicit
1421 1154 1481 1181 istic
1496 1163 1503 1180 :
1518 1150 1626 1188 Equites
1644 1155 1681 1190 fe-

890 1204 981 1226 cerunt
1010 1200 1062 1226 tria
1089 1208 1188 1226 cornua
1201 1205 1243 1227 :et
1256 1200 1490 1227 circumdederat”
1506 1202 1630 1230 camelos.
1646 1202 1681 1236 Et

890 1253 940 1272 cur
955 1245 1006 1272 tria
1020 1253 1134 1277 cornua,
1149 1250 1176 1273 et
1190 1253 1242 1273 non
1255 1251 1374 1281 quatuor
1384 1247 1396 1274 '!
1408 1246 1448 1275 0b
1463 1247 1514 1275 hoc
1532 1249 1594 1283 quia
1612 1257 1681 1284 qna-

892 1295 953 1318 tuor
967 1291 1122 1319 reservavit
1144 1299 1194 1326 pro
1211 1297 1331 1326 quatuor
1353 1293 1449 1320 domus
1472 1294 1579 1328 angulis
1595 1295 1628 1322 ad
1639 1295 1682 1323 in—

891 1336 1065 1365 terliciendos
1084 1337 1144 1372 ejus
1164 1338 1242 1366 lilios.
1260 1337 1299 1366 Oh
1317 1338 1368 1365 hoc
1394 1347 1458 1374 ergo
1489 1347 1541 1367 non
1563 1346 1682 1376 quatuor

890 1383 939 1411 sed
954 1383 1006 1410 tria
1023 1391 1127 1411 cornua
1145 1384 1278 1417 fecerunt,
1290 1384 1342 1413 hoc
1358 1390 1396 1412 est
1416 1384 1564 1418 ﬁnxerunt,
1590 1388 1680 1416 consi-

891 1431 1073 1464 mulaverunt,
1094 1437 1280 1465 armaverunt,
1305 1437 1397 1468 utpote
1421 1433 1527 1468 equites
1542 1434 1619 1468 equis
1640 1442 1681 1462 sc-

890 1477 1007 1510 dentes,
1036 1484 1118 1514 atque
1143 1480 1300 1506 universam
1323 1484 1492 1506 armaturam
1520 1479 1675 1513 habentes,

892 1524 1017 1551 timorem
1044 1525 1232 1556 ostendentes,
1247 1530 1329 1560 atque
1354 1525 1541 1552 fortitudinem
1566 1526 1680 1554 demon-

889 1575 1010 1598 strantes
1027 1580 1034 1598 :
1046 1570 1156 1607 Equites
1168 1572 1284 1605 fecerunt
1298 1573 1349 1598 tria
1364 1580 1474 1599 cornua.
1485 1572 1506 1600 0
1516 1580 1596 1607 quain
1611 1573 1680 1600 ntul-

890 1617 1008 1651 tiplicem
1028 1617 1238 1652 inquisitionem
1258 1623 1340 1653 atque
1367 1619 1579 1654 disputationem
1598 1620 1680 1648 habet

889 1661 934 1690 hic
950 1670 1040 1690 sermo
1060 1663 1066 1689 ε
1092 1662 1214 1690 Primum
1239 1664 1348 1697 quidem
1367 1664 1419 1692 hoc
1437 1665 1586 1701 intelligere
1601 1666 1680 1694 debet

889 1709 978 1736 omnis
992 1709 1110 1743 sapiens,
1130 1709 1192 1743 quia
1205 1710 1329 1737 universa
1343 1710 1462 1744 potentia
1473 1717 1555 1745 atque
1571 1712 1679 1740 exerci—

891 1760 948 1786 tus,
963 1759 991 1781 et
1007 1762 1103 1782 omnes
1119 1755 1270 1782 daemonum
1286 1760 1401 1783 caterva
1416 1755 1495 1783 simul
1510 1756 1564 1783 illic
1580 1764 1680 1784 conve-

889 1807 1001 1835 nerunt,
1015 1806 1041 1829 et
1055 1803 1160 1836 pariter
1173 1810 1202 1829 se
1220 1803 1362 1829 adversum
1379 1802 1487 1830 beatum
1506 1803 1556 1831 Job
1571 1804 1596 1830 in
1611 1812 1679 1838 pne-

888 1847 926 1875 lio
950 1853 1138 1881 armaverunt,
1156 1849 1314 1875 universum
1338 1847 1468 1875 mundum
1484 1849 1677 1884 despexerunt,

888 1898 992 1921 tantum
1011 1898 1040 1920 ut
1053 1892 1104 1920 Job
1128 1898 1299 1927 superarent.
1328 1893 1395 1920 Nam
1428 1899 1515 1921 totum
1548 1895 1678 1924 mundum

888 1947 966 1967 suum
982 1939 1187 1974 jndicaverunt,
1205 1944 1233 1965 ct
1254 1940 1398 1966 adversum
1413 1938 1500 1966 solum
1514 1939 1565 1967 Joh
1579 1940 1678 1967 bellum

888 1989 1042 2020 gesserunt,
1064 1989 1156 2018 utpote
1185 1984 1248 2019 quia
1277 1992 1330 2011 non
1358 1989 1416 2012 erat
1445 1985 1542 2012 similis
1565 1986 1634 2013 alitis
1652 1987 1678 2014 in

889 2036 946 2058 toto
961 2030 1071 2057 mundo.
1091 2030 1155 2056 Item
1179 2030 1266 2057 adhuc
1290 2030 1340 2056 tria
1361 2038 1463 2057 cornua
1485 2030 1612 2058 fecerunt
1630 2038 1679 2065 pro

888 2076 984 2110 peculii
1004 2077 1225 2111 consumptione,
1238 2082 1264 2102 et
1279 2076 1396 2103 liliorunt
1417 2077 1580 2111 perditione,
1598 2083 1678 2112 atque

888 2123 1010 2158 corporis
1024 2122 1114 2157 plaga,
1132 2129 1261 2156 superare
1273 2130 1334 2149 eum
1353 2123 1480 2150 nitentes.
1497 2122 1560 2149 Tria
1578 2131 1678 2151 cornua

889 2169 1022 2202 iecerunt,
1041 2170 1104 2204 quia
1133 2174 1160 2196 et
1184 2177 1246 2196 cum
1264 2177 1297 2197 eo
1327 2170 1406 2197 tertio
1428 2172 1567 2205 congressi
1599 2175 1674 2197 sunt.

852 2211 875 2239 D
890 2216 979 2243 Semel
991 2223 1056 2243 sane
1075 2222 1138 2241 cum
1153 2222 1235 2242 omne
1250 2215 1384 2250 peculium
1405 2221 1485 2250 atque
1504 2216 1574 2244 ﬁlios
1590 2216 1679 2244 subito

892 2262 1086 2291 interfecerunt
1104 2270 1111 2293 ;
1129 2263 1260 2294 secundo,
1275 2263 1382 2296 quando
1399 2268 1484 2293 totum
1505 2271 1605 2297 corpus
1621 2263 1678 2298 ejus

889 2309 1032 2343 putredine
1049 2316 1081 2335 ac
1094 2307 1234 2335 vermibus
1260 2308 1450 2342 repleverunt;
1473 2308 1565 2341 tertio,
1592 2317 1679 2343 quan-

888 2355 923 2381 do
938 2363 986 2390 per
1001 2362 1114 2382 uxorein
1128 2355 1308 2386 seduxerunt,
1322 2355 1402 2381 amici
1413 2363 1477 2383 vero
1488 2354 1676 2390 culpaverunt.

888 2402 983 2429 Adhuc
999 2406 1088 2428 autem
1098 2400 1149 2427 tria
1158 2408 1257 2428 cornua
1268 2399 1403 2433 fecerunt,
1413 2406 1541 2436 tanquam
1551 2401 1602 2428 tria
1609 2409 1678 2436 pra:-

888 2449 967 2483 cipua
979 2455 1012 2475 ac
1024 2447 1184 2481 singularia,
1200 2447 1224 2473 id
1234 2450 1276 2473 est
1296 2453 1381 2480 spem,
1396 2446 1487 2478 tidem,
1503 2447 1678 2479 cliaritateiu,

887 2494 1002 2528 praedari
1015 2501 1077 2521 eum
1090 2497 1232 2520 conantes.
1246 2491 1429 2526 Fidemqnam
1445 2491 1471 2518 in
1483 2493 1528 2519 Dei
1542 2493 1678 2520 culturam

888 2540 992 2570 habuit.
1002 2547 1077 2574 spem
1088 2544 1197 2566 aeternae
1205 2538 1375 2566 Iiberationis
1386 2545 1417 2564 ac
1428 2537 1549 2565 ctelestis
1564 2538 1678 2574 refrige-

888 2587 932 2619 rii,
947 2587 1110 2614 cliaritatem
1119 2585 1191 2612 circa
1201 2586 1282 2612 lienin
1292 2593 1344 2620 qua
1358 2584 1473 2611 nihilest
1487 2585 1679 2620 majus,nequt:

887 2638 913 2664 in
930 2636 982 2662 hoc
995 2634 1104 2666 steculo,
1119 2641 1207 2668 neque
1223 2634 1249 2660 in
1260 2632 1362 2659 futuro.
1381 2631 1433 2657 Pro
1448 2631 1490 2658 his
1508 2637 1575 2665 ergo
1590 2631 1674 2662 omni-

888 2682 938 2709 bus
955 2681 1079 2708 l'cccrnnt
1089 2680 1141 2706 tria
1159 2686 1262 2706 cornua
1278 2677 1438 2712 nequiSsimi
1450 2677 1597 2708 daemones.
1617 2684 1678 2704 om—

889 2736 937 2755 nes
949 2728 1052 2762 pariter
1062 2726 1206 2754 adversum
1220 2723 1270 2751 Joh
1283 2724 1454 2754 dimicantes,
1470 2731 1565 2751 omnes
1580 2723 1677 2755 unani-

889 2775 970 2801 miter
982 2774 1126 2801 adversum
1138 2779 1199 2799 eum
1214 2775 1328 2798 stantes.
1345 2769 1425 2797 Solus
1442 2773 1533 2798 autem
1550 2768 1676 2800 diabolus

1516 2901 1552 2932 1’s
