1904 3076
243 110 296 138 λετ

810 106 1004 137 ANONYMUS
1022 107 1055 135 IN
1073 107 1142 135 JOB.
1161 123 1194 127 —
1214 106 1278 137 LIB.
1295 109 1319 137 ‘I.

1818 115 1859 143 828

243 171 288 206 qui
308 174 350 197 est
377 169 404 197 in
431 168 576 204 iniquitate
599 169 744 201 maximus,
761 175 880 204 prmsens
906 167 957 195 Job
981 171 1039 194 erat
1053 167 1077 195 A
1091 168 1137 195 size
1153 168 1285 195 unitalcm
1300 168 1468 196 incessanter
1478 167 1622 196 dimicant.
1634 167 1688 196 Sed
1700 171 1859 204 quemadmo-

243 205 361 243 sollicite
376 215 526 243 observans
551 214 644 243 infelix
660 215 769 250 quando
787 205 963 250 blasphemiae
978 221 1033 241 ser-

245 270 350 290 monem
378 269 412 288 ex
436 259 501 295 justi
527 260 599 289 illius
628 257 676 288 ore
705 261 838 296 potuisset
865 261 969 289 audire.
998 259 1032 288 Et

243 312 346 342 quanto
366 306 454 341 magis
467 305 647 342 torquebatur
663 306 714 334 Job
739 307 820 334 corde
846 306 1031 334 Iamentabilia

243 353 336 380 nuntia
364 351 479 380 subinde
502 352 649 385 audiendo,
673 356 748 380 tanto
770 352 830 386 plus
853 352 1032 387 torquebatttr

242 397 365 425 diabolus
392 405 423 426 ea
449 404 510 433 quae
531 397 641 425 volebat
667 398 709 425 vel
737 397 918 430 desiderabat,
945 397 971 424 id
990 402 1032 425 est

241 444 290 471 Dei
305 443 512 479 blasphemiam,
532 442 566 471 ab
580 451 612 471 eo
631 451 681 470 uon
706 442 854 473 audiendo.
871 442 924 470 Sed
940 443 1030 470 adhuc

243 489 294 516 tria
308 497 409 517 cornua
432 489 556 516 fecerunt
581 490 621 522 Iti,
639 489 685 525 qui
711 490 842 517 adversus
858 489 910 516 tria
931 489 1028 517 saecula

241 536 275 563 ab
298 535 376 562 initio
399 540 426 562 et
450 542 535 571 usque
557 535 583 563 in
609 535 689 563 finem
711 535 810 563 bellum
835 540 987 571 gesserunt,
1002 540 1030 562 et

243 581 375 608 adversus
389 588 449 608 eum
464 581 509 615 qui
525 581 558 608 ab
573 581 651 608 ittitio
668 581 718 608 fuit
737 589 822 615 usque
837 582 869 608 ad
886 581 1026 615 diluvium,

240 633 268 654 et
286 635 300 654 a
315 627 417 654 diluvio
440 635 526 662 usque
548 628 581 654 ad
594 628 745 662 passionem
758 632 783 655 et
800 628 1027 655 resurrectionem

238 672 347 702 Domini
365 673 478 702 Christi.
492 679 519 701 et
533 681 618 708 usque
645 675 670 701 itt
698 675 778 701 llnem
796 678 823 701 et
847 675 1028 702 resurrectio-

240 728 301 747 nem
317 719 448 746 omnium.
463 718 596 746 Etadhuc
613 719 662 746 tria
682 726 783 746 cornua
799 719 923 747 fecerttnt
938 719 964 746 hi
979 720 1025 754 qui

238 766 369 792 adversus
388 765 438 791 tria
456 764 594 795 dimicant,
616 765 745 792 adversus
768 764 854 800 legem
869 770 895 792 et
913 765 1028 800 prophe-

239 816 280 838 tas
307 816 389 845 atque
410 810 556 845 apostolos.
574 811 724 838 Adversum
761 810 847 846 legem
877 818 954 843 sane,
977 818 1026 846 per

1086 214 1149 240 dum
1171 219 1236 241 tunc
1263 215 1350 241 tribus
1373 214 1503 242 cornibus
1524 214 1654 242 adversus
1677 213 1726 242 Job
1746 222 1858 250 congres-

1086 267 1144 293 stts,
1161 267 1222 287 cum
1236 260 1398 288 confusione
1413 264 1454 287 est
1467 265 1622 295 superatus,
1637 260 1704 288 nihil
1726 262 1858 295 praevalens

1085 305 1217 332 adversus
1236 303 1287 332 Job
1300 314 1306 331 :
1319 305 1358 333 sic
1383 311 1411 332 et
1429 313 1502 332 nunc
1523 305 1617 332 multis
1639 306 1726 333 modis
1744 307 1858 335 adversus

1084 350 1232 378 Ecclesium
1260 357 1424 386 congressus
1440 355 1493 383 est,
1507 355 1535 378 et
1549 358 1597 386 per
1613 351 1770 380 innumeras
1787 353 1858 380 luere-

1083 403 1127 423 ses
1154 397 1284 424 adversus
1305 404 1366 424 eam
1391 397 1538 429 dimicans,
1569 402 1712 425 revocatur
1734 397 1857 432 confusus,

1083 443 1151 470 nihil
1164 443 1312 478 praevalens
1320 443 1567 470 verecredentibus
1585 442 1738 470 animabus.
1751 443 1856 471 Firmum

1082 488 1154 515 enint
1172 488 1373 531 firmamentum
1396 488 1442 514 Dei
1471 487 1572 514 stabit:
1587 486 1619 514 Et
1631 492 1713 521 portw
1727 488 1857 522 inferorum

1082 542 1135 560 non
1151 533 1329 568 praevalebunt
1347 533 1471 560 adversus
1489 532 1589 564 eant",
1604 533 1671 560 sicut
1693 533 1759 560 dicit
1778 533 1856 561 Domi-

1081 587 1142 611 nus,
1166 585 1258 614 portas
1288 579 1387 607 inferni
1423 581 1610 612 memorando,
1638 579 1761 607 diversas
1781 585 1857 607 sectas

1080 630 1160 660 atque
1173 626 1292 653 haereses
1306 625 1467 658 infidelium,
1477 633 1538 660 qua:
1553 633 1638 660 usque
1649 626 1682 653 ad
1695 630 1785 661 portas
1800 626 1856 654 inie-

1081 679 1171 698 rorum
1192 671 1331 699 deducunt
1345 679 1439 699 omnes
1450 672 1497 707 qui
1508 679 1555 700 eos
1569 678 1720 700 sectantur.
1737 672 1799 700 Post
1807 681 1856 708 quae

1079 717 1217 751 universa,
1243 717 1332 744 adhuc
1357 725 1440 744 unum
1467 717 1652 745 advertantus.
1675 717 1741 744 Tria
1766 725 1853 745 cornua

1079 762 1143 790 fecit
1163 762 1287 791 diabolus
1314 763 1342 790 in
1363 767 1457 798 typum
1480 768 1561 798 atque
1587 764 1700 798 figuram
1728 763 1854 799 trionyma:

1078 808 1152 836 illius
1167 813 1258 842 sectte,
1271 809 1408 844 triumque
1423 809 1534 836 deorum
1547 809 1669 842 haeresis,
1684 817 1746 845 qua:
1760 810 1854 837 univer-

188 853 191 860 ’
237 856 370 884 idolorum
399 856 588 890 iniquitatem,
625 857 755 884 adversus
791 856 942 892 prophetas
975 863 1025 892 per
1040 856 1061 883 Β
1076 862 1134 882 sum
1151 855 1244 882 orbem
1265 860 1344 882 terra:
1359 856 1386 882 in
1406 856 1516 882 modum
1545 856 1721 883 tenebrarum
1742 856 1852 891 replevit.

237 902 488 937 pseudoprophetas
505 911 511 930 :
529 903 592 930 item
615 906 642 931 et
657 903 788 930 adversus
811 902 950 937 apostolos
975 910 1023 937 per

234 949 316 977 falsos
336 949 482 984 apostolos.
505 949 568 977 Post
585 957 644 985 quae
660 949 783 977 universa
796 971 804 983 ,
821 958 838 978 ο
853 951 945 984 amici,
961 951 1023 978 ulti-

234 1003 306 1022 mam
319 996 411 1023 audite
426 996 649 1030 disputationem.
666 997 819 1023 Adversum
836 996 888 1024 Job
904 997 980 1030 olim,
994 1003 1021 1024 et

234 1041 367 1069 adversus
392 1049 486 1070 omnes
516 1042 715 1077 subsequenter
739 1043 826 1070 tribus
840 1043 969 1072 cornibus
982 1044 1022 1071 di~

235 1088 357 1120 micarit,
377 1089 464 1115 tribus
487 1088 619 1115 cornibus
646 1095 810 1123 congressus
839 1093 891 1122 est,
921 1090 1019 1124 triplici

233 1134 312 1160 tnodo
340 1134 466 1165 tentavit,
487 1133 563 1167 juxta
594 1135 684 1160 omnia
712 1142 772 1168 qua:
798 1139 906 1162 ostensa
935 1139 1017 1170 atque

232 1183 381 1206 memorata
414 1183 486 1206 sunt.
522 1177 599 1205 Nunc
630 1186 694 1206 vero
724 1180 879 1208 novissimis
911 1185 1016 1216 tempo-

232 1224 318 1258 ribus,
354 1229 436 1260 atque
459 1225 484 1252 in
507 1225 601 1252 ultimo
627 1225 737 1258 satculo,
766 1234 818 1254 non
845 1227 871 1254 in
893 1228 935 1255 his
953 1227 1019 1256 solis

232 1270 318 1297 tribus
335 1269 461 1297 cornibus
475 1270 598 1302 dimicat,
615 1270 713 1305 triplici
733 1272 812 1299 modo
832 1273 1016 1307 congreditur,

232 1317 280 1345 sed
294 1316 368 1343 tnille
383 1309 481 1347 modis,
495 1324 526 1344 ae
539 1317 722 1352 multipliciter
736 1316 857 1352 dimléat,
870 1320 1016 1355 congredi-

231 1369 276 1390 tur
290 1367 316 1390 et
333 1366 429 1396 tentat,
456 1362 611 1395 insidiatur,
635 1363 741 1390 seducit
769 1369 849 1398 atque
872 1362 1016 1398 subvertit,

230 1417 279 1443 per
290 1409 491 1436 multitudinem
508 1409 652 1440 ltmresum,
666 1416 713 1443 per
726 1409 883 1437 innumeros
895 1418 1014 1444 errores,

227 1462 277 1490 per
295 1454 464 1482 abundantes
481 1454 646 1486 sednetores,
666 1463 714 1490 per
732 1456 953 1490 pseudoebristos
982 1465 1015 1484 ac

227 1499 469 1533 pseudodoelores,
495 1499 594 1533 quibus
616 1499 659 1527 ltie
686 1501 801 1528 mundus
822 1501 940 1536 replettts
960 1507 1012 1533 est,

228 1552 297 1579 quos
315 1545 501 1578 nequissimus
514 1545 668 1578 seminavit,
681 1553 750 1580 quos
764 1547 953 1575 atrocissimus
967 1548 1012 1576 ille

227 1589 364 1623 produxit,
380 1596 448 1624 quos
466 1589 679 1625 malignissimus
699 1590 774 1623 fecit.
793 1591 888 1620 ﬂorem
909 1597 937 1620 et
954 1592 1011 1620 fru-

226 1639 298 1664 ctum
312 1635 338 1661 in
355 1635 514 1662 inﬁdelitate
528 1640 609 1670 atque
623 1643 718 1664 errore
734 1637 831 1665 aﬂ'erre
844 1638 1011 1673 coegit,qui-

225 1680 276 1708 bus
293 1681 347 1713 hic,
368 1686 396 1708 ttt
413 1681 541 1714 diximus,
560 1683 675 1709 mundus
690 1674 806 1717 repletus
824 1689 874 1716 est,
895 1685 941 1718 qui
963 1692 1011 1712 ve-

224 1733 327 1754 nerunt
350 1732 376 1755 et
405 1728 520 1756 veniunt
553 1729 579 1755 in
606 1729 688 1755 verbo
719 1729 836 1762 Domini,
854 1730 883 1757 in
908 1731 1008 1758 vestitu

222 1772 325 1804 aviam,
340 1772 505 1800 intrinsecus
518 1779 607 1800 autent
621 1778 684 1800 sunt
701 1773 754 1808 lupi
772 1782 893 1809 rapaces,
911 1783 1008 1804 nomen

221 1818 441 1845 Christianorum
461 1818 604 1852 habentes,
618 1825 700 1855 atque
717 1821 836 1855 speciem
847 1822 969 1856 pietatis,
982 1828 1009 1850 et

216 1863 361 1890 erroribus
374 1869 401 1891 et
413 1864 596 1899 impietatibus
604 1870 684 1901 atque
698 1866 900 1895 seductionibus
914 1868 1007 1896 referti

222 1914 296 1936 sunt.
315 1908 359 1936 Isti
376 1914 437 1937 sunt
451 1918 521 1937 verm
545 1910 634 1944 jauua:
651 1913 755 1944 tnortis,
777 1917 804 1939 et
820 1913 870 1940 vite
896 1914 1005 1942 inferni.

220 1953 267 1982 Isti
286 1960 348 1982 sunt
364 1956 409 1990 qui
427 1963 440 1982 a
454 1956 567 1983 veritate
588 1957 720 1991 plurimos
739 1959 962 1993 prmvaricantur,
979 1966 1006 1989 et

220 2009 234 2027 a
249 2000 302 2028 fide
317 2002 472 2029 innuttteros
489 2002 619 2030 aberrare
635 2003 749 2030 faciunt.
773 2003 819 2031 Isti
843 2011 907 2032 sunt
923 2006 1005 2033 mini-

219 2047 270 2074 stri
286 2047 395 2083 maligni
409 2047 517 2080 diaboli,
538 2053 619 2083 atque
641 2049 728 2076 nuntii
743 2051 856 2077 veritate
867 2057 1004 2080 carentes.

218 2092 263 2119 I’sti
279 2097 343 2120 sunt
359 2094 423 2121 caeci
435 2093 518 2121 duces
531 2102 676 2122 cmcorum.
695 2094 739 2122 Isti
759 2101 823 2123 sunt
839 2097 923 2124 nubes
944 2098 1004 2125 sine

218 2145 299 2172 aqua,
316 2138 414 2165 nebula
441 2146 455 2165 a
479 2144 639 2173 tempestate
658 2139 760 2174 fugata,
787 2141 887 2175 quibus
904 2142 1002 2178 caligo,

215 2183 259 2209 γει
279 2182 376 2210 nebula
403 2183 563 2211 interierunt
591 2185 762 2212 tenebrarum
780 2186 859 2221 digne
880 2194 1003 2215 servatur

216 2231 296 2261 atque.
309 2229 472 2256 cusmditur.
489 2229 556 2257 lstos
578 2237 642 2265 ergo
659 2229 806 2265 fugiamus,
822 2239 839 2258 ο
854 2232 918 2266 viri,
934 2232 1000 2260 istos

215 2274 268 2300 late
292 2274 450 2308 devitemus,
468 2283 484 2302 ο
508 2277 599 2304 amici.
616 2276 687 2304 Istos
708 2278 772 2305 odio
796 2278 958 2312 habeamus,
972 2284 1000 2307 et

215 2319 401 2347 infidelitatem
429 2326 511 2356 atqtte
533 2329 656 2350 errorem
683 2324 729 2358 qui
758 2324 784 2351 in
802 2324 842 2352 eis
858 2330 909 2358 est,
925 2325 1000 2356 velut

213 2365 351 2392 flamtnam
383 2366 452 2401 ignis
478 2367 658 2401 declinemus,
683 2376 733 2403 pro
757 2376 789 2397 eo
815 2377 849 2397 ne
865 2378 926 2398 cum
945 2371 998 2399 illis

211 2410 329 2438 flamma
344 2411 559 2447 inexstinguibili
579 2415 605 2442 in
621 2415 664 2443 die
681 2415 780 2443 furoris
793 2420 876 2451 atque
890 2417 997 2444 revela-

212 2455 293 2483 tionis
316 2455 384 2491 justi
408 2457 503 2491 judieii
521 2458 567 2486 Dei
594 2460 792 2495 mancipemur.
808 2460 873 2489 Haec
893 2461 997 2490 scilicet

208 2501 337 2529 universa
353 2503 575 2537 memoravimus,
593 2503 654 2539 quia
670 2505 722 2532 tria
740 2513 844 2534 cornua
863 2507 896 2534 ad
916 2507 996 2535 dimi-

208 2547 325 2576 candum
338 2552 419 2584 atque
434 2550 663 2585 congrediendum
675 2552 805 2580 adversus
815 2552 866 2581 Job
884 2553 995 2589 nequis-

207 2595 268 2622 simi
282 2594 420 2624 datmones
439 2595 575 2624 fecerunt.
593 2596 634 2625 Ad
659 2597 845 2626 dimicandum
860 2607 925 2627 vero
946 2600 994 2628 ad-

207 2648 304 2670 versus
316 2640 421 2670 Ecclesi
441 2649 466 2669 m
483 2650 536 2670 non
560 2642 611 2670 tria
629 2646 732 2672 tantum
758 2652 871 2679 cornua,
884 2646 932 2674 sed
952 2646 993 2674 in-

207 2694 317 2715 numera
348 2691 429 2722 atque
453 2688 652 2718 inaestimabilia
681 2698 776 2720 omnes
810 2697 892 2720 secta:
910 2696 992 2728 atque

206 2733 321 2765 haereses
329 2732 433 2762 faciunt
453 2741 501 2769 per
513 2743 581 2772 quas
595 2737 739 2768 universas
753 2738 885 2767 adversus
896 2738 991 2768 Eccle-

201 2823 203 2832 ‘
243 2821 266 2837 "
279 2821 438 2857 Malth.xvr,
455 2823 497 2852 18.

1075 907 1134 935 qua:
1146 899 1253 927 Patrem
1265 905 1294 928 et
1310 900 1407 927 Filium
1420 906 1447 927 et
1463 899 1591 935 Spiritum
1607 906 1732 928 sanctum
1746 902 1853 937 aliquan-

1073 947 1108 973 do
1124 952 1253 981 tanquam
1279 951 1333 974 tres
1359 946 1432 979 colit,
1449 954 1643 981 nonnunquam
1659 955 1744 975 unum
1760 948 1851 980 adorat,

1073 993 1299 1027 quemadmodum
1312 992 1467 1020 Griecorutn
1478 992 1569 1027 lingua
1584 999 1764 1027 memoratur,
1777 994 1851 1022 triada

1073 1038 1113 1066 vel
1135 1039 1291 1066 ltomusion.
1312 1039 1392 1066 Istam
1411 1046 1476 1073 ergo
1493 1037 1636 1067 Ti-initatis
1651 1045 1755 1067 sectam
1768 1044 1793 1068 et
1803 1040 1851 1067 ha:-

1074 1085 1154 1112 rcsitn
1174 1090 1256 1119 atque
1277 1084 1465 1112 infidelitatem
1479 1083 1537 1118 jam
1560 1084 1625 1112 olim
1643 1085 1677 1112 de
1691 1085 1772 1120 longe
1789 1086 1852 1113 desi-

1071 1139 1159 1166 gnans
1177 1131 1384 1159 versutissimus
1401 1131 1445 1158 ilf‘e
1457 1129 1582 1160 diabolus
1597 1131 1648 1159 tria
1666 1139 1771 1159 cornua
1786 1132 1852 1159 misit

1070 1178 1103 1204 ad
1117 1178 1168 1205 Job
1193 1177 1415 1212 deprredandum.
1432 1177 1478 1206 Sic
1494 1186 1609 1213 namque
1621 1179 1703 1206 etiam
1722 1186 1791 1206 nunc
1803 1185 1851 1205 mc-

1071 1229 1175 1251 momta
1199 1225 1333 1260 trionyma
1359 1225 1483 1257 hazresis,
1502 1225 1653 1259 praesertim
1667 1225 1803 1260 prmdatur
1816 1229 1850 1252 at-

1069 1278 1122 1304 que
1139 1274 1276 1305 expugnat
1291 1270 1452 1298 Ecclesiam.
1472 1270 1525 1298 Sed
1545 1278 1606 1298 cum
1624 1271 1732 1298 videret
1751 1271 1850 1306 nequis-

1069 1316 1153 1343 simus
1177 1315 1300 1343 diabolns
1321 1317 1392 1351 quod
1420 1316 1487 1345 nihil
1511 1316 1673 1351 profecisset
1696 1324 1747 1351 per
1767 1316 1849 1343 omnia

1068 1370 1127 1396 qua:
1143 1362 1236 1397 gessit,
1255 1362 1354 1398 adjecit
1368 1363 1419 1390 hoc
1435 1363 1506 1398 quod
1520 1367 1579 1390 erat
1593 1363 1756 1394 maximum,
1774 1367 1847 1397 atque

1067 1408 1217 1435 mirabilem
1234 1407 1267 1444 [Ῑ.
1289 1407 1482 1444 miserabilem]
1501 1409 1617 1436 filiorum
1633 1409 1848 1436 internecionem.

1067 1453 1209 1489 Sagittavit
1218 1455 1302 1489 prima
1311 1455 1420 1490 sagitta,
1429 1460 1456 1483 et
1466 1462 1517 1482 non
1528 1454 1800 1489 vuineravitjustum.
1809 1454 1849 1481 Sa-

1066 1501 1174 1532 gittavit
1186 1502 1303 1528 secunda
1313 1501 1518 1536 periculosiore,
1526 1506 1552 1528 et
1564 1509 1617 1528 non
1627 1501 1695 1529 laesit
1709 1502 1736 1529 in
1747 1502 1849 1529 veritate

1028 1533 1048 1561 (ἶ
1069 1545 1220 1575 fundatum.
1243 1547 1387 1581 Sagittavit
1402 1551 1429 1574 et
1449 1547 1527 1574 tertia
1544 1555 1590 1581 per
1612 1547 1664 1574 tria
1681 1554 1795 1580 cornua,
1808 1546 1849 1573 seti

1067 1591 1124 1618 haec
1138 1591 1261 1619 ineiIicax
1277 1592 1381 1619 exstitit
1391 1599 1440 1627 per
1452 1592 1634 1620 tolerantiam.
1650 1592 1704 1620 Ista
1718 1600 1782 1628 ergo
1793 1599 1847 1619 eum

1064 1638 1114 1666 Job
1130 1643 1280 1666 retrorsum
1297 1646 1349 1666 non
1367 1643 1514 1672 averteret,
1537 1638 1637 1671 Unam,
1653 1639 1755 1674 inquit,
1771 1638 1849 1666 habeo

1064 1685 1151 1712 adhuc
1165 1685 1354 1717 novissimum,
1374 1693 1405 1712 ac
1425 1685 1617 1713 terribiliorem
1634 1684 1758 1712 ultimam
1776 1689 1848 1720 atque

1065 1731 1321 1764 lamentabiliorem,
1347 1731 1373 1759 id
1387 1736 1430 1758 est
1451 1731 1568 1758 tiliorunt
1590 1732 1806 1758 ittterneciottem
1819 1738 1848 1758 ac

1063 1777 1252 1811 perditionem,
1270 1781 1394 1805 natorutn
1409 1777 1570 1812 supplicium
1594 1781 1676 1812 atque
1692 1777 1842 1804 comminu-

1064 1822 1173 1850 tionem.
1208 1822 1336 1854 Sustulit,
1366 1822 1463 1857 inquit,
1495 1827 1577 1857 atque
1604 1822 1737 1850 sustinuit
1762 1822 1845 1858 priora

1062 1875 1122 1895 cntn
1141 1869 1174 1896 de
1194 1868 1256 1896 filiis
1272 1876 1301 1896 so
1329 1867 1529 1902 consolaretur,
1545 1868 1592 1895 sed
1615 1868 1694 1895 istam
1716 1875 1770 1895 non
1788 1875 1846 1901 sup-

1061 1915 1179 1950 portabit
1200 1922 1287 1950 neque
1308 1915 1462 1942 sustinebit.
1489 1914 1546 1942 Hoc
1567 1922 1632 1950 ergo
1656 1914 1770 1948 faciam,
1796 1922 1845 1941 non

1060 1961 1147 1987 sinam
1162 1967 1223 1987 eum
1242 1959 1389 1995 respirare,
1404 1967 1456 1987 non
1473 1961 1629 1995 permittam
1645 1960 1781 1996 resipisci,
1797 1967 1843 1986 non

1060 2006 1214 2040 permittant
1238 2005 1383 2038 consolari,
1399 2005 1446 2033 sed
1469 2006 1665 2040 subsequenter
1679 2011 1763 2041 atque
1784 2005 1843 2032 sub-

1059 2051 1122 2078 inde
1143 2050 1362 2078 latnentabilibus
1385 2058 1446 2078 eum
1470 2051 1573 2078 nuntiis
1596 2051 1766 2086 inquietabo.
1785 2050 1843 2077 IIch

1058 2101 1119 2124 eum
1137 2101 1235 2124 tractat
1257 2096 1452 2130 nequissimus,
1470 2103 1551 2131 atque
1572 2097 1644 2131 apud
1668 2097 1842 2131 semetipsum

1058 2143 1190 2177 loquitur,
1217 2142 1359 2169 confestim
1381 2150 1414 2169 ea
1440 2143 1609 2176 adimplevit.
1638 2141 1736 2170 Merito
1760 2142 1843 2169 adhuc

1057 2188 1195 2216 anteriore
1212 2187 1338 2221 loquente
1354 2187 1424 2214 alius
1440 2188 1552 2214 nuntius
1567 2188 1642 2215 venit
1659 2187 1693 2214 ad
1713 2186 1774 2215 Job.
1786 2186 1842 2214 Non

1054 2235 1197 2271 quieverat
1219 2234 1294 2269 prior
1315 2233 1451 2261 narrando
1471 2233 1553 2266 mala,
1570 2239 1598 2261 et
1612 2233 1762 2268 incipiebat
1776 2233 1843 2259 alter

1054 2287 1167 2308 narrare
1191 2280 1319 2314 pessima.
1336 2279 1396 2307 Non
1411 2280 1573 2307 occurrebat
1596 2279 1676 2306 beato
1698 2278 1751 2306 Job
1771 2279 1842 2314 inge-

1054 2327 1169 2354 miscere
1191 2333 1239 2361 pro
1268 2325 1406 2360 prioribus
1429 2325 1579 2357 doloribus,
1598 2328 1710 2359 propter
1733 2324 1802 2351 alias
1816 2327 1842 2350 et

1052 2372 1147 2399 varias
1159 2371 1299 2407 angustias
1316 2377 1376 2405 quae
1388 2369 1617 2405 superveniebant
1630 2369 1678 2396 illi.
1691 2369 1719 2396 In
1734 2369 1842 2396 modum

1051 2423 1142 2445 autem
1166 2416 1368 2445 vehementiam
1410 2423 1542 2451 aquarutn
1573 2414 1691 2442 diversis
1724 2414 1842 2442 miseriis

1045 2462 1111 2497 justi
1128 2462 1199 2490 illius
1215 2462 1335 2489 animant
1353 2461 1486 2488 inundare
1503 2460 1686 2495 nequissimus
1703 2467 1838 2495 propera-

1049 2508 1105 2536 bat.
1127 2507 1203 2534 Alter
1225 2513 1291 2541 ergo
1311 2506 1422 2533 nuntius
1442 2505 1518 2532 venit
1539 2504 1573 2532 ad
1599 2503 1664 2536 Job,
1681 2504 1754 2531 alter
1783 2507 1841 2539 post

1049 2554 1226 2586 anteriorem,
1239 2557 1353 2588 quartus
1369 2558 1436 2579 vero
1451 2558 1579 2580 numero.
1600 2550 1676 2577 Alter
1692 2557 1762 2578 vero
1777 2557 1840 2576 nun-

1049 2599 1102 2628 tius
1117 2599 1192 2628 venit
1213 2598 1247 2625 ad
1263 2597 1324 2630 Job,
1345 2601 1453 2633 propter
1480 2597 1636 2624 nuntiorutn
1659 2603 1691 2624 ac
1712 2596 1836 2624 dolorum

1047 2650 1131 2680 atque
1157 2644 1290 2672 malorum
1314 2643 1514 2671 diversitatem.
1538 2642 1615 2669 Alter
1635 2642 1753 2669 nuntius
1767 2639 1837 2667 venit

1047 2692 1080 2719 ad
1095 2691 1157 2725 Job,
1173 2695 1200 2718 et
1213 2689 1279 2718 dicit
1293 2689 1317 2717 ei
1331 2688 1420 2716 :Ecce
1434 2692 1562 2723 quartus,
1576 2688 1675 2723 inquit,
1691 2686 1835 2722 praestoler

1047 2737 1106 2771 tibi,
1123 2743 1140 2765 0
1152 2735 1216 2770 Job,
1230 2734 1357 2765 dolorum
1380 2733 1493 2762 nuntius
1510 2737 1591 2770 atque
1614 2732 1750 2762 malorum
1767 2740 1835 2769 pre
