1904 3076
62 146 115 174 J29

632 143 824 175 ANONYMUS
842 142 876 174 ιΝ
895 143 965 176 JOB.
986 163 1020 168 --
1038 146 1101 174 LIB.
1125 148 1145 175 l.

1641 150 1694 179 J30

64 215 107 239 ro,
121 211 148 234 et
158 213 214 234 non
234 207 401 240 succumbis,
414 214 502 242 neque
515 206 611 235 deﬁcis
622 207 633 234 ‘i
644 207 697 235 Sed
709 207 772 236 licet
782 208 856 243 prio-
870 212 894 239 Α
908 208 1029 243 profecto
1044 208 1182 236 :estimans
1196 208 1268 244 quod
1285 209 1398 237 mortuis
1411 209 1475 237 ﬁliis
1493 209 1554 239 ﬁliae
1565 217 1696 245 superes-
1714 207 1720 214 ’

65 253 141 280 ribus
157 259 212 279 non
235 253 422 285 succubueris,
451 253 608 281 novissimis
624 258 715 281 tamen
728 261 855 282 succum-

66 299 113 325 !ies
131 302 159 325 et
183 297 297 332 pavebis
323 302 405 332 atque
432 297 553 329 deﬁcics,
585 304 646 325 cum
677 298 856 326 novissimum

66 349 148 377 atque
170 343 374 370 lamentabilern
397 344 513 371 ﬁliorum
536 345 659 371 nuntium
684 345 778 372 audire
801 352 855 373 non

66 388 252 416 sustinueris:
270 387 456 423 Filii,-inquit,
472 390 511 416 tui
526 394 550 417 et
563 389 629 424 ﬁlia:
641 396 693 418 tua:
703 400 763 418 cum
780 399 857 418 man-

66 435 192 461 ducareut
216 439 239 461 el
264 434 374 461 biberent
394 435 420 461 in
448 435 526 462 domo
549 436 639 469 fratris
667 437 708 463 sui
734 437 855 472 majoris,

67 480 153 507 subito
169 480 239 507 venit
259 481 369 514 spiritus
386 481 417 507 ab
435 488 532 511 eremo,
544 486 567 508 et
580 481 662 516 tetigit
674 486 790 516 quatuor
808 490 857 509 an—

67 527 141 562 gulos
167 522 262 553 domus
286 526 370 559 illius,
393 531 417 553 et
445 527 539 553 cecidit
552 535 631 561 super
645 528 718 562 ﬁlios
745 533 816 562 tuos,
831 533 856 555 et

67 573 166 599 mortui
182 578 242 599 sunt
252 573 285 598 ".
306 571 375 605 Hoc,
399 572 499 607 inquit,
516 578 558 600 est
581 573 760 600 novissimum
776 578 803 601 et
816 574 857 600 la-

68 619 218 646 mentabile
246 623 328 653 atque
359 619 488 646 miserum
516 619 651 651 nuntium,
677 619 748 653 quod
773 620 856 647 etiam

68 664 258 699 ignorantibus
286 663 404 691 ﬁliomrn
435 664 629 698 dilectionem,
662 673 783 693 amorem
815 665 858 693 vel

66 709 207 741 all'ectum,
236 710 428 745 compaticndo
454 715 566 738 revocat
598 711 717 738 animum
748 716 858 747 propter

67 760 121 782 tam
135 755 318 783 miserabilem
330 763 452 783 causam.
468 755 529 783 Filii
543 756 592 789 tui,
608 756 705 789 inquit,
721 764 789 792 quos
809 765 858 785 nu-

68 800 152 834 tristi,
188 808 256 835 quos
285 801 419 833 educasti,
445 809 514 836 quos
539 803 573 828 ad
595 802 780 829 maturitatem
796 810 856 830 cum

67 847 160 874 labore
183 847 350 881 perduxisti;
375 847 421 874 ﬁlii
441 847 479 874 tui
496 855 563 883 quos
587 848 714 882 pietatem
729 847 856 880 docuisti,

908 258 969 280 sent
985 253 1010 281 ei
1025 253 1058 280 ad
1070 253 1294 285 consolationem.
1311 254 1502 282 consolaretur
1516 263 1556 283 se.
1574 254 1616 284 0b
1632 256 1696 289 hoc,

908 298 1006 333 inquit,
1027 298 1119 325 omnia
1143 299 1290 326 denomino
1315 305 1398 335 atque
1425 300 1532 334 intimo,
1554 305 1584 329 ut
1606 302 1697 336 potius

904 343 971 377 justi
989 343 1062 371 illius
1082 349 1200 371 mentem
1218 345 1389 378 perturbem,
1413 352 1465 379 quo
1488 344 1569 372 facile
1590 346 1624 372 ad
1647 345 1697 374 Dei

907 388 1103 424 blasphemiam
1115 397 1258 424 provocem
1274 390 1440 424 patientem:
1457 391 1696 425 Manducantibus,

908 436 1007 470 inquit,
1021 444 1052 463 ac
1065 436 1209 463 bibentibus
1226 436 1376 464 meridiano
1389 440 1522 472 tempore,
1538 438 1606 465 hora
1619 446 1696 474 prauo

907 482 955 513 dii,
969 482 1054 509 subito
1076 483 1184 516 spiritus
1206 482 1273 509 venit
1301 482 1334 509 ab
1348 490 1435 510 eremo
1453 483 1486 510 “.
1504 482 1567 511 Haec
1579 484 1698 512 scientes

908 526 996 554 sancti
1024 531 1105 561 atque
1129 527 1225 554 horum
1255 534 1400 560 memores,
1430 529 1502 562 qtlod
1529 528 1587 563 ipso
1616 529 1699 557 meri.

908 573 989 601 diano
1012 578 1143 607 tempore,
1161 573 1228 600 liora
1252 573 1369 608 prandii,
1392 573 1469 601 ruina
1487 575 1615 609 occupati
1635 580 1698 604 sunt

909 619 956 646 lilii
973 618 1025 646 Job
1040 624 1123 654 atque
1143 619 1254 650 mortui,
1269 623 1419 649 oravernnt
1433 619 1467 646 ad
1485 619 1570 647 Deum
1585 628 1698 649 consere

907 665 965 692 vari
981 665 1051 692 sicut
1062 672 1077 691 a
1095 665 1203 699 negotio
1221 665 1246 692 in
1263 665 1383 692 tenebris
1399 665 1565 698 ambulante,
1585 666 1622 693 ita
1639 672 1668 694 et
1681 674 1698 693 ι

909 711 985 738 ruina
1001 715 1028 738 et
1046 718 1062 738 a
1077 710 1211 738 daemonio
1227 711 1389 739 meridiano.
1408 711 1484 739 Sicut
1505 712 1578 740 enim
1601 712 1629 740 in
1647 720 1698 740 nos

909 756 962 784 ctis
975 757 1104 789 tenebris,
1119 757 1159 784 sic
1176 757 1302 784 similiter
1320 757 1347 784 in
1365 757 1455 786 medio
1475 757 1588 786 meridie
1608 758 1701 793 plures

908 803 1058 830 damonum
1072 803 1235 830 tentationes
1247 811 1277 830 se
1294 803 1483 831 demonstrant
1496 812 1577 839 quam
1594 805 1700 833 caeteris

909 847 1087 882 temporibus.
1113 846 1170 875 Hoc
1193 847 1321 874 nimirum
1336 847 1436 875 claruit
1453 848 1480 876 in
1497 848 1559 876 ﬁliis
1573 848 1635 882 Job,
1651 850 1699 886 qui

67 902 135 930 quos
153 894 201 922 Dei
227 896 334 922 cultura
356 895 486 926 imbuisti,
503 903 573 928 quos
590 899 618 922 ut
632 895 748 922 invicem
770 902 799 922 se
815 895 856 922 di-
873 893 894 920 Β
910 901 962 920 non
975 894 1029 921 alio
1043 898 1173 927 tempore,
1187 893 1233 920 sed
1247 893 1335 921 medio
1349 894 1484 922 interfecti
1498 899 1561 922 sunt
1573 896 1699 925 meridie.

66 941 184 976 ligerent
201 941 385 973 introduxisti,
401 947 468 975 quos
491 940 516 967 in
535 941 609 967 murti
627 940 732 974 justitia
752 940 800 967 tibi
817 941 856 968 si—

65 987 144 1013 miles
171 986 326 1017 reddidisti;
351 985 396 1012 ﬁlii
422 985 457 1012 tui
478 993 593 1020 quorum
618 985 687 1013 ﬁlios
705 986 798 1014 videre
813 994 859 1014 cu-

66 1033 153 1067 pistl,
182 1040 300 1067 quorum
333 1033 518 1067 posteritatem
543 1037 703 1067 exspectare
731 1033 826 1066 orasti,
843 1041 858 1060 a

64 1079 166 1113 quibus
185 1079 212 1106 in
225 1083 336 1106 senecta
355 1079 526 1113 requiescere
542 1084 567 1106 te
581 1079 695 1113 sperasti
709 1088 717 1111 ;
733 1079 778 1106 isti
793 1087 859 1114 ergo

66 1125 114 1152 ﬁlii
141 1125 194 1157 tui,
210 1129 236 1152 et
255 1132 308 1151 non
334 1125 420 1151 solum
448 1124 506 1157 lilii,
526 1124 573 1151 sed
606 1129 634 1151 et
656 1124 735 1156 ﬁlim,
765 1128 857 1158 castae,

66 1171 186 1202 mundat,
201 1170 384 1198 immaculata:
411 1176 492 1204 atque
516 1170 738 1203 incoinquinatm,
751 1177 820 1205 quas
833 1171 858 1197 in

67 1221 192 1251 tempore
219 1216 375 1251 nuptiarum
393 1215 518 1251 gloriosis
529 1215 636 1242 coronis
652 1223 784 1243 coronare
795 1223 856 1250 spe-

65 1262 167 1294 rabas;
195 1262 238 1289 isti
263 1269 329 1297 ergo
349 1262 428 1289 simul
445 1261 471 1288 in
491 1269 574 1288 unum
589 1261 754 1288 unanimiter
776 1266 857 1297 atque

65 1309 253 1342 concorditer,
278 1313 363 1340 caste,
378 1308 504 1342 benigne,
529 1308 630 1335 munde
653 1307 716 1334 dum
746 1308 859 1334 mandu-

65 1359 132 1383 cant
155 1359 184 1382 et
208 1355 316 1386 bibunt,
335 1361 388 1381 non
414 1359 555 1389 vagantes,
575 1360 666 1387 neque
688 1353 857 1386 oberrantes,

65 1409 156 1437 neque
173 1405 234 1436 post
257 1400 454 1435 impudicitiam
474 1404 628 1432 currentes,
650 1406 739 1435 neque
756 1399 789 1426 ad
807 1399 859 1426 illi-

66 1446 120 1474 cita
152 1445 339 1478 intendentes,
363 1452 451 1480 neque
474 1444 609 1480 superﬂua
635 1443 786 1479 loquentes,
811 1443 859 1470 sed

65 1500 130 1519 cum
149 1492 301 1528 gratiarum
328 1491 435 1518 actione
461 1491 670 1521 manducantes,
697 1495 780 1525 atque
797 1496 859 1516 cum

66 1538 260 1565 benedictione
289 1537 426 1570 bibentes,
441 1542 468 1565 et
492 1536 558 1564 illud
574 1536 646 1572 quod
671 1540 732 1571 post
760 1536 812 1562 hoc
826 1535 860 1562 ab

66 1583 199 1619 Apostolo
219 1584 320 1611 dictum
344 1590 386 1612 est
408 1583 587 1618 adimplentes
604 1590 611 1608 :
625 1582 686 1610 Sive
699 1582 762 1609 dum
779 1590 855 1608 πιαηι
872 1572 893 1601 (ἶ

65 1628 184 1659 ducaris,
217 1628 269 1654 sive
293 1628 355 1654 dum
385 1627 491 1659 bibitis,
513 1627 565 1653 sive
595 1627 658 1653 dum
691 1626 765 1653 aliud
794 1627 858 1661 quid

65 1673 158 1708 agitis,
187 1673 276 1700 omnia
304 1673 329 1699 in
350 1673 462 1707 gloriam
487 1673 534 1700 Dei
561 1672 691 1707 facile”;
709 1672 749 1700 sic
767 1672 859 1707 itaque

66 1719 299 1746 tnanducantibus
307 1726 340 1746 ac
351 1719 505 1746 bibentibus
518 1719 580 1746 liiiis
597 1726 629 1745 ac
647 1718 752 1746 ﬁliabus
769 1718 857 1746 tuis...

65 1765 152 1797 Bene,
176 1765 275 1799 inquit,
292 1772 357 1792 ecce
378 1765 521 1792 ostendisti
543 1765 614 1799 quod
632 1764 858 1791 rnanducaverint

64 1816 94 1838 et
109 1811 241 1844 biberint,
261 1811 374 1838 ostende
391 1816 418 1838 et
444 1811 495 1838 hoc
511 1810 581 1845 quod
602 1809 704 1837 factum
728 1815 771 1837 est
792 1810 856 1838 dum

64 1857 235 1884 manducaui.
251 1861 280 1883 et
296 1857 401 1884 bibunt.
420 1856 514 1890 Majus,
535 1856 631 1890 inquit,
656 1860 698 1884 est
722 1863 803 1891 quam
827 1861 859 1884 ut

64 1903 177 1931 edicere
204 1903 321 1936 valeam,
339 1902 486 1930 terribilius
508 1907 550 1930 est
573 1910 654 1937 quam
681 1908 711 1929 ut
733 1902 857 1937 proferre

64 1952 194 1979 audeam.
213 1951 267 1979 Sed
283 1951 406 1983 interim,
423 1951 470 1984 ait,
490 1951 551 1985 quia
570 1959 624 1978 non
642 1955 684 1978 est
700 1950 855 1982 tacendum,

65 1997 169 2029 dicam,
188 1996 335 2032 proferam.
363 1996 459 2024 Subito
482 1997 595 2032 spiritus
617 1997 692 2024 venit
713 1996 748 2024 ab
766 2004 857 2023 eremo

64 2043 102 2070 ita
120 2043 212 2076 fortis,
231 2044 267 2071 ita
286 2044 421 2078 copiosus,
438 2044 473 2071 ita
493 2045 653 2075 vehemens,
673 2043 710 2070 ita
727 2043 857 2070 terribilis

64 2094 148 2124 atque
168 2089 403 2124 insupportabilis,
425 2093 455 2117 ut
473 2093 594 2125 tangeret
611 2094 729 2123 quatuor
743 2089 856 2124 angulos

65 2135 176 2167 domus,
188 2139 217 2161 et
232 2135 348 2162 illideret
362 2142 421 2162 eam
444 2142 526 2169 super
542 2134 612 2162 ﬁlios
627 2140 698 2167 tuos,
714 2139 741 2162 et
755 2134 854 2161 mortui

66 2186 139 2209 sunt.
156 2180 252 2216 Cujus,
267 2181 362 2216 inquit,
378 2181 429 2208 fuit
440 2181 497 2208 lucc
510 2180 625 2208 domus?
641 2180 746 2208 Fratris
760 2187 853 2207 eormn

65 2227 189 2261 majoris.
208 2227 266 2255 Non
285 2227 402 2259 fuerunt,
422 2228 520 2262 inquit,
537 2227 566 2254 in
587 2232 681 2254 extera
699 2227 788 2259 domo,
807 2234 855 2253 ne—

65 2280 118 2307 que
134 2273 163 2301 in
179 2273 277 2305 aliena,
294 2273 341 2301 sed
362 2273 388 2300 in
405 2274 514 2308 propria
530 2274 606 2300 fuere
623 2273 715 2304 domo,
734 2273 760 2298 in
775 2272 855 2298 dorno

66 2320 113 2346 lilii
128 2319 179 2352 tui,
194 2319 288 2346 fratris
302 2319 342 2346 sui
360 2318 481 2353 majoris.
496 2319 518 2347 0
539 2318 706 2353 nequissime
723 2319 854 2345 adversa~

67 2366 115 2396 rie.
144 2373 162 2392 ο
183 2364 361 2392 callidissime
378 2365 506 2392 diabole!
525 2365 580 2392 Cur
604 2372 658 2391 non
683 2364 774 2391 dixisti
792 2364 856 2390 sim-

65 2411 185 2446 pliciter.
203 2417 227 2438 et
256 2411 355 2438 mortui
370 2416 442 2443 sunt,
467 2411 513 2438 sed
534 2415 563 2438 et
581 2415 678 2438 cuncta
698 2417 855 2441 enumeres,

66 2459 158 2485 omnia
189 2458 363 2489 denominss,
390 2462 416 2484 et
441 2457 520 2489 ﬁlios,
542 2462 570 2484 et
595 2456 675 2490 ﬁlias,
706 2461 734 2484 et
753 2455 855 2487 cibum,

65 2509 92 2531 et
108 2508 216 2538 potum,
238 2507 266 2530 et
289 2503 409 2535 domum,
436 2508 463 2530 et
483 2503 605 2534 fratrem,
628 2507 654 2530 et
670 2502 756 2535 ﬁlium
783 2506 856 2528 tuum

65 2549 218 2585 Itajorem?
236 2549 265 2576 In
294 2550 374 2577 domo
396 2549 521 2585 inquiens
546 2548 639 2576 fratris
663 2548 716 2580 sui,
744 2547 789 2574 ﬁlii
818 2547 856 2574 tui

73 2596 195 2630 majoris.
228 2596 269 2624 Ob
300 2596 362 2628 hoc,
389 2596 486 2630 inquit,
509 2596 565 2622 hazc
585 2595 676 2622 omnia
707 2595 856 2622 denumero

66 2647 149 2676 atque
165 2642 321 2673 denomino,
336 2649 389 2676 quo
409 2641 493 2676 magis
509 2645 623 2668 atteram
640 2644 722 2674 atque
737 2638 854 2674 alliigarn

67 2688 185 2715 animam
214 2688 295 2722 ejus:
320 2692 402 2722 atque
424 2687 459 2714 ob
480 2687 532 2714 hoc
553 2686 611 2713 haec
637 2685 728 2712 omnia
749 2685 855 2719 loquor,

67 2741 121 2768 quo
145 2735 232 2769 magis
258 2734 440 2761 comminuam
466 2741 514 2759 cor
529 2732 597 2766 ejus,
616 2731 658 2759 cui
680 2731 738 2758 inec
755 2731 853 2757 refero.

67 2779 95 2806 Si
109 2779 193 2812 solos,
214 2780 312 2814 inquit.
337 2778 407 2806 ﬁlias
428 2778 621 2809 nominassem,
645 2783 673 2804 et
694 2776 762 2803 ﬁlias
788 2783 852 2807 non,

103 2870 126 2886 "
140 2868 191 2897 Joh
206 2877 226 2901 ι,
246 2868 288 2902 18,
313 2868 353 2895 19.
391 2868 413 2884 ³⁸
433 2867 518 2896 lCor.
536 2875 564 2900 ι,
580 2867 622 2894 51.

662 2866 683 2882 ²¹
701 2866 750 2894 Job
765 2873 784 2898 I,
800 2864 842 2898 18,
856 2865 897 2892 l9.

910 939 1012 972 Subito,
1026 940 1124 974 inquit,
1137 939 1246 971 spiritus
1263 940 1330 967 venit
1343 940 1375 966 ab
1386 948 1482 972 eremo,
1495 946 1518 967 et
1532 941 1616 976 tetigit
1630 950 1699 976 qua-

910 990 972 1012 tuor
991 985 1105 1020 angulos
1132 985 1237 1012 domus.
1265 985 1287 1013 0
1310 985 1506 1021 malignissime
1530 987 1698 1021 adversaria,

910 1032 973 1059 item
987 1032 1042 1058 Deo
1056 1031 1193 1066 applicare
1205 1032 1291 1066 cupis,
1309 1031 1373 1059 item
1382 1031 1540 1060 Creatorem
1550 1033 1701 1068 depravare

910 1079 1020 1112 quaeris,
1038 1078 1139 1105 idcirco
1150 1078 1288 1112 spiritum.
1303 1078 1354 1105 hoc
1364 1083 1405 1105 est
1422 1083 1543 1112 ventum,
1561 1079 1595 1107 ab
1605 1087 1700 1108 eremo

911 1124 1003 1152 venire
1023 1124 1102 1152 dicis.
1119 1123 1186 1150 Nam
1204 1123 1266 1158 quia
1283 1123 1354 1150 Deus
1367 1128 1409 1151 est
1426 1124 1472 1159 qui
1494 1124 1620 1159 producit
1631 1133 1699 1153 ven-

912 1174 952 1197 tos
963 1170 996 1196 de
1006 1169 1142 1196 thesauris
1151 1169 1218 1202 suis,
1235 1169 1332 1197 merito
1349 1175 1455 1196 ventum
1469 1169 1502 1196 ah
1514 1177 1605 1198 eremo
1619 1170 1698 1206 quasi

911 1223 925 1242 a
942 1215 997 1242 Deo
1011 1217 1123 1243 missum
1137 1215 1228 1242 venire
1242 1215 1311 1242 dicis
1328 1224 1335 1242 :
1357 1219 1385 1242 ut
1400 1221 1426 1242 et
1444 1215 1495 1243 hoc
1507 1216 1581 1251 quod
1597 1216 1698 1244 factum

911 1267 954 1289 est
967 1261 1022 1288 Deo
1034 1261 1191 1296 imputetur,
1205 1269 1259 1288 non
1275 1261 1301 1288 in
1317 1260 1400 1293 bono,
1417 1261 1463 1289 sed
1478 1261 1504 1288 in
1518 1262 1600 1295 tnalo,
1616 1268 1698 1297 atque

912 1307 1029 1334 audienti
1045 1306 1072 1333 in
1088 1307 1258 1334 scandalum.
1276 1306 1342 1334 Nam
1355 1307 1427 1334 sicut
1438 1314 1519 1341 super
1530 1315 1595 1335 oves
1609 1308 1698 1344 ignem

903 1352 944 1379 ‘de
963 1351 1033 1379 caelo
1052 1352 1153 1379 cadere
1168 1352 1246 1384 dixit,
1270 1351 1307 1379 ita
1332 1356 1360 1380 et
1375 1360 1445 1380 nunc
1461 1353 1598 1387 spiritum,
1616 1354 1641 1382 id
1657 1359 1701 1383 est

910 1402 1032 1429 ventum,
1052 1397 1085 1424 ab
1101 1404 1192 1425 ercmo
1211 1397 1319 1425 venisse
1339 1398 1429 1426 dicit:
1453 1403 1481 1426 ut
1506 1403 1620 1433 utraque
1642 1399 1699 1429 Deo

910 1443 1060 1478 applicaret
1075 1450 1125 1477 pro
1143 1443 1319 1478 blasphemiae
1336 1445 1539 1478 provocatione,
1556 1449 1638 1480 atque
1655 1453 1700 1474 re-

911 1490 1101 1525 prehensionis
1120 1491 1285 1518 occasione:
1300 1490 1507 1525 Subito,iuqnit,
1526 1491 1637 1526 spiritus
1656 1501 1700 1520 u-

911 1535 950 1561 m't
965 1535 997 1561 ab
1017 1543 1113 1562 eremo.
1129 1535 1290 1570 Derepente,
1308 1536 1457 1571 insperate,
1473 1536 1547 1564 illico
1566 1545 1629 1565 cum
1645 1541 1699 1566 lm-

912 1584 984 1615 petu,
1004 1581 1126 1615 spiritus.
1141 1586 1246 1614 ventus,
1266 1586 1422 1616 tempestas,
1443 1583 1560 1617 procella
1578 1583 1651 1611 venit
1664 1584 1699 1613 ab

912 1623 1013 1654 eremo.
1027 1627 1061 1654 Et
1074 1627 1139 1662 quid
1152 1627 1231 1655 fecit?
1249 1627 1353 1663 Tetigit,
1368 1628 1465 1663 inquit,
1479 1635 1596 1664 quatuor
1611 1639 1698 1666 angu-

912 1673 950 1700 los
963 1673 1067 1706 domus,
1079 1678 1104 1700 et
1115 1674 1207 1700 cecidit
1219 1682 1297 1708 super
1310 1674 1380 1708 ﬁlios
1392 1679 1462 1708 tuos,
1478 1680 1501 1702 et
1513 1677 1610 1703 mortui
1623 1684 1698 1707 sunt.

912 1720 978 1754 Quis
985 1728 1060 1755 ergo,
1073 1720 1121 1752 ait,
1134 1725 1176 1747 est
1192 1720 1287 1748 mortis
1300 1728 1393 1748 eorum
1408 1728 1481 1754 reus,
1493 1729 1509 1748 ο
1521 1721 1592 1749 Job?
1603 1722 1699 1751 Nonne

911 1767 955 1801 qui
973 1771 1081 1793 ventum
1097 1765 1222 1800 produxit
1237 1771 1319 1801 atque
1332 1766 1462 1794 adduxit?
1474 1765 1551 1794 Sicut
1563 1771 1591 1795 et
1607 1767 1697 1795 ovium

912 1817 1018 1840 tuarum
1037 1811 1234 1839 combustionis
1256 1812 1318 1846 quis
1340 1816 1437 1839 auctor
1457 1816 1510 1845 est,
1534 1813 1585 1840 nisi
1607 1820 1630 1840 rs
1649 1813 1697 1848 qui

911 1858 1000 1893 ignem
1017 1857 1050 1884 de
1063 1857 1134 1885 ctelo
1146 1857 1238 1884 misit?
1254 1857 1307 1885 Sed
1318 1858 1391 1891 audi,
1406 1858 1505 1894 inquit,
1520 1867 1537 1886 ο
1550 1859 1613 1886 Job.
1629 1858 1697 1887 Cum

910 1903 1070 1931 substantiae
1077 1903 1273 1930 abundantiam
1282 1904 1395 1938 perdere
1403 1904 1600 1939 contempsisti,
1610 1905 1699 1932 omni-

911 1951 960 1978 bus
971 1949 1144 1977 facultatibus
1159 1949 1313 1977 tibiablatis
1322 1950 1475 1978 sustinuisti
1487 1961 1493 1979 :
1504 1951 1619 1979 ﬁliorum
1632 1959 1699 1980 vero

909 1996 1087 2031 perditionem
1094 1996 1227 2030 quomodo
1234 1995 1395 2024 sustinebis?
1403 2001 1527 2023 natorum
1534 2001 1697 2025 tormentum

909 2043 1043 2078 quomodo
1067 2042 1217 2078 bajolabis?
1239 2042 1342 2076 Subito,
1364 2043 1463 2077 inquit,
1482 2044 1549 2070 venit
1564 2044 1596 2070 ab
1610 2052 1698 2071 eremo

909 2089 1028 2122 spiritus,
1039 2093 1063 2116 et
1071 2089 1154 2124 tetigit
1166 2093 1280 2123 quatuor
1289 2088 1399 2123 angulos
1410 2088 1514 2122 domus,
1522 2093 1546 2115 et
1555 2089 1647 2116 cecidit
1655 2098 1699 2117 ut.

908 2142 955 2168 ρετ
962 2134 1031 2168 ﬁlios
1042 2139 1110 2166 tuos,
1120 2133 1248 2160 etmortui
1257 2137 1328 2160 sunt.
1338 2132 1389 2159 Per
1399 2134 1448 2160 hoc
1460 2133 1532 2167 quod
1548 2133 1613 2161 dicit
1626 2134 1698 2167 ﬁlios

909 2185 980 2212 tuos,
989 2179 1110 2206 stimulat
1120 2186 1229 2206 sensum
1241 2179 1308 2213 ejus.
1325 2179 1464 2207 doloribus
1476 2178 1561 2206 afﬁcit
1577 2180 1696 2207 animant

909 2224 978 2259 ejus,
985 2225 1124 2259 liquefacit
1131 2224 1279 2259 praecordia
1286 2224 1355 2259 ejus,
1364 2230 1493 2259 provocat
1501 2229 1618 2252 mentem
1627 2225 1697 2260 ejus,

909 2279 963 2306 quo
976 2271 1062 2306 magis
1077 2276 1137 2305 post
1153 2270 1223 2297 lilios
1238 2271 1391 2304 liquescens
1403 2271 1628 2298 succenderetur.
1641 2270 1696 2298 Sed

909 2321 1009 2352 quanto
1025 2317 1085 2352 plus
1102 2316 1284 2351 nequissimus
1307 2317 1470 2345 tentationes
1491 2317 1542 2345 Job
1569 2317 1697 2353 multipli-

910 2364 999 2396 cabat,
1015 2368 1088 2390 tanto
1102 2363 1216 2397 amplius
1228 2370 1357 2390 coronam
1374 2363 1465 2398 gloria:
1478 2363 1549 2398 apud
1562 2369 1695 2391 aeternum

909 2408 1031 2437 Judicem
1043 2408 1067 2436 ei
1081 2407 1280 2442 augmentabat.
1295 2407 1425 2441 Quienim
1440 2409 1591 2444 simplicem
1609 2414 1699 2438 trans-

909 2456 971 2484 ierit
996 2455 1172 2482 tentationern
1182 2454 1224 2481 vel
1236 2453 1435 2487 probationem,
1443 2454 1593 2489 simplicem
1603 2455 1696 2489 procul

909 2501 990 2528 dubio
997 2500 1113 2535 accipiet
1122 2499 1286 2527 mercedem.
1294 2499 1344 2532 Qui
1355 2504 1444 2526 autem
1455 2498 1537 2526 fuerit
1546 2499 1696 2534 multiplici-

909 2551 950 2574 ter
962 2546 1105 2580 probatus,
1116 2544 1257 2579 multiplici
1268 2543 1355 2578 gloria
1365 2543 1425 2570 sine
1434 2542 1523 2570 dubio-
1531 2550 1544 2569 a
1554 2543 1628 2577 justo
1643 2543 1697 2570 Deo

909 2590 1326 2625 coronabitur,quemadmodum
1338 2589 1434 2617 beatus
1445 2587 1507 2620 Job,
1514 2589 1559 2623 qui
1569 2588 1696 2616 omnibus

909 2637 1006 2665 diaboli
1016 2636 1232 2672 malignitatibus
1239 2640 1320 2671 atque
1326 2635 1453 2663 versutiis
1465 2634 1589 2670 superior
1602 2638 1644 2661 est
1654 2634 1696 2661 ef-

910 2683 1165 2716 fectus,ctomnibus
1171 2686 1243 2710 tenta
1248 2682 1364 2710 tionibus
1371 2681 1429 2717 ejus
1438 2681 1533 2709 fortior
1539 2680 1697 2714 comproba-

911 2735 953 2757 tus
964 2729 1102 2765 respondit
1112 2729 1147 2760 ei,
1159 2729 1264 2756 dicens:
1276 2727 1347 2755 Dicis
1358 2727 1428 2762 quod
1438 2729 1471 2755 ab
1481 2733 1574 2754 eremo
1584 2725 1696 2759 veniens

909 2775 1030 2810 spiritus,
1046 2776 1097 2803 hoc
1108 2779 1151 2803 est
1162 2779 1270 2809 ventus,
1282 2779 1310 2802 et
1325 2778 1437 2809 tangens
1453 2777 1569 2809 quatuor
1582 2770 1696 2806 angulos
