1904 3076
221 131 268 158 651

787 125 975 154 ANONYMUS
995 123 1028 152 IN
1046 122 1116 152 JOB.
1137 140 1171 145 —
1188 125 1254 152 LIB.
1275 126 1298 153 1.

1799 129 1852 156 432

221 193 318 219 domus
337 189 432 224 deiecit
452 195 521 220 eam,
543 193 571 216 et
591 188 661 215 ﬁlios
679 195 752 216 meos
775 187 939 215 interfecit:
964 186 1011 214 sed
1028 187 1047 215 lt
1063 186 1128 214 Tale
1145 187 1283 214 desertum
1301 186 1388 215 factus
1408 193 1451 216 est
1475 188 1519 216 ille
1541 189 1632 217 infelix
1657 189 1752 221 ludas,
1778 196 1851 224 post-

223 237 357 269 tnentiris,
385 235 480 270 inquit,
504 242 520 261 ο
536 233 653 265 diabole.
675 238 703 262 et
727 241 770 261 me
795 241 847 261 non
871 233 1008 260 irridebis.

222 282 354 314 Mentiris,
370 289 385 308 ο
401 280 604 315 malignissium,
623 285 650 307 et
665 288 708 308 me
728 288 781 307 non
800 279 1008 308 circumvenies.

221 328 363 364 Nunquam
379 327 535 354 enim-venti
547 335 561 354 a
574 327 631 354 Deo
646 327 755 355 excitati
770 331 887 361 quatuor
912 331 1008 353 contra

221 375 336 402 invicem
350 373 494 406 llaveruut,
508 381 595 408 neque
608 372 685 405 ﬂuxit,
697 373 744 400 sed
754 381 822 400 unus
834 378 949 405 etumis,
963 376 1011 399 aut

220 419 272 448 istc
283 426 329 447 aut
338 420 391 447 ille.
414 419 556 454 Nunquam
567 420 638 447 enim
652 415 771 446 auditum
782 424 823 446 est
834 418 1009 453 quod-ﬂantes

221 465 293 493 venti
316 465 412 492 domos
437 472 451 491 a
479 464 664 492 fundamentis
687 464 890 495 suhverterunt,
913 467 941 490 et
964 471 1011 491 eas

220 512 339 539 maxime
357 518 416 544 quae
434 518 515 545 super
539 510 614 537 arida
639 515 702 537 sunt
725 509 851 542 fundam,
874 510 906 536 ad
924 510 1010 536 instar

221 558 330 585 navium
346 564 406 591 qua:
422 557 447 583 in
467 556 561 591 pelago
577 556 703 588 natitant,
720 556 883 590 generaliter
894 555 1007 583 subver-

220 604 302 631 tendo
328 603 525 630 demerserunt.
552 601 614 629 [hec
643 609 780 636 nunquam
805 606 1009 636 provenerunt,

220 656 310 684 neque
326 647 499 683 provenient,
515 655 529 675 a
543 653 686 675 ventorum
703 647 797 674 tlabris
815 647 856 674 vel
870 646 1006 682 procellis.

221 695 293 727 Noli,
305 695 403 729 inquit,
418 693 574 722 iusitnulare
589 694 730 721 mendacio
745 694 840 726 Deum,
857 701 873 721 ο
887 693 1004 726 diabolo,

220 741 274 768 tuis
290 740 449 773 sceleribus,
463 740 514 767 noli
532 740 682 774 depravare
705 739 862 767 Creatorem
878 740 931 767 tuis
946 748 1010 775 per-

220 787 287 814 ditis
301 786 499 822 iniquitatibus.
519 786 556 813 Ex
573 791 598 813 te
610 786 681 813 enim
704 791 767 813 sunt
788 787 845 813 haec
861 791 888 813 et
902 794 954 813 non
973 794 1007 813 ex

221 833 296 860 Deo:
313 840 345 860 ex
367 837 412 859 tua
427 832 577 865 iniquitate,
594 837 621 859 et
636 839 689 858 non
702 839 734 858 ex
751 831 890 859 Creatoris
905 832 1009 858 intutis-

226 880 313 908 sione.
339 879 445 910 Subito,
462 879 559 913 inquit.
582 879 689 913 spiritus
705 878 774 905 venit
795 879 828 905 ab
849 887 945 906 ereum.
970 878 1007 906 De

222 931 249 953 te
265 926 322 960 ipso
338 925 396 952 haec
418 924 548 959 loqueris,
564 924 658 951 infelix
680 924 798 952 diabolo.
821 924 861 952 Tu
883 925 1010 952 videlicet

221 980 251 1000 es
264 972 376 1007 spiritus
398 971 432 998 ab
454 978 546 998 eremo
565 970 688 1002 veniens,
714 975 741 997 tu
764 975 880 1006 quatuor
895 971 1009 1006 angulos

220 1019 318 1046 domus
339 1017 462 1052 tetigisti,
484 1022 564 1051 atque
586 1016 702 1044 filiorum
725 1017 940 1045 internecionem
968 1017 1008 1045 fe-

221 1064 294 1091 cisti.
312 1064 353 1091 Tu
375 1071 405 1091 es
423 1063 468 1098 qui
487 1063 633 1097 aliquando
651 1063 678 1090 in
701 1063 794 1091 hostes
812 1065 965 1098 prmdantes
986 1070 1011 1092 te

223 1109 432 1146 transﬁgurasti,
449 1109 595 1143 aliquando
613 1109 639 1135 iu
662 1109 752 1143 ignem
771 1109 804 1136 de
829 1109 897 1136 cutio
913 1111 1011 1138 caden-

222 1161 295 1187 tem;
313 1162 507 1189 nonnunquam
523 1159 612 1181 autem
635 1155 661 1181 in
684 1156 734 1182 tria
756 1163 857 1182 cornua
877 1157 1009 1191 equitnm,

219 1203 292 1230 sicut
312 1208 340 1229 et
351 1209 421 1229 nunc
439 1202 465 1228 in
488 1201 634 1236 procellam
658 1201 730 1228 venti
755 1205 873 1236 quatuor
897 1202 1011 1236 angulos

221 1249 317 1275 domus
334 1252 499 1283 tangentem,
519 1252 546 1273 et
561 1247 646 1282 ipsam
661 1247 771 1274 domum
791 1255 806 1274 a
828 1247 1011 1276 fundamentis

221 1293 430 1326 subvertentem,
447 1299 528 1328 atque
553 1300 600 1320 eos
623 1292 668 1326 qui
686 1293 849 1320 intrinsecus
875 1299 955 1321 erant
974 1295 1012 1321 in-

222 1339 412 1367 terficieutem.
448 1339 522 1370 Tum,
551 1339 649 1373 inquit,
668 1338 818 1373 iniquitatis
839 1337 1012 1374 operationed

217 1390 284 1413 sunt
305 1385 362 1413 hate
383 1385 484 1418 omnia,
498 1392 515 1412 ο
538 1385 705 1419 nequissime
726 1385 841 1412 diabole.
861 1385 927 1412 Nam
941 1385 1012 1413 Deus

222 1436 335 1459 mortem
371 1439 423 1458 non
455 1430 529 1464 fecit,
559 1438 647 1466 neque
670 1431 777 1458 Izetatur
804 1431 831 1458 in
861 1432 1012 1466 perditione

220 1479 354 1510 vivorum,
380 1477 427 1505 sed
459 1482 503 1505 tua
530 1477 629 1505 invidia
659 1483 740 1513 atque
769 1477 828 1505 zelo
862 1485 935 1506 mors
970 1479 1011 1505 in-

1060 240 1142 268 quam
1161 233 1280 268 Spiritus
1297 239 1408 261 sanctus
1423 234 1637 263 familiaritatem
1652 240 1736 270 atque
1754 235 1852 264 illumi-

1062 279 1197 306 nationem
1211 287 1226 305 a
1239 287 1268 306 se
1280 279 1395 313 expulit,
1407 285 1434 307 et
1445 285 1600 308 sanctorum
1612 282 1774 316 angelorum
1790 289 1852 310 con-

1058 325 1226 360 junctionem
1252 330 1334 359 atque
1349 325 1542 353 habitationem
1563 334 1577 352 a
1594 334 1624 354 se
1643 326 1757 359 amovit,
1781 327 1852 355 sicut

1061 371 1127 398 dicit
1139 378 1147 397 :
1157 370 1191 397 Et
1200 377 1254 404 post
1262 372 1317 398 haec
1328 371 1442 398 introivit
1453 372 1542 398 inetur:
1552 371 1667 399 Satanas
1677 372 1710 400 ³¹.
1721 372 1802 400 Tales
1810 380 1854 399 so—

1061 417 1187 445 litudines
1200 417 1309 444 fuerunt
1321 417 1385 443 olim
1396 425 1491 444 omnes
1517 419 1761 453 pseudopropheta:
1772 423 1853 453 atque

1062 463 1122 491 falsi
1136 465 1302 496 sacerdotes,
1319 464 1356 491 illi
1371 465 1404 491 ad
1421 472 1489 500 quos
1505 465 1570 491 dicit
1580 464 1704 491 Michteas
1717 465 1849 499 propheta

1061 515 1124 538 ante
1137 511 1231 538 Achab
1255 520 1344 545 regem
1361 512 1442 539 Israel
1461 521 1468 539 :
1490 511 1564 538 Dedit
1585 511 1712 538 Dominus
1729 513 1851 546 spiritum

1061 559 1210 585 mendacem
1231 559 1259 585 in
1285 566 1329 585 ore
1345 559 1461 585 omnium
1478 559 1663 591 prop/tatarum
1683 563 1791 584 tuorum
1818 558 1850 585 ³³.

1061 603 1138 637 Quod
1165 612 1226 631 cum
1243 603 1362 631 audisset
1379 604 1505 638 princeps
1536 603 1654 637 ipsorum
1684 605 1852 638 pseudopro-

1060 650 1202 685 phetarum
1235 649 1383 677 Sedechias
1412 649 1482 676 [ilius
1513 650 1662 682 Chanaam,
1695 651 1852 684 percutiens

1061 695 1200 723 Michazam
1216 695 1244 722 in
1261 695 1399 723 maxillam
1417 695 1486 723 dixit
1501 705 1509 723 :
1530 695 1596 728 Qui:
1609 695 1726 730 Spiritus
1745 695 1851 723 Domini

1060 741 1179 768 discessit
1190 749 1206 767 α
1217 749 1268 774 me,
1278 746 1305 768 ut
1316 741 1467 776 loqueretur
1478 742 1506 768 in
1519 747 1543 768 te
1554 741 1595 768 ³⁸⁸2
1609 741 1660 768 Per
1670 749 1731 776 quae
1740 742 1851 769 eviden-

1061 792 1103 815 ter
1116 787 1247 820 ostendit,
1260 787 1324 822 quia
1346 787 1473 815 discessit
1491 788 1525 815 ab
1543 795 1575 815 eo
1595 787 1715 823 Spiritus
1732 788 1850 820 Domini.

1061 839 1088 861 et
1103 834 1235 862 habitavit
1253 835 1279 861 in
1300 841 1332 862 eo
1356 834 1467 868 spiritus
1484 834 1596 867 diaboli,
1619 839 1712 870 utpote
1730 834 1852 862 desolato

1063 889 1078 907 a
1094 880 1197 915 Spiritu
1227 885 1330 908 sancto.
1350 879 1424 907 Talia
1450 880 1557 907 deserta
1580 880 1642 907 facti
1667 885 1731 908 sunt
1754 880 1852 913 .ludai,

1061 927 1106 960 qui
1124 926 1237 953 Domino
1252 934 1304 953 non
1321 926 1506 958 crediderunt,
1525 934 1613 961 neque
1634 927 1774 962 suscipere
1790 935 1851 954 enim

1061 977 1215 1004 voluerunt.
1232 976 1380 1012 Propterea
1399 977 1466 1004 dixit
1487 978 1520 1004 ad
1537 984 1585 1004 eos
1606 975 1761 1002 Dominus:
1784 973 1854 1000 Ecce

1061 1023 1223 1058 relinquetur
1257 1023 1328 1051 vobis
1355 1024 1448 1050 domus
1480 1028 1563 1050 vestra
1587 1023 1690 1049 deserta
1713 1021 1746 1047 ³⁸.
1775 1019 1853 1047 Talia

1061 1070 1166 1097 scilicet
1183 1070 1289 1097 deserta
1308 1069 1379 1097 facta
1401 1075 1464 1097 sunt
1487 1070 1567 1097 etiam
1585 1076 1656 1096 nunc
1674 1075 1772 1095 omnes
1791 1067 1853 1094 inli-

1062 1116 1161 1142 delium
1177 1120 1259 1143 secta:
1274 1120 1355 1150 atque
1368 1115 1500 1147 haereses,
1514 1123 1575 1150 qua.-
1588 1114 1718 1141 desolatze
1731 1113 1795 1140 fidei
1811 1121 1854 1140 ve-

1062 1162 1144 1189 ritate
1161 1169 1242 1197 atque
1265 1162 1339 1189 omni
1359 1162 1470 1197 pietate.
1490 1161 1516 1188 in
1534 1161 1632 1196 quibus
1650 1160 1781 1187 habitans
1795 1159 1855 1186 dia-

1062 1208 1139 1235 bolus
1161 1207 1349 1235 multitudines
1369 1206 1559 1235 scandalorum
1586 1211 1716 1240 tanquam
1746 1205 1854 1231 zizania

1063 1254 1088 1281 in
1100 1254 1139 1281 eis
1150 1253 1216 1281 oriri
1233 1253 1306 1281 fecit.
1317 1253 1383 1280 Post
1396 1260 1457 1288 qua;
1469 1253 1596 1280 universa
1610 1253 1698 1280 adhuc
1710 1253 1737 1279 in
1754 1252 1855 1280 ultimo

1063 1300 1125 1326 talia
1140 1300 1247 1328 deserta
1262 1304 1325 1327 sunt
1338 1307 1432 1328 omnes
1443 1301 1607 1335 pertinaces,
1620 1306 1716 1326 omnes
1728 1299 1855 1326 crudeles

1061 1347 1106 1381 qui
1125 1354 1177 1374 non
1201 1351 1284 1382 agunt
1298 1347 1498 1382 paenitentiam,
1515 1346 1560 1380 qui
1577 1345 1746 1373 contristant
1763 1343 1854 1378 Spiri-

1062 1397 1119 1420 tum
1146 1398 1280 1426 sauctum,
1306 1393 1332 1420 in
1355 1399 1410 1428 quo
1425 1391 1528 1426 pridem
1550 1390 1649 1425 signati
1665 1395 1729 1417 sunt
1754 1389 1783 1416 in
1813 1390 1857 1416 dic

1062 1439 1271 1474 redemptionis,
1289 1438 1335 1473 qui
1357 1438 1522 1466 contristaut
1539 1442 1650 1464 sanctos
1666 1435 1790 1470 angelos,
1808 1435 1855 1470 qui

1063 1485 1179 1520 gaudent
1202 1491 1283 1518 super
1300 1490 1358 1516 eos,
1379 1482 1424 1518 qui
1450 1489 1499 1517 pro
1516 1482 1635 1516 peccatis
1660 1480 1856 1516 pmoitentiam

222 1525 314 1552 troivit
335 1525 361 1552 in
385 1525 524 1553 mundum.
546 1523 623 1551 Sicut
641 1524 712 1551 enim
730 1524 757 1551 in
775 1529 860 1551 totum
881 1524 1009 1552 mundum
1025 1535 1046 1564 ο
1063 1534 1155 1565 agunt,
1174 1529 1276 1558 Omnes
1293 1537 1358 1564 ergo
1374 1529 1417 1556 isti
1440 1527 1551 1556 desotau
1569 1531 1632 1554 sum,
1652 1528 1698 1562 qui
1721 1534 1773 1554 non
1799 1533 1857 1561 ρω-

216 1571 297 1599 aitors
314 1571 439 1598 introivit
459 1578 509 1606 per
526 1576 600 1598 tuum
623 1570 723 1604 zelum,
739 1570 775 1596 ita
794 1575 821 1597 et
837 1578 908 1597 nunc
927 1577 1009 1605 super

219 1618 292 1645 ﬁlios
307 1616 356 1645 Job
372 1625 419 1652 per
432 1623 508 1645 tuum
526 1617 613 1645 zelum
631 1622 658 1644 et
680 1617 809 1644 invidiam
827 1617 945 1652 perditio
963 1618 1011 1645 ad-

221 1664 306 1696 venit,
329 1669 410 1698 atque
430 1664 568 1697 interitus,
589 1672 607 1692 ο
629 1663 794 1699 nequissime
817 1663 935 1693 diabole.
955 1664 1011 1692 Iloc

220 1717 310 1739 autem
337 1717 364 1738 tu
379 1712 437 1746 ipse
459 1711 492 1739 de
517 1713 660 1746 temetipso
686 1710 889 1745 demonstrans,
913 1711 979 1739 dicis
1001 1720 1008 1738 :

221 1757 315 1786 Subita
328 1759 438 1793 spiritus
453 1759 520 1785 venit
535 1758 567 1785 ab
585 1766 682 1785 eremo.
702 1758 798 1785 Subito
814 1758 885 1785 enim
902 1757 1010 1786 occulte

219 1810 301 1840 atque
316 1805 439 1832 clanculo
451 1805 609 1832 innumeros
623 1805 768 1838 Subvertis,
783 1805 941 1832 innumeros
956 1804 1009 1831 cir-

219 1851 370 1882 cumvenis,
394 1856 422 1878 et
445 1856 497 1878 tua;
519 1851 755 1879 condemnationis
777 1851 900 1879 haeredes
929 1850 1006 1884 facis,

220 1905 289 1932 quos
303 1898 352 1925 aevi
368 1903 469 1925 aeterna
482 1898 625 1925 conversio
645 1897 735 1924 subito
755 1896 945 1932 apprehendit,
964 1901 1009 1923 ut-

219 1948 282 1977 pote
294 1950 308 1970 a
329 1947 356 1970 te
371 1943 396 1970 in
413 1943 491 1970 malis
506 1943 642 1970 seductos.
659 1941 700 1970 0b
712 1943 763 1970 hoc
780 1950 845 1977 ergo
858 1942 948 1970 subito
963 1949 1008 1969 ve-

220 1991 261 2018 nit
277 1990 395 2026 spiritus.
417 1989 457 2019 Tu
478 1991 536 2024 ipse
551 1998 581 2018 es
601 1990 672 2018 aeris
697 1993 856 2024 penetrator
871 1988 1006 2020 diabolus,

220 2044 368 2072 aereusque
377 2037 489 2072 spiritus
500 2037 534 2064 ab
547 2043 658 2063 eremo:
670 2035 783 2070 spiritus
799 2042 864 2061 Vero
878 2039 1008 2069 tanquam

221 2086 247 2112 in
263 2091 383 2112 eretuum
402 2091 433 2110 ac
445 2083 631 2114 solitudinem,
653 2081 696 2108 ubi
713 2089 801 2116 neque
815 2080 947 2112 hominis,
964 2087 1008 2108 ne-

220 2137 272 2165 que
286 2129 471 2165 quadrupedis
486 2129 629 2164 vestigium
642 2127 758 2155 traditur
771 2126 908 2162 proiectus
924 2131 1006 2161 atque

219 2177 358 2212 expulsus.
370 2178 422 2204 Aut
438 2177 525 2203 adhuc
539 2175 653 2203 venitab
662 2181 764 2206 eremo,
778 2178 870 2207 utpote
882 2173 1006 2200 omnium

218 2223 372 2250 divinorum
387 2230 490 2254 exsors,
501 2227 528 2249 et
542 2222 576 2248 ab
591 2221 719 2249 omnibus
730 2220 881 2249 desolatus.
891 2220 945 2247 Aut
958 2220 1004 2247 ad-

219 2267 273 2295 huc
285 2268 319 2295 ab
337 2275 429 2295 eremo
444 2267 529 2299 vertit,
545 2272 638 2302 utpote
654 2274 705 2293 nou
721 2265 808 2292 solum
827 2266 853 2292 in
867 2266 1006 2300 corrupti-

218 2314 319 2343 bilibus
337 2319 418 2348 atquc
434 2313 589 2340 inanimatis
606 2312 797 2340 solitudinibus
817 2317 1005 2347 sequestratus

219 2369 251 2389 ac
269 2361 423 2392 destitutus,
442 2360 488 2387 sed
502 2360 624 2394 quinimo
640 2359 724 2393 magis
740 2359 766 2386 in
782 2358 907 2385 humanis
924 2363 1005 2392 atque

219 2407 346 2434 animatis
358 2405 559 2437 solitudinibus,
576 2413 635 2440 quae
645 2410 709 2432 sunt
723 2405 822 2431 anima:
838 2404 936 2438 impiae,
949 2411 1006 2432 sce-

220 2452 323 2484 leratae,
338 2456 472 2482 errantes,
488 2450 620 2483 inﬁdeles,
637 2459 696 2485 quae
709 2456 772 2477 sunt
790 2450 916 2478 desolata!
931 2450 1003 2477 otnui

219 2497 374 2529 sanctitate,
401 2504 460 2531 qua:
487 2503 540 2523 non
564 2496 721 2523 habitantur
751 2503 839 2532 neque
869 2503 885 2523 a
912 2500 1005 2523 sancto

219 2543 321 2578 Spiritu
332 2541 485 2574 Paracleto,
505 2549 593 2577 neque
609 2550 624 2568 a
642 2542 743 2569 sanctis
756 2542 860 2577 angelis
873 2541 920 2568 Dei
937 2551 945 2568 -.
963 2546 1005 2567 ut-

219 2595 281 2623 pote
297 2589 325 2616 in
344 2589 496 2624 huiusmodi
517 2588 634 2615 desertis
658 2587 796 2620 habitans,
811 2596 826 2614 a
849 2588 955 2615 deserto
970 2590 1006 2613 te-

220 2636 306 2669 ipsnm
322 2635 415 2662 venire
432 2635 510 2662 dicis.
529 2633 595 2661 Tale
611 2634 747 2660 desertum
763 2633 851 2660 factus
865 2637 906 2660 est
923 2633 1004 2659 etiam

219 2681 263 2710 ille
281 2689 360 2716 quem
382 2682 472 2715 scopis
495 2681 655 2708 mandatum
678 2685 758 2715 atque
780 2685 904 2707 ornatutn
931 2685 997 2713 rcpe

219 2728 292 2755 r’ieus
311 2727 493 2762 aequissimus
511 2732 591 2762 atque
612 2725 768 2753 immundus
793 2726 914 2759 spiritus,
940 2725 1006 2752 alios

220 2777 323 2807 septem
348 2773 493 2807 nequiores
518 2779 548 2800 se
573 2779 715 2800 assumens
744 2771 878 2798 habitavit
908 2770 936 2798 in
961 2778 1003 2798 eo.

254 2860 277 2876 ”
286 2859 362 2887 Joau.
376 2867 434 2893 χιιι,
447 2860 491 2887 9.7.
530 2860 552 2877 ³³
568 2859 601 2887 111
625 2861 690 2894 Reg.
707 2869 771 2894 χιιι,
786 2862 831 2889 ‘23.

871 2861 893 2878 "
913 2862 977 2890 ibid.
991 2861 1037 2888 24.

1062 1576 1212 1604 nituerunt.
1230 1574 1340 1602 Habitat
1360 1582 1426 1602 vero
1443 1575 1469 1602 in
1485 1574 1551 1606 illis,
1567 1578 1661 1607 utpote
1678 1574 1706 1599 in
1723 1572 1856 1603 desertis,

1061 1622 1197 1656 malignus
1216 1620 1390 1648 adversarius
1404 1620 1449 1655 qui
1474 1624 1546 1646 tenet
1562 1625 1609 1645 cor
1623 1625 1729 1649 eorum,
1755 1622 1786 1644 ut
1806 1624 1857 1644 nec

1061 1668 1094 1694 ad
1116 1666 1302 1702 pteuitentiam
1328 1665 1520 1695 confiteantur,
1543 1670 1632 1698 neque
1654 1662 1759 1698 ieiunia
1774 1669 1855 1689 exer-

1060 1717 1152 1742 ceant.
1184 1719 1273 1747 neque
1303 1711 1490 1746 eleemosynas
1515 1710 1628 1736 faciant.
1646 1707 1708 1735 Istis
1733 1713 1857 1741 namque

1060 1765 1171 1795 peccata
1188 1759 1374 1786 dominantur.
1389 1758 1435 1785 Isti
1454 1764 1518 1788 ergo
1532 1763 1627 1783 omnes
1642 1762 1704 1782 cum
1723 1758 1790 1782 sunt
1810 1753 1855 1780 de-

1060 1806 1138 1833 solati
1151 1806 1295 1832 sanctitate
1305 1810 1331 1832 et
1344 1805 1396 1831 title
1410 1808 1492 1838 atque
1504 1804 1551 1830 Dei
1566 1803 1673 1833 timore,
1690 1800 1854 1828 desolantur

1060 1852 1093 1879 de
1109 1859 1191 1886 regno
1208 1851 1265 1883 Dei,
1281 1856 1309 1878 et
1325 1851 1506 1886 projiciuutur
1519 1851 1552 1876 de
1569 1849 1661 1876 choris
1677 1853 1854 1879 sanctorum,

1060 1897 1180 1933 atquein
1199 1898 1324 1924 tenebras
1343 1897 1493 1924 exteriores
1513 1896 1648 1931 pellentur
1663 1899 1690 1922 et
1708 1894 1736 1921 in
1755 1894 1848 1929 ignem

1060 1943 1317 1979 inexstinguibilem,
1333 1943 1379 1978 qui
1395 1947 1563 1977 praeparatus
1577 1945 1620 1969 est
1635 1940 1745 1969 diabolo
1759 1945 1788 1967 et
1801 1947 1853 1967 an-

1060 1990 1128 2026 gelis
1144 1990 1211 2023 ejus.
1232 1988 1296 2016 Ilzec
1318 1989 1408 2023 itaque
1429 1993 1507 2015 notat
1521 1988 1658 2018 universa,
1676 1986 1738 2021 quia
1761 1986 1851 2013 dicit:

1060 2035 1153 2063 Subito
1168 2035 1277 2068 spiritus
1291 2034 1358 2061 venit
1378 2035 1410 2061 ab
1425 2041 1523 2066 eremo,
1537 2037 1561 2060 et
1573 2033 1658 2068 tetigit
1668 2038 1787 2067 quatuor
1803 2039 1854 2058 an-

1060 2082 1136 2117 gulos
1153 2082 1256 2108 domus.
1274 2081 1301 2108 In
1319 2080 1397 2107 tertia
1425 2080 1502 2114 plaga
1519 2079 1570 2106 tria
1590 2086 1691 2106 cornua
1711 2077 1778 2104 fecit
1792 2077 1851 2104 dia-

1059 2127 1148 2159 bolus.
1163 2126 1190 2153 in
1205 2131 1300 2160 quarta
1316 2132 1381 2152 vero
1395 2125 1472 2159 plaga
1489 2129 1608 2159 quatuor
1622 2122 1735 2157 angulos
1753 2123 1854 2153 domus

1061 2173 1159 2208 tetigit,
1174 2179 1202 2200 et
1219 2171 1316 2199 cecidit
1332 2171 1440 2198 domus.
1455 2170 1487 2197 Et
1503 2170 1568 2205 quid
1592 2169 1613 2197 si
1635 2178 1718 2196 unum
1745 2168 1852 2203 tetigis-

1061 2223 1103 2245 set
1126 2217 1264 2252 angulum,
1286 2217 1384 2244 cadere
1407 2224 1460 2243 non
1488 2215 1639 2251 potuisset?
1664 2215 1734 2250 Ergo
1759 2215 1781 2241 si
1805 2221 1853 2248 per

1061 2271 1144 2290 unum
1163 2263 1288 2297 angulum
1305 2266 1410 2297 poterat
1429 2261 1537 2294 cadere,
1553 2268 1602 2287 cur
1616 2267 1712 2287 omnes
1731 2264 1853 2294 quatuor

1062 2309 1173 2344 angulos
1201 2308 1311 2343 tetigit?
1341 2307 1419 2335 Audi.
1448 2307 1571 2340 Quattuor
1596 2305 1723 2340 angulos,
1759 2304 1786 2331 id
1810 2308 1852 2331 est

1060 2361 1176 2388 quatuor
1189 2360 1289 2390 partes,
1311 2354 1411 2389 tetigit,
1429 2355 1464 2380 ob
1477 2353 1539 2386 hoc,
1556 2357 1585 2379 ut
1602 2352 1760 2378 ostenderet
1776 2349 1852 2376 fero-

1060 2403 1169 2430 citatem
1191 2407 1218 2428 et
1248 2399 1393 2432 insaniam,
1419 2404 1446 2426 et
1476 2396 1714 2432 intemperantiam
1740 2401 1852 2429 quoque

1060 2453 1143 2482 atque
1158 2447 1357 2479 crudelitatem,
1382 2444 1598 2472 cruentationem
1620 2448 1701 2477 atque
1725 2441 1850 2468 animum

1060 2502 1137 2522 suum
1158 2492 1357 2521 homicidalem.
1375 2490 1441 2518 Nam
1458 2497 1552 2518 omnes
1570 2488 1729 2522 nequissimi
1745 2487 1852 2514 daemo-

1060 2548 1107 2568 nes
1124 2545 1154 2566 ut
1175 2537 1289 2566 relaxati
1307 2541 1380 2570 sunt,
1398 2542 1426 2563 et
1441 2543 1503 2562 mox
1522 2540 1551 2562 ut
1575 2533 1785 2569 permissionem
1805 2540 1851 2559 ac-

1059 2588 1201 2620 ceperunt,
1220 2583 1349 2611 continuo
1367 2589 1463 2609 omnes
1489 2579 1654 2615 generaliter
1670 2578 1704 2606 ab
1719 2578 1849 2605 omnibus

1056 2631 1179 2667 partibus
1194 2637 1275 2665 super
1291 2629 1403 2656 domum
1420 2627 1504 2661 ipsum
1520 2627 1660 2653 irrueruut
1673 2624 1848 2654 festinantes,

1055 2681 1136 2711 atque
1160 2676 1304 2703 adversum
1333 2674 1447 2701 invicem
1475 2673 1624 2707 rapientes,
1654 2670 1715 2704 quis
1743 2670 1850 2704 primus

1055 2723 1123 2750 hanc
1146 2720 1317 2756 iniquitatem
1345 2719 1493 2754 acciperet,
1514 2716 1575 2752 quis
1596 2716 1701 2750 primus
1725 2715 1777 2742 hoc
1799 2714 1850 2741 ho-

1059 2768 1195 2796 micidium
1220 2771 1398 2801 perpetraret.
1430 2764 1472 2792 01)
1497 2764 1548 2791 hoc
1569 2769 1634 2798 ergo
1659 2769 1707 2796 per
1729 2766 1850 2795 quatuor

1076 2860 1097 2876 ³¹
1111 2858 1209 2886 Matth.
1226 2864 1305 2890 xxttt,
1323 2856 1368 2884 58.
