1904 3076
78 133 126 159 455

640 125 827 155 ANONYMUS
846 125 879 153 ΙΝ
897 125 966 152 JOB.
988 140 1021 145 —~
1042 125 1105 152 LIB.
1127 125 1146 152 l.

1643 126 1695 153 ιδι

78 198 163 226 partes
198 191 337 218 irrucrunt
367 189 525 224 nequissimi
557 189 703 220 tlremones,
734 194 860 222 tanquam
876 189 898 217 Α
914 187 1022 213 tritione
1039 187 1154 212 filiorum
1167 185 1217 213 Job
1239 185 1358 213 animum
1374 186 1584 218 comminueret,
1601 187 1647 212 sed
1661 187 1696 213 ob

78 239 165 266 leones
190 238 223 264 de
251 235 356 263 insidiis
377 237 596 269 prbrnmpetttes,
619 234 754 270 ingentem
775 242 860 261 unus-

79 284 188 319 quisque
204 289 300 309 eorutn
315 281 365 308 sibi
386 283 515 314 reputans
537 279 667 309 dolorem.
683 280 706 305 si
727 279 800 313 prior
816 278 861 305 illo

79 331 143 357 alter
168 329 334 362 prmcedcret
359 327 391 353 ad
415 325 475 360 ejus
501 324 692 360 perditionem.
717 324 750 351 Et
771 324 860 351 adhuc

79 384 124 411 per
143 379 261 409 quatuor
281 377 384 408 partes,
407 373 469 408 quia
490 375 644 399 maluerunt
669 370 802 400 infelices.
827 377 861 397 ne

81 423 144 448 forte
166 420 267 454 aliquis
288 427 321 447 ex
349 419 400 446 hac
421 419 497 446 ruina
519 418 646 445 evaderet
665 421 763 450 przeter
787 416 860 442 illum

81 474 156 493 unum
172 473 254 500 quem
272 469 365 499 sponte
383 464 539 499 nequissimi
556 467 752 494 reservassent,
767 461 810 495 qui
834 465 862 488 et

79 513 191 547 ipsorum
209 510 347 546 iniquitati
366 510 525 540 deserviret,
551 513 577 535 et
594 507 644 535 Job
661 508 733 542 ipsos
754 507 862 534 doiores

79 561 222 585 enarraret.
242 556 296 583 Sed
316 560 343 583 et
358 556 446 582 adhuc
462 564 510 590 per
524 560 641 589 quatuor
655 560 745 589 partes
766 561 861 581 occur-

81 607 173 633 rentes,
191 606 311 636 quatuor
324 601 437 635 angulos
453 601 610 634 tetigerunt,
625 599 659 627 ob
676 600 726 627 hoc
739 605 769 626 ut
782 606 860 626 suam

81 647 311 675 inconsonantiam
332 651 414 679 atqtte
434 647 564 673 adversus
583 645 700 672 invicem
714 645 862 672 contrarie-

80 698 156 720 tatem
169 693 355 720 ostenderent.
369 691 434 718 Nmn
449 691 482 718 ad
497 691 651 726 iniquitatis
665 689 860 725 perfectionem

80 746 167 766 omnes
179 738 229 765 sibi
246 738 422 769 concordant,
444 745 505 764 cuin
523 737 638 764 invicem
655 737 705 763 sibi
723 736 862 763 discordes

81 785 129 812 sint
141 792 235 811 omnes
255 789 338 818 atque
353 785 494 811 contrarii.
520 784 554 810 Et
574 783 677 815 cecidit,
694 782 791 817 inquit,
814 783 862 808 do-

81 839 131 858 mus
145 839 222 864 super
237 831 310 866 ﬁlios
328 836 398 863 tuos,
415 836 439 857 et
451 831 548 857 mortui
558 834 630 857 sunt.
644 829 750 857 Cecidit
766 830 861 856 domus

79 876 339 911 appreltendentibus
356 877 534 909 dzemonibus,
552 876 796 908 commoventibus,
819 875 861 902 in-
879 868 900 895 Β

80 921 261 953 frementibus,
274 929 288 947 a
304 921 486 949 fundamentis
504 920 736 948 subvertentibus.
756 920 860 947 Cecidit

80 968 175 994 domus.
192 967 248 993 Nec
259 967 408 1001 quidquam
418 973 555 1001 magnum.
573 965 639 992 Nam
654 965 676 992 si
692 965 766 992 solus
781 965 862 992 Sam-

79 1021 123 1040 son
137 1017 194 1047 post
212 1014 271 1040 lucc
287 1013 427 1040 innumera
452 1011 647 1046 allopliylortnn
665 1011 748 1038 millia
765 1011 791 1038 in
810 1019 861 1038 una

79 1059 152 1086 domo
173 1058 264 1086 subito
284 1058 392 1093 deiecit,
407 1059 471 1092 quid
495 1058 593 1084 tnirum
615 1057 638 1084 si
657 1057 791 1084 innttnteri
807 1057 862 1083 dte-

82 1111 165 1131 mones
182 1111 263 1130 unam
286 1104 397 1131 donnun
415 1111 462 1138 per
477 1107 598 1138 quatuor
619 1102 734 1137 angulos
760 1109 859 1136 appre-

80 1150 218 1177 hendentes
233 1148 448 1176 subverteruut?
463 1147 574 1178 Cecidit.
591 1147 689 1182 inquit,
706 1147 798 1174 domus
813 1155 860 1173 su-

78 1203 120 1229 per
132 1195 199 1230 [ilics
216 1201 288 1227 tuas,
306 1199 331 1222 et
344 1196 444 1222 mortui
463 1198 535 1222 sunt.
553 1193 575 1221 0
588 1201 669 1229 quam
684 1201 780 1229 magna
795 1194 862 1221 ﬁdes

82 1246 130 1273 tua,
143 1241 218 1268 beate
230 1241 299 1268 Job!
313 1239 336 1268 0
350 1249 430 1276 qttatn
446 1241 577 1268 mirabilis
593 1244 635 1268 est
651 1240 784 1275 sapientia
804 1245 859 1270 tua,

79 1294 136 1314 vere
149 1288 192 1316 Dei
210 1289 308 1316 serve!
324 1287 383 1314 Non
410 1293 436 1314 te
461 1287 607 1322 exagitavit
633 1287 736 1322 primus
751 1286 859 1319 ﬂuctus,

80 1341 158 1368 neqtte
174 1334 282 1369 impulit
303 1335 449 1362 secundum
475 1334 637 1368 periculum,
656 1341 708 1360 nott
725 1337 751 1360 te
765 1333 860 1361 vulne-

81 1379 142 1406 ravit
158 1380 236 1407 tertia
258 1380 371 1414 sagitta.
390 1384 441 1407 no‘n
459 1384 484 1407 te
499 1379 638 1414 superavit
655 1384 751 1414 quarta
769 1385 860 1407 tenta-

80 1425 113 1452 tio
127 1433 209 1460 neque
231 1426 386 1460 subversio,
404 1433 464 1460 qua:
482 1426 559 1461 quasi
576 1425 717 1459 incipiens,
739 1426 857 1460 perfecta

79 1472 150 1498 estin
166 1477 246 1498 terra.
262 1470 373 1505 Mortui,
397 1472 495 1506 inquit,
510 1476 571 1499 sunt
587 1471 633 1498 lilii
650 1471 698 1503 tui,
712 1476 738 1498 et
754 1471 857 1498 utinam

912 235 964 260 hoc
975 233 1038 267 quia
1055 232 1191 266 prioribtts
1207 231 1291 266 plagis
1304 239 1366 258 .non
1381 231 1534 265 succubuit,
1552 236 1695 266 propterea

911 279 992 306 etiam
1009 278 1071 305 istic
1083 285 1192 305 onmem
1206 277 1378 312 iniquitatent
1390 285 1466 305 suam
1484 277 1694 307 demonstravit,

911 329 939 351 et
954 331 1004 358 pro
1019 324 1100 358 priori
1123 323 1278 356 tolerantia,
1301 324 1328 350 in
1349 324 1466 350 filiorum
1484 323 1697 361 comminutione

912 370 938 397 in
962 377 995 397 eo
1011 369 1169 402 vindicavit,
1187 375 1214 397 et
1232 371 1393 396 coutminnit
1417 370 1537 398 membra
1557 374 1584 396 et
1599 377 1698 397 carnes

911 420 938 443 et
951 423 1023 446 ossa,
1047 422 1079 442 ac
1095 423 1157 442 cum
1176 415 1308 449 lapidibus
1327 421 1355 441 ct
1375 414 1484 449 pulvere
1502 414 1587 448 ipsius
1610 414 1696 442 ruinae

911 461 1092 492 cnnnuiscuil,
1116 465 1144 488 ut
1170 469 1224 488 non
1247 469 1385 495 separare,
1412 468 1460 489 nec
1483 460 1620 494 colligere,
1647 467 1706 487 nec.

912 507 1025 542 sepelire
1046 512 1139 541 posset
1162 515 1219 539 eos,
1237 515 1252 533 a
1277 508 1376 542 quibus
1397 507 1504 542 sepeliri
1522 507 1650 542 sperabat
1666 513 1699 535 ac

912 555 1031 582 volebat.
1048 554 1110 582 Hauc
1122 562 1239 589 namque
1254 555 1327 581 venit
1339 553 1522 582 nuntiareJob
1534 553 1698 583 novissimus

913 601 1068 635 nequissimi
1091 601 1241 628 adversarii
1260 601 1381 628 mmtius.
1403 600 1465 627 Hmc
1484 600 1558 627 venit
1572 599 1697 626 nuntiare

912 655 972 680 qua:
983 655 1055 674 nunc
1068 647 1220 674 auditorum
1237 647 1377 674 continent
1394 651 1523 678 mentem,
1537 646 1698 673 contristant

913 692 1071 726 prtecordia,
1101 691 1279 725 liquefaciunt
1302 691 1432 718 animam.
1460 691 1535 718 Beati
1561 698 1625 717 vero
1648 690 1698 718 Job

913 745 990 764 meus
1004 737 1122 772 perstitit
1143 738 1265 769 immota,
1289 737 1379 764 anima
1401 736 1428 764 in
1443 737 1593 771 gratiarutn
1611 736 1699 763 actio-

913 783 993 810 nibus
1005 791 1056 811 ttou
1077 788 1119 811 cst
1136 788 1322 811 consternata.
1343 783 1409 816 Quis
1426 783 1565 810 hominum
1588 789 1660 816 nunc
1676 782 1698 809 si

914 838 996 857 unum
1013 830 1108 864 perdat
1124 829 1219 862 lilium,
1243 830 1348 857 habens
1359 829 1436 861 alios,
1452 829 1531 863 hujus
1555 828 1636 855 unius
1651 828 1700 855 di-

915 877 1091 910 retnptionem
1101 883 1134 903 ac
1145 881 1259 903 mortetn
1285 883 1366 909 supra
1387 874 1496 902 modum
1523 882 1575 901 non
1598 874 1699 908 lugeat,

913 921 994 947 etiam
1013 929 1074 947 t-utn
1098 920 1336 947 lamentationibus
1350 927 1383 947 ac
1403 919 1543 947 clamore!
1557 918 1700 953 Magnani-

913 974 972 994 mus
996 974 1060 994 vero
1078 967 1124 994 ille
1143 966 1194 994 Job
1217 973 1278 993 cum
1299 966 1394 994 decem
1423 966 1535 992 haberet
1560 964 1700 999 religiosos

913 1012 1023 1044 liberos,
1046 1017 1074 1039 et
1095 1012 1160 1040 istos
1183 1020 1278 1040 omnes
1304 1012 1386 1039 simul
1411 1012 1536 1046 protinus
1559 1011 1700 1045 perderet,

912 1067 964 1086 non
989 1058 1068 1090 luxit,
1092 1065 1145 1085 non
1165 1064 1207 1086 est
1230 1058 1420 1090 coutristatus,
1443 1057 1490 1084 sed
1512 1056 1614 1091 gratias
1645 1056 1700 1091 egit

911 1105 985 1132 danti
1001 1109 1029 1132 et
1048 1105 1146 1131 iterum
1163 1103 1300 1131 aufcreuti
1317 1104 1372 1132 Deo
1389 1114 1396 1132 :
1411 1109 1438 1132 et
1461 1103 1533 1139 quod
1547 1108 1590 1131 est
1609 1103 1698 1130 maxi—

912 1159 996 1183 mum,
1014 1158 1067 1177 non
1084 1158 1146 1178 cum
1168 1149 1301 1178 dedecore
1322 1155 1348 1178 et
1374 1149 1522 1178 miserabili
1544 1154 1618 1177 motu
1634 1149 1699 1184 ipsis

912 1197 983 1224 natis
996 1197 1177 1224 morientibus
1196 1195 1319 1232 atquein
1333 1197 1417 1232 ipsius
1433 1197 1529 1225 domus
1544 1196 1620 1223 ntina
1633 1201 1700 1225 Con-

913 1243 994 1275 tritis,
1016 1250 1132 1277 quorum
1156 1243 1280 1271 ciborum
1303 1247 1451 1278 apparatus
1470 1250 1533 1269 cum
1555 1242 1699 1269 comeden-

911 1289 976 1315 tittm
990 1288 1119 1316 carnibus
1131 1293 1173 1316 est
1183 1288 1352 1320 commistus,
1364 1293 1392 1315 et
1400 1287 1429 1315 lti
1445 1287 1490 1322 qui
1507 1286 1698 1314 ministrabant

889 1346 891 1348 ·
911 1335 1096 1370 unusquisque
1111 1335 1156 1362 ubi
1171 1336 1368 1370 apprehensus,
1381 1335 1436 1362 illic
1448 1340 1491 1362 est
1506 1334 1698 1364 comminutns,

910 1385 938 1408 et
963 1386 1043 1416 potus
1067 1381 1279 1408 ministrantium
1304 1388 1366 1408 cutn
1388 1381 1521 1414 sanguine
1541 1379 1701 1415 propitiatus.

910 1431 953 1454 est
966 1427 1135 1455 contmistus.
1153 1426 1216 1454 Erat
1226 1426 1293 1453 visio
1304 1426 1496 1459 lamentabilis,
1510 1431 1591 1460 atque
1618 1432 1699 1459 aspe-

909 1478 970 1500 ctus
988 1472 1150 1500 miserabilis
1166 1473 1217 1500 hoc
1230 1473 1301 1507 quod
1312 1477 1420 1508 gestum
1434 1476 1487 1504 est,
1499 1472 1552 1499 imo
1564 1479 1614 1499 nec
1629 1470 1698 1498 visio

79 1517 145 1549 iuxta
159 1518 280 1544 omnium
303 1525 475 1545 commonent
497 1523 621 1545 mortem.
643 1517 679 1544 At
699 1524 770 1544 nunc
793 1525 857 1545 vero
871 1537 894 1567 ς
913 1526 962 1545 nec
975 1525 1112 1554 aspectus.
1127 1519 1185 1546 Non
1201 1520 1272 1546 enim
1288 1525 1348 1546 erat
1362 1519 1433 1554 quod
1447 1519 1595 1550 videretur,
1610 1524 1702 1552 neque.

81 1569 125 1588 non
140 1563 184 1594 ita;
200 1563 246 1590 sed
265 1563 374 1595 cecidit,
387 1563 485 1597 inquit,
499 1563 594 1591 domus
610 1571 691 1598 super
704 1564 771 1591 ﬁlios
786 1569 857 1595 tuos,

80 1614 104 1634 et
117 1609 152 1635 sic
163 1614 227 1636 sunt
242 1609 355 1636 mortui.
374 1609 499 1644 Suspira,
517 1609 614 1643 inquit,
629 1617 645 1636 ο
665 1610 757 1642 homo,
776 1614 803 1636 et
819 1609 858 1635 lac

79 1659 172 1688 cryma,
185 1654 272 1688 uJob,
286 1655 391 1681 tametsi
408 1663 473 1687 non,
485 1655 582 1690 inquit,
593 1655 629 1682 ob
644 1655 694 1681 hoc
707 1654 778 1689 qttod
791 1654 859 1682 tales

81 1699 218 1731 perdideris
242 1699 323 1732 filios,
349 1700 444 1727 Saltem
467 1701 508 1727 vel
532 1701 593 1735 quia
619 1705 672 1726 tam
691 1699 858 1726 lamentabili

81 1750 157 1771 morte
177 1745 276 1772 mortui
301 1751 375 1778 sunt,
402 1746 442 1773 vel
463 1747 524 1781 quia
552 1747 587 1773 ita
612 1747 804 1774 miserabiliter
827 1747 860 1772 de

84 1790 131 1816 vita
142 1791 274 1818 exierunt.
294 1791 359 1824 Qttis
372 1799 405 1818 ex
422 1792 577 1820 videntibus
593 1801 645 1820 non
662 1798 772 1828 stupeat
787 1792 860 1820 Job?

85 1835 143 1869 Quis
160 1845 191 1863 cx
212 1837 388 1864 audientibus
406 1845 458 1865 non
476 1837 608 1872 turbetur,
624 1847 640 1865 o
658 1839 717 1865 vir?
738 1839 776 1865 'l‘u
794 1846 858 1866 vero

81 1880 201 1914 lapidibus
222 1884 318 1910 durior
333 1889 360 1910 et
371 1884 444 1911 saxis
466 1884 568 1911 firmior
588 1884 726 1911 exstitisti.
743 1884 804 1912 Filii
820 1885 863 1912 tui

83 1929 168 1955 ntortni
183 1934 258 1962 sunt,
275 1934 301 1956 et
313 1929 377 1964 qttid
395 1935 536 1964 exspectas
556 1935 583 1957 ut
598 1938 651 1956 non
666 1930 778 1965 lugeas?
790 1930 856 1958 Cum

81 1972 202 2008 lapidibus
226 1975 385 2003 comminuti
411 1981 485 2009 sunt,
508 1983 570 2003 cum
598 1976 707 2010 pulvere
722 1977 858 2004 commisti

81 2026 144 2048 sunt.
173 2021 276 2049 Carnes
315 2029 407 2048 eorunt
435 2029 498 2049 cum
531 2022 662 2056 sanguine
685 2025 713 2049 et
741 2023 856 2055 ossibus,

82 2072 134 2092 cum
149 2067 211 2101 ipsis
231 2067 315 2095 etiam
326 2067 475 2094 visceribus
500 2068 674 2095 comminutas
698 2072 773 2100 sunt,
799 2068 858 2094 fra-

83 2114 142 2137 trum
174 2121 231 2140 cutn
258 2113 409 2145 sororibus,
436 2117 461 2140 et
485 2119 608 2140 sororum
634 2120 696 2140 cum
722 2114 858 2147 germanis

83 2157 188 2184 omnium
213 2158 391 2186 comminutio
418 2157 498 2184 simul
523 2164 585 2185 cum
606 2157 671 2193 ipsis
697 2157 858 2192 antepositis

911 1565 982 1598 quod
1005 1571 1178 1600 separaretnr
1199 1565 1232 1592 de
1250 1573 1344 1592 eorum
1365 1565 1411 1599 qui
1426 1565 1524 1591 mortui
1546 1567 1611 1592 sunt
1623 1571 1697 1591 com-

911 1611 1022 1638 minutis
1033 1611 1203 1645 corporibus.
1218 1610 1284 1637 Nam
1298 1615 1373 1638 tanto
1388 1610 1480 1638 furore
1493 1611 1651 1638 comtninttit
1665 1618 1697 1637 ea

911 1657 1103 1692 nequissimus,
1123 1662 1151 1684 ut
1175 1665 1223 1684 nec
1243 1656 1277 1684 dc
1298 1657 1429 1687 vultibus.
1452 1664 1502 1684 nec
1522 1657 1555 1684 de
1576 1656 1698 1691 personis

912 1702 1021 1736 agnosci
1038 1703 1141 1737 possint
1155 1710 1279 1737 corpora,
1297 1710 1357 1737 quae
1371 1710 1433 1730 cutn
1448 1708 1518 1730 terra
1532 1707 1615 1737 atque
1631 1701 1697 1736 lapi-

911 1748 990 1775 dibus
1002 1753 1079 1775 eraut
1095 1749 1237 1776 commista
1251 1753 1332 1782 atque
1347 1753 1484 1776 concreta.
1507 1748 1585 1782 Quod
1607 1753 1697 1775 trans-

910 1795 1001 1821 cendit
1014 1801 1094 1822 omne
1107 1795 1205 1821 dictum
1216 1814 1223 1826 ,
1246 1800 1327 1830 atque
1347 1803 1455 1823 omttetn
1468 1795 1650 1822 narrationem
1669 1795 1696 1822 iu

911 1840 1004 1867 dolore
1031 1845 1111 1875 atque
1136 1840 1259 1868 miseria.
1287 1841 1364 1874 Quod
1388 1849 1459 1868 nunc
1483 1848 1533 1868 nos
1555 1841 1699 1868 audientes

912 1887 1115 1926 expavescimus
1143 1894 1174 1914 ac
1190 1891 1334 1914 terremttr.
1359 1887 1461 1914 Beatus
1480 1895 1545 1914 vero
1562 1887 1624 1920 Job,
1645 1895 1697 1921 nec

910 1933 944 1959 ab
958 1933 1050 1959 auditu
1068 1933 1177 1960 territus
1190 1937 1242 1966 est,
1258 1941 1307 1961 nec
1320 1933 1353 1961 ab
1369 1934 1425 1968 ipsa
1441 1933 1601 1968 probatione
1613 1941 1696 1966 expa-

910 1977 957 2009 vit,
982 1977 1027 2004 sed
1048 1977 1074 2004 in
1103 1977 1230 2004 omnibus
1255 1977 1419 2004 inclinabilis
1443 1982 1525 2011 atque
1551 1976 1696 2003 immobilis

911 2022 1072 2057 perntansit,
1097 2022 1177 2048 factis
1201 2021 1295 2056 procul
1314 2022 1396 2048 dubio
1419 2020 1565 2048 ostendens
1591 2020 1695 2052 omnia,

909 2075 969 2101 quze
991 2068 1060 2094 Deus
1082 2067 1185 2101 pridem
1208 2067 1242 2093 de
1260 2073 1293 2093 eo
1317 2066 1451 2093 veraciter
1467 2064 1575 2092 dixerat
1593 2064 1693 2092 verbis.

910 2113 973 2140 Haec
985 2113 1098 2140 audiens
1115 2111 1177 2145 Job,
1193 2111 1216 2139 Ο
1228 2119 1324 2144 magne
1340 2111 1421 2138 botuo
1436 2110 1483 2138 Dei
1497 2109 1612 2144 Moyses,
1630 2110 1694 2144 quid

910 2160 1048 2194 loqueris?
1074 2159 1137 2194 qttid
1161 2158 1278 2186 scribis?
1297 2155 1360 2192 q'uid
1393 2157 1481 2184 dicis?
1506 2156 1546 2183 Tu
1570 2155 1642 2183 enim
1664 2163 1694 2182 ea

83 2202 140 2229 cibis
154 2204 292 2231 commista
314 2209 366 2237 est,
387 2203 506 2231 omnium
524 2204 698 2231 nihilominus
721 2204 853 2231 viscerum
871 2203 897 2232 D
910 2207 954 2242 qui
974 2207 1031 2233 haec
1052 2205 1195 2240 scripsisti.
1220 2204 1274 2231 Cur
1289 2211 1353 2238 ergo
1374 2203 1443 2231 dicis
1460 2211 1467 2229 :
1488 2202 1607 2229 Audiens
1631 2201 1692 2235 Job,

83 2247 150 2276 cibus
182 2257 240 2277 cum
269 2250 325 2284 ipso
359 2251 419 2277 vino
453 2250 524 2285 quod
554 2250 580 2276 in
607 2249 731 2277 manibus
756 2249 857 2276 habent

84 2296 227 2323 commistns
239 2301 290 2324 est.
311 2295 445 2324 Immenso
467 2303 582 2331 namque
600 2295 692 2323 furore
714 2303 778 2323 usus
797 2303 857 2322 ver-

84 2346 150 2369 satus
182 2342 316 2373 diabolus,
349 2347 376 2369 et
405 2343 471 2368 irattt
496 2346 523 2369 et
556 2341 661 2377 plenam
695 2342 856 2377 indignatio-

85 2393 136 2414 nem
154 2387 350 2420 demonstrans,
366 2397 415 2415 nec
435 2388 580 2423 quidquam
592 2387 702 2422 reliquit
715 2388 787 2422 quod
804 2395 856 2414 non

85 2434 269 2466 comminuerit,
288 2442 373 2468 neque
382 2434 528 2465 calvariae,
546 2440 633 2468 neque
643 2433 756 2464 viscera,
769 2440 856 2467 neque

85 2480 244 2512 ventriculos,
254 2487 342 2515 neque
355 2481 474 2512 brachia,
485 2487 573 2514 neqtte
582 2487 686 2512 manus,
702 2486 790 2514 neque
809 2487 857 2514 pe-

85 2521 136 2555 des,
150 2532 232 2559 neque
241 2525 325 2552 ullum
335 2525 496 2557 membrum’,
510 2532 598 2560 neque
608 2525 724 2559 aliquatn
737 2524 856 2558 corporis

87 2574 238 2605 rompagem.
254 2571 285 2598 Et
299 2578 352 2597 non
365 2570 451 2598 solum
467 2570 534 2602 lucc,
549 2570 595 2597 sed
609 2575 636 2598 et
654 2570 727 2603 ipsos
741 2570 856 2604 lapides.

86 2617 109 2638 et
124 2613 187 2648 ligna
202 2616 287 2643 nimio
300 2623 448 2642 succensus
459 2616 552 2642 furore
567 2620 663 2642 cuncta
682 2615 857 2648 comminuit,

87 2664 170 2686 cuncta
196 2661 383 2694 commollivit,
410 2666 506 2688 cuncta
536 2662 719 2693 commiscuit,
752 2666 856 2689 cuncta-

88 2701 175 2731 iucerta
191 2711 269 2741 atque
285 2706 429 2734 indiscreta
447 2706 572 2734 reddidit.
595 2706 661 2733 Nam
678 2707 855 2734 fundamenta

89 2748 170 2776 donnts
182 2750 263 2786 ipsius
285 2759 391 2779 sursum
406 2760 485 2787 supra
500 2757 600 2781 tectum
613 2754 755 2784 excitavit.
770 2758 814 2788 atq
821 2760 855 2781 ne

88 2795 196 2828 superius
207 2802 304 2826 tectum
321 2800 348 2826 in
362 2799 497 2834 profundo
519 2799 690 2826 fundamenti
710 2800 850 2828 demersit.

90 2837 138 2867 Non
151 2843 216 2871 cuitu
229 2845 261 2873 ob
275 2846 326 2873 hoc
339 2845 426 2873 solutn
438 2845 496 2873 haec
513 2845 576 2874 fecit
589 2852 643 2879 quo
656 2846 741 2879 magis
753 2846 780 2874 in
792 2854 855 2875 con-

910 2251 986 2287 quasi
1003 2251 1103 2286 aliquid
1123 2250 1182 2278 leve
1193 2250 1235 2277 vel
1251 2249 1397 2283 modicum,
1413 2254 1441 2276 et
1462 2256 1511 2276 cur
1525 2256 1577 2275 tton
1589 2247 1691 2278 dixistt,

910 2298 968 2324 haec
991 2300 1120 2330 expertus
1142 2295 1210 2327 Job,
1235 2295 1292 2321 haec
1319 2301 1432 2328 passus,
1458 2294 1514 2320 hac
1536 2291 1693 2320 sustinens?

910 2340 975 2367 Nam
988 2340 1109 2374 probatio
1118 2344 1145 2366 et
1156 2339 1247 2374 passio
1259 2343 1342 2373 atque
1353 2339 1494 2365 tolerantia
1508 2338 1619 2365 fuerunt
1633 2337 1692 2364 haec

909 2392 970 2420 qua:
985 2384 1055 2411 facta
1068 2388 1140 2416 sunt,
1159 2388 1187 2410 et
1203 2391 1256 2411 non
1267 2384 1350 2410 verba
1362 2390 1450 2417 neqtte
1462 2382 1558 2410 fabulae
1572 2381 1691 2409 auditus.

910 2429 1066 2464 Propterea,
1081 2428 1176 2463 inquit,
1195 2436 1247 2456 tton
1264 2428 1319 2454 dixi
1333 2428 1534 2462 probationem,
1549 2427 1596 2454 sed
1613 2426 1693 2453 audi-

910 2480 976 2508 tum,
990 2475 1052 2510 quia
1065 2482 1117 2501 non
1132 2479 1258 2509 tanquam
1272 2473 1458 2507 probationem
1473 2473 1619 2500 aestimavit
1630 2472 1692 2505 Job.

908 2521 956 2548 sed
984 2526 1110 2556 tanquam
1140 2525 1324 2548 transeuntem
1350 2520 1483 2552 auditum,
1509 2525 1537 2546 et
1566 2524 1692 2554 tanquam

908 2568 1014 2596 fabulas
1033 2573 1234 2603 percurrentes.
1253 2567 1382 2595 Probatio
1394 2574 1458 2594 vero
1472 2565 1523 2593 fuit
1539 2571 1620 2600 atque
1631 2573 1694 2600 pas-

909 2615 949 2643 sio
963 2624 970 2642 :
987 2615 1034 2642 sed
1051 2615 1113 2642 dum
1124 2622 1184 2642 cum
1206 2614 1350 2642 tolerantia
1362 2617 1389 2639 et
1402 2620 1462 2639 cum
1479 2611 1628 2646 gratiarum
1646 2618 1693 2639 ac-

910 2660 1027 2688 tionibus
1046 2660 1103 2687 haec
1115 2659 1263 2687 sustineret
1281 2658 1342 2690 Job.
1363 2662 1491 2692 tanquam
1510 2656 1617 2683 auditus
1631 2662 1693 2689 pere

910 2707 1025 2734 transiit.
1041 2705 1082 2733 Ob
1102 2705 1153 2732 hoc
1167 2712 1232 2739 ergo
1253 2704 1317 2732 dicit
1341 2705 1399 2732 lucc
1421 2702 1534 2731 audiens
1556 2701 1619 2733 Job,
1633 2705 1694 2734 tan-

909 2760 990 2788 quam
1017 2751 1198 2784 vehementia,
1226 2755 1353 2784 tanquatn
1378 2749 1523 2781 terribilia,
1554 2753 1693 2782 stuporem

910 2798 1078 2826 conferentia
1105 2802 1186 2831 atque
1212 2796 1238 2824 in
1270 2803 1394 2831 pavorem
1427 2795 1600 2823 deducentia.
1631 2793 1693 2821 Haec

910 2846 1021 2875 audiens
1048 2852 1108 2878 intre
1131 2844 1200 2872 alius
1224 2843 1298 2877 prior
1325 2850 1377 2870 non
1402 2842 1513 2875 audivit,
1535 2850 1595 2876 qua:
1625 2841 1692 2868 alius
