1904 3076
198 131 251 160 435

767 132 952 163 \NONYMIIS
969 134 1005 162 ΙΝ
1023 134 1093 163 JOB.
1113 151 1145 155 —
1164 135 1228 162 LIB.
1247 135 1268 162 1.
1318 148 1326 155 -

1770 137 1827 164 £36

199 191 287 227 major
304 199 356 220 non
383 192 520 225 sustinuit,
549 199 609 227 qum
630 191 699 220 alius
719 197 782 221 ante
803 201 866 222 eum
891 202 986 230 passus
1000 197 1023 226 Α
1038 195 1175 230 inquiens,
1186 195 1296 223 dorsttm
1308 195 1418 225 nudum,
1430 202 1494 223 ecce
1503 203 1600 230 corpus
1614 195 1760 224 detectum.
1769 196 1826 224 Vos

199 245 254 267 non
289 243 340 266 est.
367 237 429 265 Hac
449 237 563 265 audiens
594 236 644 265 Job
673 245 752 273 quem
776 240 921 268 meditatus
943 244 985 268 est

199 283 332 316 diabolus,
361 283 484 318 quesivit
508 284 698 318 nequissimus,
728 292 807 319 quem
826 286 911 313 voluit
933 286 984 313 ini—

199 335 279 363 quus,
318 335 400 363 quem
432 328 596 364 excogitavit
625 329 752 365 injustus.
788 330 850 358 Haec
873 331 985 359 audiens

198 373 260 406 Job,
295 381 372 408 quem
403 373 491 408 angeli
522 375 647 403 admirati
672 380 745 409 sunt,
782 384 860 411 quem
896 377 984 405 incor-

199 419 340 454 ruptibiles
366 419 557 453 laudaverunt,
589 426 619 449 ut
641 422 663 450 is
693 422 740 456 qui
766 422 798 450 de
824 427 897 450 terra
926 424 985 459 pla-

197 470 301 493 smatus
323 469 378 496 est,
395 465 511 494 viriliter
530 467 690 502 pugnaverit
710 468 841 496 adversus
857 475 919 496 eum
937 470 982 504 qui

197 511 231 539 de
239 510 316 539 culis
327 511 448 546 deiectus
459 517 513 544 est,
522 517 554 539 ut
564 513 652 547 pulvis
665 513 796 542 adversus
808 515 942 550 spiritum,
954 520 984 543 ut

196 556 278 584 homo
295 557 425 585 adversus
439 558 586 591 diabolum,
607 563 637 586 ut
653 562 836 595 corruptibilis
854 563 983 591 adversus

196 604 429 640 incorruptibilem
446 611 604 633 constanter
624 607 740 640 steterit,
770 612 797 635 et
814 617 865 636 non
884 617 981 637 succu-

195 650 298 682 buerit,
316 655 396 684 atque
412 650 553 678 victoriam
569 651 602 678 de
617 651 662 679 illo
679 653 833 687 sumpserit.
847 653 914 681 Cum
932 654 981 681 tri-

195 696 248 724 bus
267 695 412 726 malitiosis
427 697 533 731 sagittis
560 705 573 724 a
590 697 697 725 diabolo
716 699 897 733 sagittaretur,
913 699 981 727 tole-

195 741 293 770 rentia:
303 747 385 776 atque
399 742 461 770 ﬁdoi
474 748 551 771 scuto
563 750 593 770 se
607 748 752 778 protegens
770 746 876 772 transiit
891 746 979 773 illiba-

195 791 251 815 tus.
267 786 331 814 Post
348 794 416 821 quas
426 792 482 814 tres
495 792 592 822 quarta
606 788 745 822 sagittavit
764 789 839 817 illum
855 790 981 818 initnicus

195 835 316 859 sectator
333 832 480 859 novissime
498 840 560 859 cum
578 832 671 860 dolore
697 833 803 866 ultima,
821 835 978 868 miserabili,

195 878 244 906 sed
257 885 306 905 nec
333 878 384 905 hac
401 878 503 914 aliquid
519 879 634 913 peregit,
662 887 712 907 nec
737 888 785 914 per
807 881 885 909 istam
904 889 979 909 suam

195 924 360 953 voluntatem
379 925 505 959 perfecit,
520 930 548 953 et
569 926 630 954 ideo
650 932 790 961 computat
812 927 890 954 istam
902 929 978 963 quasi

194 977 276 997 unam
288 978 297 996 :
314 977 366 997 non
382 970 455 997 enim
472 975 533 998 erat
546 979 609 1004 una,
626 972 672 999 sed
690 973 781 1000 decem
794 978 872 1001 erant
887 974 913 1001 in
929 975 979 1002 hac

195 1016 264 1051 ipsa.
278 1015 346 1043 Nam
367 1016 460 1044 decem
480 1017 597 1044 ﬁliorum
612 1025 663 1044 una
691 1017 743 1045 fuit
769 1020 893 1054 perditio,
910 1029 979 1049 unus

194 1061 331 1090 lnierittts.
349 1062 426 1096 Quod
451 1067 541 1089 antem
562 1070 614 1090 non
628 1063 809 1092 vulneraverit
831 1065 906 1092 illum
922 1066 980 1093 dia-

194 1107 284 1140 bolus,
295 1116 382 1144 neque
396 1108 517 1137 dolorem
542 1109 687 1137 incnsserit
714 1111 907 1145 nequissimus,
921 1112 979 1139 evi-

193 1154 290 1182 denter
300 1154 420 1182 ostendit
434 1163 495 1183 mox
518 1156 544 1182 in
564 1156 791 1192 subsequentibus
807 1166 814 1183 :
836 1157 910 1185 Tunc
920 1167 980 1185 sur-

194 1200 263 1227 rexit
269 1200 357 1228 Job".
369 1201 397 1228 Si
407 1201 480 1228 enim
493 1202 661 1234 vulneratus,
670 1203 712 1229 vel
724 1203 930 1237 contaminatus,
938 1204 979 1232 vel

193 1243 329 1272 laceratus
353 1244 456 1278 fuisset,
479 1252 591 1281 surgere
614 1247 726 1273 onutino
758 1254 811 1274 non
836 1247 978 1281 potuisset.

193 1288 266 1324 Ergo
292 1289 356 1324 quia
373 1289 501 1322 surrexit,
521 1290 694 1317 manifestum
709 1294 751 1318 est
770 1290 839 1325 quod
863 1290 978 1318 fortissi-

192 1340 255 1361 mus
267 1334 460 1368 perseveravit,
475 1340 558 1370 atque
571 1335 672 1363 iilaesus
686 1335 814 1371 perstitit.
834 1334 979 1363 Tunosur—

193 1381 261 1407 nsit
280 1380 342 1408 Job.
371 1380 497 1408 Surrexit
521 1382 623 1414 animo,
635 1383 754 1409 surrexit
780 1381 842 1415 ﬁde,
862 1383 979 1411 surrexit

192 1427 315 1455 veritatis
331 1428 431 1460 studio,
462 1429 581 1456 surrexit
602 1429 635 1456 ad
651 1430 784 1464 praelium,
805 1430 925 1457 surrexit
944 1429 977 1456 ad

191 1473 333 1507 virtutem,
356 1474 476 1501 surrexit
506 1475 539 1502 ad
562 1474 680 1502 ofﬁcium
704 1475 874 1503 constantiae.
905 1475 978 1502 Tum:

192 1520 308 1547 surrexit
317 1519 379 1547 Iob.
389 1520 498 1548 Certum
509 1525 549 1548 est
557 1521 619 1556 quia
632 1529 693 1548 cum
704 1522 879 1554 surrexisset,
888 1520 953 1548 dicit
967 1528 975 1547 ε

192 1564 270 1592 Nunc
289 1565 352 1593 belli
367 1570 484 1601 tempus,
506 1550 578 1594 nune
597 1567 769 1601 approbatio,
796 1550 977 1594 nunc'victo-
991 1550 1012 1578 ϐ

194 1610 244 1638 ria)
265 1611 399 1646 acceptio,
428 1619 500 1639 nunc
530 1619 693 1640 coronarum
715 1613 893 1647 compositio,
906 1620 978 1640 nunc

193 1655 380 1696 retributionis
409 1657 597 1692 exspectatio,
631 1665 703 1685 nunc
737 1658 857 1686 audaciae.
890 1659 978 1685 mani-

192 1700 310 1729 festatio.
343 1702 420 1736 Quod
433 1707 523 1731 autem
539 1704 573 1731 ad
593 1705 651 1731 haec
664 1704 756 1731 omnia
771 1704 891 1732 surrexit
916 1704 976 1737 Job,

191 1751 273 1781 atque
292 1747 325 1775 ad
338 1748 435 1778 horum
447 1749 567 1776 omnium
583 1749 767 1777 ostensionem
778 1769 786 1782 ,
814 1753 896 1784 atque
916 1757 977 1785 per-

190 1791 346 1826 fectionem,
359 1794 436 1828 juxta
455 1795 512 1823 haec
525 1803 586 1830 qua:
610 1801 772 1830 sequuntur,
802 1796 975 1824 manifestam

189 1838 401 1872 est:Conacidit,
415 1841 513 1875 inquit,
526 1842 679 1868 vestimenta
692 1850 741 1869 sua
757 1841 790 1869 ⁸⁷.
802 1842 856 1869 Cur
867 1843 975 1870 consci-

190 1885 231 1913 dit
241 1885 253 1912 1
264 1885 306 1913 0b
319 1886 371 1913 hoc
384 1887 528 1920 conscidit,
542 1892 571 1914 ut
582 1887 736 1922 expeditior
750 1893 831 1922 atque
848 1893 977 1916 constan—

192 1931 245 1959 tior
259 1932 410 1959 exstitisset
437 1932 463 1959 in
485 1933 598 1967 praeiio,
623 1938 651 1960 ut
677 1933 722 1960 illa
748 1941 808 1968 quae
837 1935 977 1962 retardant

188 1975 350 2011 deponeret,
371 1982 400 2004 ut
417 1977 461 2004 illa
484 1985 544 2013 qua!
561 1978 713 2013 impediunt
742 1987 758 2006 a
777 1986 807 2006 se
820 1979 975 2014 projiceret,

190 2026 221 2049 ut
248 2026 376 2057 tanquam
403 2023 602 2052 audacissimus
619 2024 764 2059 praelialor.
797 2030 822 2052 et
847 2030 976 2060 tanquam

189 2067 335 2103 singularis
350 2070 547 2097 monomachus
563 2070 695 2098 adversus
713 2070 871 2099 innutneros
886 2071 977 2099 inimi-

190 2119 248 2146 cos,
264 2118 292 2141 et
304 2114 435 2142 adversus
452 2115 654 2143 inastimabiles
674 2116 865 2150 adversarios,
883 2117 976 2152 singu-

189 2159 286 2187 lariter
300 2159 446 2188 immobilis
460 2161 636 2195 perstitisset.
650 2161 690 2189 0b
703 2162 755 2190 hoc
767 2170 832 2199 ergo
845 2164 977 2192 conscidit

1036 239 1181 274 ﬂagellate,
1202 247 1252 276 ego
1266 245 1357 268 autem
1374 240 1514 268 suﬂ'eram.
1532 241 1585 269 Vos
1597 241 1750 274 verberate,
1773 251 1826 278 ego

1036 290 1125 313 autem
1150 286 1311 318 sustineam,
1335 287 1428 315 dicens
1450 294 1510 314 cum
1543 287 1660 315 Ieremia
1687 287 1825 315 :Dorsuat

1035 339 1120 358 meum
1135 331 1195 358 dedi
1206 332 1241 358 ad
1253 333 1358 367 ﬂagella
1369 333 1402 366 ἐς
1417 333 1511 360 dicens
1529 340 1589 360 cum
1604 333 1688 360 David
1707 342 1714 360 ε
1731 334 1822 369 Supra

1034 376 1141 403 dorsum
1168 385 1253 404 meum
1278 378 1473 415 fabricaverunt
1499 383 1645 412 peccatores
1657 379 1691 405 ".
1715 378 1771 408 Sed
1797 385 1825 406 et

1034 423 1123 451 adhuc
1138 431 1200 451 cum
1214 424 1309 451 eodem
1331 425 1414 452 David
1432 433 1439 452 :
1457 423 1489 451 Et
1506 433 1577 451 eram
1605 425 1754 461 ﬂagellatus
1769 431 1824 452 tota

1035 469 1117 496 die”.
1134 469 1230 495 Adhuc
1240 469 1373 496 conscidit
1391 469 1553 497 vestimenta
1565 477 1625 502 sua,
1639 477 1670 496 ac
1684 470 1707 496 si
1721 470 1824 496 diceret

1033 515 1068 542 ad
1086 515 1158 549 ipsos
1174 515 1344 543 adversarios
1360 515 1540 551 nequissimos
1556 523 1563 541 :
1580 515 1602 542 0
1614 515 1726 550 maligni
1741 520 1824 550 atque

1033 560 1119 596 iniqui
1147 561 1307 593 adversarii,
1329 566 1464 588 mortuum
1491 568 1534 589 me
1557 561 1709 593 aestimatis,
1732 565 1763 587 ut
1776 568 1823 588 vos

1032 607 1143 641 putatis,
1170 612 1198 634 et
1217 612 1245 634 ut
1264 607 1341 635 vobis
1358 607 1466 634 videtur
1482 607 1509 634 in
1530 611 1630 634 terratn
1648 614 1691 633 me
1707 606 1823 640 sepelire

1033 653 1208 688 praeparatis!
1225 654 1254 681 Si
1275 661 1340 688 ergo
1354 661 1397 680 me
1416 657 1549 680 mortuum
1566 652 1720 684 aestimatis,
1735 660 1752 679 ο
1766 652 1820 678 ini-

1032 699 1276 735 miciianticipem
1305 700 1332 727 in
1360 699 1508 734 pretiosam
1535 706 1622 726 nteant
1654 698 1821 732 sepulturam

1032 745 1212 775 conscindere
1226 745 1360 778 pretiosas
1376 749 1457 779 atque
1472 744 1579 779 regales
1592 751 1666 771 meas
1679 749 1781 775 vestes,
1794 748 1822 770 ut

1032 797 1081 816 nec
1095 795 1157 823 post
1173 795 1288 817 mortem
1305 789 1446 824 gaudeatis
1471 796 1517 816 eas
1544 789 1724 823 possidentes.
1753 787 1822 816 Puto

1032 835 1103 868 quod
1119 842 1150 862 ex
1165 834 1210 862 illo
1224 840 1423 862 consueverunt
1442 833 1579 866 homines,
1596 841 1657 860 cum
1674 833 1821 867 pretiosam

1034 880 1200 915 sepulturam
1214 881 1326 908 cuilibet
1346 879 1480 912 miserint,
1504 878 1684 907 consciudnnt
1697 885 1770 910 eam,
1789 886 1822 906 ne

1033 925 1116 960 aliqui
1134 926 1242 953 scelesti
1257 931 1283 953 et
1303 926 1389 960 ipsum
1411 931 1509 958 corpus
1521 923 1677 959 projiciant,
1692 929 1721 951 et
1737 924 1820 959 ipsam

1033 972 1177 1004 pretiosam
1195 971 1360 1006 sepulturam
1380 971 1544 1005 possideant.
1555 970 1631 1004 Quod
1651 970 1674 997 si
1692 975 1820 1004 tanquam

1032 1017 1165 1045 viventem
1195 1025 1249 1050 me,
1265 1017 1363 1052 inquit,
1382 1017 1523 1051 judicatis,
1537 1024 1611 1048 ecce,
1624 1016 1723 1051 inquit,
1739 1017 1820 1044 etiam

1032 1062 1072 1089 sic
1086 1063 1172 1090 nudus
1181 1067 1263 1096 atque
1276 1062 1430 1096 scapulatus
1440 1067 1483 1090 sto
1497 1066 1592 1089 contra
1605 1069 1664 1095 vos,
1681 1069 1820 1097 nunquam

1032 1107 1108 1134 vobis
1119 1114 1256 1134 cessurus.
1273 1107 1325 1134 Aut
1337 1107 1425 1134 adhuc
1439 1107 1572 1134 conscidit
1584 1107 1748 1134 vestimenta
1760 1115 1820 1135 sua.

1032 1153 1111 1184 Ecce,
1127 1153 1226 1188 inquit,
1239 1161 1256 1181 o
1273 1153 1383 1188 maligni
1402 1153 1522 1180 inimici!
1539 1153 1675 1188 peculium
1689 1161 1821 1180 consum-

1031 1199 1233 1233 psistis,'iilios
1263 1199 1431 1234 perdidistis,
1453 1199 1632 1226 substantiam
1656 1199 1819 1233 diripuistis,

1032 1251 1082 1270 nec
1094 1243 1242 1278 quidquam
1263 1244 1335 1271 aliud
1357 1244 1409 1271 nisi
1429 1243 1516 1271 solum
1533 1251 1630 1279 corpus
1652 1249 1736 1278 atque
1751 1245 1820 1271 hanc

1031 1294 1134 1317 vestem
1149 1290 1214 1317 mihi
1234 1290 1393 1326 reliquistis.
1431 1291 1541 1323 Tollite,
1571 1291 1669 1326 inquit,
1698 1297 1725 1318 et
1749 1292 1820 1318 hanc

1032 1340 1145 1370 vestem,
1168 1336 1283 1371 projicio
1299 1338 1381 1364 etiam
1397 1337 1467 1364 hanc
1485 1337 1571 1370 vobis,
1599 1337 1666 1364 nihil
1684 1339 1755 1372 apud
1776 1345 1820 1364 me

1031 1387 1171 1411 remaneat
1185 1391 1219 1410 ex
1237 1384 1279 1410 his
1293 1391 1354 1416 qua:
1370 1384 1397 1411 in
1410 1387 1569 1418 potestatem
1581 1384 1710 1418 nequitia:
1721 1388 1820 1411 vestrte

1031 1429 1092 1456 data
1106 1433 1178 1456 sunt.
1207 1429 1265 1456 Non
1280 1429 1316 1456 sit
1335 1429 1401 1456 mihi
1429 1436 1462 1456 ex
1484 1429 1560 1457 vobis
1576 1429 1626 1456 hoc
1643 1429 1817 1461 beneﬁcium,

1030 1474 1089 1502 oleo
1105 1479 1279 1509 peccatorum
1297 1482 1350 1501 non
1370 1479 1486 1509 nngetur
1498 1480 1579 1509 caput
1606 1481 1707 1501 meum.
1728 1474 1819 1509 Super

1031 1527 1091 1555 quae
1102 1520 1238 1554 universa,
1250 1528 1324 1552 ecce,
1341 1521 1439 1555 inquit,
1453 1524 1480 1547 et
1494 1520 1581 1555 ipsum
1594 1527 1692 1555 corpus
1704 1521 1817 1553 nudum,

1029 1565 1175 1600 detectum,
1193 1571 1316 1600 paratum
1342 1566 1375 1592 ad
1396 1572 1484 1599 poenas
1512 1566 1756 1600 supportationem,
1782 1565 1817 1592 ad

1027 1610 1151 1639 dolorum
1177 1611 1359 1638 tolerantiam.
1385 1611 1509 1646 Terque,
1536 1611 1637 1646 inquit,
1667 1611 1816 1643 contnnde,

1027 1655 1152 1688 verbera,
1169 1661 1270 1684 etcum
1286 1665 1334 1692 per
1353 1663 1452 1684 cuncta
1475 1658 1642 1692 probaveris,
1667 1665 1816 1691 cognoscas

1027 1702 1089 1736 quia
1102 1702 1175 1730 solus
1191 1701 1241 1730 Job
1258 1703 1449 1738 insuperabilis
1463 1710 1628 1738 permanens
1644 1703 1671 1729 in
1686 1703 1816 1730 omnibus

1027 1756 1163 1783 nunquam
1180 1749 1257 1776 cedet
1271 1750 1398 1783 nequitiae
1416 1749 1540 1785 ﬂagellis.
1568 1749 1632 1777 Haec
1647 1749 1739 1783 itaque
1753 1749 1816 1776 uni-

1026 1800 1104 1821 versa
1118 1800 1178 1820 cutn
1198 1794 1332 1828 cogitaret
1350 1800 1378 1822 et
1391 1795 1556 1829 loqueretur,
1583 1797 1664 1830 atqu’e
1677 1795 1742 1830 ipsis
1755 1802 1816 1829 per-

1027 1839 1122 1866 ﬁceret
1141 1839 1231 1871 factis,
1246 1840 1369 1868 Surrexit
1387 1847 1410 1868 et
1427 1842 1554 1868 conscidit
1575 1843 1727 1868 vestimenta
1754 1849 1815 1873 sua,

1026 1891 1051 1912 et
1065 1886 1180 1914 totondit
1204 1894 1304 1913 comam
1330 1888 1426 1921 capitis
1449 1893 1542 1922 utpote
1559 1887 1733 1922 superﬂuam,
1746 1888 1815 1915 otio-

1027 1939 1086 1959 sam
1111 1939 1193 1967 atque
1208 1933 1330 1962 inutilem
1350 1944 1355 1961 :
1373 1933 1495 1960 Totondit
1519 1942 1621 1960 comam
1644 1934 1739 1967 capitis
1760 1934 1815 1966 uti,

1027 1978 1106 2006 factis
1122 1979 1266 2014 perﬁciens
1277 1979 1302 2006 id
1316 1979 1389 2014 quod
1405 1984 1497 2014 postea
1512 1979 1617 2006 duriter
1630 1979 1664 2006 ab
1682 1980 1814 2014 Apostolo

1027 2024 1229 2052 intertninatum
1245 2030 1287 2052 est
1298 2025 1464 2060 verbo,quia
1476 2025 1515 2052 uir
1526 2025 1549 2052 si
1561 2033 1662 2051 comam
1676 2025 1813 2058 nutrierit,

1027 2070 1173 2104 ignominia
1191 2075 1227 2097 eat
1241 2070 1281 2099 illi
1296 2069 1331 2097 “.
1355 2069 1418 2098 11ωο
1438 2071 1529 2105 itaque
1542 2070 1689 2098 observans
1705 2069 1758 2098 .lob
1773 2075 1815 2098 to.

1028 2117 1114 2144 tondit
1133 2124 1236 2145 cotnam
1252 2117 1349 2152 capitis
1363 2118 1415 2145 sui.
1429 2117 1496 2145 Cum
1526 2117 1698 2149 lotondisset,
1719 2118 1814 2150 procul

1027 2161 1109 2190 dubio
1124 2163 1197 2197 quod
1223 2162 1288 2197 ipsis
1305 2170 1364 2190 eam
1390 2163 1556 2191 adversariis
1582 2164 1716 2197 projecit:
1730 2162 1814 2195 Ecce,

189 2204 350 2232 vestimenta
362 2213 421 2233 sua.
437 2206 503 2233 Nam
515 2211 542 2234 et
553 2215 619 2235 vere
633 2207 696 2235 talis
704 2215 761 2235 mos
777 2213 818 2236 est
832 2209 858 2235 in
879 2209 976 2244 aiiqni-
992 2227 1013 2254 υ
1029 2208 1128 2242 inquit,
1150 2207 1236 2235 tollite
1260 2213 1287 2236 et
1311 2208 1391 2242 hanc,
1407 2208 1507 2236 habete
1522 2208 1602 2236 etiam
1621 2213 1648 2235 et
1672 2208 1756 2241 hanc,
1769 2208 1815 2235 dc-

189 2248 241 2277 bus
251 2250 387 2284 gentibus,
401 2256 442 2285 ut,
460 2259 523 2279 cum
543 2253 578 2280 ad
589 2253 685 2280 durum
705 2253 825 2289 praelium
838 2256 974 2288 venerint,

190 2298 255 2321 tunc
268 2295 395 2323 nimirum
410 2297 564 2326 scindentes
576 2299 736 2327 vestimenta
749 2308 796 2327 sua
807 2308 868 2328 cum
883 2301 975 2330 furore

189 2345 272 2375 atque
290 2340 474 2376 indignatione
488 2348 600 2373 currant
624 2350 717 2373 contra
733 2347 904 2374 adversarios
930 2347 973 2374 in-

189 2390 384 2420 temperanter,
399 2387 471 2414 nudo
485 2393 605 2422 pectore,
625 2398 686 2418 cum
700 2392 796 2419 ﬁducia
811 2399 841 2419 se
856 2391 975 2420 oﬂ‘eren-

189 2436 242 2464 tes,
255 2436 284 2458 ut
301 2435 343 2459 est
367 2430 500 2466 Syrorum
515 2441 591 2467 gens.
617 2434 682 2462 Item
699 2443 762 2463 vero
778 2436 837 2464 alia:
852 2438 974 2465 barbara:

186 2482 281 2513 gentes
291 2478 473 2513 exspoliantes
483 2486 524 2512 se,
533 2484 615 2514 atque
634 2481 660 2508 in
676 2483 742 2517 ipsis
755 2484 853 2511 tunicis
863 2492 893 2512 se
906 2492 974 2518 pra:-

187 2523 340 2558 cingentes,
356 2523 428 2551 nudo
452 2529 572 2559 pectore,
594 2531 675 2561 atque
698 2529 828 2563 scapuiati
858 2529 974 2557 viriliter

187 2573 253 2597 eunt
269 2569 296 2597 in
311 2570 446 2604 prtelium.
474 2571 520 2599 Sic
546 2573 637 2606 itaque
652 2573 818 2602 admirabilis
833 2575 884 2604 .lob
908 2584 973 2604 con-

185 2614 313 2642 scindens
339 2617 500 2644 vestimenta
522 2625 584 2650 sua,
611 2623 692 2653 atque
712 2621 803 2648 omnia
833 2621 972 2656 deponens

186 2660 395 2695 impedimenta,
409 2663 497 2691 nudus
513 2669 595 2698 atque
612 2666 699 2692 audax
713 2667 789 2694 stetit
808 2667 834 2694 in
848 2667 971 2702 spiritale

186 2707 318 2742 pralium.
338 2709 392 2737 Aut
406 2709 494 2738 adhuc
511 2711 646 2739 conscidit
665 2713 825 2741 vestimenta
839 2722 897 2747 sua,
911 2715 970 2742 sine

186 2759 262 2794 supra
275 2754 451 2789 semetipsum
463 2756 498 2783 ad
515 2756 586 2791 ipsas
599 2765 754 2793 praeparans
769 2758 871 2794 plagas.
887 2760 968 2793 Ecce,

1026 2254 1121 2289 glutite
1138 2258 1166 2281 et
1189 2255 1278 2282 istam.
1303 2254 1400 2286 Arbor,
1435 2253 1535 2287 inquit,
1572 2261 1632 2281 sum
1661 2253 1815 2286 fructifera,

1026 2301 1116 2327 omnia
1130 2308 1191 2335 quae
1202 2299 1337 2334 superﬂua
1354 2308 1368 2326 a
1380 2307 1423 2328 me
1438 2299 1561 2334 projicio,
1577 2304 1605 2326 ut
1622 2300 1743 2327 illibatus
1756 2308 1815 2334 per-

1026 2346 1127 2374 fectum
1143 2347 1261 2374 fructum
1278 2345 1399 2375 aﬂ‘eram.
1415 2345 1484 2373 Vitis
1501 2346 1572 2373 enim
1584 2354 1644 2373 sum
1666 2346 1735 2373 bene
1756 2354 1814 2373 nta-

1025 2394 1139 2426 ceriata,
1166 2393 1297 2421 abscindo
1315 2400 1331 2420 a
1345 2401 1387 2420 me
1402 2393 1526 2420 universa
1543 2391 1688 2427 superﬂua,
1714 2397 1743 2418 nt
1772 2393 1815 2419 llt-

1026 2440 1155 2474 congruis
1170 2439 1296 2467 omnibus
1310 2439 1385 2470 dicar
1405 2443 1545 2473 purgatus,
1572 2446 1604 2465 ac
1626 2439 1738 2472 iustitiae
1753 2446 1814 2473 per-

1026 2485 1111 2512 feram
1126 2484 1277 2520 perfectum
1294 2484 1423 2511 fructum.
1449 2484 1577 2512 Totondit
1593 2491 1699 2512 comam
1715 2485 1814 2518 capitis

1024 2531 1077 2564 sui,
1101 2539 1153 2559 non
1168 2536 1198 2558 ut
1213 2531 1317 2567 lugens,
1338 2531 1385 2558 sed
1411 2535 1441 2558 ut
1454 2530 1555 2557 luctunt
1571 2530 1710 2565 deponens
1725 2535 1810 2564 atque

1024 2576 1179 2611 projiciens,
1193 2578 1321 2612 omnique
1336 2577 1409 2604 luctu
1435 2585 1481 2612 per
1499 2577 1670 2609 tolerantiam
1685 2578 1813 2611 superior

1023 2623 1165 2651 exsistens.
1181 2622 1307 2650 Totondit
1321 2630 1426 2650 comam
1439 2623 1533 2658 capitis
1548 2623 1600 2650 sui.
1617 2622 1695 2651 Sicut
1710 2622 1813 2656 Joseplt

1024 2677 1086 2696 cutn
1109 2670 1141 2696 de
1157 2676 1269 2696 carcere
1293 2676 1309 2697 τι
1324 2668 1467 2695 Pharaone
1486 2668 1660 2701 educeretur,
1678 2668 1750 2696 sicut
1770 2666 1813 2694 Joo

1024 2714 1112 2742 natbae
1125 2714 1194 2741 ﬁlius
1208 2722 1269 2741 cum
1288 2714 1370 2742 David
1385 2715 1418 2741 ad
1443 2714 1592 2742 Jerusalem
1607 2719 1668 2749 post
1693 2718 1811 2741 mortem

1022 2759 1139 2788 Absalon
1167 2765 1357 2793 reverteretur,
1382 2764 1409 2788 et
1423 2760 1468 2787 alii
1497 2760 1632 2788 innumeri
1647 2760 1752 2796 priores
1778 2766 1813 2788 ac

222 2841 245 2860 ⁸⁸
260 2841 337 2876 Joht,
348 2844 392 2873 20.
432 2845 453 2862 ³⁷
463 2845 528 2877 ibid.
568 2846 590 2862 ³⁸
605 2846 656 2875 lsa.
670 2855 696 2881 ι,
709 2847 736 2875 6.
774 2847 795 2864 ³⁸
805 2847 875 2876 Psal.
886 2856 975 2879 cxxvu

1029 2868 1035 2878 .
1052 2849 1075 2866 ⁸⁸
1088 2848 1156 2879 Psal.
1174 2856 1257 2883 Lxxlt,
1284 2849 1326 2878 Η.
1364 2848 1385 2865 δ’
1403 2848 1487 2877 lCor.
1505 2857 1541 2883 .u,
1559 2848 1600 2879 ιιι.
