1904 3076
73 106 120 134 437

630 104 822 134 ANONYMUS
841 104 873 132 IN
891 104 962 134 JOB.
983 122 1017 127 —
1034 105 1098 134 LIB.
1118 104 1141 134 Ι.

1647 107 1699 136 J58

74 165 181 201 ptumi,
200 165 320 200 quandiu
339 163 478 200 lugebant.
501 173 555 192 non
577 166 726 194 tondebant
740 174 859 200 comam,
875 167 897 195 Δ
912 173 942 194 se
962 171 1027 194 ante
1043 166 1126 194 Deum
1156 163 1313 198 hutnilians,
1346 164 1542 198 nequissimum
1562 164 1699 194 diabolum

75 211 191 247 deposito
213 216 304 239 autem
321 211 394 239 luctu
418 210 562 239 confestim
592 212 753 244 tondebant,
778 213 813 240 ita
827 215 855 240 et

75 265 142 284 nunc
154 257 252 284 beatus
264 257 315 285 Job
329 257 444 285 totondit
457 265 565 285 comam
579 258 675 292 capitis
688 258 740 290 sui,
762 263 792 285 ut
806 258 856 285 hu-

75 304 184 331 miliaret
197 311 239 336 se,
264 308 292 330 ut
311 303 467 338 subjiceret,
484 309 513 330 ut
528 304 665 331 miseriam
689 304 855 334 ostenderet.

75 350 144 384 Quod
157 355 199 377 est
219 350 301 384 hujus
322 349 361 377 rei
385 349 537 377 indicium?
560 349 611 377 hoc
627 350 698 384 quod
722 350 747 377 in
762 350 856 377 subse-

74 395 210 430 quentibus
241 395 341 422 dictutn
366 401 408 422 est
428 402 436 422 :
459 396 577 430 Asperu't
603 403 719 430 namque
758 400 858 423 terram

75 448 145 476 super
155 445 233 474 caput
248 448 326 466 suum
341 440 375 467 δ’.
393 439 449 468 Nisi
467 441 538 468 enirn
559 440 635 468 valde
649 440 804 468 humiliarel
815 449 855 474 se,

75 494 123 517 non
135 486 228 521 utique
251 491 332 521 caput
347 493 424 513 suum
441 491 511 513 terra
528 491 684 521 aspergeret
703 495 710 513 :
727 487 856 521 Aspersit,

76 533 186 567 inquam,
204 537 304 558 terram
319 540 399 566 super
414 538 491 567 caput
510 541 596 560 suum.
622 531 699 560 Unde
713 533 783 560 hanc
795 533 855 567 opi-

75 577 173 605 nionem
188 577 342 611 sumpsisti,
354 585 370 604 o
386 578 462 605 beate
474 576 542 605 Job!
563 583 591 604 ut
605 583 704 604 terram
718 577 798 612 capiti
811 583 855 605 tuo

74 623 240 659 aspergeres?
253 624 276 650 Α
291 623 400 656 lritavo,
418 623 515 658 inquit,
531 624 640 658 generis
653 623 704 651 mei
718 623 855 650 Abraham

74 671 170 698 dicente
184 679 191 697 :
211 669 270 705 Ego
285 678 343 697 sum
360 675 431 696 terra
445 675 468 696 et
491 671 556 696 cinia
570 669 602 702 ⁸³,
619 674 647 697 et
663 677 678 696 a
701 670 856 704 patriarcha

75 715 147 743 totius
158 716 267 750 generis
282 715 392 741 humani
411 714 509 747 Adam,
527 715 560 742 ad
577 723 658 749 quem
672 716 775 743 dictum
794 720 854 742 est:

76 762 148 789 Terra
166 769 204 794 es,
232 766 257 788 et
278 761 306 787 in
324 766 420 787 terram
439 761 487 787 ibis
500 760 533 788 “.
567 760 629 788 llaec
648 761 738 795 itaque
753 761 786 788 ab
803 761 855 788 illis

74 807 175 834 audiens
192 812 278 840 atque
293 813 397 834 ntemor
413 807 530 842 aspersit
560 811 660 834 terram
687 806 768 842 capiti
793 814 853 834 suo.

909 218 996 245 usque
1020 211 1054 238 ad
1083 209 1186 237 inferos
1206 208 1315 242 deiecit.
1335 205 1411 243 Quid
1439 209 1565 243 dicimus,
1586 218 1604 238 ο
1628 211 1700 238 viri?

910 255 1035 290 Nunquid
1060 262 1093 282 ex
1122 255 1177 283 alio
1196 263 1312 292 corpore
1333 260 1442 283 creatus
1468 259 1509 282 est
1525 255 1696 284 JobYAbsiti

911 302 967 331 Non
979 303 1051 330 enim
1064 310 1124 330 cutn
1141 310 1317 337 personarum
1335 302 1497 337 acceptione
1511 303 1698 331 crcavit'Deus

909 349 978 376 alios
993 349 1072 380 tales.
1089 349 1196 384 aliquos
1209 349 1385 377 nihilominus
1404 349 1489 381 tales‘,
1515 351 1562 376 sed
1575 351 1645 377 idem
1657 355 1701 377 est

909 396 1030 423 omnium
1049 395 1151 430 plasma
1178 396 1211 423 de
1242 396 1306 423 limo
1333 402 1422 429 terr-az,
1449 397 1496 423 sed
1524 396 1637 431 mqualis
1658 400 1700 423 est

909 441 1028 467 omnium
1044 441 1134 467 anima
1149 448 1181 468 ex
1198 441 1244 468 Dei
1263 441 1429 476 operatione.
1442 441 1494 468 Sed
1512 441 1574 475 quia
1590 448 1642 467 non
1657 445 1700 467 est

909 486 1029 515 omnium
1047 487 1143 514 similis
1160 487 1295 518 voluntas.
1311 495 1398 521 neque
1418 489 1516 521 pietas,
1537 494 1624 521 neque
1638 486 1698 514 reli-

909 533 1031 570 giosius,
1048 540 1136 568 neque
1145 533 1222 565 fides,
1233 540 1322 568 neque
1337 534 1505 568 propositum
1517 533 1589 560 circa
1603 533 1696 571 Deum,

910 587 997 614 neque
1022 587 1084 614 spes
1112 580 1174 606 vita:
1193 585 1314 612 aeternae,
1339 587 1427 614 neque
1454 579 1534 606 timor
1557 579 1697 615 gehennae,

910 631 997 658 neque
1018 624 1168 651 inferorum
1185 624 1345 659 supplicium
1372 625 1397 652 in
1421 625 1542 652 tenebris
1553 625 1700 652 exteriori-

910 668 969 701 bus,
983 669 1083 697 idcirco
1099 678 1151 697 non
1168 678 1263 697 omttes
1281 670 1405 698 homines
1421 670 1490 696 idem
1510 670 1699 698 demonstrant

910 715 1089 750 propositum,
1114 723 1202 750 neque
1216 715 1339 742 eamdem
1360 715 1545 746 tolerantiam,
1567 723 1620 742 non
1635 715 1698 749 quia

910 769 962 788 non
980 766 1104 796 possunt,
1130 762 1176 789 sed
1197 762 1261 796 quia
1281 762 1386 789 nolunt.
1410 762 1556 797 Propterea
1572 762 1651 797 digne
1667 770 1700 789 ac

905 806 980 840 juste
993 807 1183 842 tnagniﬁcaltu'
1199 808 1294 835 beatus
1307 807 1371 842 Job,
1384 808 1446 842 quia
1461 808 1553 836 volens
1569 809 1700 836 sustinuit

74 853 125 880 Non
144 854 234 888 itaque
250 860 312 880 sum
328 858 457 888 tanquam
479 852 602 880 diabolus
617 853 662 887 qui
679 853 711 880 de
725 852 794 880 coelo
813 860 858 880 ce-
873 853 894 880 Β
910 854 966 880 hzcc
983 854 1073 880 omnia
1089 862 1150 881 cum
1179 855 1326 888 gratiarum
1350 854 1512 881 actionibus.
1547 853 1612 880 Nam
1638 860 1699 889 post

74 899 141 932 cidit,
162 899 209 926 sed
227 907 289 926 sum
306 904 432 934 tanquam
457 906 526 925 unus
541 906 577 926 ex
602 899 758 926 hominibus
780 903 860 926 ortus

75 945 102 972 de
111 951 192 976 terra.
203 945 321 979 ideoque
333 950 433 972 terram
443 952 556 980 aspergo
568 952 650 980 super
661 949 742 979 caput
753 952 856 972 meum.

74 989 125 1019 Non
137 998 194 1019 sum
211 991 285 1018 sicut
297 990 420 1018 diabolus
439 998 472 1018 ex
492 991 696 1025 incorruptione
709 990 860 1025 projectus,

75 1037 116 1065 sed
138 1045 194 1065 sum
221 1043 353 1072 tanquam
383 1045 451 1064 unus
478 1038 696 1071 corruptibilium
728 1038 762 1065 de
792 1037 856 1064 limo

75 1083 222 1118 plasmatus.
256 1083 354 1111 Merito
389 1089 491 1111 terram
525 1091 637 1119 aspergo
666 1091 747 1118 super
776 1088 859 1117 caput

75 1136 164 1162 meum,
175 1135 205 1156 ut
221 1130 340 1162 noverit,
358 1130 457 1164 inquit,
473 1130 597 1158 diabolus
612 1131 796 1165 nequissimus
809 1132 856 1157 ad-

75 1182 157 1203 versus
171 1184 251 1210 quem
270 1176 365 1208 habet,
382 1178 445 1211 quia
459 1177 590 1204 adversus
606 1181 750 1205 terrenum.
761 1177 859 1209 habet,

76 1222 192 1250 adversus
215 1223 437 1258 corruptibilem,
465 1224 597 1251 adversus
621 1224 775 1256 mortalem,
806 1224 856 1250 ad-

76 1275 158 1295 versus
171 1269 313 1297 hominem
326 1269 359 1296 de
378 1269 444 1296 limo
462 1274 541 1297 terrae
560 1269 734 1304 plasmatum.
751 1269 790 1298 0b
804 1270 855 1298 hoc

76 1312 181 1347 aspergit
200 1318 272 1340 terra
287 1318 369 1344 caput
386 1321 475 1346 suum,
493 1319 522 1340 ut
546 1314 666 1341 instruat
692 1322 787 1342 omnes
801 1319 856 1342 ter-

77 1365 154 1391 renus,
178 1359 370 1395 corruptibiles
401 1365 484 1395 atque
508 1360 636 1388 mortales
649 1381 659 1394 ,
682 1361 747 1396 quia
772 1361 854 1388 etiam

77 1403 119 1437 ipsi
134 1410 242 1439 possunt
264 1406 392 1433 similiter
406 1411 481 1433 stare
496 1406 628 1434 adversus
644 1407 853 1442 nequissimum.

77 1448 191 1483 Possunt,
221 1452 346 1486 inquam,
372 1452 498 1479 similiter
524 1452 639 1480 sullerre
664 1460 698 1481 ac
725 1461 856 1488 superare

77 1503 159 1524 omnes
174 1499 341 1525 tentationes
355 1498 466 1532 diaboli,
482 1499 505 1526 si
520 1492 605 1526 Deum
615 1499 761 1527 dilexerint
772 1504 854 1535 atque

77 1544 208 1571 metuerint
232 1553 239 1571 :
266 1545 340 1572 sicut
363 1545 533 1573 admirabilis
549 1545 600 1573 Job
623 1545 753 1573 sustinuit
770 1550 853 1580 atque

78 1589 180 1621 portarit
204 1597 258 1617 non
277 1590 412 1618 modicum
432 1590 544 1626 aliquid,
569 1591 617 1618 sed
640 1599 754 1626 magnos
769 1597 795 1619 et
816 1592 853 1619 in-

77 1639 160 1668 gentes
181 1641 262 1670 atque
285 1636 420 1664 terribiles
448 1637 556 1666 dolores
576 1644 609 1664 ac
631 1641 778 1669 tormenta,
794 1645 854 1673 quae

77 1679 137 1708 alius
158 1681 202 1709 illo
221 1689 272 1710 nec
294 1683 381 1717 prior,
412 1691 462 1710 nec
495 1684 633 1718 posterior
657 1684 787 1712 sustinuit
806 1689 854 1714 :et

78 1727 138 1760 quod
163 1732 204 1755 est
222 1729 361 1764 superius,
392 1737 446 1756 non
472 1730 575 1757 habens
605 1730 722 1757 formam
749 1739 782 1757 ex
801 1731 854 1758 alio

79 1773 164 1807 priore,
178 1782 226 1802 nec
241 1775 398 1810 exemplum
415 1776 549 1810 recipiens
569 1776 602 1803 ab
625 1775 677 1804 alio
704 1777 850 1804 anteriore.

78 1817 134 1845 Cum
147 1827 224 1847 unum
239 1828 273 1848 ex
301 1820 427 1855 plurimis
448 1821 554 1850 videtur
574 1820 661 1848 Jacob
680 1821 764 1848 ﬁlium
793 1829 855 1856 per-

78 1863 174 1898 didisse,
187 1874 201 1893 a
214 1867 323 1894 czrteris
336 1866 461 1894 omnibus
481 1867 615 1894 consolari
633 1875 686 1894 non
698 1867 796 1901 potuit,
806 1867 853 1894 sed

79 1909 137 1941 dixit
151 1920 158 1938 :
175 1911 223 1939 Ibo
238 1917 298 1947 post
313 1912 398 1946 ﬁliuni
414 1920 502 1939 meum
519 1912 610 1948 lugens
625 1913 654 1939 in
670 1913 802 1947 infernum
819 1912 853 1940 ⁸⁵.

79 1955 250 1992 “agnouimus
259 1963 352 1986 autem
368 1958 419 1988 Job
432 1962 493 1994 post
509 1959 608 1994 peculii
620 1959 854 1994 perditionem,et

79 2008 130 2037 post
141 2005 257 2033 omnium
283 2005 414 2033 bonorum
433 2005 627 2040 direptionem,
643 2005 765 2033 omnium
785 2005 855 2033 liliu-

80 2055 131 2078 I'Itn
145 2051 325 2079 miserabilem
345 2052 485 2080 interitum
511 2054 613 2087 pariter
626 2051 707 2080 simul
726 2059 787 2079 cum
806 2060 855 2078 au-

80 2091 150 2121 disset
162 2102 212 2122 non
226 2096 385 2130 suspiravit.
399 2104 452 2123 non
471 2096 614 2131 ingemuit,
632 2105 684 2125 non
707 2097 854 2132 reprehen-

80 2137 120 2171 dit,
135 2146 184 2166 non
197 2141 350 2174 maledixit,
365 2148 418 2169 non
431 2142 643 2178 blasphemavit,
656 2149 710 2169 non
722 2141 852 2177 culpavit,

81 2191 127 2213 non
144 2188 209 2216 dixit
225 2195 257 2216 ea
288 2195 347 2223 qua:
367 2187 481 2216 dicenda
510 2189 579 2215 ratio
602 2188 776 2223 exposcebat,
792 2195 853 2223 qua:

81 2239 141 2261 nunc
152 2233 242 2262 illicito
256 2235 352 2263 dicunt
366 2235 486 2270 plurimi.
513 2234 567 2262 Cur
577 2235 676 2262 dedisti
693 2235 791 2269 primo,
806 2238 854 2261 aut

81 2285 120 2306 cur
140 2281 273 2309 abstulisti
292 2281 392 2309 modo?
417 2281 474 2309 Cur
503 2280 645 2309 oblectasti
672 2281 772 2316 primo,
797 2280 855 2308 sive

82 2325 182 2359 peculio,
197 2327 254 2355 sive
279 2326 362 2355 ﬁliis?
378 2326 419 2354 vel
435 2334 485 2354 cur
498 2327 610 2362 privasti
625 2334 696 2354 nunc
711 2326 753 2354 liis
767 2327 856 2354 omni-

83 2370 124 2398 bus
136 2372 254 2406 pariter?
279 2373 375 2401 Melius
393 2377 455 2401 erat
480 2378 510 2400 ut
527 2373 639 2400 omnino
653 2380 707 2401 non
719 2372 853 2406 dedisses,

82 2423 151 2450 quam
177 2423 206 2447 ut
230 2419 300 2446 dans
321 2426 429 2446 rursum
454 2419 590 2446 auferres.
617 2417 716 2446 Utilius
740 2423 799 2446 erat
825 2423 855 2446 ut

82 2461 176 2492 omnino
199 2471 253 2493 non
272 2464 440 2497 ostenderes,
468 2471 550 2499 quam
568 2467 598 2490 ut
622 2464 741 2492 ostensis
766 2464 855 2492 denuo

84 2506 204 2537 multares.
227 2509 281 2538 Sed
315 2509 385 2538 nihil
407 2510 504 2539 borum
525 2509 604 2543 dixit,
633 2516 723 2544 neque
743 2509 854 2539 omnino

83 2552 195 2587 cogitavit
216 2555 407 2585 sanctissimus
433 2561 516 2591 atque
541 2555 779 2584 constantissimus
810 2556 855 2584 ille

83 2595 133 2631 Job,
144 2608 192 2629 non
205 2606 307 2631 tantum
321 2607 351 2630 ut
372 2607 490 2631 mentem
499 2602 696 2636 refrigeraret,
707 2603 759 2631 nisi
785 2607 848 2630 tan—

86 2646 131 2671 tum
146 2650 172 2673 ut
184 2648 244 2682 quia
260 2649 355 2684 ingens
371 2648 448 2677 dolor
459 2652 519 2677 erat
536 2649 586 2676 hoc
597 2649 670 2684 quod
683 2649 783 2676 factum
797 2654 851 2681 est,

85 2695 134 2722 (1η
147 2693 250 2726 pertulit
262 2695 428 2723 ostenderet.
447 2695 543 2722 Vestes
553 2694 704 2727 conscidit,
713 2700 795 2730 caput
808 2700 851 2724 to-

85 2737 169 2772 tondit,
181 2744 277 2770 terram
294 2742 380 2778 capiti
392 2750 440 2771 suo
453 2742 577 2778 aspersit.
588 2741 640 2770 Per
651 2749 710 2777 quae
724 2742 850 2771 universa

116 2833 134 2847 “
147 2832 192 2864 Job
212 2843 231 2870 ι,
246 2838 291 2866 9.0.
329 2838 352 2855 ⁸³
368 2837 435 2867 Gen.
455 2837 588 2874 xvtn,27.
627 2838 649 2855 ⁵⁵
660 2837 727 2868 Gen.
746 2846 788 2875 tu,
805 2839 847 2869 t9.

907 2841 910 2857 ⁵
924 2838 992 2868 Gen.
1009 2847 1112 2874 xxxvn,
1127 2839 1172 2868 55.

908 898 966 926 haec
990 899 1115 926 universa
1133 907 1192 933 qua:
1207 899 1335 934 superius
1356 905 1503 926 memorata
1528 904 1590 926 sunt
1617 905 1698 934 atque

907 949 1028 977 ostensa,
1049 944 1118 971 dixit
1142 952 1148 970 :
1168 942 1203 970 Et
1227 945 1367 978 prortravit
1383 952 1410 971 se
1426 944 1452 971 in
1473 949 1553 977 terra,
1572 949 1596 970 ιιι
1613 945 1697 971 oravit

907 990 942 1017 ad
968 989 1111 1017 Dominum
1126 990 1158 1017 ⁸³.
1185 990 1305 1018 Primum
1323 992 1453 1023 surrexit,
1483 996 1507 1016 et
1538 991 1573 1017 ita
1589 991 1696 1018 demum

907 1044 940 1064 se
951 1036 1109 1071 prostravit.
1124 1036 1250 1063 Surrexit
1267 1037 1300 1063 ad
1314 1037 1606 1071 prmlium,prostravit
1622 1038 1652 1064 se
1663 1037 1697 1064 ad

906 1089 1024 1119 precem.
1042 1081 1167 1109 Surrexit
1181 1083 1213 1108 ad
1227 1082 1367 1114 virtutem.
1380 1083 1529 1117 prostravit
1541 1090 1571 1110 se
1584 1083 1616 1109 ad
1632 1090 1697 1110 ora-

908 1128 1018 1156 tionem.
1035 1128 1159 1157 Surrexit
1170 1128 1203 1154 ad
1218 1128 1339 1156 victoriae
1351 1128 1559 1163 perfectionem,
1577 1134 1696 1164 prostra-

906 1174 945 1201 vit
959 1182 988 1201 se
1001 1174 1035 1201 ad
1053 1181 1161 1202 coronae
1175 1175 1373 1209 aceeptionem.
1396 1173 1464 1202 Nam
1491 1179 1518 1202 et
1532 1179 1594 1201 ante
1611 1175 1698 1209 impe-

906 1224 1012 1248 ratores
1032 1220 1076 1255 qui
1101 1220 1219 1248 victores
1239 1221 1415 1252 exstiterunt,
1445 1227 1499 1248 non
1517 1224 1632 1252 stantes,
1649 1221 1697 1248 sed

906 1266 1032 1295 deorsum
1046 1268 1191 1295 adorantes
1205 1275 1336 1295 coronam
1357 1267 1505 1302 accipiunt.
1520 1266 1566 1295 Sic
1581 1274 1698 1302 namque

907 1316 934 1339 et
955 1313 1052 1340 beatus
1066 1312 1118 1341 Job
1143 1313 1169 1339 in
1193 1314 1279 1348 prima
1294 1313 1440 1340 tentatione
1453 1320 1534 1348 quam
1551 1320 1600 1347 per
1615 1319 1697 1347 pecu-

905 1357 970 1387 lium
987 1363 1069 1393 atque
1087 1358 1158 1386 ﬁlios
1173 1359 1312 1386 sustinens
1326 1359 1468 1386 victoriam
1483 1359 1516 1386 de
1538 1359 1696 1387 adversario

906 1405 1058 1439 acquisivit,
1084 1405 1118 1432 ad
1133 1405 1283 1432 orationem
1298 1413 1328 1433 se
1345 1406 1500 1440 prostravit,
1520 1410 1549 1432 ut
1562 1405 1697 1441 perfectas

906 1451 1058 1479 tolerantia:
1084 1459 1140 1479 sua:
1167 1459 1182 1478 a
1208 1451 1263 1479 Deo
1279 1452 1415 1485 acciperet
1431 1458 1554 1479 coronas.
1587 1450 1628 1479 Ob
1644 1452 1697 1478 hoc

906 1505 970 1533 ergo
992 1499 1139 1533 prostravit
1163 1505 1192 1525 Se
1214 1501 1242 1525 et
1267 1498 1356 1525 oravit
1381 1497 1414 1525 ad
1437 1497 1591 1524 Dominum.
1608 1498 1694 1530 Quem

906 1551 966 1571 cum
985 1549 1151 1579 prostratum
1168 1544 1272 1571 videret
1289 1544 1423 1576 diabolus,
1443 1544 1553 1579 gavisus
1567 1549 1609 1571 est
1619 1544 1696 1570 valde

906 1590 999 1617 infelix
1016 1599 1023 1617 ;
1041 1598 1102 1617 cum
1117 1595 1206 1617 autem
1223 1591 1382 1618 adorantem
1409 1595 1490 1625 atque
1509 1594 1632 1618 orantem
1648 1598 1696 1617 au-

906 1636 1148 1671 disset,obstupuit
1168 1641 1251 1672 atque
1264 1637 1373 1671 expavit
1388 1645 1395 1663 :
1412 1635 1577 1668 Prostratus,
1596 1637 1694 1671 inquit,

904 1683 987 1710 oravit
1000 1683 1035 1710 ad
1054 1682 1204 1710 Dominum.
1213 1682 1264 1710 Job
1274 1688 1427 1718 prostratus
1440 1682 1536 1716 dejeeit
1547 1683 1702 1719 diabolum,

905 1729 989 1756 alltun
1008 1730 1173 1762 humiliavit,
1189 1729 1336 1757 exaltatum
1363 1729 1558 1764 supplantavit,
1575 1727 1697 1756 confudit

906 1775 1014 1808 fortem,
1035 1775 1199 1803 deformavit
1216 1776 1327 1803 elatum.
1348 1775 1437 1810 Super
1455 1775 1512 1804 haac
1528 1779 1620 1801 autem
1636 1782 1696 1801 ont-

905 1821 960 1854 nia,
977 1823 1047 1856 quod
1065 1822 1192 1849 omnibus
1218 1822 1304 1856 majus
1325 1827 1406 1857 atque
1418 1821 1543 1856 superius
1563 1825 1615 1853 est,
1632 1828 1694 1848 cum

905 1875 953 1895 sua
970 1867 1154 1902 prostratione
1165 1866 1218 1895 Job
1237 1867 1372 1895 diabolum
1390 1867 1499 1902 dejecit,
1512 1871 1540 1894 et
1562 1874 1611 1894 sua
1626 1867 1694 1895 tole-

905 1913 994 1940 rantia
1019 1913 1215 1948 nequissimum
1236 1917 1357 1948 superat,
1376 1913 1490 1941 fortnam
1507 1913 1626 1940 ostendit
1636 1911 1697 1947 ejus

905 1958 950 1994 qui
966 1958 998 1986 de
1009 1957 1079 1987 ctnlo
1093 1958 1167 1987 venit
1182 1958 1251 1993 :equi
1270 1963 1298 1985 ut
1321 1966 1433 1992 granum
1449 1958 1532 1986 tritici
1552 1958 1579 1984 in
1592 1962 1693 1985 terram

904 2004 1003 2032 cadens
1019 2004 1153 2032 diabolum
1168 2004 1276 2039 dcjecit,
1291 2008 1319 2031 et
1334 2004 1430 2031 fortem
1445 2004 1577 2039 alligavit,
1589 2009 1616 2031 et
1631 2011 1696 2031 vasa

905 2050 963 2084 ejus
980 2050 1100 2085 diripuit,
1122 2054 1149 2077 et
1173 2049 1258 2085 spolia
1285 2050 1387 2083 divisit,
1416 2054 1443 2078 et
1465 2051 1598 2085 captivam
1619 2050 1697 2078 duxit

905 2095 1103 2130 captivitatem,
1126 2101 1154 2123 et
1176 2097 1301 2131 passione
1327 2101 1409 2131 atque
1433 2096 1634 2123 resurrectione
1647 2103 1696 2125 sua

906 2142 1035 2169 mundum
1064 2143 1190 2178 redemit,
1207 2148 1289 2177 atque
1302 2143 1430 2170 saeculum
1446 2142 1572 2170 salvavit.
1595 2142 1696 2170 llorunt

907 2195 1022 2222 namque
1040 2189 1160 2216 omnium
1179 2189 1293 2218 formam
1322 2195 1404 2223 atque
1429 2189 1584 2223 exemplum
1604 2194 1697 2217 osten-

907 2234 986 2267 dens,
1004 2240 1066 2269 post
1081 2235 1179 2263 borum
1196 2236 1315 2262 onmium
1336 2234 1551 2263 lamentabilium
1578 2235 1697 2263 toleran-

908 2280 973 2308 tiam
1002 2286 1156 2316 prostratus
1183 2282 1210 2308 in
1232 2286 1303 2308 terra
1323 2282 1413 2310 oravit
1442 2282 1476 2309 ad
1500 2282 1654 2315 Dominum,
1668 2286 1702 2309 ut-

905 2327 1052 2362 prostratio
1068 2327 1127 2363 ejus
1141 2328 1219 2355 ruina
1236 2327 1390 2356 elIiceretur
1404 2328 1513 2356 diabolo
1538 2333 1619 2364 atque
1633 2329 1698 2357 sub—

907 2374 1010 2401 versori
1027 2373 1157 2409 maligno,
1174 2378 1203 2401 et
1219 2373 1333 2408 ﬁgurant
1353 2382 1401 2408 per
1418 2375 1476 2402 hzec
1500 2375 1527 2402 in
1541 2383 1571 2403 se
1590 2380 1697 2411 gereret

907 2421 1041 2455 passionis
1063 2428 1095 2450 ac
1112 2420 1322 2449 resurrectionis
1338 2420 1455 2449 Domini.
1474 2421 1642 2456 Prostratus,
1659 2421 1696 2449 in-

906 2467 977 2501 quit‘,
989 2466 1075 2494 oravit
1094 2467 1129 2494 ad
1144 2467 1286 2494 Dominum
1306 2474 1338 2493 ex
1357 2471 1411 2493 tota
1429 2467 1532 2498 anima,
1548 2473 1576 2495 et
1589 2476 1623 2495 ex
1643 2472 1696 2495 tota

906 2518 1006 2544 mente,
1021 2517 1048 2540 et
1063 2521 1097 2542 ex
1112 2513 1202 2541 cordis
1229 2513 1422 2547 profunditate.
1446 2514 1539 2541 Oravit
1554 2514 1588 2541 ad
1604 2515 1696 2542 Domi-

907 2567 981 2586 num.
996 2559 1065 2595 Quid
1086 2560 1193 2587 oravit?
1207 2559 1401 2592 Tolerantiam,
1419 2559 1617 2592 sufferentiam,
1632 2568 1697 2587 con-

907 2605 1125 2633 summationem.
1140 2606 1234 2633 Oravit
1254 2607 1287 2633 ad
1303 2606 1457 2638 Dominum,
1484 2612 1581 2633 sensus
1607 2606 1697 2633 illiba-

909 2652 1020 2685 tionem,
1030 2652 1129 2680 mentis
1147 2653 1343 2688 integritatem,
1357 2653 1453 2680 anima:
1470 2652 1626 2680 sanitatem.
1641 2651 1697 2684 Hoc

908 2706 974 2735 ergo
990 2699 1078 2727 oravit
1090 2699 1122 2726 ad
1136 2699 1290 2732 Dominum,
1307 2705 1451 2732 utsanant,
1467 2699 1564 2734 inquit,
1576 2700 1705 2726 animam

910 2753 997 2774 meam
1011 2751 1092 2781 atque
1105 2746 1236 2774 illibatum
1250 2753 1298 2774 cor
1313 2751 1400 2773 meum
1417 2746 1552 2774 custodiat
1567 2744 1697 2773 Dominus
1722 2748 1725 2751 ‘

1225 2838 1245 2855 δί’
1256 2837 1306 2866 J’ob
1321 2846 1339 2871 I,
1355 2837 1400 2866 20.
