1904 3076
190 108 244 136 459

756 105 948 133 ΛΝΟΜΜυὸ
967 103 1000 131 IN
1019 103 1088 132 JOB.
1107 120 1143 125 --
1161 103 1224 133 LIB.
1245 106 1265 132 1.

1776 103 1835 134 uo

190 172 219 194 et
239 173 286 194 rex
309 166 442 198 omnium,
458 169 485 191 et
501 172 637 199 rumquam
658 165 722 191 mihi
739 165 895 199 praevalebit
911 165 988 192 mali-
1003 167 1025 195 Α
1040 164 1175 196 labantur.
1203 171 1233 192 ut
1250 165 1408 192 videbantur
1434 165 1555 199 lugentes
1577 168 1658 199 atque
1675 165 1768 191 maesti
1795 166 1836 191 si-

191 219 272 246 guus,
286 216 311 239 et
331 218 468 245 nunquam
489 218 531 238 me
547 211 688 245 superabit
713 211 828 239 callidus
847 211 983 238 initnicus.

192 250 350 292 Quanquam
378 261 480 284 atterat
507 264 616 289 carnes,
646 265 799 292 quanquam
818 257 986 285 comminuat

191 312 262 336 ossa,
280 311 435 339 quanquam
458 309 602 330 consumat
627 311 736 335 nervos,
759 304 781 331 si
809 305 918 336 animm,
943 304 985 330 in-

191 352 259 386 quit,
286 358 352 377 meae
380 357 477 377 sensus
498 350 620 378 illibatus
639 359 653 378 τι
675 357 701 378 et
719 352 898 383 custodiatur,
918 359 986 378 nun-

191 404 270 431 quam
288 404 302 423 a
323 401 348 423 te
363 397 491 428 seducar,
509 396 621 424 Domine
643 397 714 424 Deus
741 405 827 430 meus,
848 405 984 432 nunquam

190 443 336 470 :tbstrahar
354 451 368 469 a
382 443 518 469 charitatc
541 447 598 474 tua,
616 451 664 469 rex
690 451 775 470 meus.
801 443 904 471 Idcirco
927 451 986 471 ora-

190 489 291 516 tionem
307 488 366 522 ejus
386 489 537 516 exaudiens
561 488 642 520 Deus,
669 493 750 522 atque
766 489 985 524 deprecationem

190 535 263 562 illius
280 534 432 568 suscipiens
442 533 532 568 justus
545 533 640 568 judex,
667 539 729 568 post
748 534 805 561 haec
822 535 929 562 locutus
945 541 985 563 est

190 581 224 609 ad
238 581 387 612 diabolum,
403 581 511 607 dicens:
527 580 594 609 Ecce
610 581 711 607 tradidi
722 580 769 607 tibi
783 581 869 612 illum,
883 587 984 609 tantum

189 628 306 654 animum
324 627 380 661 ejus
401 635 432 654 ne
445 627 559 661 tetigeris
572 626 606 652 ‘7.
637 625 683 654 Sic
705 627 796 662 itaque
823 632 985 662 prostratus,

189 674 279 700 oravit
299 674 332 699 ad
356 673 451 700 Deum.
474 673 544 700 Vere
569 678 739 707 prostratus,
768 673 818 700 hoc
844 678 886 699 est
909 673 986 701 valde

191 726 276 754 usque
290 720 323 746 ad
339 723 438 745 terram
465 718 636 749 humiliatus,
653 719 749 746 merito
763 724 864 746 vestem
880 720 985 747 consci-

191 766 240 797 dit,
259 773 364 793 comam
388 765 486 798 capitis
511 765 642 797 totondit,
661 769 761 792 terram
780 766 860 801 capiti
877 773 926 793 suo
939 773 983 793 as-

189 811 284 846 persit.
299 809 364 837 Post
377 818 436 838 nate
451 811 577 838 universa
592 816 747 845 prostratus
778 812 864 838 oravit
881 812 914 839 ad
933 811 986 839 Do-

190 850 305 884 minum.
325 856 380 889 Sic,
398 857 496 892 inquit,
515 864 563 884 rex
579 856 677 884 Ninive
693 863 753 892 post
776 858 827 885 hoc
849 858 875 884 in
891 858 983 885 cinere

189 907 216 930 et
233 903 324 931 cilicio
339 904 447 936 sedens,
460 908 487 930 et
502 911 562 931 cum
573 903 725 931 humilitate
745 911 837 937 orans,
857 909 918 939 post
937 904 984 931 tri-

189 949 271 976 duum
293 950 479 976 imminentem
494 949 677 977 calamitatem
693 949 797 985 eﬁ‘ugit.
817 951 982 985 Sic,inquit,

189 998 216 1023 et
235 994 323 1022 Josias
348 994 524 1030 Jerosolyma:
544 1003 592 1022 rex
607 1000 698 1023 vestes
716 1001 782 1023 suas
807 997 984 1024 conscindens

188 1047 244 1075 pne
258 1041 355 1068 limare
370 1041 594 1068 comminationis
614 1041 673 1072 Dei.
698 1042 813 1070 famulos
830 1051 893 1071 suos
906 1043 985 1070 vesti-

189 1088 240 1115 bus
257 1088 414 1119 conscissis,
435 1092 463 1114 et
486 1092 558 1114 terra
576 1092 658 1122 atque
674 1089 766 1115 cinere
778 1090 897 1123 aspersis
911 1089 985 1117 misit

189 1134 223 1161 ad
238 1134 437 1169 deprecandam
460 1138 542 1168 atque
558 1135 725 1161 exorandam
751 1134 846 1162 faciem
865 1135 983 1162 Domini.

189 1179 235 1208 Sic
251 1180 332 1207 etiam
348 1180 452 1213 primus
467 1179 509 1206 his
524 1179 651 1208 omnibus
672 1179 841 1208 admirabilis
853 1179 904 1208 Job
920 1188 984 1208 con-

189 1225 271 1253 scidit
284 1226 445 1254 vestimenta
460 1231 557 1259 sua,et
569 1233 674 1253 comam
689 1226 784 1261 capitis
797 1227 837 1253 sui
857 1227 983 1260 totondit,

188 1277 216 1299 et
234 1276 334 1300 terram
349 1272 431 1306 capiti
458 1279 507 1299 suo
528 1272 653 1306 aspersit,
668 1277 695 1298 et
722 1272 758 1299 ita
777 1277 931 1307 prostratus
950 1274 983 1300 ad

191 1318 331 1347 Dominum
345 1317 442 1345 oravit.
459 1317 616 1346 Prostratns
640 1323 681 1346 est
698 1319 732 1346 ad
748 1319 911 1352 orationem,
935 1318 983 1347 sed

189 1372 243 1391 non
262 1364 361 1391 cecidit
381 1368 508 1399 tanquam
525 1364 701 1392 adversarius
726 1365 753 1391 in
771 1366 983 1393 contumaciam.

189 1410 345 1438 Prostratus
364 1414 406 1438 est
425 1411 459 1437 ad
474 1418 595 1446 precem,
621 1411 692 1438 sicut
704 1411 843 1438 Abraham
855 1420 915 1439 cum
934 1420 984 1447 pro

189 1457 258 1489 Loth
274 1462 400 1485 orasset:
416 1458 463 1484 sed
482 1465 534 1484 non
550 1457 649 1485 cecidit
660 1458 685 1484 in
701 1458 984 1490 contutneliam,sicut

1037 211 1184 239 mulatione
1207 211 1277 238 dixit
1293 221 1300 238 :
1314 211 1382 244 Quid
1412 211 1593 246 exspectatis,
1619 218 1636 237 ο
1659 210 1733 237 viri?
1758 210 1833 243 Ouid

1037 257 1189 287 sustinetis.
1206 257 1376 284 ohomines?
1405 257 1531 288 Iloceine,
1556 263 1584 283 ut
1610 257 1717 291 lugeam
1733 257 1834 285 vobis-

1036 302 1119 330 cum?
1136 302 1266 335 Hoceine,
1285 307 1314 329 ut
1332 303 1468 330 vobiscum
1487 303 1638 329 lamenter!
1656 303 1714 330 Non
1736 303 1831 338 lugeo.

1037 347 1134 383 inquit,
1150 349 1187 375 rei
1214 347 1356 374 familiaris
1375 348 1554 383 direptionem
1569 357 1577 376 :
1593 348 1692 376 ablata:
1707 356 1834 383 namque

1037 397 1100 420 sunt
1124 393 1189 420 mihi
1207 401 1268 421 cum
1286 394 1391 427 peculio
1414 394 1516 429 pariter
1532 395 1613 422 etiam
1637 394 1771 422 molestiae
1788 399 1834 421 at-

1036 447 1089 474 que
1107 447 1188 467 curas.
1210 440 1268 467 Non
1288 440 1420 467 lamentor
1433 440 1548 467 ﬁliorttm
1565 441 1719 474 decessum,
1738 446 1836 468 trans-

1038 486 1087 514 ivit
1100 487 1172 513 euim
1188 487 1222 513 ub
1239 486 1324 513 oculis
1341 487 1410 514 meis
1431 487 1540 513 tristitia
1556 491 1583 513 et
1596 487 1683 514 dolor.
1701 487 1729 514 Si
1754 489 1831 515 enim

1037 532 1138 566 pariter
1161 540 1266 559 mecum
1285 532 1441 559 advivereut
1464 540 1546 567 super
1566 538 1678 564 terram,
1699 541 1762 560 cum
1779 533 1831 561 do-

1037 579 1094 606 lore
1113 585 1188 605 eram
1202 579 1374 613 cogitaturus
1393 579 1486 613 quales
1507 579 1631 610 fuissent,
1655 580 1750 614 quales
1764 587 1832 614 pro-

1037 625 1174 657 fecissent,
1193 626 1299 659 qualem
1318 626 1396 653 ﬁnem
1410 630 1620 660 exspectassent.
1634 626 1672 653 De
1688 627 1749 654 istis
1761 635 1830 662 ergo

1036 677 1147 698 securus
1161 670 1273 698 eﬁectus
1289 678 1342 699 non
1359 671 1500 702 lamentor,
1514 679 1565 698 non
1583 671 1680 706 plango
1693 672 1766 706 quod
1779 679 1830 699 vos

1036 717 1146 751 cupitis,
1174 726 1225 744 non
1257 717 1427 752 reprehendo
1452 718 1522 751 quod
1547 725 1594 745 vos
1614 718 1749 752 quaeritis,
1771 726 1827 744 non

1036 762 1196 797 blaspheme
1206 763 1276 798 quod
1292 771 1340 790 vos
1357 763 1446 790 vultis.
1462 763 1518 791 Non
1542 764 1652 795 ridebit,
1673 764 1772 798 inquit,
1794 764 1830 790 de

1038 815 1080 835 me
1098 808 1233 839 diabolus,
1250 816 1301 835 non
1320 808 1448 843 gaudebit
1465 814 1493 835 ut
1514 813 1605 842 sperat
1618 815 1701 842 super
1713 816 1757 835 me
1775 809 1830 836 iui-

1036 855 1133 887 micus,
1149 863 1202 881 non
1214 855 1333 882 inveniet
1344 856 1414 889 apud
1429 863 1471 882 me
1489 855 1515 882 id
1537 856 1607 890 quod
1622 860 1764 890 exspectat
1780 863 1829 883 ne-

1035 899 1182 935 quissimus
1196 910 1202 926 :
1219 900 1314 927 Nudus
1327 901 1394 927 exiri
1408 901 1440 927 de
1457 905 1530 927 utero
1542 901 1634 928 matris
1647 909 1724 933 mea,
1740 903 1835 928 nudas

1034 947 1076 973 ibo
1087 946 1133 973 sub
1154 951 1251 974 terram
1261 946 1293 972 ⁸³.
1312 947 1384 973 Nihil
1410 947 1490 974 habui
1513 955 1573 974 CIIII}
1599 948 1745 979 venissem,
1759 947 1834 974 nihil

1035 993 1144 1026 requiro
1159 1000 1220 1019 cum
1238 992 1303 1019 iero.
1317 991 1389 1019 Nihil
1405 993 1481 1020 attuli
1503 998 1592 1024 natus,
1614 993 1682 1020 nihil
1698 993 1763 1020 hinc
1779 1000 1828 1019 au-

1034 1038 1120 1065 feram
1139 1038 1279 1066 sublatus:
1293 1037 1389 1066 Nudus
1408 1039 1476 1066 exivi
1497 1039 1529 1065 de
1545 1044 1618 1065 utero
1639 1039 1734 1066 matris
1750 1047 1826 1070 nteit.

1035 1093 1088 1113 non
1102 1085 1235 1120 peculium
1263 1093 1312 1113 nec
1333 1085 1401 1113 ﬁlios
1425 1086 1538 1117 habens,
1553 1093 1640 1119 neque
1663 1086 1766 1112 divitiis
1780 1086 1823 1112 vel

1035 1130 1262 1165 possibilitatibus
1276 1131 1395 1164 indutus,
1420 1131 1506 1157 nudus
1531 1135 1556 1157 et
1578 1130 1620 1157 ibo
1646 1131 1694 1156 sub
1716 1135 1824 1157 terram.

1035 1176 1111 1210 Quod
1126 1176 1197 1203 enim
1212 1176 1313 1208 pariter
1327 1183 1389 1204 cum
1414 1182 1528 1210 corpore
1554 1176 1671 1210 positum
1692 1175 1775 1203 fuerit
1800 1176 1827 1202 En

1036 1228 1119 1255 terra,
1142 1231 1204 1250 cum
1234 1224 1328 1250 eodetu
1362 1230 1476 1255 corpore
1502 1227 1583 1250 terra:
1602 1222 1716 1250 edicitur
1742 1230 1824 1258 terra.

1034 1269 1132 1297 Merito
1152 1269 1240 1296 nudus
1257 1269 1302 1296 iho
1318 1269 1368 1296 sub
1382 1275 1494 1296 terram.
1520 1268 1613 1296 Nudus
1638 1269 1694 1301 ibo,
1726 1270 1824 1302 nudus,

1035 1316 1133 1350 inquit,
1150 1316 1266 1351 peculio,
1284 1316 1330 1344 sed
1347 1320 1374 1344 et
1396 1321 1507 1350 peccato
1519 1325 1527 1344 :
1540 1319 1628 1344 nudus
1646 1317 1761 1349 divitiis,
1777 1318 1825 1345 sed

1034 1368 1060 1391 et
1072 1363 1255 1398 impietatibus
1270 1371 1276 1389 :
1292 1363 1380 1391 nudus
1395 1363 1557 1396 substantia,
1571 1365 1617 1390 sed
1636 1369 1664 1391 et
1676 1364 1823 1399 iniustitia.

1036 1409 1113 1437 Sicut
1135 1409 1206 1437 enim
1229 1410 1262 1437 de
1278 1409 1434 1437 carnalibus
1450 1409 1673 1444 possibilitatibus
1692 1411 1826 1438 universis

1035 1457 1122 1484 nudus
1146 1455 1259 1484 effectus
1281 1464 1351 1489 sum,
1366 1456 1414 1488 ita,
1430 1457 1528 1491 inquit,
1553 1461 1580 1483 et
1595 1457 1629 1484 ab
1651 1457 1780 1484 omnibus
1793 1457 1826 1483 il-

190 1503 313 1530 diabolus
333 1503 379 1538 qui
395 1503 428 1530 de
441 1503 510 1532 cmlo
526 1504 665 1538 proiectus
679 1508 720 1531 est
743 1508 854 1539 propter
872 1509 981 1540 aposta-
997 1510 1018 1540 α
1035 1503 1116 1530 licitis
1144 1503 1232 1530 nudus
1267 1503 1312 1530 ibo
1341 1503 1391 1530 sub
1417 1507 1528 1530 terram.
1564 1502 1621 1530 Non
1649 1503 1826 1535 comitantur,

189 1549 270 1577 siam.
301 1548 356 1576 Sed
381 1549 495 1576 forsitan
523 1549 588 1577 dicit
610 1549 730 1583 aliquis:
752 1554 779 1577 et
809 1557 858 1577 cur
874 1551 984 1578 omnino

190 1594 308 1622 totondit
330 1601 434 1621 comam
451 1595 548 1628 capitis
571 1595 622 1627 sui,
637 1596 678 1623 vel
694 1595 728 1623 ob
745 1603 826 1630 quam
842 1603 898 1623 rem
917 1603 983 1624 eou-

189 1641 269 1669 scidit
281 1640 444 1668 vestimenta
459 1648 520 1674 sua,
537 1642 579 1668 vel
597 1641 632 1669 ob
647 1649 727 1676 quam
743 1649 852 1669 causam
869 1643 985 1678 aspersit

189 1687 272 1722 capiti
297 1694 347 1715 suo
361 1687 483 1714 terram?
508 1687 608 1715 Audite
630 1695 637 1713 :
655 1688 743 1719 primo
757 1688 864 1722 quidem
878 1696 927 1724 pro
942 1688 984 1716 his

188 1733 316 1762 omnibus
329 1740 388 1767 quae
402 1733 589 1760 demonstrata
614 1738 692 1767 sunt;
722 1734 786 1761 item
806 1741 872 1761 sane
896 1734 983 1762 adhuc

187 1778 351 1806 vesﬁmenta
381 1786 429 1806 sua
448 1778 583 1806 conscidit
609 1779 644 1805 ob
661 1779 723 1812 hoc,
744 1780 805 1814 quia
823 1787 856 1807 ex
870 1780 912 1808 his
924 1788 985 1816 qua:

191 1823 297 1852 diabolo
322 1825 383 1851 data
409 1829 481 1857 sunt,
513 1826 583 1859 apud
607 1833 636 1852 se
659 1825 726 1852 nihil
746 1826 865 1853 residere
887 1826 982 1854 voluit.

188 1869 300 1898 Comam
315 1879 379 1898 vero
394 1871 492 1905 capitis
515 1872 557 1899 sui
585 1872 702 1901 totondit
723 1873 757 1898 ob
779 1873 840 1906 hoc,
856 1873 918 1908 quia
935 1874 983 1902 dc-

187 1916 276 1952 posita
293 1917 447 1944 divitiarum
465 1918 645 1950 abundantia,
675 1919 757 1945 etiam
776 1926 861 1946 eorum
888 1920 984 1947 nimie-

188 1967 270 1990 tatem
291 1963 438 1998 deponeret
457 1972 464 1991 :
486 1968 514 1991 et
545 1964 704 1992 adversario
734 1965 900 1997 ostenderet,
919 1966 982 2000 quia

188 2009 257 2036 sicut
270 2017 368 2044 passus
382 2015 424 2037 est
440 2010 503 2045 quia
519 2017 627 2038 comam
647 2010 772 2042 totondit,
788 2011 823 2038 ita
840 2018 900 2038 cum
916 2012 985 2040 mul-

189 2055 332 2083 titudinem
346 2056 480 2084 bonorum
492 2056 640 2091 deponeret
653 2061 735 2091 atque
752 2058 899 2089 amitteret,
916 2058 983 2085 nihil

188 2109 217 2129 se
231 2109 339 2137 passum
356 2101 440 2129 fuisse
451 2102 613 2130 :cstimasset
625 2111 633 2129 :
647 2101 734 2135 aul‘er,
747 2103 881 2137 inquiens,
893 2103 982 2130 omnia

189 2147 334 2182 superﬂua,
348 2148 416 2175 nihil
432 2147 496 2175 mihi
513 2148 631 2183 supersit
651 2156 684 2175 ex
705 2148 748 2175 his
772 2155 833 2183 qua:
853 2148 900 2175 tibi
919 2148 981 2175 data

189 2199 262 2221 sunt.
278 2193 391 2221 Terram
408 2201 473 2222 vero
489 2194 525 2221 ob
541 2195 592 2222 hoc
617 2194 735 2229 aspersit
754 2194 835 2229 capiti
865 2201 926 2228 suo,
952 2200 980 2222 ut

188 2249 222 2269 ex
247 2247 324 2276 parte
343 2242 499 2269 ostenderet
527 2241 645 2269 ﬁliorqu
675 2241 805 2269 dolorem.
831 2240 888 2268 Nisi
906 2241 978 2268 enim

189 2285 240 2313 hoc
255 2285 377 2317 fecisset,
388 2286 506 2313 alienum
522 2286 599 2314 illum
621 2294 635 2313 a
653 2291 749 2314 natura
764 2286 882 2313 humana
898 2286 981 2314 fuisse

189 2331 356 2359 diceremus.
384 2332 446 2361 llaec
461 2332 587 2360 videlicet
603 2333 726 2361 universa
748 2333 842 2368 gessit,
871 2337 982 2367 propter

189 2377 340 2404 naturalem
360 2377 493 2405 dolorem.
509 2377 616 2406 Gratias
634 2386 699 2406 vero
717 2379 771 2413 egit
793 2383 902 2413 propter
916 2386 981 2406 cona-

191 2423 320 2451 stantiam
349 2428 376 2451 et
399 2423 498 2450 anima:
517 2425 669 2456 veritatem,
697 2429 779 2460 atque
804 2424 879 2451 illam
899 2431 981 2459 quam

192 2469 265 2496 circa
277 2469 362 2497 Deum
378 2470 475 2497 habuit
491 2469 688 2498 sinceritatem.
704 2470 768 2498 Post
783 2478 842 2505 qua:
856 2471 982 2497 universa

190 2516 259 2544 dixit
273 2516 308 2543 ad
327 2524 370 2544 eos
384 2517 417 2543 ⁸⁸.
430 2517 468 2543 Ad
482 2516 571 2552 quos?
583 2517 623 2543 Ad
639 2516 814 2544 advenientes
830 2516 981 2544 daemonum

192 2562 313 2590 nuntios.
332 2562 400 2589 Nam
422 2562 488 2589 mihi
516 2567 635 2597 quatuor
655 2562 882 2597 praestolabantur
897 2563 933 2595 ei,
956 2567 983 2589 et

191 2614 308 2642 quatuor
317 2609 487 2636 miseriarum
497 2608 704 2644 prazdicatioues
716 2609 741 2636 ei
755 2609 906 2641 aﬁ'erentes,
916 2616 982 2643 qua-

193 2658 254 2681 tuor
267 2655 488 2682 lamentabilihus
504 2655 609 2690 sagittis
622 2663 684 2682 eum
697 2655 868 2690 saginantes.
885 2655 982 2682 Novis-

193 2700 260 2728 sima
277 2701 477 2728 lamentabilior
492 2701 541 2728 fuit
560 2707 642 2737 atque
658 2702 756 2729 anima:
773 2703 900 2737 contigua
916 2700 984 2728 ﬁlio-

195 2753 252 2774 rum
273 2748 397 2781 perdit-io.
419 2748 458 2774 Ad
485 2747 550 2775 istos
575 2756 640 2782 ergo
659 2753 776 2783 quatuor
795 2749 840 2783 qui
863 2752 978 2783 przesto-

228 2833 248 2853 ¹ι⁷
264 2831 313 2860 Job
330 2841 359 2869 tt,
380 2833 405 2861 θ.
446 2834 468 2850 ³⁸
478 2833 527 2862 Job
540 2834 612 2867 l,‘.)l.
650 2835 668 2851 λε’
687 2835 750 2862 ibid.

790 2835 811 2851 '°
826 2835 834 2861 l
850 2835 918 2862 Tim.
932 2843 970 2871 vt,
986 2836 1011 2867 Ἰ,

1036 1549 1133 1584 inquit,
1147 1556 1263 1581 mecum,
1276 1557 1364 1584 neque
1379 1549 1545 1584 malignitas,
1563 1557 1652 1584 neque
1673 1550 1826 1581 iracundia,

1035 1602 1125 1629 neque
1142 1595 1281 1629 superbia,
1300 1602 1387 1630 neque
1404 1595 1518 1628 invidia.
1535 1603 1621 1630 neque
1637 1595 1724 1628 zelus,
1740 1603 1827 1630 neque

1036 1640 1182 1676 cupiditas,
1199 1649 1287 1676 neque
1310 1642 1462 1669 alienarum
1488 1649 1577 1669 rerum
1595 1642 1761 1676 appetentia,
1779 1649 1827 1669 ne-

1035 1694 1088 1722 que
1105 1687 1278 1720 contumelia,
1298 1695 1387 1723 neque
1407 1687 1552 1720 calumnia,
1573 1695 1659 1721 neque
1683 1687 1826 1717 violentia.

1035 1739 1122 1767 neque
1137 1732 1315 1767 impudicitia,
1338 1741 1426 1769 neque
1440 1734 1562 1766 lascivia,
1580 1740 1668 1768 neque
1689 1733 1776 1760 ullum
1793 1741 1825 1761 ex

1035 1779 1078 1807 his
1094 1787 1153 1815 qua:
1166 1779 1220 1807 Deo
1237 1780 1374 1808 contraria
1388 1785 1462 1808 sunt.
1488 1780 1549 1808 lstis
1565 1787 1683 1814 namque
1698 1779 1827 1807 omnibus

1035 1826 1123 1853 nudus
1137 1826 1181 1853 ibo
1201 1826 1252 1854 sub
1273 1830 1385 1854 terram.
1414 1826 1473 1853 Non
1490 1826 1562 1854 cnim
1578 1833 1637 1854 sum
1652 1825 1714 1853 talis
1731 1826 1824 1860 quales

1035 1871 1073 1899 illi
1085 1872 1117 1900 de
1130 1872 1229 1906 quibus
1243 1872 1343 1900 dicitur
1360 1881 1367 1899 :
1383 1872 1452 1905 Quia
1465 1881 1515 1900 non
1528 1873 1674 1900 habuerunt
1690 1877 1825 1907 tegumen-

1035 1923 1100 1950 tum,
1126 1918 1230 1952 inferno
1257 1919 1342 1947 vestiti
1374 1923 1441 1946 sunt.
1469 1917 1573 1951 Nudus,
1596 1919 1718 1953 inquam,
1748 1919 1826 1945 malis

1033 1965 1162 1992 omnibus
1185 1965 1230 1992 i-bo
1249 1965 1298 1992 sub
1312 1969 1424 1997 terram,
1455 1965 1541 1992 nudus
1556 1964 1645 1996 malis,
1668 1964 1746 1992 bonis
1762 1972 1826 1992 vero

1034 2010 1160 2038 omnibus
1180 2011 1300 2041 indutus.
1322 2011 1427 2046 justitia
1445 2011 1570 2043 vestitus,
1599 2011 1748 2038 sanctitate
1772 2011 1825 2040 cir-

1035 2057 1187 2090 cumdatus,
1205 2057 1336 2084 eharitate
1356 2062 1480 2089 ornatus,
1497 2057 1682 2084 misericordia
1702 2065 1734 2084 ac
1748 2057 1825 2085 bouis

1034 2103 1161 2136 operibus
1172 2106 1329 2130 coronatus.
1344 2103 1418 2130 Beati
1432 2107 1505 2134 sunt,
1515 2108 1542 2130 et
1554 2103 1625 2130 beati
1639 2108 1732 2135 erunt,
1745 2103 1827 2137 oglo~

1035 2148 1108 2175 riose
1124 2148 1194 2176 Joh!
1210 2155 1305 2175 omnes
1317 2148 1360 2182 qui
1384 2153 1409 2175 te
1422 2148 1521 2175 imitati
1538 2148 1649 2180 fuerint,
1667 2156 1764 2176 omnes
1781 2148 1825 2183 qui

1035 2198 1095 2228 post
1114 2199 1138 2221 te
1150 2194 1286 2228 potuerint
1299 2202 1359 2221 cum
1373 2194 1470 2221 ﬁducia
1482 2195 1588 2224 dicere:
1600 2195 1696 2222 Nudus
1710 2196 1780 2223 exiri
1794 2195 1827 2222 de

1035 2245 1108 2266 utero
1120 2240 1212 2267 matris
1227 2248 1301 2272 metu,
1315 2241 1401 2267 nudus
1415 2244 1438 2267 et
1453 2240 1495 2266 ibo
1510 2240 1538 2267 in
1555 2247 1651 2267 terram
1662 2241 1726 2274 :qui
1741 2241 1824 2267 etiant

1035 2294 1095 2313 cum
1107 2286 1235 2320 Apostolo
1250 2286 1339 2314 dicere
1357 2287 1490 2314 veraciter
1500 2291 1628 2322 possunt:
1645 2286 1723 2313 Nihil
1737 2286 1826 2314 intuli-

1035 2340 1093 2359 mus
1101 2333 1127 2359 in
1140 2333 1207 2359 Imm:
1217 2332 1355 2366 mundum,
1363 2338 1540 2359 verumtamen
1549 2340 1596 2360 nec
1602 2333 1708 2367 auferre
1722 2333 1825 2367 aliquid

1035 2386 1172 2413 possumus
1188 2378 1222 2405 "°.
1238 2378 1283 2406 νω
1300 2384 1390 2406 autem
1405 2379 1457 2406 illis
1473 2379 1518 2414 qui
1534 2379 1597 2406 nudi
1614 2379 1723 2414 quidem
1740 2386 1825 2406 vene-

1036 2429 1110 2458 runt,
1127 2424 1278 2453 innumeris
1303 2431 1393 2452 autem
1413 2425 1553 2458 injustitiis
1579 2430 1660 2460 atque
1675 2424 1825 2459 impietati-

1035 2470 1097 2503 bus,
1110 2471 1271 2498 crudelitate
1287 2479 1395 2507 quoque
1415 2476 1498 2507 atque
1519 2471 1681 2498 inﬁdelitate
1695 2471 1803 2498 onerati
1816 2490 1824 2503 ,

1035 2520 1118 2553 atque
1137 2517 1299 2551 pra'gravati
1327 2517 1401 2544 ibunt
1420 2517 1447 2544 in
1463 2522 1575 2544 terram.
1597 2516 1756 2550 Huiusmodi
1777 2524 1824 2543 ve-

1036 2562 1152 2589 stientur
1164 2563 1318 2590 calamitate
1330 2569 1417 2597 atque
1427 2563 1549 2595 miseria,
1565 2563 1590 2590 iu
1607 2563 1650 2589 die
1664 2562 1730 2596 justi
1743 2567 1823 2596 atque

1036 2616 1179 2643 personam
1198 2617 1249 2636 non
1277 2609 1541 2644 accipientisjudicii
1557 2609 1616 2637 Dei.
1632 2608 1731 2635 Nudus
1758 2609 1825 2635 exivi

1034 2655 1067 2681 de
1083 2661 1157 2682 utero
1170 2656 1264 2682 matris
1280 2663 1354 2688 metu,
1371 2656 1442 2683 sicut
1455 2661 1481 2683 et
1503 2663 1597 2683 oumes
1614 2656 1750 2687 homines,
1769 2655 1825 2682 sic-

1035 2705 1063 2727 ut
1093 2705 1120 2728 et
1138 2701 1227 2728 omnis
1247 2709 1323 2734 caro,
1341 2702 1414 2729 sicut
1437 2706 1464 2728 et
1491 2709 1587 2729 omnes
1608 2701 1821 2736 corruptibiles.

1037 2747 1123 2774 nudus
1147 2752 1170 2774 et
1188 2747 1230 2775 ibo
1253 2748 1279 2774 in
1294 2752 1400 2785 terram.
1426 2747 1482 2776 Hoc
1497 2748 1582 2783 ipsum
1597 2755 1712 2783 namque
1727 2755 1824 2783 exspe-
