1904 3076
71 154 114 182 ili
615 147 807 177 ANONYMUS
823 147 857 175 IN
873 147 944 176 IOB.
963 161 996 166 —
1015 146 1080 174 LIB.
1098 145 1119 173 1.

1625 144 1679 173 ιη

72 219 139 243 stant
157 218 259 243 omnes,
272 212 334 247 quia
356 207 425 239 idem
437 216 479 238 est
492 211 621 238 introitus
635 211 763 239 omnibus
776 231 783 244 ,
812 216 837 237 et
854 213 874 240 Α
890 215 917 236 ut
937 208 1048 235 Domino
1063 207 1161 240 placuit
1187 206 1225 232 ita
1239 205 1341 240 factum
1352 208 1400 233 est.
1415 205 1450 232 sit
1463 211 1557 231 nomen
1569 203 1678 231 Domini

72 261 150 288 critus
163 258 266 290 similis,
282 259 339 285 sive
360 265 419 290 rex,
449 257 507 284 sive
529 257 653 290 famulus,
672 259 729 285 sive
743 258 818 285 dives
830 278 839 291 ,

72 307 122 335 sive
132 312 237 340 egenus,
252 305 308 331 sive
323 311 447 338 magnus,
462 303 518 330 sive
535 304 648 338 pusillus
663 325 670 336 ,
686 305 744 332 sive
761 305 839 337 liber,

72 351 122 380 sive
133 359 234 383 servus,
261 351 348 377 nudus
373 350 422 376 ihit
444 350 470 376 in
490 354 602 381 terram,
619 358 669 377 nec
694 351 840 385 quidquam

72 399 134 426 valet
147 397 251 424 auferre
266 403 367 423 secum.
383 396 447 422 Nam
464 396 554 424 ethoc
578 397 664 430 ipsum
681 397 752 431 quod
776 403 839 424 cum

73 451 171 478 corpore
185 442 309 475 mittitur,
327 450 378 470 non
395 442 498 470 auferet
516 450 620 470 secum.
634 442 786 470 Nonautem
803 451 843 470 see

72 498 124 518 cum
138 488 198 516 illud
216 489 302 519 tollet,
328 488 390 523 quia
408 496 460 515 non
482 489 577 521 sentit,
592 489 655 523 quia
673 496 724 516 non
741 489 842 515 intelli-

72 536 112 570 git,
122 535 180 570 quia
198 539 268 561 terra
286 534 410 565 eﬂicitur.
432 535 495 569 quia
518 535 543 561 in
570 534 772 562 resurrectione
789 543 841 562 non

71 581 179 616 corporis
192 581 340 615 sepultura,
353 582 400 608 sed
413 581 509 608 animae
525 580 591 608 lides
606 584 633 608 et
651 581 746 615 pietas,
761 581 842 608 mise-

74 627 173 654 ricordia
202 634 310 661 quoque
337 631 364 654 et
390 627 533 654 sinceritas
557 627 716 660 requiritur.
746 626 842 654 Nudus

72 673 128 700 (sivi
139 674 169 700 de
181 677 254 699 utero
270 673 364 700 matris
382 681 455 703 meat.
476 673 562 699 nudus
578 677 602 699 et
617 673 659 699 ibo
671 673 718 699 sub
735 678 842 700 terram.

72 719 196 753 Tanquam
226 720 248 746 si
280 719 383 747 diceret
398 726 406 746 :
424 720 446 746 Ο
460 719 510 746 viri
525 719 675 754 prudentiae
692 724 774 753 alque
801 726 844 746 sa-

72 765 177 799 pientite,
189 765 262 800 quod
278 770 320 792 est
337 765 454 791 mortale
478 765 529 791 hoc
555 764 756 795 indumentum,
784 772 844 799 qua:

71 815 106 836 est
130 810 182 836 haec
207 817 374 844 supervacua
395 809 492 844 gloria,
521 816 582 843 quas
597 814 662 836 sunt
677 813 790 836 terrenae
805 810 844 836 hac

72 859 141 888 atque
153 855 241 881 inﬁdae
252 854 364 886 divitia,
377 862 437 888 qua:
447 859 510 881 sunt
522 854 601 881 hodie
611 858 638 881 et
652 854 772 882 crastina
790 862 842 881 non

73 905 134 933 sunt,
148 908 205 934 qum
228 901 309 927 hodie
325 900 441 927 irrident
456 900 536 926 istttut
551 920 560 933 ,
588 899 708 927 crastina
722 907 787 927 vero
800 900 844 927 die

72 951 128 974 eunt
142 947 175 973 ad
190 946 296 973 alium?
311 945 412 973 Fumus
425 949 465 973 est
478 945 616 976 deﬁciens,
635 945 683 973 ﬂos
699 950 740 973 est
756 950 844 972 trans-

73 993 137 1024 iens.
158 994 238 1020 herba
249 997 293 1020 est
303 999 451 1020 aresceus:
470 996 496 1018 et
509 991 554 1026 qui
572 992 674 1019 habent
698 992 767 1024 illas,
784 997 844 1019 Ian-

73 1046 141 1073 quam
157 1046 206 1065 non
221 1039 354 1070 habeant,
369 1038 431 1072 quia
444 1037 545 1064 ditttitts
556 1045 607 1064 non
620 1038 720 1065 habent
736 1047 743 1065 :
760 1043 789 1065 et
798 1038 843 1072 qui

73 1092 117 1111 non
134 1085 229 1112 habent
250 1084 323 1116 illas,
350 1089 479 1118 tanquam
507 1084 572 1111 nihil
598 1083 751 1115 amiserint,
781 1085 842 1119 quia

73 1136 117 1156 non
129 1135 317 1164 permanenter
329 1129 530 1164 relinquuntur.
542 1127 638 1156 Nudus
649 1130 716 1157 exivi
729 1131 760 1156 de
771 1135 844 1157 utero

73 1176 153 1202 matris
167 1183 241 1207 mete,
258 1183 359 1210 corpus
374 1175 476 1202 habens
491 1180 595 1204 tantum
611 1182 694 1211 atque
714 1177 842 1208 animam,

74 1222 147 1248 nudas
155 1226 178 1248 et
190 1222 233 1248 ibo
245 1222 296 1249 sub
311 1227 421 1249 terram.
438 1223 514 1250 Sicut
527 1223 597 1255 veni,
608 1224 643 1250 ita
656 1228 684 1250 ct
697 1222 752 1256 ibo,
769 1222 806 1249 ita
818 1227 846 1250 et

74 1273 140 1300 exeo,
159 1267 244 1295 aliena
260 1273 359 1295 cuncta
388 1269 553 1304 relinquens,
570 1277 631 1296 cum
646 1276 761 1303 corpore
787 1269 845 1296 solo

74 1313 119 1346 ibo,
134 1318 209 1348 atqtte
223 1316 318 1342 anima
337 1315 470 1342 transibo.
483 1316 548 1349 Quae
564 1316 668 1351 accepi,
681 1316 780 1350 inquit,
798 1315 847 1342 ha-

74 1357 126 1390 beo,
140 1365 197 1392 quas
218 1359 298 1386 attuli
318 1366 371 1386 non
391 1360 479 1387 amisi.
497 1360 637 1395 Snperllua
660 1361 751 1388 omnia
766 1361 844 1388 dere~

74 1402 184 1438 linquens
199 1405 288 1432 nudus
303 1405 344 1432 ibo
359 1405 431 1434 illuc.
455 1406 528 1439 Illuc,
545 1406 645 1441 inquit,
673 1413 727 1441 quo
756 1406 820 1433 illue
834 1406 847 1433 ’Ξ

74 1449 178 1477 Primum
191 1451 302 1485 quidem
315 1452 377 1479 illuc
395 1452 437 1480 ibo
461 1460 516 1487 quo
541 1460 634 1480 omnes
657 1452 763 1488 priores
788 1452 840 1480 mei

75 1496 162 1531 ierunt,
175 1506 229 1532 quo
243 1506 340 1526 omnes
351 1499 384 1526 ab
394 1499 482 1532 initio,
497 1499 559 1526 illuc
571 1500 598 1526 in
614 1504 714 1528 terram
730 1504 845 1529 matrem

73 1543 191 1576 omnium,
211 1544 237 1571 in
262 1549 363 1571 terram
383 1545 504 1571 omnium
530 1545 650 1572 domtun.
667 1545 751 1572 Terra
768 1552 845 1571 nam-

74 1595 118 1622 que
131 1594 169 1615 est
184 1590 284 1616 domus
295 1590 416 1616 omnium
430 1589 599 1617 mortalium.
626 1588 694 1616 Illuc
711 1597 767 1623 qtto
782 1589 849 1617 abiit

74 1634 112 1660 ille
123 1635 153 1661 ad
168 1643 246 1669 quem
277 1635 378 1662 dictutn
402 1634 564 1662 est:‘T¢rra
592 1643 630 1667 es,
657 1640 683 1662 et
709 1636 738 1662 in
753 1640 850 1663 terram

75 1681 118 1708 ibis
131 1681 164 1709 ".
181 1682 237 1713 Illo,
255 1682 355 1716 inquit,
371 1682 415 1709 ibo
432 1682 519 1708 nudus
543 1682 615 1708 sicut
632 1686 659 1709 et
672 1682 760 1709 nudus
776 1683 849 1710 veni.

74 1726 119 1753 Ant
133 1727 218 1755 adhuc
233 1728 292 1761 illo,
310 1728 396 1762 inquit
414 1749 421 1760 ,
445 1728 490 1755 ibo
513 1727 558 1754 ubi
585 1732 648 1755 sunt
673 1728 849 1756 tabernacula

73 1770 206 1804 iustorum,
220 1774 267 1800 ubi
292 1779 354 1800 sunt
368 1778 526 1800 sanctorum
543 1773 646 1807 glorias,
664 1773 710 1801 ubi
729 1779 769 1801 est
785 1774 851 1801 lide-

75 1817 131 1844 lium
153 1820 274 1853 requies.
295 1819 339 1846 ubi
369 1824 412 1846 est
429 1819 535 1854 piorttm
551 1819 713 1852 consolatio,
736 1820 779 1846 ubi
810 1824 851 1846 est

75 1864 282 1892 misericordium
302 1864 459 1896 Iuereditas,
477 1865 521 1891 ubi
546 1869 586 1892 est
616 1865 850 1892 immaculatorum

75 1909 212 1941 beatitudo.
230 1911 276 1938 ubi
294 1915 338 1937 est
359 1911 497 1937 veracium
525 1910 618 1937 ltetitia
647 1916 674 1937 et
693 1911 848 1938 exsultatio.

94 1954 131 1982 loc
141 1956 192 1988 ibo,
209 1956 256 1983 ubi
273 1961 314 1982 est
331 1955 375 1982 lux
391 1961 417 1983 et
431 1957 496 1988 vita,
510 1956 556 1983 ubi
568 1961 610 1983 est
621 1956 706 1991 gloria
717 1957 852 1991 'etjucun-

75 2001 144 2036 ditas,
157 2003 203 2030 ubi
221 2007 264 2030 est
283 2002 375 2029 latitia
388 2007 415 2029 et
427 2002 587 2034 exsultatio,
603 2002 645 2029 vel
662 2003 733 2030 unde
748 2003 852 2039 aufugit

75 2048 152 2080 dolor,
169 2049 281 2076 tristitia
299 2053 327 2075 et
339 2048 466 2083 gemitus,
482 2048 526 2075 ubi
538 2048 735 2076 obliviscentur
747 2050 853 2084 priores

76 2093 253 2122 triliulatioues
268 2095 312 2122 ha:
326 2102 387 2129 qua:
399 2100 463 2121 sunt
478 2095 505 2121 in
517 2103 632 2129 corpore
644 2103 726 2131 super
739 2101 851 2123 terram.

80 2139 136 2167 llluc
149 2141 202 2174 ibo,
223 2141 271 2168 ulti
290 2145 332 2168 est
350 2141 553 2170 tribulationum
579 2143 722 2178 depositio,
741 2143 787 2170 ubi
811 2149 853 2171 est

76 2189 249 2216 remuneratio
266 2189 401 2221 laborum,
415 2190 459 2217 ubi
481 2189 600 2217 Abrahae
613 2190 698 2222 sintts,
722 2189 765 2217 ubi
778 2189 853 2217 Isaac

891 255 1069 282 benedictum.
1085 252 1284 279 Lamentabiles
1297 272 1304 284 ,
1338 251 1439 285 inquit,
1459 251 1492 278 ad
1520 257 1563 277 me
1579 250 1678 276 misisti

892 302 1014 332 tnuttios,
1028 307 1044 325 ο
1060 297 1178 330 diabole,
1195 303 1223 325 et
1239 297 1335 324 noxios
1350 302 1432 331 atque
1447 295 1679 323 immisericordes

893 351 944 373 tute
960 345 1091 380 nequitiae
1110 344 1223 379 legatos,
1240 351 1286 377 per
1302 351 1370 378 quos
1387 351 1431 369 me
1454 341 1610 369 crudelibus
1626 347 1679 368 tute

893 392 1043 427 iniquitatis
1056 391 1188 426 sagittasti
1199 390 1315 425 sagittis,
1325 397 1393 423 quas
1402 396 1461 423 ego,
1476 388 1575 421 inquit,
1584 395 1680 414 omnes

893 437 1042 465 identidem
1062 438 1088 464 in
1108 442 1133 464 te
1150 442 1316 467 convertam,
1334 435 1488 462 crudeliora
1500 434 1620 462 elﬁciens
1632 433 1679 460 tibi

893 484 918 511 in
927 484 1024 519 spiritu
1040 484 1163 510 vulnera.
1174 483 1314 513 Dominus,
1326 482 1447 516 inquam,
1456 482 1539 516 dedit,
1551 481 1681 508 Dentium

892 531 1011 562 abstulil,
1026 531 1093 557 sicut
1111 529 1222 557 Domino
1249 529 1349 560 placuit
1374 529 1411 554 ita
1430 528 1530 562 factum
1557 531 1605 554 est.
1623 527 1682 554 Hoc

894 577 944 604 fuit
962 576 1072 604 diaholo
1089 576 1195 607 vulnus,
1212 575 1263 602 hoc
1279 574 1329 602 fuit
1349 574 1456 601 diabolo
1469 574 1579 601 alllictio
1590 577 1617 600 et
1632 573 1680 600 doa

893 623 944 655 lor,
962 622 1100 650 tribulatio
1118 629 1226 654 quoque
1248 626 1328 655 atque
1359 621 1481 654 angustia
1503 629 1509 647 :
1540 620 1600 654 quia
1617 627 1682 646 cum

893 672 969 702 putat
993 671 1021 694 et
1033 667 1090 693 vult
1105 666 1301 700 blasphemiam
1318 666 1412 693 audire
1427 674 1441 692 a
1458 664 1521 696 Joh,
1542 671 1569 692 et
1585 672 1680 699 repre-

895 713 1051 740 hensionem
1060 719 1092 740 ac
1100 712 1272 739 maledictum
1287 711 1312 737 in
1328 710 1421 741 Deum,
1432 709 1630 737 confessionem
1641 713 1683 736 sta

894 767 946 794 que
961 759 1110 794 gratiarum
1126 758 1259 785 actionem
1272 757 1384 784 audivit.
1404 756 1460 784 lloc
1472 756 1574 783 factum
1588 761 1629 783 est
1643 755 1683 785 illi

895 807 965 842 ignis
980 808 1123 838 devorans,
1142 807 1193 833 hoc
1205 806 1306 833 factum
1323 810 1365 832 est
1379 804 1417 831 illi
1442 804 1596 831 incendium
1617 810 1684 837 per-

896 853 1056 886 urens,quia
1069 852 1120 878 hoc
1131 851 1314 886 audivitquod
1326 857 1378 877 non
1392 849 1521 884 sperabat
1533 857 1540 876 :
1555 849 1686 875 Dominus

859 885 880 913 Β
897 897 980 928 dedit,
997 885 1020 924 et
1040 897 1166 924 Dominus
1180 897 1300 928 abstulit,
1312 897 1378 922 sicut
1394 895 1508 922 Domino
1531 895 1629 929 placuit
1643 895 1684 921 ita

897 942 995 978 factum
1012 947 1062 974 est,
1075 943 1108 968 sit
1125 950 1218 969 nomen
1232 942 1337 968 Domini
1350 941 1513 967 benedicmm
1527 941 1556 967 in
1572 939 1682 968 uacula.

898 988 955 1016 Non
976 989 1048 1016 enim
1067 994 1171 1016 tantum
1190 989 1337 1023 tetigerunt
1353 988 1401 1016 lob
1419 988 1609 1016 lamentabiles
1626 987 1687 1014 ista

898 1036 998 1064 diaboli
1015 1037 1130 1071 sagittae,
1143 1042 1273 1072 quantum
1288 1036 1500 1064 vulneraverunt
1515 1042 1576 1063 eum
1594 1034 1684 1061 since-

903 1091 940 1110 ra:
953 1083 1012 1117 ejus
1028 1085 1177 1119 gratiarum
1190 1085 1320 1112 actiones.
1337 1084 1469 1111 Dominus
1484 1083 1568 1113 dedit,
1590 1087 1614 1109 et
1631 1082 1686 1108 Do-

898 1130 984 1156 minus
1004 1130 1122 1156 abstulit.
1137 1129 1253 1163 Quando
1269 1129 1365 1160 voluit,
1380 1129 1478 1164 inquit,
1495 1129 1569 1156 dedit
1589 1133 1618 1155 ut
1631 1128 1683 1156 bo-

901 1180 999 1208 nus,et
1009 1177 1117 1210 quando
1126 1176 1209 1203 voluit
1228 1176 1386 1209 identidem,
1400 1181 1430 1203 ut
1446 1176 1548 1203 habens
1563 1178 1686 1209 potesta-

900 1225 953 1248 tem
967 1221 1088 1248 abstulit.
1106 1222 1235 1250 Dominus
1249 1222 1330 1254 dedit,
1357 1227 1382 1250 et
1408 1222 1536 1249 Dominus
1563 1221 1684 1248 abstulit.

901 1267 990 1299 Dedit,
1002 1267 1099 1302 inquit,
1114 1273 1143 1295 ut
1158 1269 1310 1295 lnnotesct
1323 1276 1404 1302 quam
1420 1267 1506 1295 fidelis
1520 1267 1570 1294 sim
1583 1287 1590 1298 ,
1603 1274 1685 1301 qnam

900 1314 942 1348 pie
960 1315 1132 1348 dispettsem,
1158 1323 1240 1349 quam
1266 1315 1481 1342 misericorditer
1513 1315 1685 1343 distribuam.

899 1359 1017 1387 Abstulit
1027 1365 1130 1392 autem.
1145 1365 1173 1387 ttt
1187 1365 1316 1396 appareat
1331 1361 1466 1396 quontodo
1480 1362 1584 1396 gratias
1595 1369 1684 1398 agam,

900 1405 1036 1439 quomodo
1050 1406 1191 1438 conﬁtear,
1221 1406 1358 1440 qttomodo
1384 1406 1505 1436 adorem,
1526 1406 1587 1441 plus
1614 1413 1686 1434 nunc

901 1451 981 1478 rebus
996 1451 1120 1492 sublatis.
1134 1458 1215 1485 quam
1233 1452 1338 1486 pridem
1357 1452 1437 1479 datis.
1455 1452 1586 1479 Dominus
1600 1452 1685 1484 dedit,

901 1502 925 1526 et
936 1498 1067 1525 Dominus
1077 1497 1196 1525 abstulit.
1205 1497 1283 1525 Dedit
1294 1504 1341 1526 sua
1353 1499 1483 1526 etiternm
1496 1499 1607 1525 abstulit
1619 1506 1666 1525 sua
1677 1507 1686 1526 :

901 1553 961 1582 ego,
976 1545 1073 1580 inquit,
1093 1544 1160 1572 nihil
1181 1543 1273 1576 amisi,
1291 1545 1395 1572 nullum
1413 1552 1510 1579 passus
1522 1553 1581 1572 sutn
1600 1545 1687 1572 detri«

903 1597 1033 1619 mentum.
1057 1590 1153 1618 Merito
1180 1595 1322 1625 postquam
1337 1597 1401 1617 usus
1418 1598 1478 1617 sum
1497 1590 1614 1624 reddidi,
1631 1598 1688 1617 mll-

901 1638 986 1665 tuanti
1008 1637 1074 1665 mihi
1088 1645 1119 1664 ea
1133 1637 1236 1671 gratias
1253 1644 1346 1671 agens.
1363 1635 1492 1662 Dominus
1505 1636 1586 1669 dedit,
1598 1640 1622 1663 et
1638 1635 1691 1663 Do-

899 1684 986 1711 minus
997 1683 1116 1714 abstulit,
1131 1683 1198 1710 sicut
1214 1681 1325 1709 Domino
1336 1681 1437 1716 placuit
1452 1682 1491 1707 ita
1511 1681 1616 1712 factum
1631 1685 1689 1713 est;

899 1730 933 1755 sit
948 1736 1041 1755 nomen
1056 1727 1163 1754 Domini
1181 1726 1357 1754 benedictum.
1374 1726 1442 1759 Quid
1468 1726 1545 1758 dicis,
1566 1733 1583 1752 ο
1612 1726 1690 1752 beate

901 1774 970 1802 Job?
985 1774 1114 1802 Dominus
1128 1781 1191 1800 Vere
1215 1773 1298 1804 dedit,
1324 1773 1372 1800 sed
1401 1780 1454 1799 non
1472 1772 1601 1799 Dominus
1625 1770 1689 1799 'vere

901 1821 1022 1853 abstulit,
1040 1819 1087 1847 sed
1103 1819 1213 1847 abstulit
1227 1820 1349 1847 omnium
1366 1819 1492 1846 iuimictts
1506 1824 1534 1845 et
1549 1818 1689 1853 nequissi—

901 1874 962 1894 mus
977 1865 1149 1893 advcrsarius
1175 1871 1257 1899 atque
1282 1865 1389 1892 invidus
1404 1864 1539 1892 diabolus.
1559 1865 1690 1892 Dominus

902 1912 985 1944 dedit,
1003 1912 1048 1938 sed
1070 1910 1241 1938 adversarius
1252 1910 1376 1937 abstulit.
1391 1910 1524 1937 Dominus
1549 1910 1635 1943 dedit,
1663 1915 1690 1938 et

903 1959 1027 1986 inimicus
1040 1958 1132 1992 refuga
1147 1956 1272 1984 abstulit.
1286 1956 1372 1984 Porro
1383 1957 1405 1984 si
1428 1956 1553 1983 diabolus
1566 1956 1687 1989 abstulit,

902 2005 1036 2039 quomodo
1056 2004 1123 2031 dicit
1135 2003 1187 2031 Joh
1199 2003 1271 2037 quod
1291 2003 1421 2030 Dominus
1435 2003 1598 2030 abstulerit?
1613 2003 1691 2038 Igno-

903 2058 967 2078 rans
984 2055 1065 2084 atque
1081 2057 1130 2084 per
1142 2049 1322 2083 suspicionem
1334 2049 1412 2076 dicit.
1429 2048 1545 2075 Putabat
1559 2048 1632 2074 enim
1649 2051 1690 2074 at-

904 2104 957 2131 que
971 2096 1159 2123 arbitrabatur
1167 2096 1238 2130 quod
1250 2095 1378 2122 Dominus
1389 2094 1541 2127 abstulerit,
1554 2100 1580 2121 et
1587 2094 1703 2122 uescie-z

903 2143 950 2171 hat
966 2143 1035 2177 quod
1048 2142 1170 2169 diabolus
1188 2141 1308 2173 abstulit,
1331 2141 1496 2168 concedente
1517 2141 1631 2168 Domino
1647 2144 1703 2167 at-*

903 2196 956 2223 que
975 2188 1159 2222 permittente.
1185 2187 1254 2222 Ergo
1271 2187 1339 2214 dicit
1357 2186 1427 2214 Job:
1457 2186 1585 2214 Dominus
1598 2187 1668 2214 dedit
1682 2208 1690 2216 ,

76 2235 225 2268 proprietas,
257 2235 304 2261 ubi
331 2235 413 2262 Israel
445 2235 600 2268 familiaris,
621 2236 666 2263 ubi
695 2240 851 2263 sanctorqu
870 2241 890 2267 ι)
907 2235 1033 2261 Dominus
1050 2234 1256 2265 abstulit;sicut
1270 2233 1383 2259 Domino
1401 2233 1501 2267 placuit
1530 2233 1566 2260 ita
1591 2233 1691 2267 factum

76 2279 171 2313 animus,
191 2281 235 2307 ubi
253 2281 413 2314 angelorum
437 2282 526 2313 chori,
553 2282 597 2308 ubi
627 2281 850 2317 archangelorum

76 2331 158 2356 voces,
175 2327 219 2353 ubi
235 2326 358 2360 Spiritus
369 2328 455 2354 sancti
469 2327 630 2354 illuminatio
642 2347 650 2358 ,
677 2327 722 2355 ubi
747 2327 849 2354 Christi

77 2377 192 2405 regnum,
224 2372 271 2399 ubi
287 2372 381 2399 aeterni
401 2372 446 2400 Dei
481 2372 571 2400 Patris
587 2373 687 2400 infecta
706 2372 790 2407 gloria
811 2377 852 2399 at-

77 2422 122 2449 que
132 2416 226 2443 beatus
243 2421 418 2452 conspectus.
434 2415 511 2450 llluc,
527 2417 626 2451 inquit,
643 2417 699 2448 ibo.
715 2416 779 2443 illuc
790 2423 851 2450 pcr-

77 2461 184 2495 veniatn,
212 2470 268 2490 non
287 2462 500 2496 reprehendens,
517 2469 570 2488 non
602 2461 784 2494 ntaledicens,
799 2468 852 2487 non

77 2506 274 2542 blasphetuans,
291 2517 343 2536 non
360 2508 521 2541 criminans,
540 2508 587 2535 sed
611 2508 715 2543 gratias
729 2514 812 2539 agens
828 2511 855 2534 et

77 2555 212 2587 conﬁtens,
227 2561 312 2590 atque
327 2563 387 2582 cum
402 2556 552 2590 gratiarum
567 2555 720 2582 actionibus
741 2555 832 2582 dicens
846 2563 853 2582 :

79 2598 197 2628 Dominus
211 2602 296 2632 dedit,
313 2601 441 2627 Dominus
453 2601 573 2634 abstulit,
590 2601 656 2627 sicut
672 2600 783 2627 Domino
798 2599 856 2634 pla-

79 2647 136 2678 cuit,
151 2647 189 2674 ita
210 2649 312 2682 factum
336 2653 373 2674 cst
387 2648 421 2675 ".
438 2647 495 2676 Non
511 2654 560 2674 ero
571 2667 579 2679 ,
605 2647 709 2681 inquit,
724 2646 855 2681 ingratus,

80 2700 124 2720 non
135 2703 179 2722 ero
190 2695 398 2731 inﬁdigraphus,
410 2696 481 2723 sicut
495 2701 533 2728 tu,
548 2695 711 2728 adversarie;
729 2702 781 2721 non
794 2695 856 2721 red-

80 2739 131 2766 dam
146 2741 246 2768 tualum
261 2749 310 2776 pro
326 2741 408 2774 bono,
425 2742 495 2769 sicut
510 2746 547 2773 tu,
566 2741 659 2768 infelix
673 2740 793 2773 diabole;
808 2739 856 2767 sed

79 2786 210 2819 confiteor,
223 2789 286 2822 quia
298 2787 425 2815 Dominus
437 2788 520 2822 dedit,
532 2788 662 2816 Dominus
677 2787 794 2821 abstulit,
802 2787 855 2815 sic-

108 2876 127 2891 “
144 2877 211 2905 Gen.
228 2885 269 2912 ιιι,
289 2878 334 2907 19.
374 2879 395 2894 ⁵⁵
407 2877 457 2907 Job
475 2886 494 2911 ι,
507 2877 553 2908 Eli.

905 2286 954 2307 est.
973 2280 1034 2308 lbrc
1052 2287 1168 2315 namque
1181 2279 1230 2307 fuit
1250 2279 1293 2306 illa
1310 2286 1373 2306 vere
1388 2286 1487 2314 magna
1502 2278 1554 2306 Joh
1565 2283 1692 2306 constan-

906 2328 953 2359 tia,
970 2327 1040 2361 quod
1059 2327 1183 2354 nesciens
1197 2327 1261 2361 quia
1282 2326 1405 2354 diabolus
1420 2326 1553 2358 abstulit,
1579 2326 1694 2360 putabat

905 2373 976 2408 quod
994 2373 1123 2400 Dominus
1139 2373 1293 2404 abstulerit,
1321 2378 1349 2400 et
1371 2373 1422 2401 hoc
1437 2377 1547 2407 putans,
1578 2371 1693 2399 Domino

906 2419 983 2454 quasi
1000 2418 1133 2446 auferenti
1145 2418 1248 2453 gratias
1263 2418 1329 2453 agit.
1345 2418 1484 2450 Dominus,
1498 2417 1595 2452 inquit,
1609 2417 1690 2449 dedit,

908 2470 931 2492 et
944 2465 1072 2492 Dominus
1088 2464 1208 2496 abstulit,
1224 2465 1291 2491 sicut
1308 2464 1420 2491 Domino
1434 2463 1533 2498 placuit
1545 2464 1580 2489 ita
1593 2462 1692 2495 factum

906 2515 966 2543 est;
992 2511 1025 2538 sit
1052 2519 1146 2538 nomen
1173 2510 1277 2537 Domini
1305 2510 1469 2537 benedictum
1487 2510 1514 2535 in
1536 2508 1645 2536 uacula.
1662 2507 1692 2535 Si

905 2558 977 2584 enim
992 2558 1089 2585 scisset
1108 2557 1158 2584 Job
1168 2558 1238 2592 quod
1253 2557 1395 2584 adversum
1414 2555 1550 2583 diabolum
1564 2555 1692 2586 habebat,

907 2604 1008 2639 etquia
1025 2604 1146 2631 diabolus
1162 2611 1224 2631 cum
1246 2604 1292 2631 illo
1308 2605 1362 2631 hoc
1388 2603 1492 2630 bellum
1513 2601 1639 2634 faciebat,
1666 2605 1710 2627 et-

910 2651 976 2686 quia
994 2651 1129 2685 malignus
1142 2650 1268 2678 inimicus
1286 2658 1341 2678 rem
1370 2650 1529 2677 familiarem
1547 2654 1574 2676 et
1587 2649 1656 2676 tllios
1667 2649 1692 2676 ei

907 2695 1066 2727 abstulerat,
1085 2695 1208 2730 profecto
1220 2696 1332 2722 omnino
1348 2695 1380 2722 ad
1401 2694 1512 2722 nihilum
1537 2694 1610 2729 ipsas
1635 2698 1694 2721 ten-

904 2741 1023 2768 tationes
1036 2741 1193 2773 deduceret,
1213 2747 1240 2769 et
1255 2742 1280 2768 in
1309 2741 1475 2769 derisioncm
1490 2740 1565 2767 illum
1580 2740 1692 2773 habens,

907 2788 1045 2816 evidenter
1061 2789 1195 2817 adversus
1220 2788 1357 2816 inimicum
1384 2788 1521 2816 resisteret
1550 2791 1578 2815 et
1600 2791 1695 2822 aperto
