1904 3076
210 139 265 169 ωδ

773 137 966 168 ΑΝοΝγΜυε
985 138 1020 167 IN
1039 122 1111 168 ius.
1132 155 1165 161 -
1181 138 1245 167 ua.
1265 138 1286 166 I.

1787 134 1841 162 ιιι

210 202 343 230 adversus
355 205 478 236 apertum
495 200 601 228 hostem
615 204 710 228 staret.
730 200 809 228 Nunc
821 208 886 229 vero
902 201 996 229 iniml-
1011 205 1036 234 Α
1049 201 1120 236 quod
1137 201 1195 228 vult
1211 199 1350 230 Dominus,
1366 198 1419 226 vita
1434 202 1486 231 est,
1504 197 1548 225 lux
1572 202 1624 230 est,
1646 196 1757 231 requies
1772 199 1815 223 est
1830 215 1839 227 ,

211 255 262 274 cus
278 246 386 282 quidem
404 246 456 274 hoc
479 245 579 273 celavit
594 246 728 280 diabolus,
751 254 813 275 cum
829 247 896 275 istos
912 248 936 274 ei
955 247 994 274 in-

211 293 297 322 ferret
309 293 437 320 labores:
463 291 693 320 clementissimus
715 297 806 320 autem
824 292 954 320 Dominus
971 293 998 320 in

211 339 366 373 suspicione
379 342 438 364 erat
454 341 483 364 et
511 337 689 364 incusabatur
708 338 750 365 bis
767 337 905 366 omnibus.
930 337 997 364 Nam

210 391 272 411 cum
289 383 391 410 diceret
405 382 546 410 diabolus:
562 382 635 417 Ignis
649 383 742 410 cecidit
751 383 783 410 de
795 383 870 416 calo,
880 383 998 415 et,Sub-

209 429 246 455 ita
263 428 374 463 spiritus
396 428 464 454 venit
481 428 513 455 ab
533 436 631 460 eremo,
662 428 746 456 Deum
774 429 916 456 incusabat
938 430 997 457 istis

208 474 357 502 doloribus.
388 473 522 502 Similiter
535 482 596 502 cutn
611 475 732 502 audisset
747 474 810 508 Job,
826 475 900 510 quod
927 475 998 511 ignis

208 520 306 548 cecidit
318 520 352 548 de
371 520 441 548 cmlo
457 526 485 548 et
502 521 652 548 combussit
666 529 743 554 oves,
763 526 790 549 et
804 523 867 557 quia
883 523 997 558 spiritus

206 566 282 594 venit
297 567 331 594 ab
343 574 436 594 eretno
458 571 485 594 et
507 567 584 594 ruina
607 567 707 594 occidit
732 568 791 603 ejus
816 568 907 601 filios,
933 569 996 604 quid

207 608 280 638 aliud
297 611 429 646 suspicari
445 616 553 646 poterat
566 612 616 639 nisi
632 613 703 646 quod
719 613 788 640 Dens
805 613 842 640 illi
861 614 935 648 ipsos
949 615 997 642 do—

206 655 280 685 lores
293 656 402 684 coalitus
428 657 607 684 immisisset?
623 657 664 685 0b
680 658 731 685 ltoc
755 667 820 694 ergo
845 661 995 693 praesertim

205 703 398 738 magniﬁcatur
408 702 470 735 Job,
484 704 545 739 quia
563 713 623 731 cum
641 705 713 733 Deus
727 706 881 740 suspicatur
895 707 922 734 in
938 707 996 734 istis

208 748 296 783 plagis
305 756 337 776 ac
351 749 502 782 doloribus,
517 751 636 784 suscepit
661 759 722 778 eum
737 753 894 779 constantia
912 758 994 788 atquc

208 794 359 830 gratiarum
382 795 555 823 actionibus:
576 800 603 823 et
626 803 677 823 non
695 797 773 829 dixit,
789 797 857 832 quid
884 799 993 831 peccavi

206 840 279 868 circa
295 845 321 867 te
335 845 362 867 ut
377 840 440 868 talia
456 842 546 876 patiar
559 849 590 869 ex
608 842 656 869 te?
674 842 726 870 Sed
741 851 801 870 cum
831 844 865 872 ab
884 844 994 871 inimico

1050 253 1151 274 aeterna
1173 245 1312 273 beatitudo
1330 249 1382 277 est,
1409 245 1464 272 vita
1488 245 1560 272 enim
1574 244 1602 271 in
1618 243 1756 271 voluntate
1780 243 1838 277 ejus

1052 298 1104 326 est,
1130 297 1156 320 et
1181 293 1223 319 ira
1258 292 1287 318 in
1310 291 1490 326 indignatione
1515 290 1570 322 eius
1594 289 1628 316 ⁸³.
1652 288 1839 322 Quodcunque

1049 346 1114 375 ergo
1126 338 1227 374 placuit
1255 337 1379 370 Domino,
1393 336 1451 364 sive
1465 341 1619 371 perculere,
1641 335 1698 362 sive
1709 333 1838 364 multare,

1049 385 1106 413 sive
1119 385 1218 417 ditare,
1232 383 1288 412 sive
1297 390 1444 419 pauperem
1456 382 1558 413 facere,
1573 381 1630 408 sive
1641 387 1768 415 arguere,
1781 379 1839 407 sivo

1049 430 1197 465 corripere,
1213 428 1304 457 omnia
1318 427 1457 455 beatitudo
1470 431 1512 454 est
1523 425 1740 460 incorruptibilis
1756 428 1839 458 atque

1048 476 1213 503 lndesinens.
1232 475 1342 506 Beatus.
1357 474 1454 508 inquit,
1471 473 1547 499 homo
1563 480 1637 507 quem
1656 478 1682 498 tu
1692 471 1837 503 erudieris,

1047 521 1160 548 Domine
1170 522 1203 546 “.
1221 520 1294 548 Sicut
1309 520 1421 547 Dontino
1433 519 1544 553 placuit,
1557 519 1594 545 ita
1610 518 1708 553 factum
1722 522 1760 544 est
1773 525 1783 549 ;
1803 517 1836 543 sit

1048 575 1142 595 nomen
1159 567 1265 594 Domini
1292 566 1456 593 benedictum
1481 565 1509 591 in
1524 563 1633 591 saecula.
1660 563 1706 590 Sic
1726 566 1835 597 oportet

1047 621 1143 641 omnes
1157 613 1327 640 Christianos
1337 632 1345 646 ,
1371 616 1453 646 atqtte
1468 618 1562 638 omnes
1582 609 1724 636 credentes
1740 608 1834 635 dicere

1046 664 1074 686 ct
1091 660 1180 687 facere
1193 664 1220 686 et
1237 658 1358 694 cogitare
1374 657 1401 684 in
1422 657 1549 684 omnibus
1566 663 1626 690 qua:
1640 662 1687 682 cos
1714 654 1835 681 circum-

1047 705 1180 737 dederint,
1199 709 1281 739 atque
1294 704 1334 732 eis
1345 703 1529 734 occurrerint,
1547 702 1605 729 sive
1621 701 1755 736 pecunias
1772 707 1836 735 per-

1046 751 1121 783 dant,
1133 751 1190 777 sive
1204 750 1250 777 lilii
1262 749 1432 780 auferantur,
1446 748 1504 776 sive
1515 752 1663 782 paupertas
1680 747 1835 777 incumbat,

1046 799 1103 825 sive
1118 797 1261 825 inﬁrmitas
1277 796 1451 823 immittatur.
1474 795 1571 822 Dicant
1598 794 1625 821 in
1641 794 1683 821 his
1705 793 1835 820 omnibus

1046 852 1107 871 cum
1121 843 1280 871 sinceritate
1295 850 1302 868 :
1320 840 1396 868 Sicut
1422 839 1536 867 Domina
1550 839 1660 873 placuit,
1677 838 1716 864 ita
1731 837 1832 872 factum

204 891 393 922 percuteretur
405 892 487 924 atque
501 889 644 917 doloribus
660 889 832 925 aﬂiceretur,
848 891 992 919 Dominum
1010 891 1030 918 Β
1046 894 1104 921 est;
1127 889 1161 915 sit
1178 896 1271 915 nomen
1297 887 1405 914 Domini
1417 886 1579 913 benedictum
1603 885 1630 911 in
1647 884 1759 911 secula.
1780 883 1834 910 Nu-

204 935 232 962 in
251 935 309 962 istis
326 935 467 963 doloribus
498 936 700 970 suspicabatur,
724 941 752 964 et
775 937 880 971 gratias
894 938 993 972 agebat

203 979 366 1015 percutienti
392 988 423 1008 se
452 986 535 1016 atque
549 981 689 1009 doloribus
715 982 854 1015 allicienti,
873 983 990 1010 dicens:

202 1024 333 1052 Dominus
344 1025 426 1058 dedit,
442 1030 467 1052 et
494 1026 625 1053 Dominus
650 1027 770 1061 abstulit,
783 1029 851 1055 sicut
878 1028 991 1055 Domino

201 1070 301 1104 placuit
316 1071 353 1098 ita
364 1073 465 1106 factum
476 1077 513 1099 est
526 1081 536 1105 ;
551 1073 586 1100 sit
600 1081 694 1100 nomen
709 1073 814 1100 Domini
829 1074 991 1101 benedictum

201 1116 230 1143 in
243 1118 353 1144 uacula.
375 1117 438 1144 llmc
454 1118 546 1152 itaque
570 1119 708 1153 universa,
724 1124 805 1154 atque
819 1120 941 1154 pluriora
957 1121 991 1147 ad

201 1163 390 1198 [immolantes
407 1163 458 1191 sibi
472 1164 632 1198 nequissimi
649 1165 760 1192 nuntios
777 1165 873 1192 beatus
888 1165 939 1193 .Iob
951 1165 992 1193 lo-

200 1213 280 1237 cutus
292 1214 346 1241 est,
357 1214 384 1236 et
400 1216 447 1244 per
469 1209 529 1237 illos
556 1210 590 1237 ad
618 1210 706 1245 ipsum
721 1211 859 1238 diabolum
875 1212 921 1246 qui
944 1219 991 1240 eos

201 1254 493 1290 miserat,quistabant
508 1260 571 1283 ante
585 1264 645 1284 eum
660 1257 762 1290 tristes,
780 1264 813 1285 ac
833 1257 928 1285 ﬂentes
941 1259 992 1286 sic-

201 1305 231 1326 ut
243 1300 389 1332 tinxerant,
411 1307 573 1336 omnemque
595 1301 732 1329 miseriam
757 1304 933 1332 ostendentes
958 1312 990 1332 ac

200 1346 403 1380 depromcutes,
420 1351 449 1373 ut
460 1346 538 1374 facile
551 1347 659 1375 beatum
672 1347 725 1375 Job
743 1349 776 1376 ad
792 1349 988 1383 blasphemiam

199 1397 390 1425 provocarent.
406 1393 446 1420 Ad
473 1400 542 1428 quos
563 1394 679 1429 plurima
696 1399 724 1422 et
747 1395 799 1422 alia
814 1395 922 1423 locutus
938 1395 989 1424 Job

199 1437 270 1464 dixit
284 1446 291 1464 :
308 1438 363 1465 Cur
384 1439 476 1466 tristes
494 1440 569 1478 estis,
587 1447 603 1467 ο
615 1440 758 1468 homines?
773 1441 814 1469 0b
828 1450 909 1477 quam
922 1451 987 1470 catt-

198 1490 258 1510 sam
275 1483 393 1518 ejulatis,
406 1484 429 1526 ’0.
441 1482 514 1512 viri?
528 1485 566 1513 Ne
588 1486 658 1514 forte
672 1487 726 1515 hoc
750 1496 797 1516 vos
817 1489 964 1517 contristat
979 1510 987 1523 ,

198 1529 263 1564 quia
280 1537 329 1564 ego
347 1530 400 1557 Deo
412 1531 516 1565 gratias
531 1538 593 1566 ago.
610 1531 649 1558 Ne
662 1531 733 1560 forte
745 1533 795 1560 hoc
808 1533 885 1561 vobis
900 1534 986 1562 mole-

1045 943 1106 962 tuen
1122 934 1240 968 Domini,
1253 934 1351 968 inquit,
1379 937 1490 967 propter
1505 931 1578 966 quod
1592 931 1682 958 oumia
1710 930 1833 957 sustineo

1044 989 1125 1017 atque
1140 982 1250 1015 suli‘ero,
1267 986 1380 1016 propter
1395 981 1467 1014 quod
1481 979 1608 1007 omnibus
1622 986 1683 1013 quae
1700 977 1767 1004 mihi
1784 977 1834 1004 ob-

1043 1032 1175 1056 venerunt
1186 1028 1311 1062 superior
1329 1026 1443 1054 exsislo.
1459 1024 1499 1052 Sit
1523 1031 1617 1051 nomen
1629 1023 1738 1052 Domini
1756 1024 1832 1049 bene-

1043 1074 1142 1100 dictum
1159 1074 1186 1100 in
1199 1072 1306 1100 saecula.
1323 1071 1426 1099 Nomen
1440 1071 1559 1104 Domini,
1580 1071 1652 1106 quod
1668 1070 1832 1098 mirabiliter

1008 1124 1010 1126 '
1042 1120 1126 1148 ραι]ος
1133 1119 1265 1152 extendit,
1278 1119 1351 1154 quod
1364 1123 1466 1146 terram
1481 1117 1596 1144 ﬁrmiter
1609 1117 1746 1149 fundavit,
1759 1117 1833 1151 quod

1042 1168 1155 1202 abyssos
1168 1165 1327 1193 terribiliter
1346 1163 1474 1198 signavit.
1493 1162 1534 1191 Sit
1561 1171 1654 1190 nomen
1669 1162 1781 1191 Domini
1792 1163 1830 1189 be-

1042 1213 1173 1240 nedictum
1186 1213 1214 1238 in
1228 1211 1326 1238 sweula
1340 1219 1350 1238 :
1366 1211 1438 1245 quod
1452 1217 1514 1236 cum
1530 1209 1661 1236 vidissent
1681 1208 1777 1236 leones
1801 1209 1827 1235 in

1043 1258 1163 1290 Daniele,
1176 1258 1203 1284 in
1217 1265 1302 1292 agnos
1317 1256 1451 1284 immutati
1466 1260 1549 1283 sunt:
1562 1256 1633 1290 quod
1645 1263 1707 1282 cum
1721 1254 1834 1281 ﬂamma

1040 1304 1111 1340 ignis
1125 1304 1280 1338 agnovisset
1296 1302 1322 1329 in
1336 1302 1438 1328 Anania
1454 1307 1482 1328 et
1493 1301 1591 1329 Azaria
1608 1306 1633 1328 et
1652 1300 1772 1332 Misaelc,
1787 1301 1829 1328 fo-

1041 1358 1086 1378 ras
1099 1358 1115 1377 a
1129 1350 1240 1377 fornace
1255 1348 1335 1384 fugit,
1352 1353 1434 1382 atque
1457 1355 1505 1375 eos
1518 1347 1564 1382 qui
1581 1352 1658 1374 extra
1683 1346 1827 1374 fornacem

1039 1401 1118 1424 erattt
1133 1395 1292 1427 combussit,
1308 1399 1400 1429 utpote
1414 1401 1465 1421 non
1482 1395 1613 1421 habentes
1625 1394 1652 1420 in
1664 1401 1694 1421 se
1703 1398 1828 1421 sanctum

1040 1450 1137 1470 nomen
1150 1442 1271 1474 Domini;
1285 1441 1339 1468 illis
1352 1445 1441 1467 autem
1451 1440 1496 1475 qui
1509 1440 1579 1467 intra
1592 1439 1734 1467 fornacem
1751 1445 1834 1467 erant.

1039 1496 1092 1516 non
1109 1486 1352 1523 appropinquavit,
1374 1486 1437 1521 quia
1456 1485 1578 1513 terribile
1593 1492 1692 1512 nomen
1717 1485 1828 1512 Domini

1039 1535 1065 1562 itt
1079 1534 1131 1562 illis
1143 1534 1292 1569 conspexit.
1306 1532 1361 1560 lloc
1377 1533 1458 1560 etiam
1469 1537 1497 1559 et
1509 1536 1583 1559 cetus
1598 1539 1660 1559 cum
1675 1532 1782 1559 videret
1793 1532 1820 1558 in

198 1581 270 1604 stum
286 1582 338 1610 est,
349 1578 421 1612 quod
434 1585 484 1612 ego
497 1579 572 1606 danti
587 1587 618 1607 ea
629 1579 827 1609 confessionem
841 1582 885 1616 do,
898 1588 927 1611 et
939 1591 988 1610 au-
1001 1572 1023 1602 C
1038 1579 1118 1614 Joua,
1129 1580 1268 1614 obstupuit
1284 1585 1365 1613 atque
1386 1579 1499 1613 illaesum
1527 1585 1589 1605 eum
1607 1585 1688 1612 quem
1704 1579 1738 1605 de
1763 1579 1828 1605 navi

198 1622 296 1651 ferenti
312 1631 344 1651 ea
354 1624 554 1652 invocationem
568 1625 675 1666 emitto.
691 1625 748 1654 Non
761 1635 804 1655 me
818 1629 899 1656 homo
913 1629 986 1656 mul-

198 1669 275 1702 tavit,
310 1670 357 1697 sed
383 1670 455 1698 Deus
470 1672 504 1699 de
522 1671 601 1700 cmlis
616 1673 661 1707 qui
685 1674 752 1701 mihi
777 1674 852 1701 dedit
865 1675 986 1708 diversa,

196 1715 321 1750 abstulit,
338 1716 410 1744 sicut
435 1722 462 1744 et
485 1725 533 1746 vos
563 1718 663 1752 dicitis,
679 1720 752 1754 quod
770 1721 839 1756 ignis
862 1721 897 1749 de
916 1721 985 1750 cmlo

196 1761 337 1790 ceciderit.
355 1762 384 1790 Si
395 1770 462 1798 ergo
476 1771 528 1791 non
542 1764 624 1793 homo
638 1766 704 1793 mihi
717 1766 844 1794 damnum
860 1767 984 1802 ingessit,

196 1807 244 1834 sed
258 1807 329 1835 Deus
340 1809 452 1843 quando
466 1810 552 1837 voluit
577 1811 661 1845 dedit,
675 1817 704 1839 et
727 1813 790 1840 item
811 1813 921 1848 quando
942 1822 986 1842 vo-

197 1853 247 1880 luit
263 1854 385 1887 abstulit,
402 1857 502 1890 gratias
514 1857 538 1884 ei
557 1858 603 1892 qui
617 1859 700 1891 dedit,
719 1864 746 1886 et
768 1860 871 1895 gratias
886 1860 984 1888 identiv

196 1899 256 1926 dein
267 1900 292 1927 ei
304 1901 350 1936 qtti
366 1901 487 1929 abstulit.
506 1903 560 1930 Sua
577 1904 661 1936 dedit,
676 1909 704 1931 et
720 1905 785 1932 item
801 1913 849 1932 sua
861 1906 984 1938 abstulit,

194 1953 224 1975 et
235 1955 295 1983 ego,
315 1949 365 1982 ait,
379 1949 446 1976 nihil
459 1950 551 1978 amisi.
562 1950 628 1978 Nam
643 1959 677 1978 ex
691 1956 770 1978 utero
785 1957 908 1980 materno
935 1961 985 1980 nn-

194 1992 245 2021 dua
262 1994 384 2027 veniens,
401 1994 467 2021 nihil
486 1995 578 2022 habui.
609 1995 659 2029 Qui
688 1996 782 2024 habuit
809 1997 882 2025 dedit
905 1998 983 2032 tnihi,

195 2039 328 2066 mutuavit
344 2040 430 2067 uteuti
449 2040 526 2073 mihi,
544 2041 655 2068 abstulit
671 2048 732 2076 qua:
756 2048 805 2069 sua
820 2048 900 2076 sunt;
917 2044 984 2071 nihil

193 2085 310 2120 perdidi,
322 2086 369 2113 sed
383 2086 486 2122 gratias
496 2094 547 2122 ago
561 2088 704 2119 tnutuanti,
718 2095 783 2116 usus
799 2089 841 2116 his
850 2097 910 2123 quas
922 2090 983 2117 data

193 2137 257 2160 sunt
270 2132 351 2164 mihi,
362 2137 390 2160 et
405 2133 537 2160 conﬁteor
553 2134 688 2169 largitori,
706 2135 800 2162 dicens
817 2143 823 2161 :
852 2135 983 2163 Dominus

192 2178 276 2211 dedit,
291 2184 315 2205 et
332 2179 458 2206 Dominus
470 2180 674 2212 abstulit;sirut
690 2180 804 2208 Domino
820 2182 930 2215 placuit,
944 2183 982 2209 ita

192 2221 292 2256 factum
307 2228 355 2250 eu.
372 2222 481 2251 Placuit
496 2230 574 2253 antea
589 2230 619 2252 ut
637 2225 728 2258 daret,
747 2226 851 2260 placuit
867 2235 938 2254 nunc
952 2233 981 2254 ut

193 2276 288 2295 rursus
301 2269 431 2297 auferret.
450 2270 524 2298 Sicut
553 2271 665 2299 Domino
685 2272 796 2307 placuit,
812 2274 850 2300 ita
877 2273 976 2306 factum

191 2317 241 2340 est.
265 2313 352 2342 Omne
379 2316 450 2350 quod
468 2316 522 2343 Deo
551 2317 683 2352 placuerit
699 2319 800 2346 bonunt
828 2324 880 2351 est,
896 2327 980 2346 omne

191 2360 264 2394 quod
279 2359 393 2388 Domlno
420 2362 552 2396 placuerit
575 2364 678 2399 justum
694 2369 746 2393 est.
772 2365 877 2393 Placuit
894 2365 932 2393 illi
949 2370 979 2393 ut

191 2405 280 2437 daret,
298 2405 368 2434 bene
378 2407 490 2441 placuit.
505 2407 610 2436 Placuit
625 2409 662 2436 illi
686 2410 830 2438 identidem
847 2415 875 2438 ut
885 2411 979 2439 aufer-

191 2450 327 2485 ret,jusle
341 2451 451 2486 placuit.
469 2452 544 2480 Sicut
564 2453 675 2482 Domino
695 2455 804 2490 placuit,
823 2457 862 2483 ita
875 2457 978 2491 factum

189 2502 239 2526 ut.
251 2497 375 2531 Quandiu
391 2499 428 2526 illi
446 2499 546 2534 placuit
563 2500 706 2529 habuimus
717 2521 725 2535 ,
751 2503 860 2537 quando
878 2504 979 2538 placuit

189 2542 214 2570 ei
231 2551 284 2572 tton
299 2544 440 2573 habemus.
455 2545 530 2573 Sicut
547 2545 660 2573 Domino
686 2548 797 2581 placuit,
818 2549 856 2575 ita
877 2549 977 2583 factum

187 2595 236 2617 est.
255 2590 370 2625 Quando
396 2592 560 2625 habuimus,
578 2600 631 2620 non
658 2599 801 2628 propterea
817 2600 912 2622 nostra
928 2596 978 2622 ha-

189 2636 307 2671 buimus,
322 2638 369 2666 sed
387 2638 492 2676 Domini
509 2649 515 2667 :
529 2643 555 2666 et
569 2646 630 2666 cum
653 2639 829 2674 perderemus
858 2641 949 2668 omnia
965 2661 974 2673 ,

190 2689 242 2709 non
259 2684 368 2718 propria
383 2684 562 2718 perdiditnus,
578 2685 625 2712 sed
637 2685 747 2712 abstulit
761 2693 820 2720 quae
832 2694 879 2714 sua
896 2691 976 2714 erant

191 2727 329 2760 Dominus,
347 2728 422 2757 Sicut
434 2729 545 2758 Domino
559 2731 673 2765 placuit,
686 2731 723 2757 ita
741 2732 840 2765 factum
853 2736 902 2763 ert,
919 2732 974 2759 sic-

192 2777 222 2800 ut
239 2774 369 2803 Dominus
400 2776 496 2809 voluit,
519 2777 591 2805 sicut
624 2778 737 2805 Domino
754 2777 864 2812 placuit.
888 2777 989 2807 Omne.

228 2863 250 2882 ⁵⁸
271 2863 342 2892 l’sal.
361 2873 434 2899 uix,
448 2865 474 2893 6.
510 2865 534 2882 ⁵⁸
554 2865 624 2894 Psal.
645 2875 720 2901 xcnt,
736 2867 778 2895 l2.
817 2867 840 2885 ⁵⁵
854 2869 913 2897 Act.
930 2877 964 2898 IV.
981 2871 1022 2898 l2.

1038 1631 1194 1662 susceperat
1211 1626 1337 1659 reddidit,
1351 1625 1543 1653 intaminatum
1559 1624 1667 1651 remisit
1688 1631 1770 1658 quem
1788 1625 1829 1651 vi-

1039 1682 1101 1701 vum
1118 1672 1247 1708 suscepit.
1264 1671 1332 1704 Hoc,
1348 1671 1470 1706 inquam,
1493 1677 1591 1698 nomen
1610 1670 1717 1698 Domini
1743 1671 1828 1697 bene-

1039 1720 1140 1748 dictum
1154 1719 1181 1747 in
1196 1718 1305 1746 saecula.
1323 1716 1380 1745 Hoc
1392 1725 1490 1745 nomen
1506 1717 1577 1751 quod
1601 1717 1680 1752 pauci
1695 1724 1729 1743 ex
1754 1717 1830 1752 prio-

1038 1766 1111 1793 ribus
1123 1769 1304 1801 agnoverunt,
1319 1764 1488 1798 posteriores
1503 1771 1568 1790 vero
1582 1770 1676 1790 omnes
1702 1770 1829 1798 suscepe-

1036 1817 1109 1839 runt.
1124 1811 1180 1839 Hoc
1197 1819 1294 1838 nomen
1310 1812 1344 1838 de
1361 1818 1415 1846 quo
1428 1810 1524 1838 dicunt
1540 1810 1630 1837 sancti
1652 1817 1685 1836 ex
1709 1817 1827 1844 persona

1037 1858 1083 1886 Dei
1098 1867 1104 1885 :
1117 1857 1200 1886 Vobis
1210 1858 1256 1892 qui
1273 1857 1375 1884 timetis
1389 1863 1489 1884 nomen
1504 1863 1593 1883 meum
1620 1856 1827 1891 cognominaui-

1037 1909 1080 1931 tur
1092 1911 1190 1931 novum
1206 1911 1302 1931 nomen
1318 1903 1391 1939 quod
1419 1902 1597 1930 benedicetur
1610 1909 1693 1937 super
1710 1907 1825 1929 terram.

1035 1949 1068 1977 Et
1082 1950 1169 1977 adhuc
1181 1957 1188 1975 :
1207 1948 1269 1976 Non
1278 1954 1316 1977 est
1330 1957 1424 1976 nomen
1441 1949 1515 1976 aliud
1529 1949 1576 1976 sub
1589 1949 1652 1975 crelo
1673 1949 1767 1975 datum
1778 1949 1826 1975 Ito-

1035 1995 1146 2023 minibus
1161 1996 1188 2023 in
1201 2004 1253 2031 quo
1267 2000 1385 2030 oporteat
1398 2004 1445 2023 nos
1459 1995 1545 2023 salvos
1557 1995 1617 2030 ﬁeri
1631 1995 1668 2021 ".
1690 1994 1758 2028 Hoc,
1788 1995 1825 2022 in«

1034 2048 1128 2076 quam,
1141 2049 1240 2069 nomen
1253 2041 1362 2069 Domini
1388 2042 1426 2069 sit
1449 2042 1621 2070 benedictum
1648 2041 1676 2068 in
1700 2041 1823 2069 secula:

1034 2088 1109 2122 quod
1122 2077 1190 2115 iram
1208 2087 1320 2122 avertit,
1333 2088 1405 2123 quod
1417 2088 1590 2116 maledictum
1615 2088 1727 2116 abstulit
1741 2093 1825 2123 atque

1034 2135 1151 2166 remisit,
1172 2134 1242 2168 quod
1253 2134 1390 2161 tlzeinones
1402 2135 1511 2162 terruit.
1527 2134 1583 2162 Iloc
1604 2142 1701 2162 nomen
1716 2134 1822 2161 Domini

1033 2180 1070 2207 sit
1082 2179 1254 2207 benedictum
1271 2180 1296 2206 in
1309 2180 1417 2207 stecula.
1433 2180 1474 2207 Sit
1490 2181 1660 2207 benedictum
1679 2181 1705 2207 in
1718 2180 1824 2216 angelis

1034 2229 1061 2252 et
1078 2226 1104 2252 in
1121 2226 1290 2258 hominibus,
1303 2226 1330 2252 in
1345 2225 1503 2253 coelestibus
1518 2226 1677 2258 virtutibus,
1691 2226 1717 2252 in
1740 2226 1824 2261 spiri-

1033 2272 1105 2299 tibus
1121 2276 1201 2306 atque
1212 2272 1239 2299 in
1256 2272 1381 2299 ontnibus
1393 2271 1530 2306 justornm
1544 2271 1700 2305 animabus,
1713 2273 1739 2298 in
1752 2280 1823 2306 gen-

1030 2318 1101 2345 tibus
1112 2323 1139 2346 et
1156 2318 1182 2345 in
1193 2319 1322 2346 omnibus
1336 2319 1456 2346 fidelium
1482 2318 1749 2353 congregationibus.
1779 2319 1822 2345 Sit

1032 2373 1124 2392 nomen
1136 2365 1242 2392 Domini
1255 2365 1428 2392 benedictum.
1450 2364 1606 2399 Quousque,
1635 2370 1682 2391 aut
1698 2365 1821 2399 quanditt

1030 2411 1066 2438 sit
1082 2411 1273 2439 benedictum?
1290 2411 1323 2439 In
1341 2411 1450 2443 tacula,
1469 2411 1564 2446 inquit,
1586 2411 1612 2438 in
1639 2411 1720 2438 linem
1743 2418 1817 2445 pra-

1032 2458 1116 2484 sentis
1128 2462 1156 2485 et
1172 2458 1199 2485 in
1218 2458 1296 2485 initio
1314 2458 1413 2485 inﬁniti
1425 2457 1496 2485 illius
1512 2458 1616 2496 saeculi.
1633 2457 1686 2489 Sit,
1706 2458 1796 2493 inquit
1811 2478 1820 2490 .

1033 2511 1129 2531 nomen
1146 2504 1250 2531 Domini
1266 2504 1437 2532 benedictum
1454 2505 1480 2531 in
1503 2504 1646 2531 animabus
1665 2508 1820 2536 castorum,

1031 2547 1059 2575 in
1078 2550 1205 2577 cordibus
1221 2551 1337 2585 piorum,
1350 2550 1377 2578 in
1392 2550 1526 2577 mentibus
1551 2549 1743 2584 religiosorum
1755 2570 1764 2582 ,
1792 2550 1819 2577 in

1031 2595 1143 2622 ecclesia
1160 2601 1327 2629 sanctorum,
1344 2597 1370 2623 in
1382 2597 1592 2632 congregatione
1609 2596 1819 2623 verissimorum

1030 2640 1078 2668 Dei
1091 2641 1264 2670 fautulorum.
1281 2642 1322 2670 Sit
1338 2650 1434 2670 nomen
1453 2642 1558 2670 Domini
1574 2642 1750 2670 benedictum
1764 2649 1818 2668 non

1029 2686 1056 2713 in
1071 2692 1192 2723 tempore
1211 2689 1335 2717 dimenso
1358 2695 1440 2724 atque
1467 2693 1578 2723 statuto,
1591 2689 1638 2717 sed
1661 2690 1687 2716 iu
1705 2689 1815 2716 saecula.

1028 2733 1057 2761 In
1070 2737 1179 2775 saacula,
1198 2736 1296 2771 inquit,
1312 2737 1368 2764 sive
1383 2736 1409 2763 in
1421 2736 1548 2772 presenti
1563 2736 1663 2764 saeculo
1681 2744 1769 2768 usque
1791 2736 1821 2762 in

1030 2779 1122 2815 linem,
1135 2781 1192 2809 sive
1207 2782 1233 2809 in
1253 2781 1346 2810 futuro
1366 2782 1466 2811 saeculo
1481 2782 1527 2809 illo
1542 2781 1649 2810 infinito
1674 2786 1757 2817 atque
1775 2781 1817 2808 ἰη-
