1904 3076
224 149 276 176 JH

771 144 963 173 ANONYMUS
983 145 1015 172 IN
1035 145 1104 172 JOD.
1125 161 1159 167 -
1177 145 1241 173 LIB.
1262 144 1296 173 ll.

1801 139 1853 172 H8

227 218 280 238 non
298 210 363 238 fecit
381 215 522 237 sermones
535 207 580 235 Dei
596 215 684 242 neque
699 208 853 235 testimonia
870 209 929 241 ejus
944 208 1011 235 inﬁ-
1027 211 1049 239 Α
1065 214 1174 244 propter
1188 210 1330 244 pecuniam
1343 230 1350 242 ,
1366 209 1415 236 sed
1431 214 1541 244 propter
1555 208 1732 236 dilectionem
1747 210 1850 236 servie—

226 257 297 285 delia
311 275 318 288 .
336 263 422 289 neque
449 261 615 288 supervacua
630 275 638 287 ,
663 261 752 288 neque
779 254 930 282 mendacia.
949 255 1014 288 Quae

227 302 309 328 verba
330 301 388 331 Dei,
407 299 448 327 vel
461 307 522 334 quae
537 300 692 326 testintonia
708 299 720 326 τ
737 300 775 328 Ea
792 307 852 334 qua:
866 301 900 327 ad
917 301 1014 328 diabo-

228 348 282 374 lum
301 347 403 373 locutus
418 350 471 377 est,
490 346 675 372 testimonium
700 346 867 380 perltibendo
883 345 943 378 Joh,
962 355 1014 374 non

229 392 292 418 fecit
303 399 335 418 ca
351 391 460 418 inﬁrma
476 391 517 418 vel
531 398 697 425 supervacua
713 391 915 419 succutnbendo
934 398 1016 427 atque

227 437 394 464 detrahendo
407 456 416 470 ,
429 437 476 463 sed
493 437 580 464 ﬁdelia
608 437 653 463 illa
672 441 752 471 atque
765 437 842 464 ﬁrma
856 438 932 471 fecit,
952 446 1013 466 cum

228 482 376 516 gratiarum
403 483 509 509 actione
523 482 681 510 suﬁ'erendo
697 488 796 510 cuncta
816 484 867 511 sibi
891 485 1015 512 acciden-

228 529 275 556 tia.
292 528 388 556 Merito
405 535 469 562 ergo
481 529 546 555 dicit
561 538 568 556 :
586 528 649 555 Non
667 529 740 555 dedit
756 529 935 565 insipientiam
948 530 1014 562 Deo,

228 582 280 602 non
296 575 461 602 exstiterunt
475 575 630 602 testimonia
646 575 690 602 Dei
707 575 739 602 de
755 575 799 602 illo
814 576 920 602 ittﬁrtua
935 597 942 608 ,
964 584 1014 603 ne-

227 627 280 653 que
295 619 437 646 mendacia
459 626 506 653 per
522 619 666 651 illum,sed
682 619 769 647 iidelia
785 626 819 646 ac
831 619 918 650 ﬁrma,
933 624 1014 654 atque

226 671 304 692 vera.
323 663 381 691 Non
397 665 467 691 dedit
481 664 561 691 ullam
577 665 758 697 occasionem,
777 664 818 691 vel
832 665 1013 699 suspicionem

227 709 395 737 inﬁdelitatis
413 709 477 737 Deo.
495 709 552 737 Non
573 717 685 737 necesse
699 711 795 737 ltabuit
816 710 887 739 Deus
899 711 1013 738 confun-

227 755 253 783 di
269 756 302 783 αθ
318 755 351 783 iis
363 776 371 788 ,
398 764 446 791 per
469 763 529 790 quas
543 755 617 783 velut
633 756 703 783 ﬁdeli
722 757 906 784 testimonium
923 758 1015 792 perhi-

226 801 284 829 buit
302 801 349 829 illi.
363 801 428 828 Nam
443 809 503 829 cum
519 806 592 829 esset
606 803 701 829 ﬁrnms
715 807 742 829 et
757 802 854 835 ﬁdelis,
871 811 924 830 nott
939 803 1014 830 dedit

227 847 407 882 insipientiam
423 849 477 875 Deo
489 867 496 880 ,
522 848 574 875 hoc
597 853 639 876 est
655 848 840 876 inﬁdelitatem
855 848 919 875 Deo.
933 848 1010 882 Quod

225 897 314 919 autem
330 894 474 920 erubesrat
491 893 561 920 Dens
586 894 740 921 inﬁdelibus
763 899 845 928 atque
874 894 988 921 inﬁrmis
1002 915 1009 927 ,
1031 884 1050 911 Β

225 937 284 973 ipse
303 939 432 966 Dominus
446 939 574 972 ostendit,
589 940 681 966 dicens
697 948 704 966 :
724 939 776 971 Qui
799 940 930 966 erubuerit
953 948 1010 973 me,

224 985 364 1017 confundet
380 985 448 1011 hunc
463 984 550 1012 Filius
564 985 678 1012 hominis
691 993 752 1012 cum
774 986 873 1012 venerit
888 986 915 1012 in
930 986 1013 1019 maie-

223 1036 290 1058 state
306 1039 355 1058 sua
373 1031 406 1057 σθ.
431 1030 501 1059 Deus
514 1039 580 1059 vero
595 1032 774 1059 attestabatnr
792 1032 852 1059 lidei
867 1031 918 1059 Job
931 1051 938 1064 ,
953 1033 1012 1060 dia-

223 1076 302 1105 bolus
324 1084 389 1104 vero
412 1078 594 1105 attestabatur
610 1078 778 1105 inﬁdelitati.
794 1078 863 1106 Deus
880 1079 1011 1106 testiﬁca-

223 1123 304 1150 batur
322 1125 394 1158 quod
409 1131 461 1150 non
479 1127 590 1158 propter
603 1125 744 1158 pecuniam
759 1145 767 1157 ,
782 1125 830 1152 sed
845 1130 956 1160 propter
971 1126 1012 1152 di-

223 1167 366 1196 lectionem
394 1168 508 1196 coluerit
532 1169 606 1196 illum
623 1167 673 1196 Job
691 1177 697 1196 :
715 1169 836 1196 diabolus
855 1176 920 1196 vero
943 1177 1011 1196 con-

224 1214 348 1242 ﬁrmabat
363 1215 433 1248 qu'od
449 1222 502 1241 non
513 1220 623 1249 propter
635 1215 806 1243 dilectionem
820 1215 1009 1242 colebatillum

222 1259 284 1293 Job,
299 1261 347 1287 sed
364 1265 474 1295 propter
496 1260 684 1288 substantiam.
709 1261 855 1295 Postquam
871 1269 936 1288 vero
951 1268 1009 1288 om-

222 1306 269 1333 nia
283 1307 308 1333 ei
326 1306 438 1334 abstulit
448 1307 571 1335 diabolus
587 1312 614 1335 et
627 1315 683 1334 rem
698 1307 874 1339 familiarem,
890 1313 919 1335 et
928 1307 1008 1340 ﬁlios,

221 1356 250 1380 et
267 1351 295 1378 in
309 1352 404 1379 iisdem
427 1353 575 1388 gratiarum
601 1354 754 1382 actionibus
773 1358 945 1389 permaneret
959 1353 1011 1381 Job

222 1397 296 1425 circa
312 1398 395 1426 Deum
409 1418 417 1431 ,
440 1404 503 1427 tunc
521 1399 698 1427 nihilominus
714 1400 839 1435 apparuit
854 1400 927 1435 quod
956 1408 1010 1427 non

1067 257 1112 283 bat
1131 256 1205 283 Deo:
1222 260 1285 282 tunc
1311 255 1415 282 scilicet
1440 254 1623 282 testimonium
1647 254 1749 280 diaboli
1776 255 1851 281 inﬁr-

1066 309 1139 329 mum
1155 309 1187 328 ac
1204 301 1319 328 mendax
1336 300 1435 327 factum
1449 306 1502 332 est,
1521 301 1566 327 Det
1585 308 1650 327 vero
1665 301 1850 328 testimonium

1066 354 1158 374 verum
1181 354 1214 374 ac
1235 346 1314 373 ﬁdele
1328 346 1469 380 probattnn
1485 350 1536 373 cst.
1554 345 1616 373 “me
1641 353 1708 373 sane
1726 347 1851 373 universa

1066 399 1119 418 uno
1131 391 1216 418 verbo
1230 392 1390 423 ostendens,
1405 396 1485 425 atque
1499 391 1692 426 perstringens,
1710 391 1779 417 dicit
1796 400 1803 417 :
1819 391 1852 418 In

1065 435 1107 462 his
1127 435 1246 462 omnibus
1268 443 1326 469 qua:
1343 435 1368 461 ei
1384 435 1553 466 acciderunt,
1569 435 1635 461 nihil
1654 436 1772 468 peccavit
1790 435 1850 467 Job,

1066 489 1149 517 neque
1160 483 1188 507 in
1204 486 1342 515 conspectu
1360 480 1470 507 Domini
1481 500 1488 512 ,
1504 489 1585 512 neque
1599 481 1628 507 in
1643 481 1722 507 labiis
1735 483 1802 508 suis.
1819 481 1852 508 Et

1066 536 1117 554 non
1134 528 1207 554 dedit
1227 527 1404 561 insipientiam
1422 526 1475 553 Deo
1486 526 1520 553 ⁸¹.
1537 526 1702 554 Studeamus
1715 527 1816 559 etiam,
1836 536 1854 555 o

1065 572 1114 598 viri
1127 593 1134 604 ,
1162 572 1318 599 studt-amns
1334 571 1406 598 omni
1425 571 1525 598 virtute
1543 577 1635 598 nostra
1648 590 1656 603 ,
1670 579 1688 598 ο
1705 572 1809 603 amici,
1825 577 1854 599 ut

1065 626 1118 644 non
1134 618 1230 644 demus
1250 617 1436 644 inﬁdelitaleut
1455 617 1518 648 Deo.
1536 623 1563 644 ut
1580 625 1633 644 non
1647 617 1815 645 exsistamus
1828 618 1853 645 ei

1065 663 1196 694 inﬁdeles,
1211 669 1299 698 neque
1314 663 1340 690 in
1354 663 1406 690 ﬁde
1421 683 1429 695 .
1444 670 1531 697 neque
1546 664 1573 690 in
1588 664 1680 691 verbis
1694 684 1702 696 ,
1718 671 1809 698 neque
1827 665 1852 691 in

1065 708 1154 742 factis,
1171 715 1259 743 neque
1275 708 1302 735 in
1318 708 1530 742 cogitationibus
1541 728 1549 740 ,
1569 716 1655 743 neque
1670 709 1699 736 in
1717 710 1853 742 consiliis,

1064 762 1150 789 neque
1163 755 1188 781 in
1209 755 1362 788 impietate,
1378 761 1466 788 neque
1480 754 1505 782 in
1522 754 1753 787 tribulationibus,
1765 763 1853 790 neque

1065 800 1091 827 itt
1105 800 1210 827 deliciis
1222 821 1230 834 ,
1249 808 1336 834 neque
1353 801 1379 827 in
1393 800 1479 834 gloria
1492 819 1501 832 ,
1526 808 1614 835 neque
1628 801 1654 828 itt
1671 806 1833 836 paupertate
1844 822 1851 834 ,

1064 847 1110 874 sed
1123 847 1180 874 haec
1199 847 1326 874 universa
1341 854 1400 873 cum
1417 847 1545 881 patientia
1567 852 1750 880 transeamus,
1772 853 1854 882 atque

1065 902 1125 921 cum
1140 894 1287 928 gratiarum
1302 893 1455 920 actionibus
1473 893 1672 926 sustineatnus,
1690 893 1760 920 utin
1778 895 1853 921 omni

1066 939 1118 965 vita
1134 943 1226 965 nostra
1243 937 1336 965 ﬁdeles
1359 938 1414 965 Deo
1426 957 1434 970 ,
1451 943 1478 964 et
1495 937 1563 964 ﬁrmi
1588 938 1613 964 in
1629 937 1681 964 ﬁde
1705 945 1738 965 ac
1752 938 1855 973 pietate

1066 992 1234 1019 reperamur
1248 984 1281 1011 ad
1299 984 1385 1011 instar
1401 984 1472 1011 beati
1486 983 1536 1012 Joh
1549 984 1594 1018 qui
1612 985 1637 1011 itt
1649 985 1777 1012 omnibus
1793 993 1854 1020 quae

1066 1031 1090 1059 ei
1104 1032 1262 1058 acciderunt
1273 1030 1359 1058 ﬁdelis
1374 1030 1522 1065 permansit
1533 1038 1624 1058 coram
1640 1031 1706 1063 Deo,
1720 1035 1750 1058 et
1763 1031 1853 1058 ﬁdelia

1066 1077 1155 1104 omnia
1172 1077 1292 1105 ostendit
1308 1077 1343 1104 de
1357 1084 1386 1104 se
1408 1077 1562 1104 testimonia
1589 1077 1648 1112 ejus
1663 1087 1670 1104 :
1687 1078 1732 1112 qui
1748 1079 1854 1112 primus

1066 1123 1204 1150 hominum
1232 1128 1292 1158 post
1314 1122 1382 1150 Abel
1409 1128 1491 1158 atque
1519 1124 1657 1150 Abraham
1680 1124 1724 1151 his
1749 1124 1797 1158 qui
1827 1125 1851 1151 in

1066 1169 1166 1196 tnundo
1182 1173 1245 1196 sunt
1273 1169 1405 1196 bonorum
1421 1168 1566 1203 dereliquit
1589 1168 1703 1195 fortnam
1715 1189 1723 1201 ,
1740 1168 1789 1203 qui
1806 1176 1853 1196 no-

1065 1217 1182 1244 minatur
1197 1222 1279 1251 atque
1303 1217 1494 1252 magniﬁcatur
1517 1217 1587 1244 inter
1607 1215 1730 1243 homines
1748 1215 1775 1242 in
1790 1223 1852 1249 per-

1065 1266 1145 1298 petuo
1160 1283 1167 1295 ,
1195 1263 1241 1297 qui
1267 1263 1414 1298 requiescit
1438 1271 1500 1290 cum
1523 1262 1680 1294 angelorum
1707 1261 1802 1288 choris
1828 1262 1852 1287 itt

1064 1309 1149 1344 gloria
1167 1309 1365 1344 incorruptibili
1390 1309 1416 1335 in
1437 1308 1540 1336 inﬁnita
1556 1315 1665 1335 saecula.
1683 1307 1742 1341 Qua
1759 1307 1852 1342 requie

1063 1354 1144 1381 etiam
1169 1361 1218 1381 nos
1232 1361 1329 1382 omnes
1354 1353 1451 1390 dignos
1472 1353 1569 1381 habeat
1584 1351 1774 1380 misericordia
1799 1352 1851 1378 Do-

1064 1407 1140 1426 mlﬂl.

1080 1504 1829 1516 __________________.__._

764 1598 942 1643 LIBER
978 1597 1306 1644 SECUNDUS.

256 1780 334 1809 Sicut
350 1781 525 1816 pulcherrimi
544 1783 609 1811 solis
622 1784 690 1812 radii
710 1784 883 1813 delectabilcs
897 1789 961 1814 sunt
976 1785 1008 1813 ad
1024 1790 1044 1818 (ζ
1062 1790 1124 1813 attte
1147 1785 1293 1813 secundam
1310 1784 1530 1820 congressionem
1546 1783 1680 1811 inutiliter
1701 1789 1777 1819 terga
1792 1791 1849 1811 ver-

218 1827 362 1854 videndum
386 1828 459 1855 omni
480 1828 584 1856 homini
611 1830 730 1858 illibatos
757 1831 851 1859 oculos
879 1831 1006 1866 habenti,

220 1873 256 1900 ita
275 1878 302 1900 et
326 1874 496 1904 admirabilis
512 1874 562 1903 Job
586 1876 676 1911 passio
690 1876 880 1905 desiderabilis
897 1882 958 1912 est,
976 1886 1008 1905 ac

219 1918 390 1947 delectabilis
401 1939 409 1952 ,
425 1925 506 1955 atque
521 1923 675 1949 necessaria
693 1923 726 1950 ad
740 1923 903 1951 audiendum
919 1924 1008 1952 omni-

219 1964 268 1992 bus
281 1964 336 1998 piis
347 1985 354 1997 ,
370 1965 497 1993 omnibus
515 1967 691 1995 credentibus
705 1987 713 2000 ,
728 1968 854 1995 omnibus
868 1969 951 1996 Demn
967 1970 1008 1996 in-

219 2011 357 2038 tuentibus
371 2031 378 2044 ,
393 2016 474 2046 atque
491 2011 576 2039 Deum
600 2013 784 2048 diligentibus.
801 2014 868 2041 Nam
889 2015 1006 2042 admira-

219 2055 281 2084 bilis
306 2056 377 2090 Job,
402 2065 464 2085 cum
491 2058 578 2093 prima
607 2060 799 2094 congressione
814 2061 954 2087 victoriam
975 2061 1008 2088 de

217 2101 330 2130 diabolo
343 2103 501 2138 perfecisset
515 2124 522 2137 ,
545 2109 626 2139 atque
649 2105 830 2140 triumphator
845 2107 878 2133 de
891 2106 1008 2141 maligno

218 2150 377 2183 exstitisset,
395 2156 498 2186 quanto
511 2152 599 2187 magis
617 2152 759 2179 victoriam
776 2154 808 2180 de
824 2153 867 2180 illo
881 2154 1006 2188 sumpsit,

221 2201 296 2224 tanto
311 2198 428 2232 amplius
444 2198 518 2225 illum
534 2199 567 2225 ad
581 2198 669 2225 zelum
684 2199 758 2226 circa
775 2206 814 2232 se,
830 2205 857 2227 et
872 2200 905 2227 ad
921 2200 1007 2234 majus

218 2247 356 2269 certamen
374 2248 452 2278 atque
466 2244 564 2271 bellum
580 2246 736 2272 commovit.
751 2243 830 2272 Velut
846 2246 916 2272 enim
932 2246 1007 2274 inex-

219 2288 382 2323 stinguibilis
409 2289 479 2324 ignis
496 2289 602 2317 ﬁamma
630 2298 778 2318 succensus
803 2292 1005 2326 nequissimus,

219 2339 340 2361 tractans
357 2335 428 2370 apud
451 2337 629 2370 semetipsum
656 2337 723 2364 dixit
743 2346 750 2365 :
770 2336 848 2365 Nunc
874 2337 940 2365 tttilti
966 2344 1008 2366 est

218 2379 280 2406 belli
298 2385 414 2415 tempus,
431 2389 502 2409 nunc
517 2383 635 2410 victoria:
652 2391 713 2418 spes
728 2380 792 2411 milii
808 2392 941 2419 nusquam
954 2390 1005 2417 est.

219 2433 290 2453 nunc
307 2433 451 2460 exsurgam
467 2429 501 2455 ad
517 2434 654 2457 certamen
669 2431 742 2457 circa
763 2429 815 2458 Job
827 2451 834 2464 ,
861 2439 933 2459 nunc
947 2431 1005 2458 evi-

215 2471 315 2500 denter
340 2473 426 2501 cecidi
449 2479 559 2509 propter
584 2476 754 2505 tolerantiam
777 2477 846 2512 ejus.
866 2476 943 2511 Non,
961 2478 1003 2505 in-
1021 2465 1042 2492 θ

216 2518 275 2554 quit
287 2538 295 2551 ,
311 2523 354 2546 est
368 2520 432 2547 mibi
451 2520 620 2556 fugiendum.
637 2521 784 2557 Non‘cnim
808 2524 941 2559 permittit
957 2532 1003 2551 su-

217 2566 384 2600 perationem
399 2567 488 2595 virtus
503 2567 560 2603 ipsa
576 2576 636 2603 quae
652 2577 723 2597 nunc
736 2575 786 2603 est,
801 2571 846 2598 sed
863 2571 951 2598 adltuc
962 2575 1003 2598 est

216 2612 282 2639 milti
300 2613 543 2648 congrediendum.
559 2614 654 2642 Timeo
670 2616 741 2642 enim
762 2624 795 2644 ne
812 2624 906 2644 rttrsus
923 2617 1003 2644 terri-

217 2656 306 2685 biliter
323 2659 417 2686 cadam
431 2664 495 2687 ante
507 2667 579 2688 eum.
597 2660 649 2688 Sed
666 2661 773 2688 interitu
791 2661 859 2697 fugit
873 2669 933 2689 cum
949 2670 1001 2689 non

216 2703 288 2730 valet
303 2709 330 2730 ct
345 2705 470 2740 congredi
487 2714 539 2734 non
556 2707 636 2733 audet
649 2728 656 2740 ,
678 2712 704 2734 et
720 2714 877 2735 concertare
897 2707 1003 2734 metuit.

218 2745 313 2775 Melius
336 2753 398 2783 est,
424 2750 532 2784 inquit,
548 2757 577 2779 ιιι
599 2753 770 2788 congrediar,
784 2761 866 2788 quam
883 2757 946 2780 ante
963 2760 1007 2780 se-

219 2795 335 2821 cundam
361 2795 538 2824 luctationem
569 2798 783 2827 indeliberanter
810 2799 932 2835 fugiam,
960 2805 1007 2828 aut

251 2865 273 2881 °°
285 2864 355 2894 Luc.
367 2873 404 2899 ut,
423 2867 466 2894 ‘26.
518 2868 539 2884 ⁶¹
555 2868 603 2896 Job
621 2878 639 2904 t,
656 2870 701 2898 22.

1061 1837 1126 1859 tam.
1152 1831 1288 1865 Forsitan,
1308 1831 1405 1866 inquit,
1426 1831 1451 1857 in
1470 1830 1588 1857 secunda
1607 1831 1802 1865 congressione
1815 1831 1849 1855 vi-

1060 1877 1143 1905 ctoria
1159 1878 1191 1904 ad
1216 1885 1257 1904 tne
1274 1882 1432 1903 revertetur.
1451 1876 1578 1903 Forsitan
1598 1876 1669 1902 enim
1697 1874 1849 1902 contemnit

1058 1930 1118 1956 sua,
1132 1929 1159 1950 et
1178 1923 1261 1955 ﬁlios,
1278 1923 1396 1957 seipsum
1412 1927 1500 1949 autem
1518 1929 1570 1948 non
1592 1922 1753 1953 contemnit,
1770 1928 1846 1947 suum

1060 1970 1197 2004 propriutn
1213 1976 1312 2004 corpus
1328 1976 1382 1996 non
1397 1968 1510 2004 spernit,
1525 1967 1648 2002 proprios
1663 1975 1728 1994 suos
1741 1967 1848 1994 dolores

1059 2021 1113 2040 non
1130 2014 1257 2050 despicit.
1273 2014 1397 2047 Quaeram
1413 2012 1498 2044 illum,
1512 2013 1597 2048 ipsum
1613 2011 1750 2046 requiram
1766 2031 1774 2044 ,
1787 2019 1847 2039 cor-

1057 2067 1108 2094 pus
1123 2060 1208 2094 ipsius
1232 2060 1380 2094 percutiam
1399 2058 1492 2086 dolore
1505 2079 1512 2092 ,
1539 2057 1708 2093 liquefaciam
1730 2057 1847 2084 vulneri-

1059 2105 1109 2132 bus
1121 2125 1129 2138 ,
1145 2111 1301 2132 consumam
1317 2104 1456 2132 vermibus
1474 2114 1481 2131 :
1500 2104 1613 2131 forsitan
1640 2105 1682 2131 bis
1705 2104 1846 2134 doloribus

1059 2151 1236 2178 succumbens
1260 2151 1403 2179 maledicet
1418 2171 1425 2184 ,
1443 2151 1555 2179 forsitan
1574 2151 1643 2177 hanc
1658 2157 1768 2184 pinnam
1795 2153 1845 2176 non

1059 2196 1192 2224 suﬁerens
1218 2196 1426 2231 blaspltemabit.
1443 2196 1553 2224 Diversa
1577 2196 1648 2224 enim
1668 2196 1846 2223 immutantur

1059 2246 1190 2276 tempora,
1206 2242 1350 2276 aliquando
1367 2243 1434 2276 huc,
1453 2242 1598 2278 aliquando
1611 2247 1701 2268 autetn
1720 2242 1785 2269 illuc
1798 2241 1846 2268 ﬁe-

1059 2292 1178 2314 ctuntur.
1192 2287 1287 2314 Merito
1300 2308 1307 2321 ,
1323 2288 1410 2322 inquit
1423 2307 1431 2321 ,
1453 2293 1496 2315 est
1511 2288 1591 2315 etiaut
1605 2288 1669 2314 mihi
1684 2288 1774 2315 adhuc
1787 2295 1846 2322 spes

1059 2335 1190 2363 victoritc.
1209 2333 1271 2361 llzcc
1287 2335 1377 2369 itaque
1391 2355 1399 2368 ,
1413 2340 1494 2369 atqtte
1518 2334 1561 2361 his
1581 2334 1680 2361 similia
1697 2334 1823 2369 cogitans
1837 2353 1844 2365 ,

1058 2385 1141 2414 atque
1156 2380 1226 2414 apud
1252 2381 1426 2415 semetipsum
1453 2384 1574 2407 tractans
1591 2379 1777 2414 nequissimus
1791 2379 1847 2406 dia-

1058 2427 1147 2460 bolus,
1166 2435 1261 2455 rursus
1280 2427 1445 2462 impudentia
1459 2427 1552 2460 utitur,
1569 2434 1662 2454 rursus
1687 2426 1848 2461 importuni-

1059 2479 1142 2502 tatem
1159 2475 1350 2508 demonstrat,
1367 2482 1461 2502 rursus
1481 2479 1610 2509 tanquatn
1633 2472 1709 2500 canis
1733 2473 1848 2500 rabidus

1058 2521 1084 2548 itt
1101 2521 1228 2548 baculutn
1242 2521 1321 2548 irruit
1331 2540 1338 2554 ,
1352 2528 1404 2548 non
1423 2521 1597 2548 considerans
1612 2519 1752 2555 propriam
1772 2519 1847 2554 deje-

1057 2567 1174 2594 ctionem
1189 2587 1197 2601 ,
1221 2575 1273 2594 non
1299 2567 1453 2599 intelligens
1478 2566 1614 2601 propriam
1629 2565 1845 2592 deformitatem.

1059 2615 1163 2642 ltursns
1182 2621 1244 2642 ante
1260 2615 1355 2642 faciem
1379 2615 1426 2642 Det
1442 2614 1606 2642 subintroire
1622 2613 1703 2640 audet
1716 2632 1726 2643 .
1752 2621 1846 2641 rursus

1059 2660 1328 2695 irreprchensibilem
1343 2660 1416 2688 illum
1440 2660 1488 2688 Job
1503 2661 1701 2694 reprehendere
1715 2667 1771 2686 non
1787 2667 1845 2686 me~

1059 2705 1121 2738 luit,
1138 2714 1192 2740 quo
1208 2706 1292 2740 magis
1308 2712 1357 2740 per
1380 2713 1470 2732 omnia
1494 2705 1623 2732 confusus
1648 2709 1728 2739 atque
1751 2704 1845 2731 convi-

1059 2756 1118 2779 ctus
1128 2752 1281 2780 exsisteret.
1296 2751 1359 2780 Hac
1368 2759 1483 2786 namque
1500 2752 1624 2778 uttiversa
1640 2752 1843 2781 demonstrans,

1059 2805 1140 2836 atque
1165 2808 1383 2829 commemorans
1396 2821 1404 2836 ,
1429 2799 1516 2829 dicit:
1535 2799 1570 2827 Et
1590 2799 1689 2834 factum
1704 2803 1743 2825 est
1767 2799 1845 2833 quasi
