1904 3076
77 102 128 134 “'9

632 102 826 135 ANONYMUS
845 106 879 134 IN
897 105 968 134 JOB.
983 108 1023 127 '—
1041 106 1105 134 LIB.
1129 106 1160 134 Π.

1637 134 1640 137 .
1659 111 1711 139 ιδο

76 167 130 194 diu
147 166 195 193 illa
211 166 249 193 η.
273 166 339 200 Quae
353 166 409 194 dies
421 166 434 193 ἲ
459 159 521 194 Dies
540 168 680 202 temporis,
697 168 754 195 dies
769 175 867 203 oppor-
884 177 907 206 Α
922 172 949 195 et
962 167 1074 195 veniunt
1089 167 1178 202 angeli
1201 171 1264 194 ante
1279 167 1381 196 Deum..
1397 167 1486 195 Prima
1506 168 1567 197 vice
1578 176 1712 199 venerunt

77 212 210 241 tunitatis.
234 211 272 238 Et
301 213 399 247 factum
419 217 456 240 est
471 213 550 248 quasi
568 213 626 240 dies
642 213 699 242 illa.
719 214 783 242 Dies
798 214 867 242 tole-

77 259 188 289 rantiae,
216 257 281 286 dies
305 259 547 287 consummationis
561 280 568 292 ,
592 260 650 287 dies
668 260 869 295 adimpletionis

77 305 168 336 primae
182 303 312 331 victoria!
325 303 385 331 Job.
404 303 438 330 Et
464 305 564 337 factum
585 311 623 332 est
639 306 714 340 quasi
736 307 791 334 dies
808 307 865 334 illa.

79 350 137 377 Dies
153 350 179 376 in
194 357 249 383 qtta
270 349 395 377 diabolus
417 351 535 382 cecidit,
562 350 613 378 Job
637 358 701 378 vero
722 353 841 381 surrexit
858 363 866 381 :

78 396 131 423 dies
147 396 172 423 in
186 403 242 430 qua
260 396 384 424 diabolus
407 397 566 425 humiliatus
581 401 639 430 est,
653 396 704 425 Job
717 405 781 425 vero
796 399 868 425 exal-

79 446 146 469 tatus
159 446 200 468 est
218 450 226 469 :
246 441 308 469 dies
324 442 350 469 in
368 450 420 477 qua
437 443 561 470 diabolus
583 444 711 471 confusus
729 449 790 477 est,
815 445 866 472 Job

77 495 137 515 vero
150 493 303 515 coronatus
316 492 369 515 est.
384 488 417 515 Et
439 489 538 523 factum
555 495 592 516 est
604 491 679 524 quasi
690 491 747 517 dies
764 491 822 518 illa.
837 491 864 518 ln

78 541 125 569 qua
142 534 299 561 redivivum
315 534 447 569 judicium
472 535 542 562 inter
556 534 606 564 Job
623 541 651 563 et
675 537 810 564 diabolum
825 542 866 564 est

78 579 191 606 auditum
207 600 215 612 ,
242 579 271 606 in
290 587 342 615 qua
368 581 495 608 redivivte
511 588 618 609 coronae
640 581 691 610 Job
708 584 743 610 ab
762 583 866 618 angelis

78 630 169 660 aptata:
182 645 191 655 ,
209 630 296 659 atque
311 632 479 653 consecrata:
495 632 568 654 sunt.
583 627 696 655 Factum
708 649 716 660 ,
733 629 842 663 inquam
857 650 864 661 ,

77 674 112 697 ett
123 689 131 702 ,
144 671 221 704 quasi
239 671 300 697 dies
317 671 365 697 illa
379 691 386 703 ,
403 672 502 699 similis
521 673 545 699 ei
567 673 600 699 de
617 681 669 707 qua
686 675 811 708 superius
825 674 866 701 di-

78 720 143 742 ctum
156 721 209 748 est,
225 716 260 743 de
274 724 328 750 qua
343 717 399 751 jam
414 719 541 750 superius
554 719 669 752 plurima
687 720 814 746 diximus.
830 720 865 747 Et

79 762 171 796 factum
183 766 222 788 est
235 763 315 797 quasi
338 764 394 790 dies
406 764 453 790 illa
466 784 473 795 ,
490 769 515 792 et
533 770 655 792 uerterunt
673 766 759 801 angeli
775 766 820 793 Dei
837 771 864 794 ut

78 814 168 835 starent
182 814 245 836 ante
258 809 404 837 Dominum
426 815 450 837 et
465 811 587 838 diabolus
605 813 674 839 venit
685 821 744 838 cum
758 812 813 839 illis
836 818 862 839 ut

920 219 949 240 ιιι
961 213 1201 249 jnstilicatiouibus
1213 213 1263 241 Job
1280 218 1474 241 attestarentur
1494 219 1522 242 et
1536 215 1597 243 lldei
1611 222 1643 243 ac
1657 215 1712 250 pie-

920 261 968 287 tati
984 259 1044 294 ejus
1057 279 1065 293 ,
1081 260 1128 286 sed
1145 263 1208 286 tlmc
1221 266 1288 287 sane
1312 259 1377 287 solis
1400 260 1645 295 jnstilicationibus
1660 261 1711 290 Job

919 306 1037 334 attestati
1054 309 1126 333 sunt.
1154 305 1230 333 Nunc
1252 313 1316 333 vero
1341 307 1456 333 secunda
1484 307 1542 335 vice
1568 309 1711 336 venientes

918 356 981 379 ante
1000 351 1095 383 Deum,
1111 359 1162 378 non
1178 351 1244 378 solis
1258 352 1499 386 justiﬁcationibus
1516 353 1574 388 ejus
1590 359 1654 381 sunt
1666 359 1710 381 at-

919 398 1019 428 testati,
1038 397 1085 424 sed
1099 401 1125 423 et
1141 396 1290 424 tolerantiae
1302 403 1328 424 et
1341 397 1591 432 iustificationibus,
1606 402 1710 433 patien-

919 442 963 470 tia:
978 449 1085 476 quoque
1096 462 1104 473 .
1121 449 1153 469 ac
1165 443 1326 469 constantiae
1337 463 1345 474 ,
1362 448 1444 478 atque
1458 444 1611 472 dilectionis
1627 452 1708 480 quant

917 496 980 523 erga
996 488 1081 515 Deunt
1096 488 1190 515 habuit
1208 488 1380 524 plenitudini.
1405 489 1467 517 Istis
1486 498 1604 526 namque
1619 491 1709 518 omni-

917 535 969 562 bus
986 539 1146 562 attestantes
1170 534 1280 569 gloriosi
1303 534 1392 570 angeli
1407 555 1415 567 ,
1439 543 1544 563 necnon
1565 541 1592 563 et
1608 536 1707 564 diaboli

918 580 1064 614 nequitiam
1083 585 1244 608 accusantes
1263 586 1344 615 atque
1360 582 1519 609 mendacem
1545 582 1618 608 illum
1632 590 1708 610 com-

916 626 1072 661 probantes,
1090 629 1218 652 venerunt
1235 631 1299 653 ante
1313 626 1408 659 Deutn,
1422 634 1483 654 cum
1500 627 1598 661 quibus
1608 633 1636 655 et
1648 629 1707 655 dia-

917 671 994 698 bolus
1009 671 1092 698 venit.
1111 670 1190 698 Venit
1207 671 1383 699 nihilominus
1397 680 1450 699 non
1464 672 1533 700 facie
1547 673 1580 699 ad
1598 672 1705 705 faciem,

915 719 963 746 sed
978 719 1100 746 consiliis
1122 723 1150 746 et
1167 719 1379 755 cogitationibus
1391 740 1398 751 ,
1414 719 1540 746 sensibus
1555 724 1638 755 atque
1653 725 1707 747 tra-

915 763 1077 792 ctationibus
1091 786 1098 798 ,
1115 764 1257 792 desideriis
1272 773 1304 792 ac
1318 765 1559 793 deliberationibus
1578 767 1650 793 sicut
1663 773 1708 793 suo

915 810 1006 844 perius
1021 818 1070 845 per
1081 811 1197 845 plurima
1218 812 1433 838 demonstratutn
1451 816 1505 839 est.
1532 811 1605 845 Quas
1629 812 1706 847 cogi-

77 859 149 881 staret
164 860 224 881 ante
240 854 420 882 Dominum“.
437 856 575 883 Venerunt
585 857 685 892 angeli,
696 858 792 885 nonde
806 857 865 885 loco
881 855 902 882 Β
918 855 1034 883 lationes
1047 863 1108 883 cum
1125 857 1228 884 videret
1244 857 1313 884 Deus
1325 877 1333 888 ,
1359 856 1497 891 respondit
1512 857 1549 883 illi
1562 877 1569 890 ,
1584 858 1678 885 dicens
1695 866 1704 885 :

78 901 102 926 in
116 899 201 927 locum
231 901 379 933 translati,
405 909 456 929 non
480 902 514 930 de
528 903 640 938 regione
667 904 700 931 ad
725 905 862 939 regionem

82 951 255 980 transeuntes,
272 955 328 974 non
343 948 376 975 de
391 949 530 983 provincia
545 950 578 977 ad
595 950 762 984 provinciam
789 958 864 978 com-

79 998 199 1024 meantes,
215 993 264 1020 sed
277 997 343 1020 ante
363 994 506 1022 Dominttm
527 995 630 1031 jugiter
647 1003 862 1031 perseverantes.

77 1037 139 1065 Nam
160 1039 180 1065 si
205 1044 235 1066 ut
255 1039 339 1074 justis
353 1040 399 1068 lux
421 1049 539 1076 semper,
558 1043 594 1069 ita
610 1043 696 1070 facies
713 1044 758 1071 Dei
783 1051 865 1079 super

77 1085 163 1118 juslos-
179 1092 301 1120 semper,
318 1086 355 1114 ita
370 1091 433 1114 ante
448 1087 532 1115 Denm
555 1089 621 1124 justi
643 1096 762 1124 Semper,
777 1091 864 1118 inulto

80 1130 157 1164 magis
169 1130 281 1165 gloriosi
297 1137 380 1167 atque
393 1135 481 1161 sancti
498 1134 604 1169 angeli,
621 1136 666 1169 qui
681 1136 864 1163 indesinenter

78 1182 108 1202 ac
120 1181 247 1211 perpetuo
271 1185 437 1213 permanettt
455 1184 520 1207 ante
547 1181 629 1208 Dcum
654 1181 680 1209 in
700 1182 795 1216 gloria.
813 1183 864 1211 Ve-

80 1220 133 1248 nire
144 1227 231 1250 autem
258 1224 390 1251 dicuntur
403 1225 445 1252 vel
462 1226 501 1253 ire
514 1247 521 1260 ,
539 1234 600 1254 cum
626 1228 659 1254 ad
682 1228 862 1256 ministerium

81 1261 174 1295 fuerint.
185 1270 279 1303 missi,
299 1278 362 1298 cum
381 1271 531 1307 legationes
556 1272 783 1308 adimpleverint,
800 1282 861 1302 cura

81 1313 195 1341 mandata
211 1315 389 1350 perfecerint,
402 1325 463 1344 cum
479 1323 589 1353 propter
606 1326 654 1347 eos
668 1320 713 1354 qui
730 1321 864 1355 patienter

81 1360 272 1394 sustinuerint,
290 1362 374 1390 Deutn
392 1363 645 1398 magniﬁcaverint,
669 1373 730 1393 cum
744 1369 858 1401 propter

81 1412 122 1432 eos
136 1405 179 1440 qui
200 1406 318 1434 salutent
344 1408 541 1443 adipiscuntur,
563 1409 646 1437 Deum
670 1410 862 1445 laudaverint,

43 1471 46 1475 .
84 1452 182 1485 quando
196 1460 244 1488 pro
266 1453 395 1489 perfectis
418 1454 523 1482 caelesti
541 1455 653 1484 Domino
666 1457 784 1484 confessi
804 1457 862 1485 fne—

83 1497 137 1529 rint,
144 1500 247 1533 quando
254 1506 306 1534 pro
319 1500 481 1527 omnimodis
492 1500 537 1528 Dei
549 1496 687 1529 miraculis
695 1507 797 1529 interno
807 1503 861 1538 regi

86 1544 261 1572 indesinenter
278 1546 381 1581 gratias
397 1547 552 1580 egerint.Et
570 1548 652 1576 nolite
664 1549 864 1583 mirari,oami-

83 1590 114 1623 ci,
126 1591 193 1625 quod
207 1591 298 1626 angeli
315 1591 408 1619 venire
423 1592 462 1620 vel
479 1593 518 1620 ire
532 1594 668 1627 dicuntur,
683 1594 746 1629 quia
761 1594 864 1629 majora

83 1640 155 1670 atque
177 1637 311 1665 mirabilia
331 1639 447 1666 audituri
476 1639 552 1667 estis.
574 1639 641 1667 Nam
656 1645 683 1667 et
698 1640 755 1676 ipse
772 1641 841 1669 Dens
854 1662 861 1674 ,

84 1681 122 1714 qui
136 1686 174 1708 est
186 1683 344 1718 angelorum
361 1689 442 1719 atque
456 1686 577 1712 omnium
605 1686 749 1721 spirituum
774 1692 863 1715 rector

84 1730 107 1751 el
127 1727 254 1760 conditor,
283 1729 376 1756 venire
401 1734 429 1756 et
452 1730 492 1756 ire
514 1730 624 1764 dicitur,
647 1731 812 1758 descendere
836 1737 863 1759 et

85 1774 226 1805 ascendere,
235 1775 331 1802 sedere
341 1780 368 1802 et
377 1783 496 1809 surgere,
506 1776 624 1803 dormire
633 1780 659 1804 et
671 1784 685 1803 a
699 1784 793 1804 somno
806 1785 862 1805 sur-

85 1823 148 1849 gere,
163 1823 187 1845 et
209 1819 284 1854 quod
306 1825 347 1847 est
360 1821 485 1848 ontnibus
499 1823 661 1856 stupendum
678 1823 775 1856 magis,
792 1823 859 1850 dici-

85 1865 122 1888 tur
142 1868 265 1899 tauquam
297 1871 393 1901 potens
413 1866 571 1901 crapulatus
596 1874 612 1894 a
624 1868 688 1894 vino
705 1876 712 1894 :
729 1868 860 1903 Exsurge,

86 1917 155 1942 quare
173 1912 318 1944 obdormis,
332 1912 442 1940 Damius
453 1913 466 1939 .9
480 1913 602 1948 Exsurge
622 1919 645 1940 et
662 1922 693 1941 ne
707 1914 817 1948 repellas
834 1915 861 1942 in

87 1954 152 1988 {iam
164 1955 195 1984 “.
207 1955 243 1984 Et
258 1958 402 1985 suscitatus
420 1963 457 1985 est
482 1964 608 1994 tanquam
622 1959 754 1986 dormitm
771 1960 862 1987 Domi~

87 2005 137 2030 nus.
148 2004 270 2033 tanquam
282 2008 374 2037 potens
388 2004 542 2036 crapulam:
554 2013 570 2031 α
581 2005 640 2032 υἱηο
652 2004 686 2031 ⁸⁸.
707 2005 738 2032 lit
753 2006 862 2033 descen-

86 2046 119 2072 dit
130 2046 250 2077 Dominus
266 2054 294 2077 et
306 2049 411 2077 locutus
425 2055 466 2078 est
483 2058 546 2078 cum
566 2050 668 2086 Moyse.
688 2050 721 2077 Et
738 2052 860 2079 ascendit

88 2090 148 2120 Deus
161 2100 303 2130 postquam
320 2096 426 2124 locutus
454 2101 496 2123 est
519 2096 551 2123 ad
577 2097 736 2130 Abraham,
755 2102 781 2125 et
808 2098 859 2126 alia

88 2135 211 2167 innumera
236 2141 280 2168 his
303 2141 403 2168 similia
429 2142 462 2169 de
487 2143 542 2170 Deo
566 2143 591 2169 in
619 2143 760 2178 Scriptura
781 2151 860 2178 repe-

89 2182 182 2212 riuntur
198 2186 282 2215 fuisse
300 2188 381 2215 dicta.
399 2187 427 2216 Si
440 2196 504 2222 ergo
519 2189 664 2217 immobilis
687 2194 713 2216 et
729 2191 860 2217 inexcita-
877 2203 897 2230 υ

89 2228 140 2257 bilis
150 2236 175 2258 et
187 2232 383 2269 inemigrabilis
403 2239 486 2269 atque
507 2234 623 2270 simplex
638 2235 664 2262 in
677 2235 772 2263 iisdem
787 2243 859 2263 sem-

89 2280 128 2307 Per
139 2275 232 2312 jugder
252 2287 414 2314 perntancns
439 2281 510 2307 Deus
526 2280 584 2307 bare
610 2281 734 2308 universa
749 2282 858 2311 dicitur.

89 2324 112 2346 ει
127 2321 163 2349 ire
177 2327 202 2350 et
216 2325 318 2358 venire,
341 2324 430 2358 Venit,
447 2326 545 2360 inquit,
561 2325 631 2352 Deus
650 2328 684 2352 ad
700 2325 859 2358 Balaam“,

91 2370 113 2392 α
125 2369 210 2397 sedere
225 2376 253 2398 et
268 2379 381 2406 surgere
396 2379 404 2398 :
420 2372 485 2406 quid
509 2378 638 2406 magnum
656 2371 678 2398 si
695 2371 783 2406 angeli
800 2371 859 2405 ejus

91 2416 159 2447 Ilque
181 2417 373 2445 tninisleriales
398 2418 511 2452 spiritus
534 2417 641 2444 vertisse
662 2419 696 2444 ad
716 2417 798 2444 Dcutn
817 2417 859 2444 di-

92 2465 174 2488 cuntur
184 2463 215 2490 ad
230 2464 423 2499 increpandum
440 2464 588 2498 diabolum,
608 2469 690 2499 atque
703 2470 799 2490 omnes
811 2463 859 2498 qui

92 2510 219 2538 operantur
237 2511 403 2538 voluntatem
418 2510 502 2542 illius,
519 2515 547 2537 et
568 2511 601 2537 ad
625 2511 778 2537 testandum
795 2517 861 2536 san-

93 2551 136 2578 ctis
151 2559 224 2589 atque
237 2557 439 2585 sinceritatibus
453 2565 547 2584 eoruut
567 2578 572 2589 ,
586 2565 654 2591 quas
671 2557 771 2597 habent
785 2556 858 2583 circa

95 2595 187 2627 Deltm?
208 2603 247 2629 Ad
273 2603 500 2637 magttiflcandum
526 2604 609 2632 Deum
619 2604 646 2631 in
664 2595 861 2631 misericordiis

94 2643 142 2677 θιυς
154 2654 178 2674 ει
193 2649 358 2678 bonitatibus
370 2651 429 2686 ejus
442 2673 449 2684 ,
466 2657 548 2686 atqtte
569 2651 817 2686 longanimitatibus
831 2656 859 2678 et

96 2688 309 2727 inrestigabilibus
334 2696 392 2730 ejus
419 2696 559 2724 miraculis
571 2717 578 2729 ,
597 2704 656 2732 qua:
674 2696 860 2724 indesinenter

97 2739 195 2767 ostendit
207 2742 276 2773 circa
286 2749 371 2776 genus
385 2742 534 2771 humanum
546 2745 557 2771 ἰ
577 2743 624 2771 Sic
636 2750 701 2778 ergo
714 2746 859 2774 venerunt,

119 2794 190 2823 "Job
205 2807 233 2831 tt,
251 2801 274 2827 1.
326 2801 349 2817 ⁸³
366 2802 431 2830 ibid.

100 2835 114 2860 I.
133 2831 155 2859 5.
204 2836 223 2851 ⁸³
237 2835 285 2863 Job
299 2844 328 2870 ιι,
341 2837 369 2864 2.

471 2802 492 2819 ⁸⁸
513 2802 582 2829 Psal.
601 2802 741 2833 “111,23.
780 2801 802 2817 "
815 2799 1050 2831 Psal.t.xxm,65.

919 900 993 927 Unde
1008 902 1089 935 aenis,
1103 907 1131 929 tu
1149 903 1193 929 ’τι
1207 903 1354 937 Itespomlit
1365 902 1540 930 nihilominus
1557 911 1610 930 non
1626 903 1706 931 labiis

915 946 1031 981 loquens
1046 967 1054 979 ,
1076 955 1127 975 nec
1153 949 1235 975 verba
1252 949 1431 982 depromens,
1458 955 1545 983 neque
1569 949 1705 983 colloquio

916 1000 965 1020 suo
977 993 1108 1028 injustam
1125 994 1198 1021 illum
1214 996 1323 1030 dignum
1340 995 1453 1027 faciens,
1470 996 1517 1022 sed
1527 1002 1577 1021 nec
1593 995 1704 1022 omnino

915 1039 941 1065 in
956 1040 1098 1074 praesentia
1113 1048 1174 1068 eum
1199 1041 1363 1075 suscipiens.
1377 1040 1455 1074 (Nam
1472 1041 1516 1067 ille
1532 1042 1594 1074 quia
1609 1048 1623 1068 ιι
1640 1049 1706 1069 san-

915 1085 950 1112 tis
968 1090 1138 1117 exsecratur,
1157 1090 1185 1113 et
1201 1086 1264 1113 odio
1287 1087 1405 1113 habetur
1419 1091 1502 1120 atque
1515 1086 1704 1120 conculcatur,

915 1130 942 1157 in
959 1135 1107 1165 conspectu
1126 1131 1172 1158 Dei
1196 1139 1335 1166 nunquam
1353 1132 1453 1160 veniet.
1479 1131 1507 1160 Si
1532 1133 1603 1159 enim
1629 1133 1704 1166 impii

916 1176 955 1209 (ut
969 1177 1094 1210 superius
1107 1177 1209 1203 dictum
1223 1177 1275 1209 est)
1293 1185 1345 1204 non
1356 1183 1502 1212 resurgant,
1517 1186 1598 1213 neque
1609 1186 1703 1212 pecca—

914 1227 982 1249 tores
1004 1222 1033 1249 in
1056 1223 1168 1250 concilio
1178 1221 1313 1258 justorum
1325 1223 1365 1250 “z
1381 1224 1466 1251 multo
1480 1225 1566 1259 magis
1579 1224 1701 1251 omnium

914 1269 1084 1304 lmpietatum
1102 1270 1236 1304 provisor,
1265 1274 1346 1303 atque
1370 1269 1454 1300 totius
1476 1270 1581 1304 peccati
1607 1275 1706 1297 auctor

912 1315 1040 1343 diabolus
1061 1315 1089 1342 in
1111 1315 1254 1343 consilimn
1279 1315 1399 1342 divinum
1415 1323 1469 1342 non
1493 1315 1596 1347 veniet,
1617 1322 1706 1350 neque

914 1360 1012 1387 deillco
1039 1360 1175 1395 colloquio
1202 1361 1300 1395 dignus
1328 1361 1485 1398 habebitur,
1507 1359 1586 1394 juxta
1612 1361 1704 1389 omnia

913 1414 973 1440 qua
988 1407 1014 1434 in
1031 1407 1215 1435 anterioribus
1230 1406 1540 1434 memoravimus.Venit
1553 1414 1619 1442 ergo
1638 1415 1706 1435 con-

913 1453 983 1480 siliis
997 1458 1024 1480 et
1040 1453 1252 1488 cogitationibus
1273 1458 1356 1487 atque
1369 1453 1513 1481 desideriis
1524 1472 1533 1485 .
1550 1457 1577 1480 et
1598 1453 1707 1480 audivit

914 1506 967 1526 non
982 1498 1146 1534 colloquium
1161 1519 1169 1531 ,
1186 1498 1233 1525 sed
1250 1498 1465 1533 increpationem
1479 1502 1562 1532 atque
1576 1498 1704 1532 objurga-

916 1545 1016 1572 tionem
1033 1544 1262 1580 nequissimarum
1277 1544 1474 1579 cogitationum
1489 1548 1708 1579 suarum,atqae

915 1591 1075 1618 infestorum
1089 1591 1286 1618 desideriorum
1298 1598 1329 1617 ac
1340 1589 1567 1618 deliberationum
1580 1597 1704 1623 suarum,

913 1644 974 1671 qua:
994 1636 1186 1663 demonstrans
1212 1635 1276 1662 dicit
1300 1643 1309 1662 :
1337 1635 1370 1661 Et
1390 1635 1549 1669 respondens
1576 1634 1706 1662 Dominus

914 1682 951 1709 ait
966 1683 1000 1708 ad
1015 1680 1149 1708 diabolum
1161 1689 1171 1707 :
1189 1680 1263 1707 Unde
1276 1680 1359 1713 venis,
1376 1685 1405 1706 tu
1421 1679 1462 1707 "?
1473 1679 1626 1716 ltrterrogat
1638 1686 1706 1713 pra:-

914 1727 986 1755 scius
1000 1748 1008 1759 ,
1025 1733 1106 1762 atque
1120 1727 1250 1761 providus
1262 1746 1269 1757 ,
1284 1726 1329 1760 qui
1347 1732 1456 1753 omnem
1472 1725 1614 1752 scientiattt
1635 1732 1705 1751 cun-

913 1775 964 1801 ctis
987 1778 1097 1808 pt'zcstat
1114 1773 1282 1805 hominibus,
1301 1772 1450 1806 interrogat
1477 1770 1599 1805 refugam
1611 1789 1620 1802 ,
1636 1777 1702 1804 apo.

913 1825 1012 1847 statam
1023 1839 1030 1852 ,
1046 1819 1231 1846 adversarium
1245 1838 1253 1848 .
1270 1817 1464 1852 nequissimum
1480 1836 1487 1848 ,
1503 1816 1644 1850 injustum.
1658 1815 1704 1843 ln-

913 1870 1032 1900 terrogat
1045 1869 1073 1891 ut
1090 1872 1122 1891 ex
1140 1871 1188 1890 ore
1204 1864 1276 1890 illius
1289 1884 1297 1896 ,
1314 1867 1396 1897 atque
1421 1869 1453 1889 ex
1471 1869 1603 1896 responso
1625 1861 1702 1889 illius

912 1919 973 1939 eum
991 1915 1086 1944 arguat
1098 1914 1125 1936 et
1140 1909 1314 1941 condemnet,
1330 1913 1412 1942 atque
1423 1907 1569 1935 convincat
1583 1928 1590 1940 ,
1609 1911 1704 1942 utpote

912 1957 1069 1985 mendacem
1083 1976 1090 1988 ,
1117 1961 1143 1984 et
1160 1954 1337 1989 malignitatis
1363 1954 1422 1981 zelo
1434 1974 1442 1987 ,
1457 1962 1490 1981 ac
1507 1954 1593 1981 livore
1615 1955 1704 1989 reple.

913 2008 979 2030 tum.
995 2002 1073 2030 Unde
1084 2001 1162 2029 venis
1175 2021 1183 2034 ,
1200 2005 1226 2028 tu
1240 2001 1362 2035 dejecte,
1379 1999 1492 2027 confuse
1503 2021 1512 2033 ,
1538 1999 1677 2027 humiliate
1690 1999 1704 2027 ι

913 2048 992 2076 Unde
1009 2053 1035 2075 tu
1049 2048 1124 2075 venis
1134 2047 1235 2079 victus,
1248 2050 1402 2080 superatus,
1412 2046 1610 2073 conculcatus?
1627 2045 1704 2073 Unde

912 2100 940 2122 tu
953 2095 1030 2122 venis
1046 2094 1093 2129 qui
1106 2093 1140 2120 de
1152 2092 1268 2120 excelsis
1291 2100 1321 2120 es
1345 2092 1473 2126 expulsus
1486 2112 1494 2124 ,
1512 2097 1540 2119 et
1553 2099 1635 2126 super
1652 2097 1703 2119 ter-

912 2149 970 2168 ram
995 2148 1024 2168 es
1049 2140 1246 2167 condemnatus
1260 2158 1268 2170 ,
1285 2138 1331 2172 qui
1356 2139 1390 2165 de
1405 2137 1482 2166 caelis
1497 2145 1526 2165 es
1543 2139 1680 2172 projectus
1693 2156 1702 2169 ,

912 2188 984 2215 inter
998 2187 1123 2214 homines
1143 2185 1284 2213 abdicatus
1299 2185 1311 2212 ἶ)
1336 2184 1412 2212 Unde
1429 2189 1455 2211 tu
1471 2185 1548 2212 venis
1559 2203 1567 2218 ,
1581 2185 1627 2219 qui
1643 2189 1704 2219 post

913 2233 1071 2268 iniquitates
1087 2232 1220 2263 festinas,
1245 2231 1290 2265 qui
1317 2235 1379 2265 post
1404 2231 1562 2265 injustitiam
1588 2230 1703 2257 curris?

913 2284 952 2311 Tu
969 2283 1014 2318 qui
1031 2282 1178 2310 homicidia
1193 2281 1297 2316 appetis
1310 2300 1318 2313 ,
1334 2285 1361 2308 ιιι
1379 2281 1425 2315 qui
1445 2280 1571 2317 adulterii
1589 2288 1618 2307 es
1630 2280 1706 2314 cupi-

913 2336 972 2368 dus,
991 2339 1019 2362 tu
1036 2334 1082 2369 qui
1097 2333 1231 2368 sanguine
1253 2332 1367 2367 potaris,
1384 2332 1430 2367 qui
1445 2332 1566 2360 omnium
1582 2333 1704 2366 impieta-

913 2391 969 2413 tum
995 2392 1076 2420 super
1098 2388 1200 2411 terram
1215 2389 1244 2410 es
1266 2382 1402 2417 provisor,
1419 2382 1539 2408 omnium
1567 2381 1703 2407 malorum

913 2437 984 2464 inter
1005 2435 1129 2463 homines
1152 2434 1288 2466 inventor,
1312 2432 1383 2460 unde
1409 2435 1437 2459 tu
1464 2431 1566 2459 venis?
1590 2430 1630 2457 Tu
1657 2429 1704 2465 qui

914 2492 1020 2521 tempus
1034 2493 1087 2512 non
1103 2484 1186 2512 habes
1199 2504 1206 2517 ,
1228 2489 1256 2511 tu
1277 2484 1321 2519 qui
1336 2483 1456 2518 quietem
1473 2490 1526 2509 non
1540 2485 1681 2517 exspectas
1694 2500 1703 2514 ,

913 2543 942 2566 tu
958 2537 1004 2572 qui
1020 2535 1214 2570 resutnptionis
1228 2541 1332 2562 memor
1347 2541 1399 2561 non
1416 2540 1457 2565 es,
1476 2539 1564 2567 neque
1579 2532 1703 2566 requiem

913 2595 1008 2624 speras
1024 2587 1115 2621 ,,unde
1135 2591 1162 2613 tu
1177 2585 1279 2612 venis?
1294 2584 1432 2611 Conﬁtere
1444 2603 1452 2617 ,
1468 2588 1495 2610 et
1509 2581 1564 2609 noli
1580 2589 1680 2617 negare
1695 2601 1704 2614 ,

912 2640 1036 2670 ostende,
1057 2641 1085 2665 et
1102 2636 1155 2664 noli
1169 2635 1269 2663 celare.
1285 2634 1339 2662 Sed
1356 2641 1413 2662 non.
1426 2633 1565 2670 accipiens
1579 2633 1637 2660 haec
1659 2639 1704 2660 ne-

914 2690 1063 2727 quissimus
1076 2708 1086 2722 ,
1099 2694 1150 2716 nec
1171 2685 1284 2714 omnino
1299 2684 1410 2712 audisse
1430 2690 1459 2712 se
1474 2683 1607 2711 simulans
1618 2702 1625 2715 ,
1653 2690 1704 2718 pro

915 2741 975 2768 aliis
988 2739 1042 2767 alia
1055 2736 1194 2772 respondit
1208 2735 1322 2763 dicens:
1339 2733 1456 2761 εἰναιιὶνί
1469 2741 1571 2761 omnem
1591 2737 1702 2764 terram,

1089 2797 1113 2813 “
1127 2796 1207 2825 Num.
1226 2791 1332 2827 xxn,8.
1371 2792 1392 2809 "
1407 2792 1457 2821 Job
1474 2800 1504 2826 ιι,
1525 2792 1553 2819 2.
1592 2791 1615 2808 ⁸³
1628 2788 1704 2818 l‘sal.
