1904 3076
198 91 249 120 451

196 154 222 178 et
245 149 382 185 perugravi
405 153 555 175 universum
578 145 666 172 orbem
679 143 726 179 qui
740 142 787 169 sub
807 141 871 169 mlo
891 145 930 168 est
950 141 986 168 "°.
1000 143 1023 171 Α

198 196 342 224 Subtiliter
366 195 456 229 lingis,
470 201 487 220 o
504 191 691 220 infelicissimo
714 189 822 217 diabole
837 209 845 221 ,
860 187 987 216 humilia-

198 242 299 270 tionem
320 246 391 268 tum
409 239 478 273 tegis
492 257 500 270 ,
517 236 718 264 deformitatem
737 239 809 262 tuam
826 233 967 261 reticescis
978 253 986 265 ,

198 286 383 316 confusionem
400 289 473 312 tuam
501 283 612 310 minime
635 282 772 317 depromis
786 299 794 314 ,
809 280 882 316 quod
897 287 911 306 a
929 278 989 314 pul-

197 340 261 360 vere
272 331 356 359 fueris
368 334 523 364 superatus.
541 328 640 355 Lutum
667 327 739 355 enim
754 331 781 354 ct
802 331 874 353 terra
889 330 917 352 et
931 324 987 359 pul-

196 377 238 404 vis
253 381 294 404 est
309 375 361 403 Job
377 380 489 410 propter
511 379 649 401 terrenum
667 380 783 407 corpus,
810 371 856 399 sed
877 371 986 398 interim

197 427 320 450 terrenus
340 428 374 448 ac
388 421 477 447 luteus
493 419 645 455 superavit,
660 419 760 453 inquit,
779 423 816 452 te,
827 425 844 445 ο
857 417 964 445 diabole
978 437 986 448 ,

196 466 241 500 qui
258 473 319 493 cum
335 465 373 492 sis
387 464 602 499 incorruptibilis
615 463 738 499 spiritus,
754 468 883 498 tanquam
898 462 988 497 fulgur

196 513 230 540 de
246 512 317 540 calo
330 511 453 539 cecidisti
469 511 616 546 proiectus.
639 509 746 545 Corpus
763 509 869 537 scilicet
882 509 986 536 luteum

195 558 338 594 superavit
356 557 489 593 fulgorem
515 557 711 591 incorruptum,
730 555 854 590 spiritum
877 556 987 582 immor-

197 602 278 630 talem
305 607 388 637 atque
414 602 616 636 incorporeum.
631 601 707 627 llanc
720 600 824 628 scilicet
848 599 988 627 confusio-

196 655 258 676 nem
274 653 346 675 luam
372 647 537 675 relicescens
560 655 592 674 ac
605 645 820 681 praetermittens
831 666 839 678 ,
855 653 872 673 o
889 644 988 673 callide

195 694 305 723 diabole
317 715 325 728 ,
346 694 473 729 gloriaris
487 702 518 721 ac
541 694 650 729 plaudis
666 693 738 728 quod
755 698 856 720 terram
869 692 987 720 circuie-

197 738 247 772 ris,
260 743 289 766 et
299 746 331 766 ea
349 746 409 773 quae
425 739 474 766 su‘b
488 739 558 766 ctelo
573 743 638 766 sunt
653 738 852 773 peragraveris.
870 737 924 766 Sed
937 738 988 766 hoc

197 785 223 812 in
237 785 382 812 maximam
397 784 598 813 deformitatem
621 790 693 812 tuatn
709 785 779 812 dicis
797 794 804 812 :
824 793 885 812 nam
901 784 986 820 gloria

197 835 242 858 tua
266 836 349 866 atque
365 831 448 859 elatio
476 831 577 858 referta
603 835 645 858 est
670 831 744 859 omni
767 831 931 866 dejectione.
957 831 986 858 Si

195 878 269 904 enim
285 883 388 905 tantum
407 878 516 912 potuisti
540 882 569 904 ιιι
588 884 695 904 onmem
714 882 814 905 terram
827 897 834 909 ,
851 881 913 912 post
930 877 987 905 haec

195 932 291 952 omnes
311 929 433 952 terrenos
448 944 456 956 ,
481 929 564 958 atque
591 924 751 955 universos,
777 924 821 958 qui
848 924 899 951 sub
916 923 986 952 caelo

194 975 260 997 sunt
273 970 407 997 circuires
422 975 503 1005 atque
521 977 694 1005 peragrares,
708 971 760 997 hoc
772 974 823 1003 est,
841 970 985 997 conculca-

196 1023 240 1044 res
251 1020 334 1050 atque
347 1016 397 1043 sub
414 1021 439 1043 te
462 1015 612 1049 subjiceres
626 1037 632 1048 ,
654 1016 790 1050 quomodo
807 1024 860 1043 non
875 1015 985 1050 potuisti

195 1062 241 1089 uni
259 1066 369 1089 terreno
381 1067 465 1096 atque
483 1061 655 1096 corruptibili
671 1061 722 1089 Job
736 1061 910 1096 praevalere?
932 1061 985 1089 Sed

193 1107 284 1135 omnis
296 1107 417 1142 potentia
430 1112 486 1141 tua,
501 1115 534 1135 ac
546 1108 642 1139 virtus,
660 1112 742 1142 atque
752 1107 894 1142 praedones
909 1114 986 1135 exer-

194 1155 266 1182 citus
287 1155 324 1182 tui
339 1159 366 1181 et
376 1154 482 1190 gladius
497 1161 591 1181 eorum
610 1159 637 1181 et
655 1154 773 1188 triplicia
794 1154 914 1188 equitum
930 1159 986 1182 tuo-

194 1209 254 1228 rum
267 1208 368 1228 cornua
382 1204 410 1228 et
427 1201 497 1236 ignis
512 1201 558 1236 qui
571 1201 604 1228 de
628 1201 699 1228 coelo
714 1201 836 1234 cecidit,
853 1206 883 1229 ut
894 1206 922 1228 tu
944 1201 986 1229 di-

195 1247 259 1274 xisti
272 1266 280 1279 ,
304 1252 331 1274 et
344 1246 420 1274 venti
437 1247 484 1281 qui
499 1247 533 1274 ab
558 1254 652 1274 eremo
665 1251 799 1274 venerunt
812 1267 820 1280 ,
839 1247 910 1282 quod
927 1251 986 1274 erat

195 1297 248 1319 tuae
263 1292 392 1327 nequitia:
408 1292 552 1327 inSpiratio
563 1311 570 1324 ,
594 1292 733 1325 universa,
750 1292 849 1327 inquit,
863 1293 920 1320 haec
944 1293 986 1320 in-

195 1339 274 1366 firma
295 1346 327 1366 ac
343 1339 693 1376 supervacua_cxstiterunt
707 1346 757 1374 per
771 1339 836 1373 justi
851 1338 902 1366 Job
918 1339 984 1366 tole-

195 1384 333 1418 rantiam,
358 1390 441 1420 atque
467 1392 516 1420 per
546 1385 695 1420 gratiarum
720 1385 842 1413 actiones
870 1384 983 1413 confusa

194 1434 277 1466 atque
292 1438 397 1458 eversa.
413 1430 477 1458 Post
489 1439 550 1466 qua:
566 1431 706 1464 universa,
723 1439 788 1464 non,
804 1431 903 1465 inquit,
917 1436 956 1464 te,
969 1438 985 1458 ο

194 1476 301 1505 diabole
313 1497 321 1510 ,
340 1477 480 1512 interrogo
501 1485 584 1512 quam
607 1482 707 1504 terram
724 1477 866 1504 circuieris
877 1498 885 1511 ,
901 1482 928 1504 et
952 1484 983 1505 ea

169 1551 175 1557 κ
194 1530 254 1557 quae
269 1523 319 1551 sub
344 1523 413 1550 coelo
436 1528 500 1551 sunt
513 1524 701 1558 peragraveris
714 1544 722 1556 ,
737 1524 771 1552 de
793 1524 851 1552 istis
866 1532 984 1560 namque

195 1569 366 1605 interrogare
379 1575 405 1597 te
420 1577 488 1606 opus
503 1578 558 1598 non
577 1570 674 1598 habeo.
692 1570 755 1598 Scio
772 1572 844 1598 enim
857 1571 929 1606 qttod
943 1571 985 1598 in-

193 1616 311 1644 cessanti
328 1615 447 1650 nequitia
461 1616 647 1643 indesinenter
661 1622 759 1644 cuneta
776 1625 837 1652 quae
853 1617 902 1644 sub
914 1617 983 1645 coelo

195 1667 260 1690 sunt
277 1663 398 1696 circuis,
419 1668 447 1690 et
465 1663 588 1698 pervolas
601 1684 609 1696 ,
634 1668 727 1700 utpote
748 1660 845 1692 aereus
870 1665 983 1700 spiritus

194 1708 308 1744 fulguris
325 1708 464 1736 velocitati
479 1709 677 1737 consimilattts.
692 1709 750 1737 Non
762 1730 770 1742 ,
785 1710 894 1745 inquit,
910 1714 936 1737 te
950 1710 983 1738 de

194 1754 245 1782 hoc
262 1754 411 1789 interrogo.
434 1755 482 1782 sed
497 1755 559 1786 ltoc.
572 1755 645 1783 unde
657 1756 776 1787 veneris,
792 1755 835 1782 vel
853 1763 868 1783 a
884 1755 983 1791 quibus

193 1801 310 1827 veneris.
327 1800 369 1827 Ab
390 1799 533 1828 inconfuso
547 1800 688 1833 confusus,
705 1801 740 1828 ab
755 1801 874 1828 exaltato
894 1800 983 1828 humi-

194 1844 276 1872 liatus
288 1865 296 1876 ,
314 1853 328 1871 a
343 1845 462 1880 glorioso
479 1853 526 1880 spe
548 1853 663 1872 vacuus.
678 1846 715 1872 De
736 1846 795 1874 istis
806 1867 814 1879 ,
829 1846 927 1880 inquit,
942 1846 984 1874 in-

194 1893 304 1925 terrogo
329 1895 412 1924 atque
433 1891 466 1917 de
483 1890 527 1918 his
542 1897 569 1918 te
591 1891 723 1918 admoneo
735 1911 744 1924 ,
766 1900 826 1919 cum
840 1897 896 1920 stes
908 1893 983 1920 velut

194 1935 283 1970 igneis
295 1936 397 1971 jaculis
412 1936 579 1964 stimulatus.
593 1937 658 1969 Quis
670 1938 742 1965 enim
758 1943 799 1966 est
816 1939 902 1973 major
913 1939 982 1974 ignis

194 1981 302 2009 diabolo
317 1989 398 2016 quam
413 1983 469 2014 hic,
485 1987 539 2009 uta
555 1983 658 2010 carnali
675 1988 703 2010 et
718 1988 826 2010 terreno
838 1989 983 2018 superetur

194 2033 275 2062 atque
297 2028 482 2061 conculcetur,
507 2036 569 2056 cunt
586 2028 622 2055 sit
642 2029 755 2064 spiritus
780 2029 983 2064 incorporeus?

195 2073 272 2102 Unde
286 2078 313 2100 tu
323 2074 409 2107 venis,
423 2074 560 2106 Seductor,
574 2074 728 2106 insidiator,
742 2075 899 2102 humiliatus
911 2094 918 2106 ,
935 2075 983 2102 de-

192 2119 290 2155 jectus,
304 2120 433 2147 confusus
445 2120 457 2146 ’ἶ
469 2120 548 2148 Unde
564 2124 592 2146 tu
609 2119 711 2147 venis?
728 2120 778 2147 Ubi
795 2125 837 2148 est
851 2129 982 2156 arrogan-

193 2166 230 2192 tia
243 2170 289 2192 tua
302 2166 313 2192 'P
328 2165 378 2193 Ubi
392 2170 434 2193 est
444 2166 525 2193 elatio
542 2166 553 2193 ?
577 2165 628 2193 Ubi
647 2166 860 2201 magniloquinm
880 2171 954 2194 tuttm
970 2167 982 2194 ?
999 2180 1022 2208 υ

193 2209 244 2238 Ubi
263 2216 326 2239 sunt
343 2212 484 2239 mendacia
497 2217 552 2244 ttta,
569 2213 667 2247 quibus
683 2211 775 2239 dixisti
788 2212 858 2247 quod
873 2220 916 2241 me
931 2212 982 2241 Job

193 2261 304 2292 propter
326 2257 466 2293 pecuniam
483 2258 608 2286 coleret?
625 2258 664 2285 'l‘u
688 2258 830 2286 facultates
847 2259 871 2286 ei
890 2260 982 2287 abstu-

193 2303 260 2335 listi,
275 2311 324 2338 ego
341 2311 407 2331 vero
422 2304 569 2339 gratiarum
590 2306 711 2333 actiones
727 2311 810 2340 atque
827 2306 977 2334 confessio-

193 2356 254 2377 nem
270 2349 305 2375 ab
327 2356 359 2376 eo
383 2350 501 2384 suscepi.
517 2349 586 2377 Nam
608 2358 670 2378 cum
685 2355 712 2378 tu
726 2371 733 2383 ,
749 2351 858 2386 inquit,
872 2360 979 2380 umnetn

192 2394 374 2421 substantiam
401 2394 458 2428 ejus
482 2395 628 2424 abstuleris
655 2402 684 2424 ut
707 2405 759 2425 non
786 2398 886 2425 habeat
909 2398 980 2426 unde

193 2439 259 2466 tuihi
277 2439 382 2467 hostias
397 2439 494 2467 offerat
506 2460 514 2473 ,
530 2440 609 2468 solita
622 2442 772 2476 gratiarum
790 2443 898 2470 actione
913 2443 979 2470 mihi

192 2484 324 2512 sacrificia
340 2485 462 2512 immolat
478 2493 512 2513 ex
527 2487 627 2514 mundo
645 2488 727 2516 corde
740 2493 822 2524 atque
839 2488 981 2516 conscien-

193 2531 227 2557 tia
248 2538 325 2566 pura.
349 2529 426 2559 Unde
443 2531 518 2559 Venis
531 2536 557 2558 tu
571 2552 579 2564 .
604 2540 621 2560 ο
635 2532 762 2560 diabolo?
781 2533 839 2561 Non
856 2542 871 2561 a
895 2533 981 2569 poeni-

192 2577 276 2604 tentia
289 2596 297 2608 ,
315 2583 367 2604 non
383 2584 397 2603 a
412 2577 590 2605 conversione
603 2597 611 2610 ,
629 2585 716 2613 neque
730 2579 763 2606 ab
777 2580 828 2607 hoc
844 2580 915 2614 quod
933 2581 980 2607 de-

192 2620 356 2649 formitatem
381 2626 454 2650 tuam
481 2623 576 2651 videns
606 2623 793 2652 confundaris.
820 2625 866 2653 Sic
890 2626 981 2660 itaque

193 2666 330 2703 interrogo
344 2673 380 2701 te,
396 2668 607 2704 malignissime,
623 2670 695 2698 unde
713 2671 814 2699 venias.
833 2670 892 2698 Non
906 2671 979 2698 enim

193 2713 270 2740 venis
281 2713 352 2740 sicut
365 2714 471 2749 pridem
489 2715 522 2742 ab
539 2715 621 2743 Adam
632 2723 694 2744 cunt
708 2715 832 2750 victoria,
852 2716 898 2744 sed
909 2715 980 2744 sicut

1004 824 1024 851 Β

997 1495 1019 1525 C

227 2800 251 2816 ὀ
263 2800 314 2829 Job
329 2810 359 2836 ιι,
370 2803 398 2830 2.
435 2803 457 2820 τι
475 2789 539 2833 ibid.
554 2805 581 2834 5.

731 81 924 112 ANONYMUS
942 81 978 109 IN
997 80 1068 109 JOB.
1088 96 1123 101 ——
1140 79 1207 108 LIB.
1228 78 1261 107 ll.

1788 77 1846 106 45%

1038 144 1126 173 posta
1142 138 1193 166 Job
1218 145 1279 164 cum
1307 135 1473 164 confusione.
1491 135 1579 164 Adam
1604 135 1678 163 enim
1700 135 1774 164 olim
1798 143 1847 164 se-

1039 185 1153 217 duxisti,
1178 185 1225 211 sed
1239 183 1291 211 Job
1311 187 1373 218 post
1388 183 1440 211 hoc
1455 190 1508 210 non
1533 182 1730 218 supplantasti.
1749 182 1844 211 Adam

1038 232 1072 258 de
1085 229 1213 265 paradiso
1237 229 1382 256 eradicain
1396 249 1404 262 ,
1427 229 1474 256 sed
1488 228 1538 257 Job
1562 236 1578 256 a
1601 229 1759 257 sanctitate
1786 237 1843 257 non

1038 279 1170 307 avertisti.
1189 278 1268 306 Unde
1284 282 1312 304 tu
1327 277 1405 306 venis
1418 278 1451 305 de
1471 277 1588 306 excelsis
1602 278 1752 313 expulsus,
1764 283 1795 305 et
1810 277 1844 306 de

1038 325 1117 360 coelis
1146 324 1279 359 dejectus,
1300 323 1334 351 de
1369 323 1527 359 angelorum
1554 323 1647 351 choris
1670 323 1844 358 projectus?

1039 371 1115 399 Unde
1129 371 1206 398 venis
1221 375 1247 397 tu
1266 369 1312 404 qui
1325 377 1405 404 super
1415 374 1519 397 terram
1546 368 1708 403 injustitiam
1729 369 1844 404 germi-

1038 418 1121 451 nasti,
1135 418 1182 453 qui
1206 417 1256 445 sub
1277 417 1335 444 sole
1350 417 1504 452 impietates
1523 416 1724 449 disseminasti,
1742 417 1794 450 qui
1810 423 1841 443 es

1037 471 1098 498 qua:
1108 463 1159 491 sub
1170 463 1240 491 creto
1256 468 1321 492 sunt
1340 463 1466 490 universa
1484 462 1563 489 malis
1593 462 1728 497 replesti?
1759 460 1842 489 Unde

1037 510 1114 538 venis
1142 510 1191 537 tu?
1218 509 1257 537 Tu
1273 511 1319 545 qui
1341 516 1370 536 es
1400 509 1497 536 mortis
1517 513 1623 540 auctor,
1639 508 1842 543 malorumque

1038 556 1174 590 inventor,
1188 562 1270 592 atque
1296 556 1428 584 malorum
1447 555 1568 583 omnium
1591 555 1710 588 initium,
1730 555 1841 590 iniqui-

1039 601 1103 628 tatis
1129 608 1266 636 operator,
1289 606 1367 636 pater
1395 601 1541 629 mendacii.
1573 599 1660 633 Unde,
1685 600 1794 634 inquit,
1811 605 1840 627 tu

1039 647 1138 674 venis?
1154 647 1282 680 Circuivi,
1297 649 1393 682 inquit,
1409 656 1512 675 omnem
1527 652 1636 679 terram,
1650 651 1675 674 et
1692 647 1840 681 peragrant

1037 693 1160 720 universa
1173 702 1233 728 qute
1247 694 1294 721 sub
1311 694 1374 722 caelo
1384 699 1458 726 sunt,
1470 698 1494 721 et
1514 701 1572 720 ecce
1589 693 1698 720 adsum.
1717 692 1837 724 Adsum,

1039 738 1137 773 inquit,
1153 739 1198 773 qui
1217 747 1270 766 non
1283 738 1434 766 succumbo
1458 746 1546 773 neque
1561 738 1704 770 humilior,
1717 738 1768 772 qui
1784 745 1836 765 non

1038 792 1184 814 convertor
1210 794 1298 822 neque
1322 787 1475 819 satisfaeio,
1497 787 1543 821 qui
1573 786 1769 822 paenitentiam
1783 794 1835 813 non

1039 833 1155 860 ostendo
1174 852 1182 864 ,
1214 834 1261 860 sed
1293 838 1420 868 tanquam
1446 833 1518 860 vitiis
1545 833 1692 860 indomitus
1720 837 1834 868 praesto.

1038 879 1196 913 Mutaberis,
1225 880 1322 915 inquit,
1350 888 1366 907 o
1381 880 1500 912 diabole,
1523 880 1550 907 in
1575 879 1761 907 dilectissimo
1776 884 1833 911 tuo,

1038 925 1088 953 hoc
1111 930 1153 953 est
1168 926 1194 952 in
1209 926 1362 961 temetipso.
1376 925 1443 953 Nam
1470 933 1532 953 cum
1556 933 1610 952 non
1624 925 1762 957 flecteris,
1786 933 1834 953 ne-

1037 978 1090 1005 que
1119 970 1278 1004 subjiceris,
1306 978 1394 1005 neque
1421 971 1613 1006 paenitentiam
1638 971 1832 1003 demonstras,

1038 1016 1064 1043 in
1086 1016 1314 1044 irremediabilem
1342 1016 1489 1044 inferorum
1508 1024 1616 1051 poenam
1632 1017 1831 1052 ‘demergeris,

1038 1061 1250 1096 inexstinguibili
1266 1061 1319 1096 igni
1335 1061 1466 1096 gehennae
1479 1061 1593 1088 traderis
1607 1065 1634 1088 et
1645 1065 1675 1088 tu
1689 1065 1719 1088 et
1734 1068 1832 1089 omnes

1037 1107 1082 1142 qui
1101 1111 1127 1135 te
1156 1108 1190 1134 ad
1206 1107 1394 1135 inﬁdelitatem
1422 1111 1574 1142 seqttuntur
1591 1116 1597 1134 :
1613 1112 1653 1141 tu,
1665 1107 1792 1142 inquam,
1805 1112 1831 1135 et

1036 1161 1132 1182 omnes
1155 1154 1201 1189 qui
1230 1161 1279 1189 per
1304 1159 1329 1181 te
1357 1153 1390 1180 ad
1416 1153 1584 1188 impietatem
1616 1154 1828 1187 persuadeatur.

1035 1201 1150 1234 Adsum,
1171 1200 1271 1235 inquit,
1296 1200 1319 1228 is
1345 1200 1390 1235 qui
1423 1207 1476 1228 non
1495 1200 1531 1227 ita
1550 1205 1594 1227 est
1608 1200 1634 1227 in
1660 1200 1770 1228 factura
1782 1208 1830 1228 sua

1036 1246 1135 1280 factus,
1155 1246 1203 1274 sed
1225 1247 1252 1274 in
1275 1246 1407 1282 operibus
1422 1246 1458 1273 ita
1485 1246 1699 1280 tletnonstratus,
1708 1247 1756 1282 qui
1771 1254 1823 1274 non

1036 1293 1074 1320 ita
1089 1297 1132 1319 est
1157 1293 1247 1320 factus
1276 1297 1386 1324 natura,
1417 1292 1464 1320 sed
1493 1292 1577 1320 exivit
1599 1292 1753 1320 voluntate.
1771 1292 1827 1320 Non

1036 1337 1108 1366 enim
1135 1338 1162 1365 in
1185 1337 1290 1366 factura
1306 1343 1421 1370 naturae,
1453 1339 1499 1366 sed
1526 1338 1553 1365 in
1569 1338 1717 1366 voluntatis
1731 1346 1828 1374 opera-

1038 1384 1111 1412 tione
1133 1384 1259 1412 diabolus
1287 1389 1329 1412 est
1351 1384 1450 1412 factus.
1477 1385 1589 1416 Adsum,
1605 1384 1705 1418 inquit,
1730 1385 1754 1412 is
1782 1384 1826 1420 qui

1036 1430 1158 1465 peccatis
1176 1431 1344 1465 congaudeo,
1361 1430 1407 1465 qui
1427 1430 1706 1465 itnpietatibuslactor,
1718 1431 1765 1466 qui
1778 1430 1827 1458 ini-

1036 1477 1190 1512 quitatibus
1201 1477 1348 1512 jucundor,
1361 1476 1406 1511 qui
1420 1476 1493 1504 omni
1515 1475 1645 1510 injustitia
1661 1480 1688 1504 et
1699 1477 1826 1505 omnibus

1039 1523 1218 1559 impudicitiis
1229 1528 1310 1557 atque
1325 1522 1452 1550 omnibus
1479 1522 1558 1549 malis
1569 1522 1698 1550 delector.
1711 1523 1824 1556 Adsum,

1038 1569 1135 1604 inquit,
1162 1569 1185 1596 is
1209 1568 1255 1603 qui
1276 1576 1350 1603 spetn
1375 1576 1429 1596 non
1459 1568 1555 1602 habeo,
1584 1569 1627 1603 qui
1643 1569 1761 1597 salutem
1774 1577 1825 1597 non

1037 1621 1176 1650 exspecto,
1195 1615 1240 1650 qui
1253 1615 1471 1642 misericordiam
1492 1623 1546 1642 non
1573 1615 1703 1645 sustineo.
1725 1616 1772 1650 qui
1785 1623 1825 1644 re-

1037 1659 1139 1694 frigerii
1152 1667 1205 1687 non
1219 1667 1279 1688 sum
1300 1667 1415 1688 memor.
1435 1659 1560 1692 Circuivi,
1576 1661 1677 1695 inquit,
1691 1666 1790 1689 terram
1802 1668 1825 1689 et

1036 1706 1172 1740 peragravt'
1183 1713 1252 1737 eam,
1264 1711 1288 1732 et
1300 1713 1330 1732 ea
1341 1714 1400 1741 qua:
1412 1706 1459 1732 sub
1471 1707 1533 1733 caelo
1544 1712 1614 1739 sum,
1623 1711 1646 1733 cl
1655 1715 1713 1734 ecce
1721 1709 1824 1736 adsunt.

1036 1751 1086 1778 Cui
1100 1755 1160 1786 post
1175 1755 1232 1778 haec
1250 1751 1340 1779 omnia
1353 1753 1518 1787 respondens
1537 1753 1607 1781 Deus
1618 1753 1684 1781 dicit
1702 1763 1708 1780 :
1727 1753 1786 1781 Non
1801 1759 1826 1781 te

1037 1799 1070 1826 de
1093 1799 1145 1826 hoc
1176 1799 1315 1834 interrogo
1332 1799 1450 1834 qualiter
1475 1804 1575 1827 terram
1596 1800 1750 1833 circuieris,
1776 1800 1825 1828 hoc

1036 1848 1079 1871 cst
1091 1851 1139 1871 eos
1149 1843 1195 1879 qui
1221 1848 1328 1871 terrena
1350 1844 1470 1879 sapiunt,
1483 1852 1570 1879 neque
1581 1844 1614 1872 de
1631 1845 1682 1872 hoc
1695 1847 1824 1880 quemad-

1037 1890 1145 1917 modum
1177 1898 1209 1917 ea
1236 1898 1296 1924 quas
1314 1891 1364 1918 sub
1390 1891 1459 1918 coelo
1472 1896 1536 1918 sunt
1557 1892 1758 1926 peragraveris,
1775 1893 1824 1920 hoc

1036 1940 1078 1962 est
1105 1943 1151 1963 eos
1175 1936 1221 1970 qui
1246 1935 1369 1963 cwlestia
1399 1944 1451 1964 non
1481 1937 1648 1969 desiderant,
1671 1938 1742 1965 sicut
1755 1942 1782 1965 et
1796 1943 1822 1965 tu

1036 1980 1104 2014 ipse,
1120 1981 1165 2015 qui
1179 1981 1248 2008 coelo
1262 1980 1360 2008 reverti
1386 1981 1457 2008 ultra
1474 1989 1527 2008 non
1551 1986 1637 2016 potes,
1669 1982 1716 2009 sed
1733 1983 1785 2010 hoc
1799 1988 1822 2010 te

1036 2027 1200 2062 interrogavi
1213 2032 1240 2054 et
1256 2027 1395 2062 interrogo
1412 2035 1419 2053 :
1437 2027 1654 2055 Animadvertiin
1666 2030 1700 2055 ad
1713 2037 1820 2062 puerum

1036 2081 1122 2099 meum
1143 2072 1194 2099 Job
1210 2073 1253 2100 71?
1278 2075 1317 2100 Ac
1346 2073 1368 2100 si
1389 2074 1511 2101 diceret:
1528 2075 1686 2102 Intellexisti
1710 2076 1774 2110 quid
1788 2076 1821 2103 sit

1035 2117 1102 2145 Job?
1115 2117 1253 2145 Relaxasti
1267 2126 1376 2146 sensum
1395 2124 1469 2146 tttum
1487 2119 1520 2146 ad
1536 2120 1617 2147 eum?
1633 2120 1820 2156 Cognovistine

1037 2165 1123 2197 illttm,
1147 2165 1189 2192 vel
1221 2165 1342 2199 probasti
1367 2166 1584 2194 indeclinabilem
1603 2166 1682 2194 fidem
1712 2167 1781 2201 ejus,
1793 2173 1818 2195 et

1036 2212 1200 2239 immobilem
1209 2211 1375 2245 firmitatem,
1389 2218 1414 2240 et
1428 2213 1610 2240 inviolabilem
1621 2213 1818 2246 fortitudinem,

1034 2264 1060 2286 et
1075 2257 1256 2285 inviolabilem
1269 2259 1397 2294 pietatem
1412 2264 1492 2294 atque
1507 2260 1713 2294 religiositatem
1730 2260 1817 2287 illius?

1034 2303 1253 2331 Animaduerliui
1265 2305 1308 2331 vel
1322 2305 1458 2332 intendiin
1474 2305 1507 2331 ad
1523 2313 1633 2339 puerum
1651 2313 1738 2331 meum
1752 2305 1818 2333 Job?

1035 2357 1067 2377 ac
1078 2351 1100 2377 sl
1110 2349 1227 2377 diceret:
1237 2349 1333 2377 Certus
1346 2357 1388 2382 es,
1403 2357 1419 2376 ο
1431 2349 1541 2377 inimice
1552 2349 1672 2376 omniutn
1690 2349 1816 2376 bonorum

1034 2395 1152 2427 diabole,
1183 2399 1244 2424 uter
1274 2400 1398 2422 nostrum
1426 2394 1570 2422 veritatem
1592 2394 1703 2427 dixerit,
1725 2402 1775 2430 ego
1786 2402 1817 2421 an

1036 2446 1074 2474 tu,
1093 2445 1153 2469 uter
1177 2441 1280 2477 absque
1308 2441 1449 2469 mendacio
1471 2441 1577 2468 locutus
1595 2440 1690 2474 fuerit,
1710 2448 1759 2476 ego
1775 2440 1817 2476 qui

1035 2486 1059 2514 ei
1072 2487 1257 2514 testimonium
1285 2486 1421 2522 perhibui,
1436 2495 1469 2514 an
1488 2491 1515 2514 tu
1529 2487 1574 2522 qui
1598 2494 1660 2514 eum
1674 2486 1816 2514 accusasti.

1037 2532 1110 2561 Dicis
1124 2533 1196 2569 quod
1226 2539 1327 2562 terram
1339 2534 1492 2567 circuieris,
1519 2539 1547 2561 et
1561 2541 1591 2560 ea
1610 2540 1669 2568 qua:
1683 2533 1734 2560 sub
1751 2533 1816 2561 coelo

1034 2583 1098 2606 sunt
1111 2581 1310 2615 peragraveris,
1330 2580 1454 2615 reperiin
1470 2579 1586 2607 similem
1603 2579 1654 2607 Job
1664 2579 1678 2606 τ
1691 2579 1815 2607 Vidistine

1034 2625 1166 2659 aqualem
1196 2625 1256 2653 illi?
1284 2626 1324 2653 0b
1353 2626 1416 2659 hoc,
1434 2625 1531 2660 inquit,
1547 2630 1573 2652 te
1600 2626 1737 2660 interrogo
1748 2626 1815 2653 unde

1036 2671 1152 2705 veneris,
1165 2671 1208 2698 vel
1221 2671 1292 2699 ttnde
1308 2672 1413 2703 venias,
1440 2675 1469 2698 ut
1493 2671 1635 2699 ostendam
1653 2669 1705 2698 Job
1722 2670 1814 2699 sancti.

1034 2720 1116 2745 tatem
1147 2725 1179 2746 ac
1197 2719 1334 2753 meritum,
1369 2717 1527 2752 patientiant
1553 2723 1661 2753 quoque
1693 2725 1726 2746 ac
1737 2718 1813 2746 vicb'
