1904 3076
75 125 132 154 465

629 122 822 154 ΑΝΟΝΫΜυδ
840 122 874 150 ΙΝ
894 122 966 150 JOB.
984 137 1018 144 -—
1037 123 1102 150 ΜΒ.
1124 123 1156 150 ll.

1656 123 1708 152 454

75 186 159 218 riam,
175 185 290 220 gloriam
319 185 496 213 nihilominus
519 189 602 220 atque
625 193 766 220 coronam,
798 192 870 214 tuam
887 191 910 218 Α
925 185 1068 213 tolerantia
1080 193 1112 213 ac
1122 185 1227 213 devotis
1236 184 1385 220 gratiarum
1400 184 1553 213 actionibus
1568 186 1707 220 superavit

76 239 145 260 vero
173 232 363 268 dejectionem,
388 237 416 259 et
431 232 657 265 ltumiliationem,
682 233 866 261 confusionem

75 286 189 313 quoque
219 283 301 313 atque
332 278 523 313 perditionem.
549 278 709 313 Quanquam
743 280 815 307 enim
838 285 866 307 tu

75 331 175 359 neges,
200 324 249 352 sed
279 332 330 359 ego
353 327 502 354 ostendam.
521 325 650 359 Quamvis
674 330 702 353 tu
728 333 780 353 non
804 333 869 353 con-

76 370 194 402 ﬁtearis,
222 371 269 397 sed
295 378 345 406 ego
370 378 422 398 non
445 371 525 399 sileo.
548 371 660 399 Terram
690 372 763 399 enim
780 376 805 399 te
816 372 869 398 cir-

75 416 170 442 cuisse
184 415 262 449 dicis,
280 416 459 450 perditionem
475 422 547 443 tuam
559 424 624 444 vero
651 424 703 444 non
717 416 863 451 depromis.

76 459 150 487 Cum
168 454 314 488 abscondis
335 466 408 488 tuam
427 461 616 495 dejectionem,
635 469 749 489 coronas
761 462 812 490 Job
823 462 866 489 fu-

77 506 161 533 raris.
182 506 327 540 Respexiui
357 507 391 533 ad
416 515 525 541 puerum
542 516 628 535 meum
638 508 699 541 Job,
717 509 763 544 qui
787 513 868 544 caput

77 557 156 579 luunt
171 553 351 584 ronculcavit,
368 554 414 588 qui
428 553 579 580 ltumiliavit
594 554 764 582 altitudinem
783 559 866 587 tuam,

77 599 124 632 qni
146 598 246 632 drjecit
257 599 404 626 elationem
421 600 513 626 tuam?
538 599 680 632 Gloriaris,
696 600 796 634 inquit,
819 609 867 628 ne-

77 644 213 677 quissime
228 643 336 676 Satana,
350 645 420 679 quod
437 649 536 672 terram
550 645 704 679 eircuieris,
720 651 747 673 et
762 653 795 673 ea
808 653 868 680 qua:

77 692 130 718 ntb
145 690 216 717 caelo
233 695 295 717 sttnt
310 692 496 726 peragraveris
516 700 524 718 :
538 691 585 718 sed
608 692 677 719 mala
691 697 732 719 est
743 692 800 719 haec
813 692 868 726 glo-

78 737 161 764 riatio
177 741 223 763 tua
237 741 318 770 atque
329 737 430 764 inutilis
443 737 535 765 elatio.
548 738 588 765 Ad
619 739 719 765 malum
731 739 804 766 enim
815 739 869 766 cir-

78 783 161 809 cuiin
193 788 304 814 terram,
328 787 355 810 et
379 783 412 809 ad
433 783 593 818 iniustitiam
618 791 748 819 peragras
764 792 794 811 ea
810 792 868 819 quae

77 828 129 856 sub
141 829 213 857 coelo
237 835 308 857 sunt.
326 830 454 858 Pervolas
464 831 535 858 enim
562 831 671 866 pelagus
688 837 716 859 et
737 839 825 859 aerem
841 838 868 859 et

79 879 210 908 penetras
224 882 319 902 omnes
333 881 438 910 gentes,
455 876 607 909 provincias
636 883 666 902 ac
690 876 824 910 regiones,
839 881 868 902 ut

78 920 214 954 plurimos
242 921 311 949 filios
347 922 478 956 gehennae
511 922 605 953 facias,
640 926 669 948 ut
696 922 787 956 plures
817 927 869 950 tuae.

77 973 168 1001 preme
185 966 288 994 efﬁcias
307 968 461 1003 participes.
486 968 560 995 Sicut
575 968 647 995 enint
663 968 740 995 canis
753 968 864 996 rabidus

76 1012 138 1039 vias
150 1020 183 1039 ac
200 1013 332 1040 transitus
343 1014 489 1047 percurrit,
505 1018 532 1040 ut
562 1020 655 1041 omnes
674 1021 743 1048 quos
760 1019 823 1042 ante
838 1022 868 1042 se

78 1059 228 1090 invenerit,
256 1059 325 1086 alios
350 1059 458 1093 quidem
490 1059 623 1086 morsibus
654 1059 787 1093 vulneret,
802 1060 869 1088 alios

78 1103 261 1130 nihilominus
280 1104 306 1130 in
333 1109 469 1138 stuporem
494 1103 611 1131 deducat
637 1105 770 1132 terroris:
793 1105 829 1132 ita
842 1109 869 1132 ct

80 1152 119 1180 tn,
133 1148 234 1182 inquit,
258 1149 423 1182 nequissime
443 1148 554 1180 Satana,
584 1153 683 1175 terram
715 1149 824 1181 circuis,
842 1154 869 1176 et

78 1201 110 1220 ea
126 1201 189 1228 qua:
217 1193 268 1220 sub
291 1194 361 1221 curio
378 1199 442 1221 sunt
465 1195 591 1222 universa
608 1202 746 1229 peragras,
772 1202 823 1221 tton
840 1200 869 1222 ut

78 1238 198 1273 aliquem
211 1247 367 1274 componas,
383 1239 430 1267 sed
443 1244 471 1266 ut
482 1245 594 1267 cunctos
608 1241 784 1273 extermincs,
803 1247 869 1274 quo-

80 1283 207 1311 rumdam
227 1285 345 1311 animam
375 1292 424 1319 per
439 1289 550 1319 peccata
570 1285 727 1315 vulnerans,
754 1285 868 1311 aliomnt

79 1330 262 1357 nihilominus
277 1336 380 1357 mentes
394 1330 546 1357 obtundens
566 1335 647 1365 atque
674 1329 821 1357 infatuans.
835 1329 869 1356 lit

78 1383 130 1403 cur
153 1377 278 1411 superius
309 1384 374 1403 sane
400 1376 472 1403 illum
496 1376 632 1403 diabolum
654 1375 784 1410 appellat,
799 1383 869 1404 nunc

79 1430 147 1449 vero
159 1421 307 1449 Satanam?
330 1421 461 1449 Diabolus
479 1422 550 1449 enim
570 1426 710 1448 accusator
733 1421 864 1456 interpre-

80 1471 165 1499 tatur,
175 1466 292 1494 Satanas
310 1475 375 1495 vero
399 1468 523 1494 resistens
547 1467 590 1495 vel
603 1467 718 1500 rebellis,
730 1471 776 1494 aut
787 1469 868 1495 etiant

80 1517 238 1540 contumax.
266 1513 336 1548 Ergo
352 1513 413 1548 quia
433 1513 556 1548 superius
571 1513 679 1541 occulte
698 1514 806 1548 quidem
821 1521 867 1540 ac-

79 1558 189 1585 cusavit
204 1557 254 1585 Job
283 1559 318 1585 ad
342 1559 434 1590 Deum,
463 1559 566 1586 idcirco
583 1559 708 1594 superius
733 1559 867 1586 diabolttm

82 1604 158 1630 illutn
170 1603 297 1638 appellat,
309 1608 400 1639 utpote
412 1610 597 1632 accusatorem
609 1613 616 1631 :
627 1613 698 1632 nttttc
704 1612 768 1632 vero
778 1613 870 1633 rursus

80 1650 126 1684 qui
143 1650 177 1676 ad
191 1650 341 1677 evidentem
359 1651 561 1677 contumaciam
581 1651 653 1678 circa
669 1650 719 1678 Job
736 1651 869 1685 pervenit,

80 1696 180 1723 merito
196 1694 326 1722 Satanam
345 1696 418 1723 illum
445 1695 522 1728 dicit,
540 1701 633 1731 utpote
663 1697 800 1724 rebellem.
816 1696 867 1723 Re-

79 1742 189 1777 spexiin
216 1741 250 1768 ad
264 1750 373 1776 puerum
395 1750 480 1769 meum
495 1741 564 1776 Job,
589 1750 606 1770 o
623 1742 714 1770 infelix
740 1743 864 1771 diabolo?

80 1789 149 1815 Cum
174 1787 266 1815 dolore
295 1789 403 1820 audisti,
435 1790 506 1823 quod
522 1796 634 1824 puerunt
666 1797 743 1816 suum
770 1797 870 1817 nuncu-

80 1834 156 1868 pavit
173 1835 243 1861 Deus
268 1832 328 1861 Job.
345 1834 427 1861 Dolor
451 1834 497 1861 tlbi
514 1835 564 1860 fuit
587 1835 643 1862 lucc
659 1842 711 1862 vox
739 1836 870 1862 amaritu-

80 1881 164 1913 dinis,
191 1880 249 1907 Ita-.c
273 1879 376 1907 auditio
399 1881 489 1914 gravis
504 1880 552 1906 tibi
570 1880 632 1912 fuit,
647 1879 691 1907 hic
715 1880 816 1908 dictum
829 1889 869 1908 va:

81 1925 130 1953 tibi
143 1925 195 1953 fuit
205 1933 254 1961 pro
268 1926 319 1953 hoc
334 1926 490 1953 testimonio
501 1926 572 1961 quod
584 1931 730 1954 attestatus
745 1931 787 1954 est
800 1926 870 1954 Deus

79 1971 275 2003 Job..diceus:
295 1971 443 2006 Rapuisti
467 1973 500 1998 ml
523 1980 633 2007 puerum
650 1980 735 1999 meum
748 1971 820 2000 Job?
837 1973 868 1999 Et

80 2023 156 2050 ante,
180 2017 278 2052 inquit,
308 2026 375 2053 puer
400 2026 476 2046 meus
492 2017 541 2046 fuit
571 2024 599 2045 et
623 2026 695 2045 nunc
712 2025 778 2052 puer
793 2026 870 2046 meus

80 2070 234 2100 pertttanet,
246 2070 274 2092 et
290 2070 342 2092 tua:
370 2065 497 2099 nequitia:
512 2065 653 2092 accusatio
677 2065 744 2091 nihil
759 2064 783 2091 ei
800 2071 869 2098 prte-

79 2111 193 2138 valebit.
209 2111 354 2144 Respexiin
366 2111 400 2137 ad
415 2119 525 2145 puerum
541 2119 626 2138 meum
645 2110 720 2137 Job?
735 2110 869 2145 Superius

80 2159 171 2186 dixit:
198 2157 416 2185 Animadverliui
447 2165 557 2192 puerum
589 2159 674 2184 riteum
699 2156 769 2184 Job?
798 2164 869 2184 nunc

920 237 1002 266 atque
1020 231 1047 258 in
1062 231 1151 266 fugam
1163 231 1255 263 vertit,
1270 235 1298 258 et
1310 238 1406 258 omttes
1422 230 1532 259 fraudes
1549 230 1608 266 ejus
1625 235 1706 265 atque

919 277 1076 313 iniquitates
1098 284 1280 312 supervacuas
1304 277 1512 304 demonstravit.
1545 277 1704 312 Respexiiti,

920 324 1020 359 inquit,
1039 323 1073 350 ad
1090 331 1200 356 puerum
1219 332 1306 351 meum
1324 323 1396 351 Job?
1410 322 1451 350 Ad
1475 323 1549 350 illum
1564 323 1708 358 obtempe-

919 373 1024 396 rantem
1046 375 1159 403 puerum
1175 373 1258 403 atque
1273 376 1380 401 verum,
1408 369 1454 403 qui
1480 375 1626 402 percussus
1652 376 1706 395 HOI'I

919 417 1052 449 discessit,
1083 417 1127 451 qui
1146 424 1232 445 caesus
1247 420 1299 448 est,
1316 420 1343 443 et
1369 422 1423 442 non
1453 414 1575 449 deliquit,
1588 414 1635 448 qui
1658 414 1708 441 tibi

920 466 962 490 est
990 463 1114 495 traditus,
1132 467 1159 490 et
1187 469 1240 489 non
1269 468 1311 488 tne
1342 460 1493 494 denegavit,
1515 460 1561 494 qui
1578 467 1593 486 a
1610 464 1636 486 te
1647 467 1709 493 pcr-

919 515 1016 535 cussus
1032 512 1084 540 est,
1106 513 1134 535 et
1159 507 1225 534 mihi
1257 507 1358 542 gratias
1383 507 1446 540 agit.
1479 505 1571 537 Istum,
1601 504 1701 539 inquit,

920 560 1032 586 pueruut
1055 552 1197 587 respexisti
1220 552 1265 586 qui
1286 551 1431 578 adversum
1456 555 1482 577 te
1496 551 1583 582 stetit,
1601 554 1629 576 et
1642 549 1707 576 mihi

920 605 972 625 non
985 597 1097 630 restitit,
1115 597 1159 632 qui
1174 597 1317 624 adversum
1332 602 1358 623 te
1376 595 1526 628 dimicavit,
1546 600 1573 622 et
1590 603 1632 623 me
1660 595 1709 622 ad-

919 644 1017 675 oravit,
1043 643 1088 677 qui
1104 647 1130 670 te
1150 643 1331 674 conculcavit,
1351 646 1378 670 et
1400 649 1441 669 me
1464 649 1516 669 non
1535 644 1708 676 contempsit,

919 688 965 723 qui
979 692 1006 715 te
1019 689 1081 716 odio
1094 688 1198 721 habuit,
1216 692 1243 715 et
1258 696 1300 714 me
1326 687 1438 715 dilexit?
1453 687 1493 714 Ad
1513 687 1595 718 hunc,
1610 687 1708 722 inquit,

921 742 1035 769 puerum
1053 742 1143 762 meum
1161 734 1325 769 respexisti‘l
1343 735 1383 761 Ad
1401 735 1473 762 hunc
1490 734 1532 762 cui
1561 734 1658 762 similis
1682 735 1709 761 in

922 779 1067 806 tolerantia
1093 786 1108 806 a
1124 780 1292 814 temporibus
1307 779 1375 806 Abel
1392 787 1446 806 non
1468 778 1539 806 fuit?
1554 779 1622 807 Abel
1635 780 1709 806 enim

919 833 981 852 cunt
994 825 1079 852 semel
1106 826 1257 853 sustineret
1282 825 1510 858 internecionem,
1528 825 1654 852 transivit
1682 830 1710 853 et

919 871 1061 906 requievit.
1092 870 1142 898 Job
1158 878 1225 898 vero
1250 879 1310 898 Cllll‘l
1339 871 1458 906 plurimo
1476 875 1597 906 tempore
1626 871 1709 898 susti-

919 922 1005 951 neret,
1035 917 1136 944 diutius
1162 921 1250 944 morte
1264 916 1377 944 allectus
1402 920 1454 949 est,
1475 921 1502 944 et
1526 916 1710 950 multipliciter

918 962 1056 990 doloribus
1075 956 1208 990 multatus
1222 967 1304 998 atque
1328 962 1455 990 afﬂictus.
1470 961 1499 989 In
1515 969 1569 997 quo
1585 968 1709 997 apparet,

918 1009 1015 1042 inquit,
1041 1010 1113 1044 quod
1141 1016 1193 1036 non
1225 1013 1266 1036 cst
1281 1008 1319 1036 illi
1344 1008 1442 1036 similis
1463 1009 1544 1035 homo
1559 1016 1640 1042 super
1652 1013 1709 1036 ter-

919 1062 986 1080 ram.
998 1054 1135 1081 Abraham
1151 1062 1203 1081 non
1217 1059 1270 1086 est,
1299 1054 1479 1085 Melcltisedec
1496 1054 1646 1082 translatus
1656 1059 1708 1086 est,

917 1098 974 1127 Noe
988 1100 1132 1134 requievit,
1148 1100 1240 1127 Enoch
1255 1099 1379 1128 elevatus
1395 1107 1446 1132 est,
1464 1100 1531 1127 Abel
1552 1105 1711 1136 assumptus

918 1149 970 1172 est.
987 1145 1091 1172 Meritis
1126 1153 1177 1172 non
1192 1150 1234 1173 est
1258 1145 1295 1172 illi
1328 1146 1424 1173 similis
1439 1145 1509 1174 alius
1525 1146 1607 1173 homo
1627 1153 1710 1181 super

920 1195 1035 1218 terram.
1068 1190 1108 1217 Ex
1133 1191 1176 1218 his
1192 1191 1238 1226 qui
1268 1191 1347 1218 modo
1362 1192 1468 1224 vivunt,
1494 1199 1545 1218 non
1558 1196 1600 1219 est
1618 1191 1656 1219 illi
1671 1192 1708 1219 si-

920 1236 990 1264 milis
1005 1244 1087 1272 super
1100 1242 1213 1264 terram.
1227 1236 1338 1264 Intende
1350 1236 1413 1271 quia
1433 1244 1485 1264 non
1501 1237 1578 1269 dicit,
1595 1245 1649 1264 tton
1667 1243 1710 1265 est

919 1282 957 1310 illi
984 1283 1081 1311 sitnilis
1105 1289 1186 1317 super
1211 1287 1311 1310 terram
1341 1289 1375 1309 ex
1403 1282 1437 1309 iis
1450 1282 1495 1316 qui
1524 1281 1643 1314 fuerunt,
1665 1283 1708 1309 vel

919 1333 1010 1361 erunt,
1030 1336 1091 1355 nam
1111 1334 1170 1363 post
1186 1329 1238 1356 hoc
1250 1328 1301 1355 fuit
1311 1327 1441 1362 Joannes,
1459 1335 1514 1363 quo
1533 1328 1620 1362 major
1637 1329 1709 1357 inter

920 1379 999 1402 italos
1027 1374 1172 1402 mulierum
1194 1382 1247 1402 non
1274 1373 1335 1400 luit.
1360 1374 1456 1401 Merito
1477 1374 1511 1401 de
1532 1374 1566 1401 iis
1580 1374 1626 1409 qui
1646 1380 1710 1402 tunc

919 1420 1036 1453 fuerunt,
1049 1421 1115 1447 dicit
1129 1429 1136 1447 :
1153 1419 1216 1447 Non
1229 1425 1266 1447 eu
1282 1420 1378 1447 similis
1404 1420 1445 1446 illi
1459 1420 1530 1447 alius
1549 1429 1582 1448 ea:
1596 1421 1637 1448 his
1663 1421 1708 1456 qui

918 1470 979 1493 sunt
995 1474 1072 1500 super
1088 1471 1185 1492 terram
1200 1466 1235 1492 "'.
1248 1466 1289 1493 Ac
1306 1466 1329 1493 si
1346 1468 1468 1494 diceret:
1483 1466 1523 1493 Ex
1534 1467 1576 1494 his
1591 1467 1710 1502 quisunt

920 1519 1004 1547 super
1029 1516 1128 1539 terram
1155 1511 1326 1546 temporibus
1348 1511 1418 1545 ejus,
1436 1512 1461 1539 in
1490 1512 1584 1540 diebus
1599 1512 1667 1547 ejus,
1681 1513 1709 1541 in

922 1558 976 1584 vita
989 1557 1070 1590 illius,
1093 1564 1145 1584 ltOll
1159 1561 1200 1584 est
1222 1557 1292 1584 alius
1310 1558 1408 1585 similis
1435 1558 1475 1585 illi
1490 1558 1516 1585 111
1539 1559 1657 1593 iustitia,
1681 1559 1710 1587 in

921 1604 984 1637 ﬁde,
1004 1604 1033 1631 in
1045 1603 1154 1638 pietate,
1167 1603 1193 1630 in
1208 1603 1364 1636 tolerantia,
1377 1604 1403 1631 111
1420 1605 1587 1638 constantia,
1604 1605 1632 1633 in
1646 1614 1710 1641 gra-

923 1650 1021 1677 tiarum
1036 1649 1199 1683 actionibus,
1220 1650 1245 1676 111
1261 1650 1452 1677 misericordia
1476 1656 1559 1685 atque
1576 1652 1602 1678 in
1620 1651 1711 1679 omni-

920 1695 970 1723 bus
998 1695 1154 1728 virtutibus,
1183 1703 1236 1723 non
1253 1700 1293 1723 est
1323 1695 1390 1724 alius
1408 1696 1489 1723 homo
1516 1697 1614 1725 similis
1629 1697 1666 1724 illi
1682 1698 1710 1725 in

921 1745 1011 1768 terris.
1021 1741 1087 1774 Quis
1106 1741 1176 1768 alius
1193 1747 1256 1768 ante
1268 1749 1342 1773 eum,
1357 1741 1398 1768 vel
1415 1747 1477 1776 post
1488 1750 1550 1768 eum
1567 1742 1630 1769 talia
1646 1750 1709 1770 sus-

922 1787 1011 1821 tinuit;
1041 1792 1068 1815 et
1095 1787 1232 1814 sustinens
1265 1788 1414 1822 gratiarum
1442 1788 1568 1814 actiones
1601 1795 1709 1814 recom-

921 1833 1045 1868 pensavit
1077 1840 1126 1867 pro
1159 1833 1413 1860 vehementioribus
1453 1833 1591 1860 doloribus
1627 1838 1710 1869 atque

920 1879 1099 1906 amarissimis
1126 1879 1235 1914 pcenis?
1269 1878 1335 1912 Quis
1362 1879 1468 1906 exstitit
1486 1879 1637 1906 tolerantia:
1657 1879 1709 1907 Job

921 1924 1029 1951 forma?
1053 1923 1160 1952 Nullus.
1187 1924 1325 1951 Abraham
1350 1925 1422 1952 enim
1457 1925 1540 1952 lilium
1569 1925 1710 1953 immolare

920 1975 1070 2005 prmceptus
1084 1975 1135 2004 est,
1148 1972 1196 1998 sed
1212 1971 1338 2005 protinus
1355 1971 1501 1999 identidem
1527 1971 1618 1998 vivum
1632 1972 1708 2000 illum

920 2017 1058 2052 suscepit,
1099 2024 1178 2051 quem
1206 2023 1374 2045 maetaturus
1413 2022 1493 2051 atque
1518 2018 1708 2046 immolaturus

920 2062 1020 2090 fuerat.
1051 2061 1101 2090 Job
1123 2070 1188 2102 vero
1200 2071 1252 2090 tton
1279 2063 1328 2096 ita,
1342 2064 1389 2091 sed
1418 2068 1536 2098 repente,
1551 2064 1652 2097 subito,
1666 2065 1708 2092 111-

919 2114 1026 2143 sperate
1050 2114 1151 2144 septem
1178 2109 1248 2136 filios
1281 2115 1308 2137 et
1334 2114 1389 2137 tres
1414 2110 1483 2137 filias
1510 2110 1589 2136 simul
1608 2110 1710 2144 pariter

919 2159 1053 2188 tnortuos,
1066 2160 1094 2182 et
1111 2163 1249 2190 nunquam
1266 2156 1463 2183 revn'iscentes
1471 2155 1575 2182 audivit
1586 2161 1613 2182 et
1625 2156 1708 2183 vidit:

80 2212 152 2237 vero,
183 2203 334 2238 Respexqu
360 2204 394 2230 ad
408 2211 518 2238 puerum
535 2211 619 2230 meum
652 2203 699 2230 Job
712 2203 725 2229 2’
737 2203 776 2230 Ac
788 2203 816 2230 si
828 2203 870 2230 di-
884 2205 908 2234 ι)
920 2201 967 2228 sed
984 2200 1051 2228 ﬁdes
1074 2208 1105 2228 ex
1134 2208 1167 2228 eo
1181 2207 1288 2228 mortua
1321 2209 1372 2229 non
1389 2206 1441 2234 est,
1459 2209 1547 2236 neque
1567 2202 1709 2237 patientia,

79 2256 170 2278 ceret:
188 2251 293 2283 vidisti,
323 2250 456 2285 probasti,
487 2255 578 2277 certus
605 2256 646 2282 es,
660 2249 723 2284 quia
745 2253 771 2275 et
786 2253 865 2276 antea

79 2304 176 2325 servus
202 2304 280 2324 meus
311 2297 403 2330 fuerit,
434 2302 466 2324 ει·
490 2304 562 2324 ttunc
587 2303 683 2323 servus
710 2303 784 2323 meus
803 2303 866 2330 per~

79 2348 182 2376 manet,
194 2347 223 2370 et
239 2350 253 2369 a
274 2350 344 2376 mea,
361 2343 468 2378 inquit,
481 2343 610 2370 servitute
627 2349 768 2376 nunquam
787 2342 865 2376 fugit,

79 2396 128 2416 nec
143 2387 242 2423 fugiet.
258 2388 292 2415 Et
307 2388 376 2423 ipse,
389 2388 487 2423 inquit,
501 2388 579 2415 testis
594 2395 665 2418 sum,
678 2387 800 2420 etangeli
813 2387 864 2413 mei

77 2434 230 2466 auditores,
242 2433 289 2468 qui
306 2434 494 2468 iucouspectu
516 2440 575 2461 meo
595 2432 742 2464 venientes,
766 2437 793 2459 et
813 2431 864 2459 Job

78 2480 255 2508 tolerantiam
281 2479 412 2507 mirantes
435 2479 582 2506 dixerunt:
605 2486 731 2513 magnum
747 2478 867 2505 miracu-

78 2527 132 2554 lum
158 2525 280 2554 vidimus
301 2525 372 2553 inter
404 2525 535 2556 ltontittes,
564 2531 580 2551 o
601 2523 729 2552 terribilis
754 2523 868 2551 Creator

77 2573 211 2605 omnium,
242 2571 328 2599 nimio
353 2575 463 2606 stupore
477 2571 599 2605 dignutn,
614 2577 631 2597 o
655 2569 868 2598 aeternellcctor

77 2619 283 2646 universorum.
303 2616 379 2645 Unus
407 2621 531 2644 terrenus
556 2615 636 2643 homo
661 2616 695 2642 de
720 2615 784 2641 limo
807 2614 867 2649 pla-

77 2669 181 2692 sutatus
189 2663 294 2691 nostris
306 2662 503 2690 immortalibus
515 2661 670 2696 angelorum
681 2661 772 2688 choris
783 2659 867 2687 tnulto

77 2711 201 2743 inferior,
230 2709 308 2737 illum
323 2709 370 2744 qui
393 2716 426 2736 ex
455 2706 652 2736 immortalibus
668 2706 807 2734 cherubim
826 2707 868 2737 of-

78 2758 145 2786 ticiis
175 2757 281 2786 cecidit
302 2760 386 2791 atque
411 2755 549 2792 projectus
565 2758 606 2783 est
635 2753 782 2788 diabolum,
808 2753 864 2782 sola

921 2254 1008 2282 ueqtte
1028 2248 1177 2282 gratiarum
1193 2248 1275 2281 actio,
1300 2255 1388 2283 neque
1418 2249 1525 2276 dilectio
1550 2257 1630 2284 quant
1646 2257 1710 2284 erga

919 2292 1003 2321 Deum
1018 2293 1123 2322 ltabnit.
1134 2294 1186 2321 Sed
1201 2294 1433 2329 quemadmodum
1445 2302 1542 2322 aurutn
1557 2303 1604 2329 per
1620 2295 1710 2330 ignem

920 2339 1056 2367 transiens
1069 2339 1236 2374 splendidius
1250 2345 1331 2375 atque
1347 2341 1491 2376 gloriosius
1517 2340 1647 2373 eflicitur,
1672 2341 1709 2368 ita

918 2390 945 2413 et
956 2384 1006 2413 Job
1031 2386 1212 2413 tentationum
1241 2387 1331 2422 ignem
1346 2387 1491 2420 transiens,
1515 2387 1617 2414 clarior
1628 2392 1709 2422 atque

919 2432 975 2460 Deo
1001 2433 1145 2467 pretiosior
1182 2437 1265 2468 atque
1291 2433 1485 2468 acceptabilior
1517 2433 1709 2468 comprobatus

919 2483 971 2506 est.
991 2478 1091 2506 Merito
1116 2486 1182 2513 ergo
1198 2479 1264 2506 dicit
1281 2488 1288 2507 :
1309 2478 1371 2506 Non
1397 2483 1435 2506 eu
1462 2479 1557 2506 similis
1575 2479 1615 2506 illi
1629 2486 1710 2514 super

918 2528 1029 2555 terram.
1045 2524 1153 2559 Fulget,
1169 2525 1267 2559 inquit,
1282 2530 1408 2559 tanquam
1426 2525 1466 2552 sol
1484 2525 1599 2552 veritate
1613 2533 1646 2552 ae
1660 2532 1709 2560 pa-

920 2570 1026 2603 tientia,
1055 2570 1161 2598 relucet
1174 2571 1226 2598 fide
1250 2575 1277 2598 et
1295 2570 1439 2598 tolerantia
1465 2569 1537 2598 velut
1550 2570 1611 2598 coeli
1629 2570 1709 2597 lumi-

919 2615 1006 2644 uaria.
1021 2615 1061 2644 0b
1089 2616 1140 2643 hoc
1155 2623 1207 2643 ttou
1232 2620 1274 2644 est
1294 2615 1391 2644 similis
1406 2615 1447 2643 illi
1474 2615 1544 2644 alius
1558 2623 1640 2651 super
1652 2620 1707 2643 tcr-

922 2669 990 2695 ratu,
1013 2662 1106 2690 firmus
1118 2667 1147 2689 ut
1174 2662 1253 2698 lapis,
1269 2667 1300 2689 ut
1325 2662 1530 2690 fundamentum
1549 2661 1706 2696 imtnobilis,

922 2713 1047 2744 tanquam
1064 2709 1177 2736 adamas
1203 2708 1425 2736 incommiuutus.
1456 2707 1517 2735 Non
1547 2712 1585 2734 m
1611 2707 1706 2734 similia

919 2754 961 2782 illi
985 2763 1019 2783 eo;
1043 2755 1082 2782 his
1096 2755 1141 2790 qui
1155 2760 1214 2783 sunt
1241 2754 1269 2783 in
1283 2755 1372 2782 terris.
1393 2754 1458 2782 Sine
1481 2752 1597 2789 querela,
1607 2757 1707 2789 utpote
