1904 3076
188 75 242 104 ὧδδ

741 73 934 103 ANONYMUS
947 73 981 100 IN
998 73 1068 102 JOB.
1087 88 1121 94 υ-
1140 73 1204 101 LIB.
1228 72 1261 101 ll.

1779 73 1834 101 £56

189 143 242 164 nec
253 136 287 163 ab
302 135 416 171 angelis,
432 142 482 162 nec
494 134 528 162 ab
541 133 696 162 hominibus
716 133 742 160 in
755 133 810 162 ullo
833 139 876 161 est
890 140 981 168 reprte-
994 135 1016 164 Α
1031 132 1206 168 simplicitate
1222 141 1228 159 :
1241 139 1323 168 super
1334 132 1393 159 haec
1420 131 1548 159 universa
1567 139 1629 166 qua
1644 132 1794 167 ingessisti
1808 134 1834 160 ei

191 183 306 211 hensus.
322 182 427 215 Justus,
445 186 537 215 utpote
549 181 623 215 justo
639 180 796 213 Dcijudicio
808 181 900 221 justus
909 188 978 208 com-

192 230 332 265 probatus.
349 227 439 260 Verus,
449 232 542 261 utpote
554 234 604 254 nec
614 227 740 258 inverbo,
751 226 833 254 necin
845 226 926 259 facto,
936 233 980 252 ne-

192 285 245 311 que
252 277 278 304 in
287 283 394 310 magno,
402 281 489 309 neque
499 274 526 300 in
536 274 650 302 minimo
657 274 766 301 falsitati
774 274 979 308 approximans,

140 329 145 333 ‘
192 330 280 357 neque
291 327 432 349 mendacio
457 328 674 348 commuutcans.
693 320 740 347 Dei
765 320 861 352 cultor,
887 323 980 353 utpote

193 376 246 396 non
271 367 411 395 oberranti
442 366 525 393 animi
563 366 733 393 conscientia
774 373 858 392 ttnttm
887 364 980 391 colens

192 413 422 448 Omnipoletttem,
448 412 568 438 ontnittm
595 411 763 442 Creatorem,
782 411 889 438 Patrem
914 410 978 438 Jesu

191 459 303 487 Christi.
333 458 473 486 Abstineas
486 466 511 485 se
525 458 555 484 ab
568 458 690 484 omnibus
713 457 836 491 operibus
848 456 939 487 atatis,
954 460 981 483 et

191 511 285 538 antea,
302 509 330 533 et
360 512 442 536 nunc,
470 504 504 532 ab
519 503 596 530 initio
622 508 649 530 et
668 510 753 537 usque
774 503 800 529 in
815 501 907 530 liuent.
920 501 980 529 Non

190 552 276 582 enim.
307 559 355 578 nec
379 555 457 578 antea
481 549 639 577 facultatum
673 549 858 580 abundantia,
891 555 980 582 neque

192 605 264 625 nunc
282 598 413 624 bonorum
426 596 542 631 perditio
559 595 592 623 ad
606 594 675 622 mala
687 602 748 622 eum
758 594 977 623 declinaverunt.

193 644 282 679 Super
300 644 357 671 hanc
380 643 471 669 omnia
483 642 590 677 quidem
620 649 726 668 summo
750 641 880 675 singulari
900 645 981 674 atque

192 687 311 715 mirabili
339 687 418 714 modo
447 693 612 721 perseverans
646 685 674 712 in
704 685 880 718 simplicitate.
912 683 981 711 Cum

194 738 278 765 tanta,
295 733 391 767 inquit.
409 740 423 759 a
439 736 464 758 te
476 731 647 762 sustinuerit,
659 738 721 757 cum
733 734 807 756 tanta
821 738 834 755 a
847 734 873 756 te
886 736 982 763 passus

193 779 285 810 fuerit,
305 782 377 805 tanta
403 785 436 803 ex
453 781 497 802 tua
526 775 628 802 tnalitia
652 773 862 809 suppoﬂavcrit,
887 773 980 800 Ad‘ltuc

192 828 337 859 perseuerat
352 824 379 850 in
393 822 572 857 simplicitate.
599 820 700 849 Omnes
721 820 768 855 qui
797 820 823 846 in
844 819 980 847 doloribus

191 876 219 899 et
239 871 266 898 in
281 870 424 898 tormentis
449 874 531 903 atque
547 868 574 895 in
599 867 772 903 passiouibus
790 865 900 898 fuerint,
915 866 981 900 ipsis

193 915 330 943 doloribus
342 913 517 941 exatnaricati
536 917 619 947 atque
633 912 802 947 exaggerati,
817 911 980 943 amariores,

192 966 220 988 et
236 961 365 989 noxiores
376 965 459 993 atque
474 959 580 993 pejores
599 958 764 985 efﬁciuntur.
793 956 846 984 Sed
867 965 920 984 non
944 956 981 984 ita

192 1013 244 1039 est.
262 1007 365 1042 inquit,
393 1006 633 1034 constantissimus
661 1004 724 1035 Job.
743 1003 791 1031 sed
818 1003 855 1032 ita
870 1005 924 1032 no‘n
940 1009 982 1032 est

192 1054 361 1082 admirabilis
390 1053 434 1081 ille
451 1053 504 1085 vir,
527 1052 574 1079 sed
591 1052 681 1079 adhuc
704 1055 864 1087 perseverat
877 1051 904 1078 in
915 1050 981 1077 sim-

192 1101 324 1137 plicitate.
338 1101 376 1127 Ac
388 1100 410 1127 si
427 1100 541 1132 diceret,
562 1098 651 1125 adhuc
679 1098 852 1126 innocentior
873 1097 898 1124 in
916 1097 982 1132 ipsis

193 1148 330 1176 doloribus
359 1150 513 1180 perseverat
533 1163 540 1177 ,
562 1144 651 1171 adhuc
678 1143 872 1178 longanimlor,
892 1143 982 1172 adhuc

193 1193 352 1224 modestior,
369 1191 458 1218 adhuc
483 1189 638 1224 benignior,
655 1189 744 1216 adhuc
761 1188 874 1223 justior,
893 1188 983 1216 adltuc

193 1239 326 1267 sincerior
339 1238 411 1266 circa
424 1237 518 1264 Deum.
531 1235 667 1269 Quantum
681 1236 768 1268 enim,
791 1235 889 1269 inquit,
909 1240 949 1269 tu,
965 1243 982 1263 ο

193 1283 319 1315 diabole,
334 1282 514 1317 augmentasti
537 1282 562 1309 ei
579 1281 659 1315 mala,
688 1286 792 1309 tantum
819 1281 870 1309 Job
883 1281 983 1316 adjecit

193 1331 227 1358 ad
245 1330 428 1358 innocentiam
447 1340 452 1357 :
468 1329 560 1357 Adhuc
572 1337 741 1364 perseverans
752 1329 781 1355 in
793 1329 980 1362 simplicitate.

194 1377 298 1408 Adhuc,
324 1376 422 1410 inquit.
449 1383 482 1404 ac
505 1376 527 1403 si
553 1376 680 1403 diceret:
702 1374 790 1409 Super
806 1375 898 1402 omnia
924 1382 984 1410 quae

194 1423 219 1450 ei
246 1421 343 1454 fecisti,
376 1428 458 1456 super
475 1421 566 1448 omnia
597 1428 658 1454 quae
685 1420 710 1447 ei
732 1420 890 1453 ostendisti,
902 1426 984 1453 super

194 1467 285 1494 omnia
314 1467 415 1501 quibus
430 1473 493 1493 eum
515 1465 646 1498 slliixisu,
663 1474 746 1501 super
769 1467 860 1493 omnia
875 1465 933 1493 inec
944 1466 984 1492 vi-

195 1511 293 1540 delicet
304 1511 393 1538 adhuc
408 1511 600 1546 perseveratin
621 1511 805 1545 simplicitate.
826 1511 854 1538 In
880 1518 982 1545 prame-

195 1556 322 1584 dentibus
334 1556 461 1583 laudatur
476 1555 526 1583 Job
542 1563 557 1582 a
573 1555 638 1586 Deo.
650 1556 838 1591 utpotejustus
852 1563 884 1584 ac
901 1563 983 1584 verax

195 1601 242 1629 Dei
258 1601 344 1628 cultor
356 1611 363 1629 :
375 1609 446 1629 nunc
460 1609 529 1628 vero
546 1601 644 1635 adjecit
672 1601 725 1628 illis
740 1602 808 1629 Deus
825 1609 906 1636 super
918 1602 987 1629 hanc

196 1647 314 1680 laudent,
332 1647 448 1675 dicens:
473 1646 646 1674 Perseuerans
673 1647 702 1674 in
732 1647 902 1681 simplicitate
924 1655 985 1674 sua.

195 1693 267 1722 Bene
295 1701 328 1721 ac
345 1694 435 1729 digne.
463 1693 561 1728 Figura
588 1693 660 1720 enim
696 1693 745 1720 fuit
767 1701 860 1720 eorum
890 1693 935 1727 qui
959 1694 986 1720 itt

195 1747 264 1771 nova
278 1739 364 1775 gratia
389 1739 481 1767 omnia
496 1740 523 1766 in
535 1739 710 1774 simplicitate
727 1740 893 1766 transierunt
906 1745 987 1774 atque

196 1786 392 1816 sustinuerunt,
409 1784 472 1811 nulli
496 1784 594 1811 malum
622 1793 671 1819 pro
685 1785 755 1812 malo
769 1784 924 1816 reddentes,
940 1785 987 1812 sed

195 1836 360 1868 prmeeptunt
375 1831 481 1858 Dotniui
505 1830 693 1865 aditnplcntes,
721 1831 835 1858 dicentis
852 1840 858 1858 :
877 1830 988 1866 Diligite

196 1873 315 1901 inimicos
331 1881 425 1901 uestros
436 1875 519 1906 ",et:
534 1874 681 1902 Benedicite
695 1876 732 1902 eis
744 1876 788 1910 qui
804 1875 988 1903 maledixerint

198 1920 268 1947 vobis
282 1921 316 1951 ⁷⁸,
334 1926 361 1947 et
376 1929 382 1947 :
403 1919 505 1947 Valenti
527 1921 632 1955 auferre
655 1920 767 1955 pallium
784 1926 869 1953 tuum,
885 1922 988 1949 dimitte

197 1967 222 1995 ei
233 1973 258 1995 et
274 1969 391 1995 tunicam
406 1968 440 1994 “.
454 1967 556 1995 [lorum
568 1976 684 2002 namque
705 1969 825 1996 omnittm
839 1974 928 2004 typum
942 1975 989 2004 ge-

199 2021 261 2041 rens
275 2015 369 2042 heatus
382 2014 444 2047 Job,
461 2022 523 2042 cum
542 2014 594 2041 boc
608 2015 680 2049 quod
699 2014 726 2041 in
741 2015 919 2049 simplicitate
929 2022 989 2049 per.

199 2061 333 2088 scveravit
345 2065 426 2095 atque
436 2066 533 2088 cuncta
544 2061 682 2092 sustinuit,
697 2069 756 2087 cum
767 2058 821 2088 hoc
835 2061 893 2094 ipso
904 2060 989 2087 etiatn

198 2106 331 2134 auferenti
354 2107 465 2141 pallium
492 2114 581 2141 suum,
597 2108 647 2135 hoc
674 2111 716 2134 est
731 2114 841 2134 omnem
862 2107 991 2135 substan-

1031 180 1189 211 persevcrat
1202 176 1227 202 in
1240 175 1429 210 simplicitate.
1442 176 1474 203 Et
1487 176 1559 210 quis,
1577 176 1676 211 inquit,
1695 182 1763 211 post
1778 177 1834 205 hoc

1030 229 1063 250 ex
1078 222 1119 249 his
1147 221 1194 255 qui
1223 222 1371 255 audierint,
1400 222 1440 249 vel
1456 223 1627 256 agnoverint,
1655 231 1710 250 non
1723 231 1773 250 me
1791 232 1835 251 re-

1031 268 1193 303 prehendat,
1208 268 1252 303 qui
1273 273 1376 295 tantum
1398 269 1508 303 permisi
1529 274 1580 296 tua!
1603 269 1768 297 crudelitati
1785 271 1835 298 ad-

1032 322 1126 342 versus
1150 314 1253 348 justum
1281 314 1354 342 illum
1385 314 1539 349 insurgere.
1559 319 1587 344 et
1612 315 1648 342 ita
1674 316 1834 343 immiseri-

1032 361 1150 387 corditcr
1177 361 1348 388 innocentem
1376 361 1496 388 vexare?
1521 361 1585 388 Post
1615 369 1676 396 quae
1695 362 1835 389 universa

1033 412 1187 442 perseverat
1199 408 1226 434 in
1240 407 1424 441 simplicitate.
1438 407 1518 439 Ecce,
1542 408 1641 443 inquit,
1672 415 1756 436 antea
1771 409 1835 436 Ian-

1032 453 1092 480 davi
1111 453 1258 481 testiﬁcaris
1284 453 1332 481 tibi
1366 453 1429 488 quis
1452 453 1535 481 fuerit
1557 454 1624 488 Job,
1660 463 1726 482 ecce
1757 463 1836 483 nunc

1032 500 1130 533 adjicio
1157 507 1239 534 super
1260 500 1366 527 laudent
1385 501 1453 536 ejus,
1479 501 1594 528 dicens:
1616 500 1779 528 Perseverat
1804 503 1835 529 in

1032 546 1206 580 simplicitate.
1229 545 1402 580 Persei-erat,
1416 548 1464 580 ait,
1480 548 1506 574 id
1517 552 1570 581 est,
1584 553 1738 582 exspectat.
1759 549 1834 582 Quid

1032 599 1097 626 ergo
1121 592 1279 625 exspectat?
1311 591 1472 619 Toleratttiae
1497 595 1761 625 remunerationem,
1785 602 1834 621 ex-

1033 642 1136 670 spectat
1149 645 1266 664 coronas
1285 638 1456 666 innocentiaa.
1481 639 1531 666 Aut
1562 639 1651 667 adhuc
1669 646 1832 674 exspectat,

1034 683 1128 718 inquit.
1147 683 1228 717 Quid,
1246 684 1514 719 inquit,cxspectat‘t
1540 685 1587 719 Te,
1603 686 1653 718 ait,
1670 693 1822 721 exspectat

1033 729 1177 762 odiabole,
1212 734 1340 764 tanquan-
1369 731 1455 758 audax
1483 731 1668 766 belligerator,
1695 737 1826 768 tanquar.

1035 774 1276 802 constantissimus
1289 775 1439 810 prml‘tator,
1455 780 1583 811 tanquam
1596 777 1776 805 admirabilis
1790 779 1829 805 vit

997 810 1016 837 Β
1033 819 1120 848 fortis.
1135 821 1182 848 Sic
1195 821 1288 855 itaque
1304 821 1352 851 ait.
1373 810 1526 856 exspectat,
1553 830 1606 850 non
1625 823 1734 850 dubitat
1753 832 1761 850 :
1777 831 1833 851 non

1033 871 1107 901 terga
1123 866 1207 898 dedit,
1240 867 1288 894 sed
1303 867 1394 894 adhuc
1422 872 1573 901 exspectat.
1595 867 1704 900 Adhuc,
1727 868 1831 902 inquit,

1032 917 1171 947 exspectat
1185 918 1215 940 ut
1239 917 1265 940 te
1281 918 1391 947 superet
1410 919 1497 948 atque
1516 914 1654 945 devincat,
1682 915 1831 942 conculcet

1032 964 1112 993 atque
1132 959 1268 991 humiliet,
1285 965 1313 987 et
1324 960 1480 987 omnimodo
1505 960 1640 995 dejectum
1657 965 1743 995 atque
1757 968 1825 988 con-

1032 1005 1119 1033 fusum
1141 1005 1320 1033 demonstret.
1348 1005 1414 1033 Cum
1447 1005 1528 1033 taletn
1552 1014 1619 1041 ergo
1637 1007 1754 1034 noveris
1767 1014 1830 1034 esse

1031 1050 1094 1082 Job,
1112 1055 1140 1078 et
1156 1051 1193 1078 ita
1222 1055 1347 1086 prompte
1360 1057 1386 1078 te
1399 1057 1606 1087 exspectantem
1627 1053 1660 1079 ad
1673 1054 1827 1080 secundam

1032 1096 1263 1130 congressionem,
1283 1097 1304 1124 si
1331 1097 1425 1128 audes,
1453 1098 1625 1132 approxima,
1649 1098 1754 1133 incipe,
1783 1106 1829 1133 ap-

1033 1143 1189 1177 prehende.
1220 1148 1343 1178 paratum
1380 1144 1503 1171 invenies
1546 1149 1572 1171 te
1607 1150 1827 1179 exspectantem.

1031 1187 1137 1218 Adhuc,
1151 1187 1252 1222 inquit,
1265 1193 1406 1222 exspectat
1421 1188 1448 1215 in
1458 1189 1634 1223 simplicitate
1656 1199 1663 1218 :
1680 1194 1708 1216 tu
1734 1194 1828 1216 autem

1033 1238 1132 1264 terram
1158 1234 1268 1266 circuis,
1282 1240 1310 1261 et
1334 1242 1365 1262 ea
1377 1243 1437 1269 quae
1450 1236 1500 1262 sub
1516 1235 1585 1263 caelo
1606 1240 1671 1263 suttt
1684 1242 1827 1270 peragras,

1033 1284 1062 1309 ut
1073 1279 1144 1306 idola
1155 1279 1267 1310 fundas,
1282 1285 1312 1307 ut
1325 1281 1487 1308 adulterium
1511 1283 1659 1316 germlnes,
1680 1286 1712 1308 ut
1736 1281 1824 1309 homi-

1033 1323 1134 1351 cidium
1147 1324 1322 1359 multiplices,
1336 1332 1366 1354 ut
1386 1327 1544 1361 sunguinctn
1555 1326 1690 1358 ell'undas,
1707 1331 1738 1353 ut
1753 1331 1827 1354 artes

1034 1370 1162 1404 magicas,
1185 1376 1212 1398 et
1234 1373 1358 1407 auguria,
1384 1377 1411 1400 et
1439 1372 1620 1400 divinationes
1642 1377 1728 1407 atque
1742 1373 1829 1400 malce

1035 1415 1094 1443 ﬁcia
1124 1417 1298 1449 dissemines,
1330 1423 1359 1444 ιιι
1390 1418 1575 1446 inﬁdelitatem
1597 1419 1705 1451 doceas,
1731 1419 1828 1446 t1th

997 1485 1018 1515 ο
1035 1461 1202 1497 blasphemia
1220 1468 1303 1498 atque
1314 1464 1443 1492 omttibus
1456 1465 1545 1497 malis,
1576 1472 1607 1492 ea
1622 1472 1683 1499 quae
1697 1471 1765 1492 sunt
1778 1467 1827 1492 sub

1035 1507 1104 1533 coelo
1119 1507 1234 1542 repleas,
1245 1513 1274 1534 ut
1286 1514 1378 1536 castos
1396 1509 1535 1537 velcastas
1550 1510 1664 1544 polluas,
1681 1511 1779 1545 utpios
1794 1512 1824 1536 ad

1036 1552 1199 1586 impietatem
1211 1553 1342 1587 declines,
1362 1560 1391 1582 ut
1401 1554 1481 1590 justis
1491 1557 1626 1584 molestias
1640 1561 1722 1591 atque
1739 1556 1824 1584 tribu-

1037 1597 1151 1625 lationes
1177 1599 1302 1627 suscites.
1323 1600 1375 1628 Pro
1404 1601 1457 1634 his,
1484 1602 1580 1636 inquit,
1597 1603 1726 1629 cantibus
1750 1607 1788 1634 tu,
1809 1609 1827 1629 o

1038 1644 1153 1676 diabole,
1182 1649 1281 1672 terram
1307 1646 1418 1680 circuis,
1435 1652 1463 1674 et
1477 1655 1509 1674 ea
1525 1655 1586 1681 quae
1604 1653 1668 1674 suttt
1688 1648 1739 1675 sub
1757 1648 1827 1674 cmlo

1037 1695 1176 1724 peragras.
1189 1689 1240 1717 Job
1258 1697 1322 1718 vero
1334 1699 1387 1720 non
1405 1692 1453 1724 ita,
1478 1692 1526 1720 sed
1541 1697 1681 1727 exspectat
1696 1692 1787 1720 adhuc
1799 1692 1826 1719 in

1038 1743 1092 1762 uno
1105 1735 1167 1764 loco
1191 1742 1319 1771 tanquam
1334 1738 1361 1765 iu
1377 1740 1472 1766 eadem
1501 1740 1644 1774 patientia,
1657 1744 1686 1767 et
1699 1741 1824 1772 veritate,

1038 1780 1065 1808 in
1078 1782 1172 1809 eadem
1188 1781 1242 1810 ﬁde
1254 1788 1282 1810 et
1293 1783 1394 1817 pietate
1409 1788 1489 1819 atque
1500 1785 1547 1812 Dei
1563 1784 1668 1812 cultura
1686 1785 1824 1818 fundatus,

1038 1828 1172 1856 stabilitus
1198 1834 1280 1864 atque
1306 1830 1494 1864 conﬁrmatus,
1523 1836 1551 1858 et
1570 1839 1707 1866 nunquam
1736 1832 1771 1859 ab
1795 1839 1824 1859 ea

1038 1874 1201 1908 declinatus,
1219 1880 1266 1902 aut
1289 1876 1493 1910 praevaricatus.
1512 1876 1557 1903 Sic
1579 1877 1672 1911 itaque
1689 1881 1826 1912 exspectat

1039 1918 1195 1953 immobilis,
1224 1925 1307 1955 atque
1332 1921 1473 1949 innocens.
1500 1921 1597 1950 Adhuc
1628 1928 1772 1957 exspectat
1799 1924 1824 1950 in

1039 1966 1222 2000 simplicitate.
1237 1966 1381 2000 Columba,
1412 1969 1510 2003 inquit,
1537 1973 1579 1996 est
1602 1969 1729 2003 simplex,
1746 1970 1825 1997 ratio-

1040 2012 1150 2045 nabilis,
1175 2013 1319 2046 spiritalis,
1345 2014 1553 2048 incorruptione
1580 2015 1671 2050 digna,
1702 2020 1823 2050 accepta—

1040 2056 1111 2089 bilis,
1136 2057 1238 2092 angelis
1270 2058 1316 2086 Dei
1341 2058 1497 2087 familiaris.
1523 2059 1629 2088 Idcirco
1643 2065 1770 2095 tanquam
1781 2069 1825 2089 co—

1041 2101 1131 2130 lttmba
1156 2104 1358 2138 simplicitatem
1374 2106 1504 2134 ostendit.
1533 2106 1598 2134 Nam
1615 2107 1688 2135 sicut
1702 2107 1824 2136 columba

199 2153 264 2180 tiam
281 2161 356 2180 suam
377 2153 498 2183 diabolo.
523 2158 550 2180 et
578 2154 696 2181 tunicam
727 2153 840 2186 dimisit,
865 2153 984 2181 conscin-

1042 2148 1075 2175 de
1089 2148 1151 2175 nido
1162 2148 1276 2184 eﬁ‘ugata
1291 2150 1404 2179 sublatis
1414 2152 1465 2180 sibi
1477 2152 1558 2187 pullis
1568 2159 1650 2188 atque
1660 2159 1724 2182 ante
1737 2155 1824 2182 oculos

200 2199 267 2226 d'ens
298 2199 370 2226 illam
396 2204 476 2234 atque
501 2200 647 2235 projiciens
675 2199 733 2233 illi,
751 2204 778 2228 et
792 2200 906 2227 dicens:
921 2199 989 2232 Qua:

201 2244 342 2280 postulasti
357 2253 372 2271 a
401 2244 465 2278 Deo,
477 2247 622 2280 accepisti;
648 2246 712 2274 tolle
731 2251 758 2273 et
774 2246 831 2273 hac
848 2253 909 2280 quae
934 2253 989 2273 non

201 2289 334 2322 quaesisti,
367 2290 484 2317 tunicam
512 2296 592 2325 atque
605 2292 714 2326 palliunt
745 2299 843 2318 meum.
864 2289 989 2318 Perseue-

202 2341 263 2359 rans
287 2334 373 2363 adhuc
395 2335 424 2360 in
449 2335 624 2369 simplicitate.
647 2336 714 2364 Nam
733 2342 864 2372 quantum
879 2337 913 2363 ad
929 2341 991 2363 tuos

203 2386 359 2411 sermones,
389 2387 406 2407 ο
434 2380 551 2414 diabole,
575 2382 722 2409 adversarii
754 2382 780 2409 in
809 2390 871 2409 eum
902 2382 990 2409 insur-

202 2431 344 2458 rexerunt,
376 2426 479 2453 inimici
512 2435 572 2454 eum
603 2429 748 2463 deprtcdati
775 2429 925 2457 suntzsed
939 2438 993 2459 nec

205 2471 300 2498 istisin
316 2471 406 2506 aliquo
421 2473 574 2507 rcplicavit,
591 2475 638 2501 scd
653 2475 724 2502 circa
736 2475 803 2503 istos
813 2483 909 2503 omnes
924 2477 994 2503 sitn—.

205 2517 353 2552 plicitatem
379 2518 507 2545 ostendit.
538 2518 633 2546 Merito
657 2520 732 2552 dicit,
759 2519 934 2547 Perseverans
962 2520 989 2547 in

204 2564 383 2598 simplicitate,
411 2569 503 2600 lypqu
530 2570 611 2601 atque
634 2565 748 2601 ﬁgurant
768 2574 865 2602 gerens
880 2566 992 2594 Domini

206 2609 319 2637 dicentis
332 2617 381 2645 per
401 2611 559 2645 prophetam
583 2615 616 2638 dc
643 2612 811 2646 semetipso:
828 2612 883 2647 Ego
903 2617 992 2640 autem

207 2660 330 2690 tanquam
344 2665 427 2691 agnus
443 2657 627 2685 immaculatus
658 2658 752 2685 ductus
768 2666 827 2684 sunt
840 2658 875 2684 ad
903 2657 994 2684 sacri-

206 2699 350 2734 ﬁcium”.
367 2702 411 2729 Sic
429 2702 520 2738 itaque
531 2703 700 2731 admirabilis
717 2703 766 2731 Job
791 2706 948 2737 perseverat
965 2702 995 2729 in

243 2787 267 2804 τ’
290 2788 355 2816 Luc.
382 2798 418 2822 vr,
437 2790 482 2817 ‘27.
519 2790 542 2806 ⁷⁸
558 2790 623 2818 ibid.
644 2791 689 2818 28.

1043 2195 1179 2227 mactatis,
1211 2203 1266 2224 non
1290 2196 1457 2232 indignatur,
1480 2206 1569 2233 neque
1593 2205 1725 2233 terretur,
1742 2207 1824 2236 neque

1043 2241 1136 2268 nidum
1147 2240 1259 2275 deserit,
1276 2250 1363 2277 neque
1391 2244 1424 2271 ad
1442 2244 1574 2272 malitiam
1591 2245 1774 2274 immittatur:
1790 2247 1823 2274 it:

1044 2291 1072 2312 et
1087 2286 1182 2313 beatus
1197 2285 1248 2314 Job
1267 2294 1328 2314 cum
1347 2288 1428 2316 nidus
1438 2288 1472 2315 ab
1488 2296 1521 2315 eo
1542 2288 1707 2321 auferretur,
1725 2289 1775 2317 hoc
1786 2294 1825 2316 est

1043 2332 1143 2359 divitiae
1154 2338 1236 2367 atque
1245 2333 1409 2367 substantia,
1428 2338 1455 2361 et
1470 2334 1517 2361 lilii
1533 2334 1593 2369 ejus
1610 2335 1825 2362 interﬁcerentur

1044 2384 1106 2405 ante
1120 2378 1212 2406 oculos
1226 2378 1295 2413 ejus,
1308 2387 1361 2406 non
1375 2384 1417 2407 est
1429 2380 1606 2415 indignatus,.
1623 2388 1712 2415 neque
1728 2381 1760 2408 ad
1773 2389 1824 2408 nia-

1043 2424 1139 2457 litiam,
1167 2425 1220 2452 hoc
1243 2430 1286 2452 est
1313 2425 1345 2452 ad
1368 2426 1566 2461 blasphemiam
1584 2431 1632 2454 aut
1657 2426 1693 2454 ad
1720 2427 1825 2454 maledi-

1045 2471 1171 2504 ctiouetn,
1192 2476 1235 2500 est
1249 2472 1408 2500 immutatus
1421 2493 1428 2505 ,
1451 2473 1500 2500 sed
1516 2477 1613 2500 cuncta
1627 2473 1753 2500 sustinuit
1769 2481 1823 2501 eum

1042 2517 1195 2545 innocentia
1215 2522 1299 2554 atque
1327 2519 1477 2553 gratiarum
1514 2519 1675 2558 actionipus.
1715 2519 1766 2547 Pro
1787 2519 1824 2546 bis

1041 2570 1107 2598 ergo
1130 2564 1255 2592 omnibus
1272 2565 1350 2598 dicit,
1365 2573 1534 2599 perseverans
1562 2566 1589 2592 in
1601 2565 1768 2600 innocentia.
1787 2565 1822 2592 Tu

1046 2617 1113 2637 vero
1135 2609 1230 2638 dixisti
1266 2611 1381 2644 perdere
1406 2619 1462 2638 rem
1489 2612 1571 2646 ejus:
1603 2611 1697 2639 dixisti
1719 2616 1747 2637 ut
1770 2619 1823 2645 per-

1045 2657 1146 2689 deres;
1175 2657 1316 2691 paululqu
1348 2663 1438 2686 autent
1460 2666 1558 2686 carnes
1569 2659 1628 2694 ejus
1648 2658 1718 2685 dicis
1732 2663 1822 2693 utper-

1046 2702 1108 2735 das,
1119 2707 1149 2730 ut
1166 2702 1216 2730 ista
1233 2703 1260 2730 in
1278 2704 1453 2740 simplicitate
1473 2706 1610 2733 sustinens
1631 2703 1692 2737 Job,
1706 2712 1822 2738 augmeav

731 2791 753 2807 ⁷⁵
777 2790 843 2818 ibid.
860 2790 905 2817 29.
943 2790 977 2806 "'
995 2789 1094 2818 Jcrem.
1113 2791 1206 2825 snit).
