1904 3076
59 169 104 198 diti
111 184 115 189 ~

60 232 108 254 tum
117 224 289 260 gloriosaratu
305 229 465 251 coronarum
489 222 616 258 accipiat,
630 227 658 251 et
671 228 710 254 tu.
726 223 822 263 inquit,
838 228 862 253 Α

59 281 74 300 o
91 269 310 302 versuletliabule,
336 274 511 305 augmentum
537 269 707 298 confusionis
735 274 763 297 et
778 269 825 297 de-

58 316 169 353 jet-tionis
188 320 269 349 atque
283 314 368 351 tuine
382 314 526 350 percipias.
549 319 643 350 utpote
673 320 700 341 et
713 315 746 342 dc
756 314 825 342 cmlo

60 362 171 397 deiectus.
183 365 210 388 et
229 360 255 387 in
269 359 352 387 terris
363 359 397 386 ab
411 358 462 387 Joh
481 364 649 394 prostratus,
661 360 743 386 etiam
755 364 783 387 et
797 359 824 386 itt

60 409 104 436 hoc
115 407 203 434 ultimo
217 411 379 441 exspectans
393 407 507 442 quando
521 413 536 433 a
556 406 671 434 Domino
682 405 733 434 Joh
744 410 826 441 atque

58 453 164 480 omnium
178 457 282 481 rectore
293 452 348 480 Deo
366 452 512 488 Unigenito
522 460 574 487 per
584 459 695 480 crucem
706 457 825 486 proster-

58 499 121 526 naris
141 503 219 534 atque
251 497 278 524 itt
305 497 405 525 inferos
427 497 605 533 demergaris.
629 496 679 531 Tu,
701 497 824 532 inquam,

59 542 136 572 dixisti
150 551 203 571 rem
229 543 290 578 ejus
305 544 417 579 perdere
430 543 491 571 sine
502 551 596 577 causa,
618 547 745 577 nequeut
756 550 826 578 prte-

57 590 156 624 eipieus,
179 596 267 624 neque
290 594 321 617 ut
339 589 489 624 imperans.
502 588 619 617 Caruiin
631 588 704 616 enim
726 588 788 621 hoc,
808 596 840 616 o-

56 635 158 668 diabole,
170 640 198 662 ut
213 642 274 662 cunt
290 640 426 668 potestate
440 635 517 663 dicas
543 634 673 670 jubettdo,
687 634 731 662 vel
753 642 823 670 pra:-

57 681 184 716 cipiendo:
207 682 254 709 sed
281 681 372 709 dixisti
397 689 535 716 quaerens,
546 681 700 716 postulans,
719 681 824 716 suppli-

56 734 120 759 cans,
130 732 230 762 petens.
248 727 305 761 Sic,
324 728 445 762 inquam,
461 728 554 756 dixisti
570 735 628 755 rent
639 727 697 762 ejus
710 727 825 762 perdere

55 773 105 800 sine
117 780 202 800 causa.
212 773 283 809 Age,
298 773 397 809 inquit,
407 774 479 809 quod
494 773 551 808 ille,
563 774 614 802 hoc
628 778 681 806 est,
697 773 823 801 diabolus

56 819 86 846 ita
99 819 200 852 dixerit,
224 819 262 846 ita
281 820 401 854 petierit,
419 820 455 847 ita
469 820 617 854 quaasierit,
639 820 675 848 ita
691 820 823 855 supplica-

55 866 122 899 verit,
141 871 169 894 tu
183 873 248 894 vero
278 874 327 893 cur
339 866 484 899 exaudisti,
508 874 558 894 cur
581 866 758 901 acquievisti,
775 873 825 893 cur

55 913 208 944 dedisti,cur
218 913 280 940 sine
296 920 378 940 causa
394 920 450 940 rem
466 912 538 940 illius
554 912 620 948 justi
636 912 751 948 perdere
762 920 825 947 per-
840 904 863 934 Β

56 958 156 986 misisti?
169 957 208 986 0b
221 958 285 991 hoc,
297 958 396 993 luquit,
413 958 547 992 exaudivi,
565 958 599 986 ob
613 959 664 986 hoc
674 965 729 986 rem
745 962 826 992 atque

56 1004 112 1031 tilios
122 1004 177 1039 ejus
191 1004 307 1039 perdere
319 1004 439 1038 permisi,
454 1008 483 1031 ut
497 1003 700 1039 appareretJob
707 1003 825 1038 justitia,

54 1054 77 1076 et
87 1049 174 1077 diaboli
201 1049 347 1085 injustitia,
373 1054 400 1077 ttt
415 1054 558 1089 appareret
586 1056 646 1077 mea
669 1049 781 1083 veritas,
799 1054 826 1077 et

55 1095 137 1123 diaboli
150 1096 331 1128 mendacium,
342 1100 372 1134 ut
393 1095 509 1123 clareret
523 1103 612 1123 mcutn
629 1095 824 1128 testimonium,

54 1144 77 1179 et
88 1140 162 1176 iniqui
174 1140 246 1168 illius
256 1141 438 1176 blasphemia.
464 1141 572 1174 Dixisti,
589 1141 687 1176 inquit,
706 1141 753 1169 sed
771 1149 824 1169 nou

54 1192 78 1214 ut
88 1186 185 1222 jubens.
194 1187 263 1220 Nisi,
280 1187 377 1222 inquit,
393 1187 560 1221 exaudirem,
579 1191 605 1215 et
618 1187 823 1222 acquiescerent

54 1237 121 1267 atque
136 1233 266 1260 traderem
280 1239 387 1259 onmem
402 1239 457 1260 rem
484 1231 536 1260 Job
551 1232 579 1260 in
594 1236 755 1267 potestatem
766 1233 827 1260 dia-

54 1277 107 1310 holi,
119 1283 144 1306 et
160 1280 274 1314 perdere
286 1285 366 1306 omne
380 1278 513 1313 peculium
525 1285 558 1306 ac
576 1278 648 1306 ﬁlios
676 1278 756 1314 juxta
781 1286 827 1306 vo-

54 1323 166 1351 luntatem
177 1332 253 1352 suam
265 1325 461 1360 permitterem,
473 1331 610 1358 nunquam
623 1324 716 1359 utique
725 1331 827 1358 cogno-

54 1374 128 1397 sceret
142 1369 276 1402 diabolus,
293 1370 356 1405 quia
378 1378 430 1398 tton
450 1374 561 1405 propter
581 1377 639 1398 rem
653 1370 768 1398 coluerit
783 1377 826 1398 me

54 1411 103 1447 Job,
132 1416 175 1442 sed
198 1420 313 1450 propter
339 1415 500 1442 charitatem
527 1423 535 1442 :
560 1422 699 1450 nunquam
733 1415 826 1450 utique

53 1459 187 1493 quiesceret
203 1460 417 1495 blasphemando
429 1465 540 1488 sanctos
561 1465 625 1487 ante
639 1459 723 1488 Deum
739 1465 766 1487 et
777 1460 826 1487 ho-

54 1505 137 1538 mines,
162 1505 207 1533 sed
234 1505 263 1533 in
292 1507 343 1534 hoc
364 1511 450 1533 staret
468 1510 548 1541 atque
579 1512 675 1533 omnes
701 1506 825 1533 homines

53 1550 241 1585 scandalizaret,
254 1551 318 1586 quia
329 1556 357 1578 et
374 1551 446 1579 Deus
461 1551 647 1579 favorabiliter
670 1551 824 1580 colentibus

53 1603 136 1624 serem
147 1598 230 1631 daret,
268 1602 296 1625 et
324 1598 442 1625 colentes
468 1597 542 1625 illunt
570 1605 622 1625 tton
635 1602 746 1633 propter
763 1597 826 1625 dile-

53 1643 166 1676 ctionem,
181 1644 228 1671 sed
246 1649 360 1680 propter
379 1643 418 1672 rei
443 1643 586 1671 familiaris
596 1644 711 1679 gratiam
727 1643 752 1670 ei
767 1651 826 1671 ser-

53 1687 137 1715 virent.
155 1688 250 1716 Merito
268 1695 334 1724 ergo
348 1696 382 1716 tte
405 1692 497 1723 posset
513 1688 570 1716 haec
585 1688 676 1715 dicere
690 1686 825 1720 diabolus,

53 1733 157 1761 deditilli
179 1734 205 1761 in
217 1739 379 1768 potestatem
392 1738 420 1761 et
437 1741 494 1761 rent
513 1732 578 1766 Job,
590 1738 618 1760 et
630 1733 710 1767 ﬁlios,
722 1738 750 1761 et
765 1738 826 1768 post

53 1777 173 1811 paululum
188 1779 277 1814 ipsum
289 1786 386 1814 corpus
400 1778 457 1813 ejus
483 1779 516 1806 ad
533 1778 704 1813 supplicium.
719 1777 747 1805 Si
762 1785 827 1812 ergo

52 1829 103 1849 cuin
114 1829 182 1851 tanta
210 1824 369 1859 ingessisset
392 1823 454 1856 Job,
468 1829 495 1851 et
515 1823 559 1851 ille
573 1823 707 1851 iniisdem
721 1823 825 1857 gratia-

53 1875 102 1895 runt
114 1869 262 1897 actionibus
289 1875 369 1905 atque
397 1868 614 1897 confessionibus
637 1871 827 1903 perseveraret

52 1914 138 1948 adhuc,
165 1923 245 1951 super
273 1916 331 1943 haec
357 1915 447 1942 omnia
474 1915 570 1942 eadem
589 1922 654 1942 usus
671 1918 714 1941 est
739 1913 827 1949 impu-

53 1961 129 1988 dentia
158 1966 238 1997 atque
264 1961 436 1996 improbitate
454 1960 547 1988 dicens
563 1969 571 1988 :
590 1960 699 1988 Corium
721 1967 769 1995 pro
781 1967 827 1987 co-

53 2006 86 2032 rio
101 2006 124 2022 ⁷⁶
140 2015 146 2033 :
169 2006 234 2042 quid
256 2006 359 2034 faceret
370 2006 392 2034 si
406 2005 526 2033 ontnium
547 2005 677 2032 bonorum
688 2003 739 2032 Job
752 2009 827 2040 pote-

53 2057 135 2080 statem
146 2053 356 2088 nonacciperet?
365 2052 405 2080 0b
416 2052 477 2085 hoc,
487 2050 619 2087 inquit,in
627 2055 758 2087 potestate
768 2050 827 2085 ejus

53 2099 149 2132 tradidi,
173 2108 227 2128 tton
250 2101 323 2135 quod
352 2098 460 2127 diabolo
487 2098 594 2133 placere
613 2097 759 2128 voluerint,
780 2096 827 2124 sed

54 2147 266 2174 totumtnundutn
299 2140 447 2173 informare
471 2143 613 2177 lcstinans,
638 2151 698 2178 qua:
718 2143 754 2170 sit
767 2149 826 2170 mea

52 2191 152 2226 iustitia,
176 2197 204 2220 et
235 2191 337 2220 diaboli
359 2191 502 2226 iniquitas,
531 2190 600 2218 livor
633 2196 743 2224 quoque
767 2188 828 2223 ejus

838 1575 860 1604 C

593 163 778 193 ANONYMUS
797 163 829 191 ΙΝ
849 163 918 192 JOB.
938 177 972 183 —
990 162 1054 190 LIB.
1071 163 1104 195 η.
1126 181 1133 194 .-

1613 165 1689 192 iss-

875 222 990 250 triticum
1001 222 1046 254 7“,
1058 226 1085 250 et
1095 224 1204 250 uetera.
1218 220 1278 249 litec
1293 228 1409 256 namque
1419 221 1545 250 universa
1557 229 1667 258 propter

879 265 1079 304 improbitatem
1101 273 1182 302 atque
1215 268 1422 303 impudentiam,
1451 267 1537 296 zelum
1559 276 1667 304 quoque

879 323 912 343 ac
939 315 1067 343 invidiam
1096 314 1207 349 maligni
1231 321 1313 350 quant
1339 314 1422 342 habet
1447 314 1520 342 circa
1545 311 1666 347 sanctos,

852 390 854 393 τ
879 361 952 387 dicta
965 365 1038 388 sunt.
1057 360 1097 387 Ad
1112 367 1192 395 quem
1215 360 1248 386 de
1271 359 1330 386 istis
1353 360 1468 394 loquens
1487 359 1558 387 Deus
1570 360 1635 389 dicit
1656 369 1665 388 :

880 406 919 434 Tu
937 412 1024 434 autem
1046 406 1134 441 petisti
1154 414 1208 433 rem
1225 405 1282 441 ejus
1307 407 1414 441 perdere
1445 407 1500 433 sine
1522 415 1603 434 causa
1630 407 1665 434 ".

879 451 962 485 Cujus
977 452 1056 479 rem?
1074 451 1144 479 Justi
1164 458 1196 478 ac
1212 451 1248 486 pii
1266 454 1347 485 atque
1362 451 1496 478 credentis
1507 450 1571 478 Job.
1588 451 1666 479 Desi-

879 498 979 525 derain
996 506 1049 525 rem
1068 498 1126 533 ejus
1137 497 1246 531 perdere
1257 496 1316 523 sine
1327 504 1418 529 causa,
1430 504 1480 531 pro
1494 501 1550 529 tuo,
1566 497 1665 532 inquit,
1690 519 1692 523 .

879 544 938 572 zelo
956 549 1036 579 atque
1063 543 1184 576 invidia,
1207 550 1259 577 pro
1283 547 1329 571 tua
1352 543 1468 578 maligna
1499 544 1665 578 suspicione,

877 590 1054 618 callidissime
1074 589 1190 618 diabolo.
1207 587 1302 616 Petieti
1326 597 1380 616 rem
1403 589 1461 624 ejus
1482 590 1591 624 perdere
1610 590 1666 618 sine

878 644 971 669 causa,
988 636 1056 664 nihil
1076 643 1208 672 peragens
1243 635 1284 662 vel
1309 634 1468 670 perﬁciens,
1498 636 1550 664 nisi
1579 637 1665 664 solam

879 683 1050 718 iniquitatem
1063 687 1138 711 tuam
1152 690 1234 718 atque
1251 684 1393 711 malitiam.
1414 682 1509 710 Petistt'
1530 691 1584 710 rent
1609 683 1666 718 ejus

877 729 987 763 perdere
1001 729 1059 756 sine
1069 737 1163 757 causa.
1176 728 1263 758 Porro
1278 730 1339 757 sine
1358 736 1440 757 causa
1459 729 1551 765 periit.
1576 728 1666 762 Quare

878 774 982 808 periit?
999 774 1123 808 Diaholo,
1150 775 1250 811 inquit,
1279 775 1339 803 sine
1363 782 1446 803 causa
1468 775 1560 809 periit.
1592 773 1666 802 Nihil

880 821 954 848 enim
971 821 1075 857 peregit
1091 829 1179 857 neqtte
1193 821 1322 856 perfecit,
1349 829 1411 849 cum
1424 828 1481 848 rem
1497 821 1555 856 ejus
1567 821 1666 855 perde-

879 871 931 899 ret,
961 867 1012 895 nisi
1037 874 1114 895 sttam
1136 867 1314 902 dejectionem
1341 871 1424 902 atque
1449 867 1665 894 humiliationent
1690 895 1692 897 ,

877 913 1006 941 ostendit.
1021 912 1074 941 Job
1093 919 1159 941 vero
1182 913 1240 941 itare
1255 920 1299 941 res
1315 920 1368 940 non
1389 913 1449 941 sine
1461 919 1543 941 causa
1567 920 1666 948 prove-

875 958 926 992 ttit,
940 960 987 986 sed
1000 959 1033 986 ad
1046 959 1180 993 ingentem
1194 958 1309 994 gloriam
1325 963 1353 986 et
1368 958 1473 986 laudem
1487 963 1568 994 atque
1580 959 1666 987 hono-

876 1010 932 1031 rem
946 1002 1027 1038 ltujus
1044 1003 1084 1031 rei
1097 1003 1215 1039 perditio
1232 1003 1359 1039 provenit
1376 1011 1469 1031 coratn
1491 1003 1547 1031 Deo
1563 1008 1589 1031 et
1614 1012 1664 1031 att-

876 1049 944 1086 gelis
958 1050 1018 1085 ejus
1037 1057 1044 1077 :
1061 1054 1089 1077 et
1117 1049 1188 1086 apud
1209 1050 1293 1078 Deutn
1310 1049 1404 1085 gloriae
1428 1050 1613 1085 augmentatio
1639 1050 1665 1078 ei

876 1095 1014 1131 provenit,
1025 1099 1052 1123 et
1066 1102 1148 1131 super
1159 1099 1261 1123 terram
1275 1095 1373 1131 duplex
1386 1103 1437 1130 pro
1447 1096 1666 1124 remuneratione

877 1141 997 1176 receptio
1011 1145 1092 1176 atque
1108 1141 1264 1168 retributio.
1294 1140 1341 1168 Sic
1363 1141 1457 1176 itaque
1481 1140 1589 1169 diabolo
1604 1141 1666 1176 qui-

877 1186 937 1213 dem
954 1185 1014 1213 sine
1027 1193 1109 1213 causa
1136 1184 1209 1213 facta
1233 1189 1275 1213 est
1299 1185 1379 1220 hujus
1400 1185 1439 1213 rei
1457 1185 1586 1221 perditio.
1614 1185 1665 1215 Job

876 1237 942 1258 vero
967 1237 1020 1258 non
1039 1235 1080 1258 est
1096 1229 1170 1258 facta
1197 1230 1257 1258 sine
1283 1239 1376 1263 cattsa,
1408 1231 1454 1258 sed
1480 1238 1529 1265 pro
1557 1236 1665 1259 :eternat

876 1276 1052 1304 beatitudinis
1066 1276 1296 1309 remuneratione,
1307 1276 1371 1304 etin
1388 1275 1465 1304 caelis
1476 1283 1567 1304 coratn
1580 1284 1664 1311 ange-

877 1321 911 1349 lis
927 1321 986 1356 Dei,
1002 1326 1029 1349 et
1044 1322 1071 1349 itt
1087 1326 1160 1349 terra
1184 1321 1212 1349 in
1234 1326 1381 1357 conspectu
1397 1322 1517 1349 ontttiutn
1532 1322 1663 1357 gentium.

877 1367 1024 1403 lttcrepans
1038 1375 1102 1403 ergo
1113 1373 1141 1395 et
1155 1368 1326 1403 redarguens
1340 1371 1421 1402 atque
1435 1367 1583 1403 objurgsns
1605 1367 1666 1395 dia-

877 1413 982 1447 bolum,
997 1414 1066 1442 dixit
1080 1424 1086 1442 :
1105 1413 1144 1441 Tu
1167 1422 1226 1442 vero
1248 1413 1336 1449 petisti
1351 1421 1405 1441 rem
1420 1414 1479 1448 ejus
1489 1413 1598 1447 perdere
1609 1414 1666 1441 sine

878 1469 970 1493 causa,
998 1463 1026 1487 tu
1043 1460 1217 1494 desiderasti,
1250 1465 1278 1487 tu
1295 1460 1400 1496 petisti,
1428 1464 1455 1487 tu
1471 1459 1605 1495 qttzcsisti,
1636 1465 1664 1487 tu
1689 1496 1691 1498 _

878 1514 935 1541 rem
957 1505 1016 1541 ejus
1038 1505 1172 1533 iestinasti
1189 1506 1304 1542 perdere
1324 1506 1384 1534 sine
1399 1513 1501 1540 causa;
1534 1511 1663 1542 tanquant

878 1551 900 1579 si
915 1551 1019 1579 diceret
1031 1558 1039 1578 :
1055 1551 1105 1580 Ubi
1120 1555 1162 1579 est
1171 1552 1347 1588 prresuntptio
1361 1556 1418 1586 tua,
1431 1558 1447 1580 ο
1461 1552 1577 1586 diabolo,
1590 1554 1662 1587 quod

878 1606 938 1626 mox
962 1603 991 1625 ut
1007 1605 1062 1626 rem
1085 1598 1144 1633 ejus
1165 1598 1327 1626 abstulisses
1346 1599 1476 1626 continuo
1496 1606 1558 1627 eum
1583 1607 1598 1626 a
1620 1600 1664 1635 pia

877 1643 925 1671 Dei
937 1643 1043 1671 cultura
1054 1647 1136 1678 atque
1151 1643 1210 1678 ejus
1224 1643 1375 1680 gratiarum
1399 1643 1553 1672 actionibus
1574 1645 1665 1673 disce-

877 1688 941 1716 dere
965 1688 1100 1716 fecisses?
1128 1688 1178 1716 Ubi
1206 1693 1259 1722 est,
1293 1688 1391 1724 inquit,
1422 1690 1578 1725 arrogantia
1604 1695 1664 1722 tua,

878 1734 1009 1762 bonorum
1031 1735 1153 1762 omnium
1175 1735 1284 1763 initttice
1294 1735 1418 1763 diabole?
1430 1736 1481 1764 Ubi
1492 1736 1667 1765 tumultuatio
1687 1764 1689 1769 ,

879 1785 924 1806 tua
937 1786 1018 1814 atque
1030 1780 1147 1808 seditio?
1161 1780 1212 1809 Ubi
1227 1780 1305 1808 labor
1321 1785 1384 1808 tuus
1397 1786 1479 1816 atque
1492 1782 1664 1811 sollicitudo?
1686 1808 1692 1813 ,

879 1825 929 1853 Ubi
943 1825 1082 1852 contentio
1094 1832 1138 1853 ttta
1156 1830 1238 1861 atque
1249 1826 1393 1854 altercatio
1405 1826 1417 1853 i
1430 1826 1570 1854 Laborain
1588 1828 1663 1855 enim

879 1876 959 1906 atque
976 1871 1088 1899 ccrtasti
1104 1871 1174 1899 bella
1198 1872 1306 1899 diversa
1321 1872 1503 1906 conﬁciendo,
1526 1877 1554 1900 et
1575 1879 1664 1901 castra
1687 1867 1689 1869 ’

878 1917 1038 1949 statuendo,
1053 1921 1081 1944 et
1096 1918 1203 1952 equites
1217 1918 1444 1950 demonstrando,
1460 1922 1488 1950 et
1512 1918 1574 1954 igne
1597 1927 1665 1946 exu-

878 1963 974 1995 rendo,
992 1966 1020 1990 et
1035 1967 1131 1991 ventos
1152 1964 1333 1996 admovendo,
1355 1968 1383 1991 et
1405 1963 1581 1991 fundamenta
1599 1972 1667 1998 qua-
1686 1959 1689 1996 ξ

879 2009 981 2042 tiendo,
999 2013 1027 2036 et
1038 2008 1134 2037 domos
1153 2009 1305 2044 dejiciendo
1317 2013 1399 2045 atque
1415 2017 1521 2037 omttetn
1536 2010 1664 2038 sollicitu-

878 2054 970 2081 dinem
989 2053 1200 2082 demonstrando
1211 2075 1219 2088 ,
1237 2054 1340 2089 utjusti
1363 2054 1415 2082 Job
1432 2062 1487 2081 rem
1502 2060 1584 2090 atque
1597 2056 1667 2084 tilios

879 2099 1090 2134 perdereszsed
1111 2099 1214 2128 frustra
1244 2101 1349 2128 exstitit
1376 2101 1470 2137 ingens
1500 2107 1562 2129 tuus
1587 2102 1666 2129 labor

878 2149 960 2180 atque
983 2142 1148 2174 sollicitudo.
1172 2145 1238 2173 Rem
1263 2146 1335 2174 eniut
1360 2145 1413 2174 Job
1439 2147 1592 2182 perdidisti,
1619 2147 1667 2175 sed

876 2190 1009 2225 justitiam
1023 2191 1083 2226 ejus
1096 2199 1149 2219 non
1162 2192 1316 2227 perdidisti,
1331 2186 1378 2220 sed
1391 2193 1472 2220 iidetn
1486 2194 1545 2227 ejus
1561 2200 1593 2220 ac
1607 2194 1667 2229 pie-

55 2241 124 2272 atque
137 2239 247 2271 invidia,
269 2243 296 2266 et
310 2245 370 2273 quae
385 2237 420 2265 sit
433 2237 570 2271 justorutn
585 2235 651 2263 ﬁdes
664 2240 691 2262 et
709 2235 828 2263 toleratt-
842 2245 866 2274 ο
881 2239 964 2264 tatem
992 2244 1045 2265 non
1080 2237 1233 2273 dissipasti.
1253 2237 1355 2266 Idcirco
1380 2239 1454 2272 atltli,
1479 2239 1577 2275 inquit,
1604 2247 1667 2268 cum

56 2285 95 2316 tia,
108 2285 146 2313 vel
161 2285 271 2313 dilectio
289 2278 383 2312 eorum
403 2284 477 2312 circa
504 2291 557 2311 me.
586 2283 719 2311 Sintiliter
738 2281 827 2317 petiit,

54 2335 77 2356 et
88 2336 155 2366 petet
167 2339 255 2366 usque
268 2331 295 2358 itt
312 2331 392 2358 liuent
408 2329 500 2358 satculi
513 2337 562 2365 pro
573 2328 699 2356 omnibus
714 2328 827 2360 sanctis,

54 2379 80 2402 ut
96 2382 251 2410 potestatetn
262 2375 378 2410 accipiat
394 2379 423 2402 ut
438 2382 554 2410 corpora
568 2381 663 2401 eorum
674 2373 784 2408 aﬁligat,
799 2377 828 2399 et

55 2422 149 2449 animas
173 2430 269 2450 eorum
297 2425 400 2456 tangat.
432 2421 479 2449 Sic
506 2419 602 2447 afﬂixit
619 2424 754 2455 martyres
779 2426 828 2454 per

56 2467 180 2503 principes
193 2469 276 2504 hujus
296 2468 405 2500 muttdi,
421 2466 482 2503 igne
509 2472 537 2494 et
559 2466 648 2501 gladio
665 2473 829 2493 consumens

57 2520 140 2541 carnes
152 2523 258 2542 eorum.
275 2514 338 2541 I‘lzec
356 2521 472 2548 namque
494 2513 545 2540 fuit
557 2512 683 2540 voluntas
694 2517 722 2539 et
735 2511 830 2548 petitio

57 2557 154 2592 diaboli,
179 2565 210 2587 ut
228 2565 338 2588 sanctos
365 2559 507 2587 tormentis
529 2559 658 2587 alliceret1
674 2563 755 2593 atque
776 2562 832 2585 tor-

57 2611 151 2637 queret.
170 2606 203 2633 Et
230 2607 288 2634 haec
311 2606 362 2634 fuit
377 2602 533 2634 sanctorum
556 2605 657 2638 oratio,
686 2611 715 2631 ut
738 2603 827 2630 omnia

57 2650 175 2684 Supplicia
195 2657 307 2686 propter
323 2651 408 2679 Deum
423 2651 589 2679 sustinentes
608 2654 718 2677 aeternas
736 2648 829 2684 glorias

57 2696 118 2728 apud
133 2704 192 2723 eum
206 2697 233 2724 in
254 2697 305 2724 ﬁde
320 2697 489 2725 efﬁcerentur
503 2697 633 2724 haeredes.
644 2695 722 2728 Quod
739 2699 829 2721 autem

59 2739 109 2768 llil‘c
132 2748 204 2777 petat
226 2744 361 2778 diabolus,
391 2742 510 2777 ostendit
534 2742 673 2769 evidenter
700 2739 845 2770 Dominus

59 2782 297 2818 dicens:Satamu
321 2790 395 2825 petiit
422 2795 450 2818 ut
479 2797 523 2817 vos
549 2788 678 2816 cribrum
705 2792 830 2822 tanquam

89 2869 109 2884 ’ί
122 2869 171 2897 Joh
188 2879 218 2902 tt.
235 2871 263 2898 ιι.
298 2872 334 2888 ⁷⁸⁸
359 2872 424 2899 an.
441 2879 509 2902 uti,
523 2871 569 2899 51.
608 2870 630 2887 ⁷⁷
646 2868 696 2899 Job
710 2877 741 2902 tl,
758 2867 787 2896 5.
825 2867 859 2884 "‘

208 2920 341 2950 Pnnoc.
366 2920 424 2950 Gn.
450 2920 550 2950 XVII.

877 2282 1064 2318 increpatione
1077 2292 1084 2312 :
1098 2283 1195 2312 Petisti
1209 2292 1263 2311 rem
1285 2284 1344 2318 ejus
1363 2285 1472 2319 perdere
1485 2286 1542 2313 sine
1556 2294 1640 2313 causa
1655 2294 1665 2313 .'

877 2327 925 2354 sed
942 2327 1005 2354 olitn
1022 2328 1133 2362 quidem
1158 2336 1215 2356 rem
1238 2324 1288 2356 Job
1308 2329 1367 2359 sine
1394 2337 1474 2357 causa
1503 2330 1668 2365 perdidisti;

878 2378 941 2407 post
961 2373 1014 2400 hoc
1035 2378 1124 2400 autent
1142 2381 1203 2400 cuttt
1230 2374 1361 2402 Dominus
1375 2374 1496 2402 venisset
1518 2375 1552 2402 ad
1569 2380 1667 2409 terras,

879 2418 952 2446 illius
964 2419 1096 2454 unguenti
1116 2419 1297 2456 pet-ditionem
1322 2420 1407 2455 gratis
1433 2420 1490 2448 ﬁeri
1515 2420 1670 2454 aestimasti,

879 2465 973 2492 dicens
993 2473 1040 2500 per
1072 2472 1104 2493 os
1134 2463 1209 2493 ludat
1227 2473 1234 2492 :
1254 2464 1352 2500 thuid
1378 2466 1434 2493 Itwc
1453 2466 1565 2500 perditio
1589 2466 1670 2500 hujus

880 2512 1006 2546 unguenti
1023 2511 1095 2546 facta
1119 2515 1156 2538 est
1181 2511 1237 2538 "'7
1262 2504 1302 2540 Et
1333 2517 1498 2547 unguentum
1517 2519 1583 2539 sane
1598 2513 1670 2546 quod

879 2564 931 2592 pro
946 2557 1016 2584 bono
1039 2564 1100 2584 cttm
1119 2555 1173 2584 ﬁde
1194 2556 1308 2585 effusum
1332 2562 1375 2585 est
1397 2558 1576 2593 perditionem
1596 2552 1690 2592 judi-V

883 2603 975 2631 casti:
995 2610 1050 2630 rem
1065 2610 1131 2630 vero
1153 2603 1206 2631 Job
1227 2611 1287 2639 qua:
1314 2612 1375 2631 cum
1405 2604 1549 2638 iniquitate
1578 2605 1669 2640 periit,

883 2649 1063 2684 perditionem
1080 2656 1133 2676 non
1148 2648 1302 2682 aestimasti.
1316 2649 1350 2676 Et
1362 2648 1433 2684 quod
1449 2648 1535 2682 majus
1549 2654 1590 2676 est
1606 2649 1670 2681 hoc,

883 2699 1052 2730 unguentum
1067 2693 1133 2722 illud
1144 2693 1216 2729 quod
1232 2701 1248 2720 a
1264 2690 1333 2721 Jutla
1348 2693 1463 2721 effusum
1477 2699 1534 2726 est,
1552 2694 1603 2721 hoc
1617 2699 1670 2726 est,

884 2733 1044 2777 sanguinem
1059 2740 1199 2775 Unigeniti
1222 2739 1403 2775 perditionem
1435 2740 1586 2779 reputasti.,
1604 2738 1674 2767 Nam

884 2786 956 2814 sicut
973 2793 1034 2814 cum
1058 2785 1114 2814 illic
1137 2783 1303 2823 unguentum
1320 2786 1386 2815 illud
1409 2783 1605 2821 effunderetur,
1629 2787 1673 2814 re-

885 2865 969 2894 Marc.
996 2873 1052 2900 xlv,
1067 2866 1096 2894 4.

1495 2910 1529 2942 15
