1904 3076
196 167 250 197 459

752 163 946 192 ANONYMUS
966 163 999 191 IN
1019 163 1088 192 JOB.
1110 180 1144 186 —
1162 164 1228 193 LIB.
1249 164 1284 193 ll.

1784 170 1837 197 460

198 226 270 261 pleta
293 230 336 254 est
356 226 452 254 domus
467 223 512 252 llla
531 223 661 260 unguenti
681 224 764 252 odore
780 234 788 259 ;
803 225 840 252 ita
868 230 896 252 et
917 225 986 256 istic.
1003 226 1026 255 Α
1041 224 1167 253 fortiore.
1191 226 1335 259 Minorem,
1360 227 1459 261 inquit,
1478 235 1510 256 ac
1527 227 1658 256 leviorem
1677 233 1764 264 atque
1780 237 1835 255 mo-

199 272 225 299 id
242 277 295 304 est,
313 273 340 300 in
365 271 491 307 passione
506 270 629 303 Domini,
652 279 713 299 cum
741 271 854 306 sanguis
882 270 989 298 Domini

198 318 395 351 ellimderetur,
411 317 531 352 repletus
546 323 587 344 est
605 317 679 345 orbis
697 322 775 344 terra:
787 318 884 344 salutis
899 317 991 344 suavi-

200 370 266 392 tate.
283 365 338 392 Sed
353 364 379 391 in
393 364 524 392 omnibus
542 372 595 391 non
610 364 728 391 cessavit
745 363 942 398 nequissinms,
963 369 991 390 et

199 411 336 446 improbus
352 416 435 446 atque
455 410 599 445 impudens
613 410 740 437 diabolus
754 430 762 443 ,
779 417 871 445 neque
896 409 991 437 confu-

198 464 257 484 sum
272 464 302 484 se
315 456 493 489 recognovit:
511 457 558 483 sed
583 460 713 490 tanquam
737 455 815 483 canis
836 456 945 483 rabidus
957 455 990 483 'ad

198 502 323 530 ba‘culum
337 502 428 529 infelix
449 502 583 534 cucurrit,
597 510 658 529 cum
673 503 792 537 priorem
810 510 887 529 suam
902 502 992 530 defor-

198 550 320 577 mitatem
343 557 396 576 non
411 549 549 583 intelligit,
566 548 612 576 sed
635 554 728 583 sperat
744 549 815 584 quod
835 557 883 584 per
899 549 991 576 novis-

198 595 299 623 simum
319 595 419 622 bellum
445 589 565 630 priorem
595 595 701 623 ruinam
728 599 821 629 posset
846 595 990 626 resarcire,

199 641 325 669 nesciens
341 641 424 668 miser
435 641 508 676 quod
531 641 679 668 novissima
701 641 792 676 pejora
813 641 950 675 prioribus
965 640 989 667 ei

198 693 290 716 essent
302 688 452 716 ellicienda.
466 688 570 715 Idcirco
583 691 643 722 post
656 687 714 715 haec
726 689 867 719 universa,
879 694 991 721 respon-

198 735 239 762 dit
254 734 378 761 diabolus
392 739 456 761 ante
470 734 564 766 Deum,
583 738 610 760 et
623 733 710 760 dixit:
725 733 832 760 Corium
847 742 894 769 pro
908 733 989 760 torio.

199 780 221 808 Ο
249 780 415 815 impudentia
447 784 529 815 atque
559 780 720 814 improbitas
747 784 813 813 tua,
833 787 849 807 ο
866 779 987 813 diabole!

199 831 302 854 tantam
317 826 514 854 deformitatem
531 830 615 861 atque
640 826 829 854 confusionem
848 829 920 853 tua'm
937 834 990 853 non

199 873 362 906 consideras,
379 873 426 900 sed
442 872 626 900 inverecunde
644 877 727 907 atque
750 872 912 903 identidem,
939 871 991 899 hoc

1042 271 1206 299 deratiorem
1238 272 1377 300 sustinens
1396 273 1447 301 Job
1460 273 1582 301 dolorem
1603 274 1715 301 videtur
1746 274 1837 301 adhuc

1043 317 1227 344 constantiam
1244 317 1358 350 habere,
1375 325 1425 352 pro
1439 319 1609 354 gravioribus
1633 319 1736 347 leviora
1756 319 1838 346 facile

1041 363 1190 395 susﬁnens,
1210 370 1260 397 pro
1275 364 1440 391 arctioribus
1456 365 1564 392 mitiora
1577 365 1676 392 leniter
1690 364 1837 393 suﬂerens.

1042 408 1110 436 Nam
1123 410 1213 437 omnis
1226 417 1319 445 paena,
1339 415 1366 438 et
1380 411 1470 438 omnis
1487 411 1567 438 dolor
1579 412 1625 446 qui
1640 412 1709 440 foris
1726 412 1810 439 fuerit
1825 420 1839 440 a

1042 464 1168 491 corpore,
1192 457 1278 484 levior
1293 457 1402 485 videtur
1419 464 1479 485 esse
1494 459 1580 494 magis
1597 467 1678 494 quam
1700 459 1739 486 illi
1761 459 1838 486 dolo-

1042 510 1097 535 res,
1114 503 1159 538 qui
1177 508 1241 530 sunt
1264 503 1290 530 in
1307 511 1431 538 corpore.
1459 503 1521 531 Ideo
1544 505 1649 531 corium
1673 512 1724 539 pro
1749 506 1838 536 corio,

1043 548 1095 588 hoc
1112 554 1155 576 est
1173 555 1254 584 poma
1271 549 1361 577 minor
1373 557 1423 584 pro
1439 556 1518 583 poena
1535 550 1648 584 majore,
1662 550 1742 577 dolor
1754 550 1840 577 levior

1042 600 1092 627 pro
1108 593 1200 621 dolore
1215 594 1428 621 vehementiore.
1451 593 1517 621 Nam
1533 594 1607 622 aliud
1621 599 1664 622 est
1681 602 1741 622 rem
1757 594 1839 622 fanti-

1044 638 1078 665 lia
1086 647 1142 666 rem
1159 640 1298 671 amittere,
1309 644 1336 667 et
1352 640 1514 667 detrimenta
1526 639 1673 672 sustinere,
1683 640 1759 667 aliud
1774 647 1840 669 sane

1043 691 1087 714 est
1102 687 1234 714 carnibus
1250 687 1317 721 ipsis
1334 691 1494 721 putrescere
1506 707 1514 719 ,
1528 691 1555 713 et
1570 687 1710 714 vermibus
1728 686 1840 722 repleri,

1042 738 1070 760 et
1086 733 1113 760 in
1129 733 1269 767 pulverem
1284 738 1364 760 terrae
1378 732 1556 760 commassari
1573 732 1688 760 humore
1703 732 1840 764 ulcerum,

1043 778 1089 813 qui
1100 786 1133 806 ex
1147 778 1214 813 ipsis
1226 778 1439 814 liquescentibus
1453 778 1582 805 carnibus
1597 777 1718 806 elicitur.
1731 778 1841 806 Idcirco

1043 824 1122 851 facile
1146 824 1264 851 sustinet
1287 823 1339 851 Job
1366 823 1511 852 exterioris
1539 823 1609 851 corii
1638 823 1765 852 dolorem
1792 831 1840 858 pro

1043 870 1137 898 dolore
1163 869 1232 897 corii
1256 870 1479 905 propinquioris,
1513 869 1585 897 hanc
1620 869 1660 897 rei
1691 869 1840 897 familiaris

198 923 251 950 est,
264 918 361 945 iterum
377 923 459 953 atque
471 918 570 945 iterum
584 918 704 945 recurris
719 917 858 945 contraria
874 917 991 945 tibimet-
1006 907 1028 936 Β
1042 916 1223 950 direptionem
1240 923 1289 950 pro
1304 916 1426 951 corporis
1448 915 1605 943 afﬂictione.
1623 915 1753 950 Quandiu
1774 923 1841 951 ergo

198 965 247 999 ipsi
263 964 395 1000 loquendo
409 972 441 992 ac
451 964 566 992 dicendo
580 969 661 998 atque
674 964 832 1000 querendo,
845 967 873 991 et
892 968 990 991 temet-

198 1009 286 1044 ipsum
315 1010 491 1038 destruendo.
522 1010 644 1038 Primum
668 1011 741 1037 enim
764 1010 854 1037 dixisti
875 1017 937 1037 cum
957 1010 990 1037 ad

199 1055 283 1083 Deum
303 1056 336 1083 de
348 1055 398 1084 Job
411 1055 517 1083 locutus
532 1056 630 1083 fuisses
648 1068 655 1083 -.
671 1055 756 1083 Aufer
771 1056 809 1083 illi
829 1063 897 1088 rem,
914 1056 990 1091 priva

196 1110 259 1130 eum
279 1103 391 1134 divitiis,
410 1103 501 1130 minue
524 1110 586 1130 eum
606 1101 744 1137 opulentia
759 1122 767 1134 ,
793 1099 906 1129 humilia
928 1109 990 1129 eum

197 1148 232 1176 de
250 1147 404 1180 altitudine,
423 1148 529 1174 denuda
545 1147 621 1174 illum
636 1147 679 1174 his
689 1155 750 1182 quae
767 1146 877 1178 dedisti.
893 1147 916 1174 si
936 1155 989 1174 non

197 1193 327 1220 continuo
343 1193 369 1220 in
383 1192 479 1220 faciem
498 1192 671 1220 maledixerit
690 1192 737 1220 tibi
749 1212 756 1224 ,
781 1197 809 1220 et
829 1193 989 1224 detraxerit,

197 1242 280 1272 atque
295 1236 538 1272 blasphemaverit,
551 1237 629 1271 quasi
643 1245 771 1272 magnum
790 1237 874 1265 fuerit
887 1238 950 1269 hoc,
961 1243 991 1265 ut

198 1283 299 1310 divitiae
316 1287 399 1316 atque
412 1289 455 1309 res
474 1282 533 1316 ejus
551 1281 699 1310 familiares
713 1282 899 1310 auferrentur.
913 1283 990 1317 Quod

197 1336 263 1361 ergo
275 1333 338 1356 tunc
351 1328 544 1363 magnificasti,
569 1332 598 1355 ut
619 1329 644 1356 ei
672 1337 716 1356 res
734 1328 884 1357 familiares
899 1329 991 1357 aufer—

198 1379 305 1407 rentur,
319 1375 373 1402 hoc
390 1382 461 1402 nunc
475 1375 603 1402 nimirum
622 1375 753 1402 minoras.
765 1375 841 1408 Quod
855 1380 920 1402 tunc
934 1375 991 1402 sin-

198 1419 292 1454 gulare
309 1426 391 1456 atque
415 1420 600 1448 indubitabile
612 1420 741 1455 judicasti
755 1441 763 1454 ,
783 1422 854 1456 quod
877 1421 991 1449 sublatis

198 1467 302 1494 divitiis
328 1465 379 1493 Job
405 1467 535 1493 continuo
561 1471 634 1494 esset
656 1466 916 1502 blasphematurus,
939 1467 991 1494 hoc

198 1512 376 1540 nihilominus
387 1519 459 1540 nunc
472 1513 505 1539 ad
520 1511 632 1539 nihilum
643 1513 766 1548 redigens
778 1513 847 1540 dicis
859 1512 986 1540 :Corium

198 1565 247 1592 pro
259 1558 341 1584 corio.
370 1557 480 1584 Corium
505 1557 662 1584 divitiarum
686 1565 735 1593 pro
757 1558 835 1586 corio
854 1559 988 1593 corporis,
1003 1578 1024 1608 ε

197 1603 303 1631 corium
324 1603 457 1630 bonorum
481 1611 531 1637 pro
555 1603 630 1630 corio
652 1604 767 1631 ossium.
795 1603 858 1631 Hmc
874 1612 990 1639 namque

198 1656 253 1678 auo
266 1649 339 1677 coria
357 1650 467 1685 repetit,
486 1658 519 1677 ac
536 1654 671 1677 memorat
685 1650 745 1678 istic
767 1650 890 1678 diabolus
908 1659 915 1677 :
933 1658 989 1678 rem

199 1695 359 1723 familiarem
385 1700 413 1723 et
435 1695 545 1723 divitias
573 1696 696 1723 exterius
723 1697 845 1731 corium;
877 1697 991 1724 interius

198 1748 264 1768 vero
291 1742 396 1768 corium
417 1748 517 1776 corpus
546 1746 574 1768 et
603 1748 677 1769 ossa.
703 1741 813 1769 Corium
840 1743 911 1777 quod
937 1751 989 1770 non

198 1786 276 1814 valde
299 1786 400 1819 doleat,
425 1794 481 1814 rem
505 1786 687 1820 familiarem;
704 1787 809 1815 corium
825 1789 897 1823 quod
914 1789 991 1816 valde

199 1831 300 1864 doleat,
317 1833 420 1860 corium
437 1832 573 1868 corporis.
594 1831 658 1860 Haec
675 1832 778 1860 scilicet
791 1834 914 1868 cogitans
933 1841 991 1861 ma-

199 1879 370 1914 Iignisslmus
386 1878 522 1910 diabolus,
536 1886 549 1904 a
565 1886 619 1913 quo
633 1886 770 1913 nunquam
784 1879 862 1907 make
883 1880 990 1912 cogita-

199 1925 289 1952 tiones
308 1924 445 1955 deliciunt,
479 1924 537 1951 haec
560 1931 626 1959 ergo
655 1925 841 1959 nequissimus
868 1925 991 1955 diabolus

199 1971 324 2005 nequiter
343 1976 424 2005 atque
438 1970 536 1998 callide
556 1974 689 2003 tractans,
712 1971 778 1998 dicit
793 1971 826 1998 ad
845 1971 989 1999 Dominum

199 2015 233 2044 de
245 2015 295 2043 Job
307 2025 313 2042 :
323 2014 431 2043 Corium
440 2025 488 2050 pro
496 2017 580 2049 corio,
595 2024 627 2044 ac
641 2016 664 2044 si
677 2017 798 2044 diceret:
812 2017 881 2050 Quid
899 2018 989 2053 magni

199 2069 295 2097 passus
309 2066 350 2089 est
362 2061 432 2089 Job?
452 2062 517 2096 quid
531 2070 614 2097 grave
625 2062 736 2090 sustulit
747 2063 792 2090 hic
807 2070 887 2098 quem
898 2063 990 2091 defen—

200 2107 260 2134 dis?
287 2107 352 2134 llem
379 2107 540 2135 familiarem
566 2111 593 2135 et
610 2107 681 2135 ﬁlios
702 2108 805 2141 amisit,
825 2109 871 2136 sed
898 2115 991 2144 sperat

199 2153 271 2187 quod
287 2160 381 2180 rursus
392 2157 419 2180 et
436 2160 493 2180 rem
507 2157 534 2180 et
556 2153 626 2180 filios
641 2153 776 2188 acquirat,
791 2154 904 2182 confidit
918 2156 990 2190 quod

199 2203 226 2225 et
240 2198 385 2225 identidem
403 2200 450 2225 des
463 2199 534 2225 sicut
547 2203 574 2226 et
589 2203 654 2226 ante
668 2199 777 2226 dedisti.
794 2199 848 2227 Pro
861 2199 913 2227 hac
927 2207 990 2235 ergo

199 2249 247 2278 spe
267 2249 349 2278 atque
361 2242 524 2270 confidentia
542 2237 658 2271 necdum
673 2251 687 2271 a
701 2250 727 2272 te
739 2245 862 2277 recessit,
876 2246 988 2273 necdum

202 2293 229 2316 te
244 2288 363 2323 reliquit,
378 2290 491 2316 necdum
507 2293 534 2316 te
546 2290 674 2321 detraxit,
693 2291 806 2317 necdum
823 2295 849 2319 te
863 2290 989 2326 blasphe-

201 2334 296 2365 mavit,
313 2334 375 2368 quia
396 2335 511 2362 necdum
539 2337 687 2370 tetigerunt
710 2336 784 2363 illum
807 2336 915 2364 dolores
933 2345 992 2365 cor-

201 2378 285 2414 poris,
300 2379 362 2413 quia
378 2379 491 2406 necdum
507 2381 686 2415 apprehendit
699 2389 761 2409 eum
774 2383 876 2409 ossiqu
892 2390 985 2417 ptena.

201 2421 308 2452 Corium
326 2433 373 2459 pro
387 2428 470 2452 corio.
485 2426 638 2459 Exteriore,
654 2428 760 2463 inquit,
777 2428 853 2456 corio
866 2429 992 2457 decoria-

202 2476 256 2503 tus,
280 2471 331 2498 hoc
349 2476 388 2498 est
410 2479 467 2498 rem
493 2471 654 2500 fiuniliarem
676 2474 794 2501 ablatam
824 2477 991 2510 contempsit

202 2523 283 2552 atque
307 2517 341 2544 2d
366 2517 480 2545 nihilum
496 2518 606 2544 reduxit
621 2526 628 2545 :
646 2523 728 2553 tange
754 2519 869 2547 interius
886 2522 990 2548 corium

202 2562 271 2596 ejus,
290 2563 341 2590 hoc
364 2568 406 2590 est
422 2563 567 2591 tormentis
583 2563 660 2591 aflice
673 2572 769 2592 carnes
785 2565 862 2599 ejus;
880 2571 908 2593 et
924 2575 990 2594 con-

203 2613 260 2635 tere
280 2616 378 2636 carnes
407 2609 493 2641 illius,
515 2613 543 2636 ct
569 2609 711 2644 apparebit
737 2612 892 2639 constantia
919 2611 989 2647 ejus.

202 2661 282 2687 quam
300 2662 372 2682 nunc
387 2655 486 2682 habere
501 2656 620 2683 videtur.
644 2655 817 2691 Supervacua
833 2658 904 2684 enim
925 2659 990 2686 fides

203 2699 271 2733 eius,
287 2708 367 2734 quam
384 2709 457 2728 nunc
471 2702 543 2730 circa
563 2707 590 2730 te
606 2703 708 2730 habere
732 2710 762 2730 se
777 2708 863 2739 putat.
881 2703 991 2731 Corium

203 2753 249 2779 pro
272 2747 363 2780 corio,
391 2755 423 2774 ac
443 2747 466 2775 si
488 2747 609 2782 diceret,
638 2749 760 2776 dolorem
784 2750 916 2777 minoretn
942 2750 1009 2786 pro'

204 2790 295 2818 dolore
328 2792 445 2826 majore,
477 2800 583 2828 plenam
606 2794 892 2830 moderatiorem‘pro
909 2787 1007 2830 poena

241 2881 264 2896 τ’
277 2880 326 2911 Job
345 2889 374 2922 tt,
390 2881 422 2908 4.

1042 962 1172 989 leviorem
1192 961 1315 989 dolorem
1329 961 1457 994 sustinet,
1473 962 1520 988 illo
1538 969 1624 996 usque
1636 969 1651 988 a
1674 966 1700 988 te
1715 969 1772 988 non
1785 962 1840 989 dis-

1042 1007 1124 1039 cedit,
1137 1015 1225 1043 neque
1237 1007 1345 1042 negabit
1361 1012 1396 1034 te.
1417 1007 1544 1040 lmtnuta,
1563 1007 1662 1042 inquit,
1680 1007 1771 1040 coria,
1789 1008 1839 1035 hoc

1042 1057 1084 1081 est
1098 1053 1210 1080 immuta
1225 1053 1334 1080 dolores
1347 1073 1354 1084 ,
1376 1057 1404 1080 et
1424 1053 1553 1080 c0ntinuo
1572 1053 1709 1080 immutari
1727 1061 1792 1080 eum
1806 1054 1838 1079 ad

1042 1099 1240 1134 blasphemiam
1262 1098 1374 1126 senties.
1400 1097 1526 1131 Corium,
1547 1099 1645 1133 inquit,
1674 1106 1725 1133 pro
1754 1099 1838 1125 corio.

1044 1146 1128 1182 Ilujus
1145 1146 1183 1174 rei
1199 1146 1352 1181 exemplum
1367 1145 1449 1172 etiam
1468 1145 1495 1172 in
1518 1144 1595 1172 nobis
1612 1145 1749 1172 videmus.
1769 1143 1838 1171 Nam

1042 1200 1104 1220 cum
1125 1193 1282 1227 percutitur
1308 1191 1433 1227 quilibet,
1457 1190 1500 1218 vel
1524 1190 1646 1221 caeditur,
1676 1189 1841 1224 frequenter

1042 1244 1153 1265 manum
1174 1245 1222 1273 pro
1237 1242 1294 1265 toto
1307 1238 1423 1273 porrigit
1437 1244 1565 1272 corpore,
1577 1241 1605 1263 et
1617 1236 1739 1271 protegit
1751 1239 1838 1269 caput

1042 1289 1069 1310 et
1085 1284 1196 1311 dorsum
1213 1291 1306 1315 manu,
1324 1287 1352 1310 et
1369 1283 1475 1310 videtur
1489 1282 1538 1315 illi,
1560 1286 1590 1309 ut
1605 1282 1631 1309 iu
1647 1289 1731 1308 manu
1748 1281 1839 1316 magis

1043 1329 1212 1363 percutiatur
1226 1336 1307 1364 quam
1321 1329 1346 1356 in
1363 1329 1455 1361 dorso,
1468 1327 1509 1356 vel
1522 1328 1622 1362 capite,
1636 1327 1838 1354 etdatcorium

1041 1380 1092 1407 pro
1113 1372 1199 1405 corio,
1225 1373 1329 1400 corium
1347 1380 1444 1400 manus
1468 1380 1517 1408 pro
1537 1372 1614 1400 corio
1635 1372 1745 1407 capitis.
1773 1371 1839 1400 llaec

1043 1419 1137 1453 itaque
1153 1418 1280 1446 universa
1295 1418 1442 1454 designans
1453 1419 1638 1453 nequissimus
1653 1417 1755 1445 callide
1771 1418 1839 1445 dicit

1043 1464 1078 1492 de
1089 1463 1151 1498 Job,
1169 1464 1278 1491 Corium
1293 1473 1340 1499 pro
1355 1465 1437 1492 corio.
1453 1464 1520 1491 Nam
1538 1465 1609 1491 sicut
1629 1464 1656 1492 hi
1678 1464 1727 1499 qui
1750 1471 1839 1498 vapu-

1042 1511 1110 1546 lant,
1145 1512 1222 1540 corio
1252 1519 1348 1540 manus
1386 1513 1502 1540 alterum
1535 1512 1658 1546 corporis
1689 1517 1838 1547 protegunt

1043 1558 1158 1589 corium,
1173 1558 1207 1585 oh
1218 1557 1385 1585 hoctantum
1399 1563 1428 1585 ut
1443 1558 1685 1593 corpusintegrum
1698 1558 1837 1585 habeant:

1042 1604 1092 1636 sic,
1107 1604 1206 1639 inquit,
1232 1609 1259 1630 et
1283 1602 1334 1630 Job
1353 1604 1489 1631 exteriora
1508 1604 1545 1631 rei
1578 1602 1724 1630 familiaris
1750 1603 1838 1630 detri-

1041 1653 1133 1676 menta
1161 1650 1313 1676 contemnit
1343 1650 1483 1682 ttnivcrsa,
1513 1653 1618 1675 tantum
1655 1653 1685 1674 ut
1710 1649 1837 1684 corporis

1042 1695 1155 1731 effugiat
1169 1703 1288 1730 pcenam.
1320 1694 1366 1723 Sic
1389 1703 1506 1730 namque
1532 1699 1559 1721 et
1585 1694 1612 1721 hi
1642 1694 1688 1729 qui
1715 1695 1741 1721 in
1767 1695 1836 1721 mari

1041 1742 1182 1776 navigant,
1200 1749 1262 1769 cum
1276 1741 1427 1776 periculum
1451 1740 1524 1775 passi
1540 1740 1641 1767 fuerint
1655 1740 1749 1768 omnia
1775 1747 1837 1774 qum

1041 1787 1068 1815 in
1084 1788 1144 1814 navi
1159 1787 1307 1815 habuerint
1319 1791 1497 1814 contemnunt
1511 1791 1593 1821 atque
1612 1785 1639 1812 in
1663 1785 1733 1813 mari
1755 1785 1838 1820 proji-

1041 1834 1118 1860 ciunt
1138 1833 1173 1860 ob
1199 1833 1250 1860 hoc
1268 1838 1297 1860 ut
1325 1832 1377 1867 ipsi
1406 1833 1535 1860 evadant.
1563 1832 1608 1859 Sic
1625 1837 1652 1859 et
1679 1831 1837 1866 quicunque

1041 1880 1154 1908 divitum
1175 1887 1238 1907 cum
1262 1879 1289 1906 in
1311 1878 1434 1913 corporis
1463 1878 1649 1905 infirmitatem
1677 1877 1834 1911 inciderint,

1041 1933 1148 1953 omnem
1165 1925 1346 1952 substantiam
1365 1932 1442 1951 suam
1455 1923 1573 1951 libenter
1583 1922 1711 1955 olferunt,
1729 1928 1834 1950 tantum

1041 1976 1071 1998 ut
1085 1971 1209 2006 corporis
1225 1970 1441 1998 incolumitatem
1463 1969 1605 2004 recipiant.
1621 1968 1677 2001 Sic,
1692 1969 1794 2004 inquit,
1807 1973 1836 1995 et

1039 2016 1090 2045 Job
1118 2025 1214 2044 omnes
1239 2017 1366 2048 divitias,
1392 2021 1419 2042 et
1449 2023 1559 2042 omnem
1587 2022 1644 2042 rem
1670 2014 1834 2054 familiarem

1041 2063 1122 2091 facile
1145 2063 1307 2095 contemnit,
1327 2067 1432 2089 tantum
1457 2066 1488 2088 ut
1514 2061 1622 2088 dolores
1643 2068 1696 2087 non
1726 2060 1835 2096 conliq-

1041 2114 1214 2143 gantcarnes
1228 2108 1296 2142 ejus.
1315 2108 1374 2141 Quo
1393 2112 1483 2143 ajtlem
1500 2107 1640 2142 proposito
1659 2107 1765 2133 dixerit
1778 2106 1835 2136 haec

1041 2155 1167 2182 universa
1184 2155 1368 2189 nequissimus
1381 2155 1499 2186 daemon,
1514 2161 1561 2188 per
1574 2153 1633 2180 haec.
1646 2160 1707 2187 qute
1716 2160 1834 2187 sequun-

1042 2207 1086 2229 tur
1113 2201 1241 2233 0stendil,
1269 2201 1363 2227 dicens
1378 2211 1383 2227 :
1400 2199 1496 2226 Omnia
1521 2207 1683 2233 quaecunque
1696 2202 1699 2205 ’
1712 2199 1834 2226 habuerit

1042 2248 1129 2279 homo,
1154 2247 1227 2273 dabit
1253 2255 1301 2281 pro
1326 2247 1416 2272 anima
1435 2244 1525 2272 sua".
1541 2245 1596 2279 Sic,
1612 2245 1711 2280 inquit,
1726 2250 1754 2271 et
1784 2244 1836 2271 Job

1041 2294 1130 2321 omnia
1145 2301 1312 2329 quaecunque
1327 2293 1452 2320 habuerit
1473 2292 1648 2326 contempsit,
1677 2296 1783 2319 tantum
1806 2296 1836 2318 nl

1042 2347 1142 2374 corpus
1165 2343 1342 2367 conservaret
1367 2339 1492 2366 illaesum.
1517 2338 1571 2366 Sed
1602 2338 1702 2370 adhuc,
1731 2338 1835 2372 inquit,

1043 2384 1148 2413 corium
1165 2393 1214 2420 pro
1231 2385 1317 2412 corio.
1346 2384 1413 2418 Quis
1436 2384 1506 2411 dixit
1530 2383 1600 2411 hoc?
1628 2383 1767 2410 diabolus.
1794 2384 1835 2411 Ad

1044 2438 1123 2465 quem
1136 2431 1225 2458 dixit?
1238 2431 1277 2457 Ad
1294 2430 1389 2457 Deum.
1405 2429 1442 2456 De
1460 2437 1515 2464 quo
1528 2429 1614 2456 dixit?
1632 2428 1669 2456 De
1688 2428 1752 2456 Job.
1777 2428 1836 2461 Quo

1043 2477 1180 2512 proposito
1190 2476 1276 2504 dixit?
1289 2476 1419 2512 Superius
1433 2476 1617 2511 multipliciter
1627 2475 1828 2502 demonstrato.

1045 2523 1133 2558 Super
1147 2524 1205 2550 haec
1219 2529 1310 2550 autem
1322 2524 1446 2549 universa
1463 2542 1470 2554 ,
1485 2523 1573 2549 adhuc
1588 2522 1648 2549 audi
1664 2522 1698 2548 de
1715 2522 1760 2549 his
1775 2529 1835 2556 quia

1044 2568 1145 2596 dudum
1162 2569 1188 2595 in
1207 2567 1340 2603 principio
1355 2568 1425 2595 facta
1442 2573 1514 2594 sunt.
1539 2567 1758 2595 Commonefacit
1775 2567 1834 2594 istic

1045 2614 1227 2648 nequissimus
1257 2613 1395 2646 diabolus,
1430 2614 1494 2648 quia
1521 2613 1625 2649 pridem
1647 2613 1759 2648 quando
1783 2611 1835 2639 Job

1045 2667 1122 2695 pater
1136 2666 1218 2696 atque
1231 2660 1389 2695 patriarcha
1406 2660 1491 2687 Adam
1509 2660 1594 2692 meis,
1615 2659 1674 2693 ait,
1694 2660 1835 2686 seductio-

1045 2706 1124 2733 nihus
1151 2706 1280 2733 obedieus
1307 2711 1332 2733 te
1357 2705 1531 2740 contempsit,
1565 2706 1599 2732 ob
1625 2705 1678 2733 hoc
1710 2705 1837 2740 pelliceis

1047 2752 1145 2779 tunicis
1174 2759 1189 2778 a
1220 2757 1246 2779 te
1269 2751 1402 2780 Creatore
1425 2752 1537 2779 indutus
1562 2756 1604 2779 est
1631 2759 1682 2786 pro
1712 2752 1835 2779 vindicta

1046 2797 1279 2839 abnegatorisneo
1295 2798 1367 2832 quod
1383 2802 1408 2826 te
1423 2796 1612 2832 dereliquerit,
1627 2797 1661 2824 ad
1682 2803 1726 2824 me
1744 2801 1836 2824 autem
