1904 3076
83 185 126 215 ibi

620 182 808 211 ANONYMUS
827 183 859 209 ΙΝ
879 182 948 210 JOB.
968 199 1001 204 —
1021 183 1084 211 LIB.
1106 183 1138 212 ii.

1645 189 1696 215 4οὶ

86 245 154 277 ierit,
165 248 191 271 et
203 250 236 271 ex
258 243 307 270 hoc
323 241 401 276 hujus
417 241 456 269 rei
474 241 539 269 tttibi
554 241 660 269 delittor
671 242 788 274 exstitit,
803 248 859 269 nte—
873 244 897 272 Α
911 242 1039 270 familiari
1064 247 1147 278 atque
1161 243 1264 271 divitiis
1286 243 1337 272 Job
1357 245 1465 272 loeutus
1485 253 1525 280 es,
1545 254 1617 274 nunc
1633 254 1697 275 vero

87 292 134 319 rito
143 298 225 322 nunc,
240 290 335 323 inquit,
345 288 453 316 Corium
467 297 514 324 pro
531 289 612 315 corio.
627 288 749 323 Corium,
762 289 859 324 inquit,

85 336 131 364 Job
155 343 203 370 pro
231 335 306 362 corio
328 335 414 362 Adam
442 335 476 362 da
505 334 582 362 mihi.
605 333 760 362 Vexaturus
785 342 859 361 erattt

85 382 180 409 corium
197 381 291 411 Adam,
303 385 332 408 et
348 388 401 407 tton
419 388 461 407 me
477 380 635 414 permisisti.
655 380 692 406 Da
712 388 777 416 ergo
794 381 860 408 mihi

85 427 180 454 corium
194 425 246 454 Job
266 433 313 460 pro
327 426 401 453 corio
414 427 510 453 Adam.
540 426 578 453 Da
603 426 667 453 tttiltl
684 426 789 453 corium
813 426 860 454 ﬁlii

86 480 130 508 pro
140 473 211 500 corio
231 471 325 506 patris.
352 472 483 507 Exigant,
505 471 608 507 inquit,
634 479 649 498 a
670 471 726 499 lilio
740 471 860 500 debitum

85 519 215 554 genitoris.
233 518 380 552 Persolvat,
397 519 446 549 ait,
461 518 557 553 pellem
570 518 611 546 vel
623 518 727 546 corium
743 519 860 546 novissi-

87 574 141 594 mus
168 573 240 594 nunc
266 565 365 599 prioris
389 569 452 592 tunc
478 565 572 592 debiti.
599 564 722 592 Ulciscar
749 571 860 600 peccata

86 611 176 646 prioris
201 611 286 645 patris
315 610 385 646 ejus,
413 615 496 645 atque
527 610 612 645 patris
641 610 774 637 omnium.
800 610 861 637 [late

85 659 167 692 itaque
180 658 306 684 universa
322 664 476 684 memorans
500 661 582 692 atque
608 656 641 684 de
664 656 706 683 bis
728 656 861 684 universis

86 705 225 732 admonens
239 703 431 738 nequissimus,
448 703 644 737 malignissime
659 702 725 729 dicit
735 710 741 727 :
751 702 860 729 Corium

85 758 126 785 pro
145 751 225 778 corio.
256 750 337 778 Corio
358 749 408 777 Job
429 756 478 784 pro
497 749 571 777 corio
595 748 669 776 Adae.
688 748 796 775 Corium
814 748 860 775 [iiii

86 803 128 831 pro
149 795 222 823 corio
249 797 345 830 patris.
374 794 483 822 Corium
517 793 676 829 posterioris
703 801 754 829 pro
785 793 861 822 corio

86 842 170 877 patris.
186 841 225 869 Ita
243 841 352 869 scilicet
368 841 476 869 diverse
491 840 693 867 demonstratur
706 847 738 867 ac
757 847 860 868 memo-

86 894 153 916 ratur
167 890 217 916 hoc
242 889 315 924 quod
337 888 375 916 ait
388 896 438 923 pro
460 887 545 915 corio.
574 887 607 914 Et
629 886 729 922 adjecit
744 887 856 914 dicens:

85 935 172 962 Omnia
193 943 357 969 quacunque
380 934 500 961 [tabuerit
525 936 601 960 homo
617 933 711 966 dabit,
739 937 764 960 et
789 938 861 959 eruet

85 983 191 1008 animam
202 989 293 1008 suam.
308 979 407 1008 Verum
420 985 463 1008 est
480 980 541 1011 ltoe,
555 980 618 1013 quia
634 986 696 1006 eum
708 978 741 1006 ad
755 978 862 1014 pericu-

85 1028 132 1054 lum
155 1027 194 1054 vel
218 1027 367 1056 discrimen
386 1026 542 1061 pervenerit
567 1025 661 1058 homo,
677 1032 783 1052 omnem
805 1033 861 1052 rem
883 1035 885 1038 ι

86 1072 233 1100 familiarem
269 1072 441 1104 contemnit,
484 1071 641 1098 universam
681 1070 861 1097 substantiam

85 1126 151 1145 suam
166 1118 271 1152 spernit
289 1122 393 1145 tantum
407 1123 436 1144 ut
450 1118 568 1144 animant
583 1121 660 1144 eruat
670 1136 677 1150 ,
700 1120 729 1142 ut.
742 1115 860 1142 animant

85 1171 153 1190 suam
168 1163 332 1191 incolumem
352 1163 457 1190 liberet.
472 1163 504 1190 Et
520 1171 592 1190 nunc
607 1170 667 1189 cum
683 1169 776 1197 speras
790 1161 861 1196 quod

86 1210 218 1237 adversum
235 1208 288 1237 Job
300 1208 435 1244 loqueris,
456 1216 510 1246 pro
522 1207 572 1235 Job
592 1208 712 1243 loqueris
725 1227 731 1239 ,
750 1207 861 1234 inimice

85 1257 195 1284 omttium
214 1256 348 1284 bonorum
371 1256 488 1288 diabole,
518 1259 545 1282 et
563 1263 616 1282 non
640 1253 779 1289 intelligis.
800 1253 862 1281 Evi-

86 1303 170 1330 du-nter
186 1303 258 1330 ettittt
274 1302 324 1330 Job
344 1301 403 1337 plus
425 1308 506 1336 quam
526 1301 617 1328 exteri
637 1300 745 1335 plurimi
770 1300 862 1326 omnia

85 1356 239 1383 quaecunque
266 1348 360 1375 habuit
382 1347 508 1381 despexit
531 1352 612 1379 atque
640 1346 812 1382 contempsit,
836 1350 864 1373 ct

85 1393 194 1427 divitias,
208 1399 235 1422 et
252 1393 472 1429 possibilitatem,
490 1398 516 1421 et
533 1392 614 1423 lilios',
630 1397 657 1419 et
673 1399 728 1419 rem
741 1391 861 1419 familia-

87 1447 146 1473 rem,
165 1441 198 1468 ob
218 1440 272 1467 hoc
289 1444 394 1466 tanturn
417 1443 446 1466 ut
466 1439 584 1466 animam
611 1438 766 1472 acquireret
781 1442 863 1471 atque

86 1485 260 1518 lncrifaceret,
281 1491 310 1512 ut
323 1486 441 1512 animant
454 1492 530 1513 suam
546 1484 669 1516 illzesam,
692 1488 719 1511 et
737 1484 862 1511 inconta-

87 1533 203 1560 tttinatam
217 1538 301 1567 atque
323 1532 453 1559 illibatam
482 1531 642 1558 custodiret.
661 1530 723 1557 Ilrec
755 1530 863 1558 scilicet

87 1578 200 1609 dicendo.
213 1585 230 1606 ο
242 1577 362 1608 diabole,
374 1581 401 1604 et
415 1577 530 1611 teipsum
544 1576 690 1604 eonl‘undis
704 1596 710 1608 ,
728 1575 779 1603 Job
798 1583 862 1603 vero
876 1584 897 1612 ο

87 1624 243 1658 propositunt
261 1623 383 1650 ostendis
403 1632 410 1649 :
427 1622 523 1649 Omnia
551 1630 714 1657 quiscunque
740 1621 861 1648 [tabuerit

87 1671 153 1698 homo
165 1671 247 1704 dabit,
268 1675 295 1697 ut
311 1674 386 1697 erant
398 1670 514 1696 animant
528 1678 613 1702 suam,
629 1669 663 1696 ob
682 1676 765 1703 quam
786 1668 863 1695 rem?

87 1716 141 1750 quia
156 1715 298 1751 redemptio
309 1716 357 1742 uiri
372 1715 479 1750 propria
493 1719 530 1742 est
540 1714 743 1744 substantiam.
767 1714 872 1756 Omnia.

87 1769 242 1797 quaecunque
256 1761 384 1789 habuerit
398 1762 477 1789 bonto
498 1761 582 1795 dabit,
597 1766 626 1788 ut
646 1766 725 1788 eruat
745 1761 862 1788 animant

87 1815 165 1836 suam.
178 1808 231 1836 Hoc
240 1809 296 1843 egit
311 1808 371 1842 Job,
389 1815 531 1843 propterea
549 1808 670 1838 animam
682 1815 759 1835 suam
776 1808 863 1834 invio-

88 1854 158 1882 latam
177 1856 360 1884 conservavit.
389 1854 446 1882 Hoc
471 1860 586 1891 egerunt
611 1855 683 1883 beati
709 1860 861 1889 martyres,

88 1900 179 1929 idcirco
195 1907 340 1937 postquam
352 1902 443 1929 omnia
456 1902 643 1936 eorrnptibilia
658 1906 738 1936 atque
753 1906 861 1928 terrena

88 1952 320 1983 contempserunt,
351 1952 411 1982 post
442 1947 493 1975 hoc
523 1947 698 1975 nihilominus
723 1947 862 1981 proprium

88 2000 175 2028 corpus
188 1995 213 2021 in
227 2002 338 2029 painam
351 1999 432 2028 atque
451 1995 476 2021 iit
498 1993 656 2022 incendium
680 1993 862 2026 tradiderunt,

89 2037 165 2071 ignem
183 2045 266 2074 atque
287 2039 404 2075 gladium
429 2039 612 2071 sustinentes,
641 2043 745 2066 tantum
762 2038 863 2065 utani-

88 2091 138 2111 tuas
151 2093 211 2113 suas
223 2086 340 2113 mundas
353 2090 434 2119 atqtte
446 2090 538 2113 castas
555 2085 608 2112 Deo
623 2085 794 2112 exbiberent.
809 2083 862 2111 Sed

88 2129 185 2158 interim
200 2132 341 2160 videamus
357 2132 444 2160 adhuc
457 2135 518 2167 post
531 2131 589 2159 hzee
604 2138 664 2166 quin
674 2131 743 2158 bene
756 2131 861 2165 digesta

89 2181 152 2204 sunt.
166 2176 230 2204 Nam
241 2185 314 2212 stupe
329 2177 410 2205 etiam
423 2186 438 2205 a
455 2177 526 2205 ntaio
544 2177 646 2211 aliquid
670 2176 733 2204 botti
757 2176 864 2211 proiici-

89 2223 172 2256 saitur,
188 2231 238 2252 non
255 2224 328 2259 quod
344 2225 478 2260 pessimus
489 2229 517 2251 et
532 2223 666 2258 malignus
677 2223 713 2250 ita
731 2223 861 2256 voluerit,

90 2269 128 2295 scd
140 2270 200 2304 quia
218 2271 306 2297 bonus
327 2278 359 2297 ac
382 2270 544 2297 benedictus
566 2268 636 2296 Deus
654 2269 764 2305 maligni
783 2269 861 2295 maii-

91 2313 146 2343 liatn
163 2316 188 2342 in
200 2315 299 2342 bonum
321 2317 457 2342 convertit
474 2315 634 2343 timentibus
651 2319 733 2350 atque
749 2315 864 2349 diligent-

92 2358 153 2386 tibus
166 2368 206 2393 se,
224 2361 296 2388 sicut
313 2360 373 2394 Job,
394 2361 433 2387 vel
449 2360 613 2396 martyribus
627 2364 707 2395 atque
724 2360 863 2387 credenti-

91 2403 142 2436 bus,
157 2406 199 2440 qui
215 2406 290 2433 omni
307 2405 448 2433 tolerantia
465 2410 625 2439 superantes
639 2404 787 2439 nequitiam
805 2404 864 2439 ejus

91 2457 187 2479 aeternae
198 2453 259 2480 vitae
267 2457 349 2487 atque
362 2451 455 2488 gloriae
464 2451 652 2479 ita'reditatem
670 2451 779 2486 capient
793 2450 863 2484 apud

94 2496 175 2526 Deum.
190 2499 235 2527 Sic
251 2489 332 2526 etiam
351 2507 424 2526 nunc
444 2497 505 2525 istic
525 2504 615 2525 sermo
641 2497 688 2532 qui
716 2497 832 2531 maligne
847 2503 862 2522 a

92 2544 185 2573 diabolo
196 2546 286 2573 dictus
298 2550 338 2573 est
350 2555 356 2573 :
368 2544 464 2572 Omnia
476 2552 637 2582 quacunque
653 2543 773 2570 habuerit
788 2543 864 2569 homo

92 2589 164 2624 dabit,
174 2596 199 2618 ut
214 2597 288 2618 eruat
305 2591 421 2618 animam
437 2598 526 2623 suam,
544 2597 594 2624 pro
611 2589 720 2623 pietatis
744 2595 864 2614 comme-

94 2636 230 2664 moratione
244 2637 418 2672 diligentibus
430 2635 514 2663 Dcum
529 2635 647 2670 prolicit.
657 2632 864 2664 Verumtamen,

94 2685 118 2709 tit
132 2681 255 2715 diximus,
275 2686 337 2717 post
359 2681 416 2708 haec
437 2681 563 2708 universa
580 2679 689 2714 maligni
711 2678 796 2713 ipsius
808 2678 865 2704 dia-

94 2724 138 2753 boli
153 2735 184 2755 ex
205 2729 269 2763 ipsis
291 2728 461 2756 sermonibus
485 2727 544 2762 ejus
558 2730 649 2753 notam
676 2724 863 2754 ostendamus,

95 2778 147 2798 eum
164 2773 308 2808 iniquitatis
321 2774 380 2809 ejus
393 2780 468 2800 arma
480 2773 507 2800 in
521 2779 583 2799 eum
599 2770 792 2798 convertimus.
804 2768 863 2802 Dic,

95 2825 109 2845 0
122 2819 277 2855 nequissime
293 2819 409 2852 diabole,
422 2819 565 2846 adversum
583 2823 618 2850 lc,
637 2817 669 2847 ab
687 2815 764 2844 initio
780 2815 812 2843 de
835 2822 864 2843 re

863 2899 870 2914 l

122 2935 151 2950 ⁷⁸³
166 2936 241 2965 Prov.
254 2946 313 2971 xui,
326 2937 352 2965 8.
390 2937 412 2953 τ’
425 2935 472 2964 Job
490 2944 521 2968 tt,
541 2935 566 2962 5.
624 2935 657 2951 ⁷⁸·
673 2934 738 2962 ibid.

910 287 1028 314 animatn
1052 288 1191 323 proponis,
1219 289 1336 317 anintam
1361 291 1517 319 nominans.
1545 291 1586 319 0b
1613 300 1693 327 quam

912 339 979 366 rem,
992 333 1041 360 nisi
1053 335 1087 360 ob
1103 334 1164 366 hoc,
1179 335 1241 369 quia
1264 335 1320 369 jam
1346 336 1463 371 maligne
1486 339 1520 365 de
1540 339 1630 366 anima
1646 339 1697 367 Job
1719 336 1721 338 ’

912 380 1030 407 tractas?
1045 380 1108 416 quia
1126 380 1224 408 callide
1241 382 1359 409 animam
1375 382 1433 416 cjus
1443 385 1562 418 qutcris?
1576 385 1697 413 Necdum

910 427 977 454 corii
991 427 1050 462 ejus
1062 433 1224 462 potestatettt
1242 429 1381 463 accepisti,
1392 426 1515 458 'needum
1534 431 1611 466 pellis
1626 432 1695 466 ejus,

890 496 892 500 ,
911 472 961 500 hoc
975 477 1027 506 est,
1046 473 1169 508 corporis
1194 469 1265 508 ejus,
1288 475 1467 502 constantiam
1486 476 1653 511 approbasti,
1669 482 1696 505 et

908 517 964 552 jam
978 519 1082 546 .animte
1104 518 1162 553 ejus
1187 520 1286 554 quaeris
1307 520 1551 555 supplantationem
1565 542 1572 554 ,
1589 521 1695 554 Omnia,

911 565 1047 600 inquiens,
1057 574 1218 602 quwcunque
1231 566 1352 592 habuerit
1364 567 1439 592 Imma
1458 567 1528 594 dabit
1543 576 1590 602 pro
1609 569 1696 596 anima

911 618 960 641 tua
967 610 1000 639 ".
1012 611 1075 639 Post
1091 611 1147 638 haec
1161 611 1268 645 adjecit,
1281 612 1373 638 dicens
1386 620 1393 638 :
1407 611 1468 638 Non
1490 621 1550 646 ergo
1580 614 1617 640 ita
1647 619 1694 642 est.

912 656 980 690 Quid
996 656 1072 689 dicis,
1092 665 1108 684 ο
1124 657 1240 688 diaboie,
1261 665 1315 684 tton
1334 658 1370 684 ita
1388 658 1450 684 est?
1479 657 1528 684 Vci
1555 659 1589 685 ob
1614 667 1695 694 quant
1715 651 1718 663 ⁵

913 709 968 729 rent
993 702 1045 730 hoc
1071 701 1149 735 dicis,
1179 710 1230 729 ιιοιι
1256 710 1322 738 ergo
1338 703 1375 730 ita
1391 703 1453 730 est?
1478 702 1517 730 Ac
1533 704 1555 730 si
1571 704 1695 732 diceret:

912 748 970 776 Non
985 753 1026 776 est
1040 748 1132 776 adhuc
1147 747 1298 780 deﬁnitum,
1315 749 1429 776 necdunt
1449 755 1490 776 est
1505 749 1696 786 deliberatum,

912 793 970 821 Non
992 798 1034 822 est
1052 794 1123 821 sicut
1149 793 1199 821 Job
1226 794 1386 827 arbitratur,
1404 794 1481 828 quod
1506 793 1562 829 jatn
1589 796 1695 830 vicerit,

911 839 983 874 quod
1006 839 1094 867 omnia
1114 839 1261 874 perfecerit
1284 844 1365 874 atque
1390 839 1554 873 impleverit,
1580 841 1696 868 necdum

912 890 953 912 est
966 885 992 912 in
1009 885 1062 912 ﬁne
1076 885 1194 916 doloris,
1212 885 1259 912 sed
1276 885 1303 912 in
1322 885 1409 912 initio.
1436 885 1492 912 Non
1511 894 1576 921 ergo
1592 887 1627 914 ita
1644 892 1696 918 est.

913 931 983 958 sicut
997 930 1097 958 dictum
1109 934 1159 962 est,
1172 931 1246 964 quod
1263 938 1314 958 non
1327 931 1361 958 sit
1371 931 1409 958 illi
1425 931 1522 959 similis
1533 932 1602 959 alius
1615 940 1698 968 super

914 981 1023 1004 terram.
1040 976 1108 1010 Quid
1128 976 1240 1004 omnino
1255 976 1378 1013 peregit?
1397 976 1461 1011 quid
1475 978 1621 1005 sustinuit?
1633 978 1697 1013 quid

913 1021 1107 1056 supportavit?
1145 1021 1199 1049 Nec
1228 1022 1374 1057 quidquam
1403 1030 1532 1058 magnum
1567 1024 1697 1051 adversus

914 1068 1016 1096 futura.
1037 1068 1105 1096 Cum
1133 1068 1294 1097 sustinuerit
1320 1069 1478 1102 n0vissima,
1503 1074 1566 1096 tunc
1588 1069 1696 1097 demum

914 1114 1075 1147 laudabitur,
1088 1122 1159 1142 nunc
1174 1122 1239 1142 vero
1256 1122 1308 1142 non
1324 1114 1361 1141 ita
1381 1118 1432 1141 est.
1451 1114 1505 1142 Sed
1521 1115 1624 1150 porrige
1641 1123 1698 1141 ma-

914 1169 975 1187 mtm
995 1165 1078 1193 luam,
1095 1165 1119 1187 et
1137 1165 1213 1195 tange
1231 1168 1336 1187 carnem
1359 1160 1427 1194 ejus,
1443 1166 1465 1187 et
1480 1169 1550 1193 ossa,
1567 1157 1588 1187 si
1605 1169 1655 1187 non
1669 1161 1697 1187 iu

913 1200 1007 1237 faciem
1016 1204 1062 1231 tibi
1077 1204 1236 1231 benedixerit
1245 1204 1397 1239 "'.Tange,
1410 1205 1507 1239 inquit,
1518 1213 1573 1232 rem
1583 1205 1698 1232 familia-

913 1256 971 1276 rem
986 1254 1013 1276 et
1022 1249 1102 1282 liiios,
1119 1254 1198 1284 tange
1213 1249 1323 1277 divitias
1334 1255 1360 1276 et
1375 1250 1593 1284 possibilitatem;
1607 1255 1696 1286 tange,

914 1295 1012 1330 inquit,
1033 1303 1142 1323 carnem
1157 1301 1184 1323 et
1200 1303 1272 1328 ossa,
1288 1296 1309 1322 si
1329 1303 1381 1323 non
1396 1296 1421 1322 itt
1437 1295 1532 1323 faciem
1549 1296 1697 1323 benedixe—

913 1338 958 1370 rit,
977 1338 1028 1366 hoc
1039 1343 1080 1366 est
1102 1339 1282 1366 tnaledixerit.
1295 1339 1439 1374 Patientia,
1454 1341 1551 1375 inquit,
1569 1340 1698 1368 indolore

913 1387 1005 1412 carnis
1039 1385 1208 1418 ostendatur,
1239 1385 1394 1413 suﬂerentia
1424 1387 1450 1413 in
1481 1387 1583 1414 ossium
1617 1395 1697 1422 pretia

914 1431 1124 1457 demonstretur.
1142 1429 1252 1465 Porrige
1273 1439 1380 1458 manum
1400 1436 1482 1463 tuam,
1507 1433 1664 1464 identidem,
1680 1441 1698 1460 ο

913 1475 1030 1506 diabole,
1048 1484 1156 1503 tnanutn
1176 1482 1202 1503 ιιι
1221 1477 1342 1512 porrigat
1362 1484 1483 1511 quaerere
1500 1477 1588 1512 lingis,
1604 1487 1698 1514 quem-

914 1523 1058 1550 admodum
1072 1528 1099 1550 et
1116 1523 1249 1557 superius.
1277 1522 1342 1550 Nam
1366 1530 1430 1551 vere
1458 1527 1485 1550 tit
1507 1523 1553 1550 tibi
1576 1525 1699 1552 tradatur

915 1568 1000 1602 cupis,
1019 1573 1048 1594 ιιι
1065 1568 1110 1596 tibi
1127 1568 1153 1595 in
1175 1572 1335 1603 potestatem
1356 1569 1436 1596 detur
1449 1569 1499 1596 vis.
1518 1568 1626 1604 Porrige
1642 1578 1698 1596 ma-

915 1621 978 1639 num
998 1618 1081 1639 tuam.
1107 1613 1147 1640 Ad
1165 1613 1230 1648 quid
1248 1612 1402 1640 faciendum
1418 1614 1576 1649 porrigam?
1599 1615 1698 1651 Tango,

916 1659 1012 1694 inqttit,
1027 1667 1132 1686 carnem
1143 1664 1169 1686 et
1184 1667 1245 1686 ossa
1261 1659 1328 1693 ejus.
1348 1659 1452 1695 Alliige,
1469 1661 1567 1695 inquit,
1586 1663 1698 1688 commi-

916 1713 979 1737 nue,
992 1709 1114 1738 contere,
1129 1705 1270 1733 doloribus
1284 1705 1360 1733 aliive
1372 1726 1378 1738 ,
1397 1706 1519 1740 ptttrefac
1533 1715 1629 1734 carnes
1640 1708 1699 1742 ejus

916 1755 943 1777 ct
955 1758 1028 1782 ossa,
1041 1755 1069 1777 et
1084 1752 1225 1778 universas
1243 1758 1387 1786 cornpages
1410 1760 1551 1779 nervorum
1567 1752 1650 1784 illius,
1675 1754 1698 1780 si

915 1804 968 1822 non
987 1796 1012 1822 itt
1027 1795 1125 1822 faciem
1137 1795 1183 1823 tibi
1203 1796 1376 1823 maledixerit
1397 1801 1478 1832 atque
1494 1797 1698 1832 blasphemare-

915 1841 960 1868 rit.
977 1840 1043 1873 Hoc,
1059 1841 1155 1876 inquit,
1167 1842 1340 1870 sitindicium
1355 1843 1502 1877 patientiae,
1516 1844 1697 1872 etalirmitatis

915 1891 997 1920 atque
1019 1886 1181 1913 constantia:
1206 1886 1274 1919 ejus,
1304 1892 1334 1914 ut
1359 1888 1461 1915 ossiunt
1493 1888 1534 1916 sie
1562 1894 1698 1916 tormenta

914 1933 1018 1967 absque
1037 1932 1224 1959 numeratione
1246 1931 1369 1965 sufferat,
1394 1938 1424 1960 ut
1452 1934 1560 1962 dolores
1577 1936 1699 1969 corporis

914 1979 1018 2014 absque
1050 1979 1261 2014 reprehensione
1285 1979 1438 2012 sustineat,
1474 1985 1503 2007 ut
1530 1982 1699 2016 putredinem

915 2026 1048 2052 verntium
1077 2030 1218 2061 sttpportet
1245 2026 1347 2060 absque
1371 2026 1551 2060 blaspltentia.
1582 2027 1621 2055 0b
1647 2028 1699 2055 hoc

914 2080 980 2107 ergo
993 2073 1053 2100 dico
1068 2081 1075 2099 Ζ
1091 2072 1153 2099 Νοιι
1170 2072 1206 2099 ita
1221 2077 1276 2104 est,
1298 2073 1342 2099 sed
1359 2073 1461 2108 porrige
1482 2081 1588 2100 manum
1613 2078 1698 2105 luant,

915 2123 943 2145 ut
972 2119 1007 2146 sit
1037 2118 1172 2146 inchoatio
1199 2117 1281 2153 ltujus
1304 2118 1377 2151 belli,
1406 2119 1566 2146 certaminis
1593 2127 1701 2154 quoque

914 2169 996 2200 atque
1010 2164 1234 2199 disceptationis,
1261 2169 1291 2191 ut
1313 2169 1444 2199 appareat
1469 2164 1520 2192 Job
1543 2166 1699 2193 constantia

915 2210 1047 2244 perfecta,
1072 2213 1119 2236 aut
1141 2216 1217 2236 meus
1250 2216 1339 2236 sermo
1366 2209 1511 2237 veridicus.
1539 2209 1588 2237 Cui
1621 2211 1702 2245 digne

880 2253 901 2280 1)
917 2255 1112 2290 respondeatur
1126 2265 1133 2282 :
1149 2255 1171 2283 Ο
1182 2256 1291 2283 inimice
1302 2255 1424 2282 omttium
1436 2255 1569 2283 bonorum
1583 2256 1700 2289 diabolo,

904 2309 969 2328 non
985 2300 1031 2328 tibi
1052 2299 1219 2328 suffecerunt
1233 2300 1354 2335 propria,
1366 2301 1412 2328 sed
1425 2305 1528 2328 tatttum
1540 2301 1702 2329 crudelitate

917 2352 1000 2382 atque
1012 2347 1151 2381 impietate
1169 2347 1299 2374 adversus
1311 2346 1413 2380 justum
1435 2347 1505 2374 hune
1519 2348 1616 2375 uteris.
1629 2347 1702 2375 Tan-

916 2398 971 2420 tnnt
989 2393 1153 2427 injustitiam
1169 2401 1213 2420 me
1231 2392 1362 2427 perlicere
1377 2393 1453 2428 cupis
1464 2413 1472 2426 ,
1489 2399 1518 2420 ut
1534 2393 1636 2427 justum
1649 2393 1701 2422 Job

916 2439 964 2467 t‘ibi
982 2438 1081 2472 injusto
1096 2437 1275 2465 contrariam?
1292 2442 1322 2464 ut
1337 2438 1509 2466 innocentem
1522 2438 1605 2473 impio
1617 2440 1702 2474 depu-

917 2484 991 2511 tem?
1011 2488 1040 2510 ut
1053 2483 1170 2511 miseriis
1185 2482 1297 2510 alliciam
1309 2491 1370 2510 euttt
1386 2484 1431 2517 qui
1446 2483 1505 2511 sine
1521 2483 1702 2519 peeeatoest!

917 2537 945 2560 nt
968 2531 1118 2559 molestiam
1140 2531 1262 2566 ingeram
1289 2530 1407 2558 devoto?
1428 2536 1457 2557 ut
1482 2538 1535 2557 non
1560 2531 1702 2558 disceden-

917 2585 971 2606 tem
997 2578 1171 2614 percutiam?
1195 2583 1223 2606 ut
1253 2577 1385 2614 ﬂagellent
1402 2585 1454 2605 non
1479 2578 1702 2614 delinquentem?

917 2632 945 2654 ut
959 2627 1082 2654 tribulem
1110 2626 1213 2660 gratias
1230 2626 1374 2662 θεωρείτῖῖ
1397 2625 1465 2659 Quid
1487 2626 1540 2654 ltoe
1561 2627 1702 2654 indecoro-

917 2675 974 2702 sins
1001 2679 1084 2708 atque
1107 2673 1248 2700 illicitius?
1268 2673 1330 2707 quis
1349 2672 1460 2700 omnino
1479 2672 1628 2700 carnalium
1650 2673 1702 2701 hoc

917 2719 1018 2748 litciat?
1043 2719 1105 2754 quis
1120 2726 1154 2746 ex
1163 2718 1285 2746 terrenis
1298 2726 1408 2753 prorsus
1422 2718 1473 2745 hoc
1487 2722 1559 2753 agat,
1573 2722 1601 2745 ιιι
1618 2708 1704 2747 mori-'

917 2774 1012 2801 gerum
1024 2770 1105 2801 atque
1118 2765 1244 2792 devotum
1258 2773 1366 2793 servum
1381 2764 1481 2799 injuste
1496 2764 1528 2791 ad
1538 2764 1702 2799 supplicium

917 2811 1081 2841 contradat?
1095 2811 1149 2841 Sed
1168 2811 1276 2841 interim
1288 2815 1317 2839 ut
1334 2815 1406 2839 tuam
1423 2810 1594 2846 iniquitatem
1608 2810 1702 2838 redar-
