1909 3080
189 186 242 216 ωδ

736 182 928 214 ANONYMUS
947 181 981 210 IN
1000 181 1070 211 JOB.
1091 199 1126 204 —
1144 183 1210 213 LIB.
1230 184 1263 213 Il.

1773 188 1825 216 466

190 257 273 284 gnam
288 252 369 284 alque
388 246 546 283 injustitiam
570 244 723 282 obiurgem,
738 245 808 273 Εεω
833 251 910 273 tratw
930 244 979 272 tibi
993 246 1017 275 Α
1030 245 1073 273 nis
1095 249 1298 273 coronaountur
1322 245 1349 274 in
1376 251 1524 282 conspectu
1548 253 1620 274 meo.
1634 245 1675 275 Ne
1691 247 1824 283 tetigeris!

190 303 250 323 eam
260 295 293 328 ⁸⁸,
310 299 339 322 ut
363 293 466 327 absque
492 293 712 320 contradictione
736 291 926 324 convincaris,
955 296 984 319 et

193 343 296 376 absque
307 340 483 368 excusatione
497 340 699 372 condemneris,
718 345 802 374 atque
813 339 841 367 in
855 339 983 366 omnibus

192 386 308 414 mendax
323 385 520 420 comproberis.
544 384 612 412 Ecce
629 385 706 411 trado
731 385 778 411 tibi
801 384 887 411 illum.
911 383 983 411 Sub-

192 431 321 460 stantiam
338 431 460 466 quaesisti
476 436 504 458 et
525 431 666 466 accepisti,
681 439 752 458 nunc
767 430 855 466 ipsum
870 430 981 464 quaeris.

190 477 285 506 habes.
301 476 369 505 Ecce
383 478 460 505 trado
476 477 525 504 tibi
543 478 629 505 illum.
642 477 700 505 Non
715 477 885 509 contradico.
898 476 982 504 male-

189 523 277 556 dicte;
294 531 347 562 non
367 523 414 551 tibi
429 524 535 558 denego
547 543 555 555 ,
577 523 776 556 condemnale;
800 529 853 550 non
869 527 982 557 propter

190 575 275 601 tuam,
291 570 392 604 inquit,
407 570 606 605 malignitatem
619 590 626 602 ,
643 569 689 597 sed
710 574 821 604 propter
836 567 886 596 Job
901 568 980 596 inno-

187 616 318 648 centiam,
344 621 374 643 ut
395 615 487 651 justus
500 621 640 651 appareat,
663 620 693 643 ut
710 616 770 643 sine
789 614 899 650 querela
919 621 980 643 esse

189 662 397 698 comprobetur,
414 667 444 702 ut
457 662 593 698 gloriosus
605 667 764 694 coronetur,
780 666 809 688 ut
833 668 916 688 verax
933 661 979 687 de-

187 713 369 736 monstretur.
398 708 451 736 Pro
479 708 532 741 his,
563 708 664 743 inquit,
691 707 817 736 omnibus
843 714 908 734 ecce
928 706 977 734 tibi

188 753 267 783 trado
278 755 365 783 illum.
385 754 491 782 Nudum
505 753 580 781 illum
596 753 743 788 reliquisti,
760 753 860 781 nudum
874 752 977 781 consti-

187 803 275 833 tuisti.
289 801 375 830 solum
391 800 542 834 reddidisti,
567 800 656 828 solum
671 800 746 827 illum
762 799 810 828 tibi
834 799 922 830 trado.
949 803 977 826 et

185 849 304 884 accipies
328 849 402 876 illum
427 848 526 877 solum.
564 848 690 874 Animam
717 853 771 874 non
804 845 974 882 quaesivisti,

185 896 303 922 animum
325 903 358 923 ne
379 894 495 929 tetigeris
522 893 556 922 ⁸¹.
581 893 697 921 Carnem
727 899 753 922 et
781 901 842 922 ossa
871 892 974 928 petisti,

181 943 301 970 animum
312 950 343 969 ne
358 942 484 977 tetigeris.
507 941 625 969 Contere
645 944 752 968 tantum
770 948 892 973 carnem,
910 939 975 966 allii-

184 996 218 1024 ge
238 995 316 1021 ossa,
333 987 450 1014 animum
475 995 507 1014 ne
524 986 651 1022 tetigeris.
675 985 789 1013 Terram
808 986 859 1013 tibi
883 986 973 1018 trado,

183 1034 256 1061 coelo
278 1041 312 1061 ne
326 1032 600 1068 appropinquaveris.
627 1031 837 1068 Corruptionem
862 1031 973 1065 habeto,

184 1080 416 1114 incorruptionem
429 1087 462 1106 ne
475 1078 609 1113 tetigeris,
628 1077 682 1105 hoc
696 1082 738 1105 est
759 1077 890 1104 animam.
907 1076 974 1104 Ter-

189 1134 284 1154 renum
314 1133 362 1153 vas
388 1124 529 1160 confringe
552 1129 581 1152 ut
602 1124 739 1157 volueris,
758 1123 883 1151 interiori
907 1130 974 1150 vero

183 1173 314 1201 thesauro
329 1180 362 1200 ne
391 1171 664 1207 appropinquaveris.
685 1169 778 1198 Lutea:
794 1173 872 1197 testa:
888 1168 973 1197 facito

183 1219 257 1255 quod
289 1218 432 1251 volueris,
475 1216 701 1252 pretiosissimam
735 1223 802 1243 vero
840 1215 973 1250 margari-

184 1271 240 1293 tam
271 1272 305 1292 ne
328 1264 462 1299 tetigeris.
484 1262 542 1290 Non
563 1262 713 1290 maculavit
733 1261 808 1290 illam
829 1261 971 1297 iniquitas,

183 1320 237 1340 non
273 1310 384 1338 violavit
407 1310 482 1338 illam
515 1310 632 1345 pessima
659 1309 800 1345 cogitatio,
829 1317 883 1337 non
912 1317 973 1344 per-

182 1358 265 1385 vertit
294 1357 365 1385 illam
389 1357 435 1385 Dei
465 1357 656 1392 blasphemia,
688 1364 742 1384 non
769 1356 868 1391 polluit
899 1355 972 1383 illam

181 1403 322 1431 Creatoris
355 1403 540 1438 reprehensio.
570 1403 675 1430 Idcirco
710 1402 827 1429 animum
856 1402 913 1436 ejus
939 1409 972 1429 ne

182 1449 309 1483 tetigeris.
324 1447 424 1481 Meum,
439 1447 537 1482 inquit,
552 1447 657 1482 plasma
672 1451 714 1474 est
730 1446 895 1478 inviolabile,
911 1454 972 1474 mea

181 1496 315 1524 habitatio
337 1500 381 1523 est
402 1494 635 1525 incontaminata,
653 1500 712 1521 mea
734 1493 915 1521 commoratio
929 1498 973 1521 est

181 1539 393 1575 incoinquinata.
415 1538 478 1567 Ideo
498 1538 617 1566 animam
631 1538 690 1573 ejus
706 1546 740 1565 ne
757 1538 896 1573 tetigeris,
911 1545 972 1573 quae

1033 292 1132 327 inquit,
1146 292 1265 320 animam
1281 291 1344 320 Job.
1359 292 1536 320 Conculcabit
1557 294 1630 320 enim
1641 299 1723 328 caput
1738 299 1824 329 tuum,

1032 342 1058 365 et
1076 338 1243 366 comminuet
1255 339 1383 366 virtutem
1402 344 1493 372 tuam,
1506 344 1534 366 et
1547 344 1671 367 conteret
1687 340 1825 368 fortitudi-

1032 391 1093 411 nem
1110 388 1196 416 tuam,
1209 389 1237 412 et
1252 384 1405 412 Immiliabit
1420 385 1589 412 altitudinem
1604 389 1679 412 tuam
1690 405 1699 418 ,
1714 389 1743 413 et
1760 386 1825 420 deji-

1031 430 1087 457 ciet
1109 430 1253 458 elationem
1276 434 1364 463 tuam.
1384 436 1413 459 et
1431 431 1629 458 demonstrabit
1653 433 1729 458 omni
1746 432 1825 459 carni

1032 476 1157 504 fiduciam
1174 476 1209 503 ad
1220 477 1347 504 standum
1363 476 1506 503 adversum
1524 480 1552 504 te
1565 481 1722 504 canstanter
1736 485 1825 513 usque

1031 522 1058 550 in
1073 522 1181 550 saecula.
1196 522 1331 558 Malignus
1348 530 1465 558 namque
1491 530 1521 550 es
1543 528 1569 550 et
1588 523 1733 555 invalidus,
1747 524 1824 551 calli-

1030 568 1081 597 dus
1105 574 1187 604 atque
1208 569 1345 602 inlirmus,
1372 573 1479 597 astutus
1501 570 1535 597 ad
1559 569 1759 602 insidiandum,
1775 570 1823 598 sed

1031 616 1208 651 impossibilis
1223 616 1256 643 ad
1273 615 1482 651 opprimendum
1494 635 1502 649 ,
1517 616 1612 644 doctus
1625 616 1658 644 ad
1682 617 1823 652 decipien-

1029 663 1104 696 dum,
1122 666 1151 689 et
1165 661 1297 689 invalidus
1315 661 1349 689 ad
1362 662 1554 690 resistendum.
1567 662 1633 690 Nam
1652 662 1728 690 sicut
1740 663 1822 691 facile

1028 705 1134 733 seducit
1148 705 1291 734 instabiles
1305 710 1387 740 atque
1410 706 1577 740 incredulos,
1597 715 1659 735 cum
1680 708 1717 735 sit
1740 708 1822 736 calli-

1029 751 1168 785 dissimus,
1180 752 1307 780 similiter
1334 751 1415 780 facile
1439 753 1569 781 resistunt
1594 753 1632 781 illi
1645 762 1742 782 omnes
1753 754 1820 788 justi

1027 803 1110 833 atque
1125 799 1277 832 credentes.
1292 806 1389 827 omnes
1412 799 1497 826 Deum
1521 800 1646 828 timentes
1667 806 1750 836 atque
1770 801 1821 828 Job

1029 845 1180 878 imitantes,
1196 849 1289 881 utpote
1313 845 1442 873 invalido.
1457 846 1488 873 In
1510 846 1626 874 arbitrio
1640 854 1708 883 ergo
1727 848 1820 876 homi—

1028 900 1092 919 num
1109 897 1151 920 est
1164 896 1297 927 potestas,
1312 893 1445 920 sanctitas
1458 897 1540 929 atque
1551 895 1717 921 constantia.
1729 894 1759 922 In
1773 903 1819 922 ar-

1027 937 1108 966 bitrio
1123 942 1166 966 est
1190 938 1330 966 hominum
1355 943 1478 974 potestas
1499 939 1561 967 lidei
1588 947 1620 968 ac
1640 941 1761 975 pietatis.
1788 941 1819 969 Si

1025 983 1098 1011 enim
1111 983 1248 1011 voluerint
1264 983 1403 1011 declinare
1420 991 1435 1011 a
1460 984 1558 1017 malis,
1578 990 1605 1012 et
1627 984 1720 1013 facere
1736 985 1818 1019 bona,

1024 1033 1052 1056 et
1068 1027 1169 1061 valent,
1185 1033 1212 1056 et
1229 1032 1354 1063 possunt,
1370 1031 1399 1055 et
1424 1035 1477 1055 non
1495 1028 1624 1063 praevalet
1637 1028 1691 1056 illis
1706 1029 1819 1064 nequis-

1025 1075 1122 1106 simus,
1138 1075 1160 1102 si
1173 1074 1257 1102 fuerit
1272 1082 1320 1102 cor
1335 1081 1429 1102 eorum
1446 1074 1594 1102 secundum
1610 1074 1707 1107 Deum,
1718 1075 1741 1103 si
1759 1075 1818 1103 τηε»

1025 1122 1061 1149 rit
1079 1122 1203 1150 voluntas
1225 1129 1320 1150 eorum
1344 1121 1371 1149 in
1394 1121 1551 1154 sanctitate,
1572 1122 1595 1149 si
1614 1122 1703 1149 anima
1721 1129 1819 1150 eorum

1025 1169 1106 1197 fuerit
1120 1169 1148 1197 in
1163 1169 1287 1202 veritate,
1302 1169 1324 1197 si
1339 1177 1416 1198 mens
1438 1170 1465 1197 in
1481 1169 1533 1197 fide
1549 1176 1582 1197 ac
1599 1169 1714 1204 pietate,
1729 1169 1752 1196 si
1771 1170 1819 1196 ad-

1024 1216 1180 1244 mouuerint
1204 1216 1365 1251 semetipsos
1380 1215 1407 1243 in
1424 1215 1641 1243 misericordiam
1663 1219 1691 1242 et
1705 1216 1820 1242 misera»

1024 1262 1125 1290 tionem
1138 1282 1147 1295 ,
1161 1262 1189 1290 in
1206 1262 1277 1290 bona
1292 1269 1373 1298 opera
1395 1266 1477 1297 atque
1491 1262 1582 1289 omnia
1596 1269 1657 1296 qua
1674 1262 1700 1288 in
1719 1261 1766 1288 Dei
1784 1262 1818 1288 ti«

1024 1315 1099 1336 more
1114 1308 1303 1344 perficiuntur,
1316 1313 1344 1336 et
1357 1308 1391 1336 de
1405 1308 1530 1336 omnibus
1542 1315 1601 1344 qua:
1613 1307 1690 1342 juxta
1706 1308 1755 1336 Dei
1769 1304 1818 1335 vo-

1024 1353 1155 1382 luntatem
1172 1354 1249 1382 ﬁunt.
1267 1353 1334 1382 Cum
1352 1355 1425 1382 enim
1445 1355 1570 1382 voluntas
1586 1354 1727 1381 hominum
1749 1362 1817 1381 con-

1023 1401 1139 1428 senserit
1152 1400 1283 1428 voluntati
1309 1400 1369 1434 Dei,
1393 1405 1457 1428 tunc
1481 1401 1572 1428 omnia
1588 1408 1648 1435 quae
1665 1400 1736 1428 bona
1752 1405 1816 1428 sunt

1023 1446 1102 1474 facile
1116 1447 1260 1482 perficiunt
1273 1446 1408 1475 homines.
1423 1447 1490 1475 Cum
1504 1447 1537 1474 iis
1549 1446 1649 1482 quibus
1660 1446 1816 1474 delectatur

1024 1491 1104 1525 Deus,
1120 1491 1247 1520 delectati
1266 1491 1367 1519 fuerint
1389 1491 1533 1524 homines,
1551 1497 1615 1520 tunc
1633 1492 1816 1520 nihilominus

1022 1539 1113 1566 omnia
1128 1545 1298 1574 quaecunque
1313 1538 1366 1565 vita
1385 1538 1466 1574 digna
1478 1543 1553 1571 sunt,
1569 1543 1669 1573 pmsto
1684 1542 1749 1566 sunt
1764 1538 1816 1566 ho-

181 1586 215 1614 ad
231 1586 374 1621 imaginem
391 1585 438 1612 Del
460 1589 502 1612 est
515 1589 616 1618 creata,
635 1591 696 1619 quae
712 1583 909 1619 incorruptibili
927 1591 971 1612 sa-
984 1593 1007 1623 ο
1023 1585 1152 1612 minibus.
1167 1584 1236 1612 Nam
1250 1589 1278 1613 et
1294 1584 1347 1613 Job
1360 1586 1441 1612 homo
1455 1584 1505 1612 fuit
1518 1584 1648 1617 carnalis,
1664 1584 1717 1613 fuit
1728 1589 1814 1613 terre-

180 1632 281 1667 pientia
297 1636 339 1660 est
355 1631 468 1665 imbuta,
480 1638 541 1666 qute
554 1638 679 1659 sermone
694 1635 723 1658 et
735 1630 850 1658 scientia
864 1634 906 1658 est
922 1637 970 1658 co-

181 1683 292 1710 ronata,
310 1686 370 1713 quae
387 1677 433 1705 Dei
449 1677 606 1713 cognitione
621 1680 663 1705 est
688 1676 781 1704 induta
793 1695 802 1709 ,
824 1683 885 1711 quae
910 1683 972 1703 cor-

179 1725 298 1760 ruptibili
313 1724 500 1752 dominatione
512 1723 593 1758 hujus
615 1724 707 1751 mundi
721 1729 763 1751 est
776 1723 969 1757 bonorilicata,

178 1777 238 1807 qua:
251 1771 330 1807 paulo
344 1772 477 1799 minorem
488 1771 602 1805 gloriam
613 1771 648 1798 ab
660 1770 764 1806 angelis
776 1778 856 1805 super
868 1776 969 1798 terram

177 1821 220 1845 est
236 1817 342 1852 adepta.
361 1816 437 1845 Hanc
455 1816 562 1844 scilicet
578 1816 697 1843 animam
719 1823 753 1843 ne
770 1816 907 1852 tetigeris,
923 1824 971 1844 ne-

177 1871 231 1898 que
243 1863 307 1891 huic
323 1863 594 1898 appropinquaveris.
610 1869 697 1897 neque
711 1862 968 1894 communicaveris,

177 1917 265 1945 neque
283 1909 487 1938 commiscearis
498 1928 506 1941 ,
523 1916 611 1944 neque
627 1908 778 1940 obtuderis.
793 1915 881 1944 neque
895 1907 968 1935 infa-

178 1955 309 1987 tuaveris,
320 1962 408 1990 neque
424 1954 592 1989 fatigaveris,
605 1961 693 1989 neque
706 1955 855 1990 deceperis.
873 1954 969 1983 Omni-

176 1999 226 2027 bus
253 2000 344 2035 itaque
364 2000 450 2027 modis
472 1999 592 2026 animam
613 2000 672 2035 ejus
687 2007 754 2027 cave
776 2007 812 2028 ne
834 1999 966 2035 tetigeris.

175 2045 244 2073 Nam
269 2051 296 2073 tu
312 2053 373 2073 cum
391 2045 508 2072 animant
525 2045 584 2080 ejus
603 2053 657 2072 non
674 2045 813 2081 tetigeris,
833 2053 920 2082 neque
940 2046 966 2074 ei

176 2091 390 2127 proximaveris,
409 2098 547 2126 nunquam
573 2099 616 2119 me
639 2091 771 2120 innocens
792 2091 851 2127 ejus
875 2093 966 2121 anima

175 2137 296 2172 negabit.
313 2136 367 2164 Pro
393 2137 435 2163 his
457 2143 524 2171 ergo
541 2136 670 2164 omnibus
693 2137 812 2164 animam
828 2137 887 2171 ejus
900 2145 966 2166 care

175 2191 209 2211 ne
223 2184 355 2218 tetigeris.
369 2182 428 2210 Non
443 2182 565 2217 tetigisti,
579 2182 677 2217 inquit,
691 2183 809 2210 animam
823 2182 922 2218 Joseph
938 2183 965 2211 in

174 2230 292 2262 luxuria,
303 2237 358 2257 non
370 2229 482 2264 tetigisti
493 2229 611 2256 animam
624 2228 742 2256 Abrahae
757 2229 785 2255 in
802 2229 963 2263 tentatione,

1023 1639 1085 1664 nus,
1099 1630 1294 1666 corruptibilis,
1311 1631 1373 1659 talis
1387 1631 1483 1666 quales
1499 1638 1595 1659 omnes
1614 1631 1751 1665 homines,
1767 1632 1814 1660 sed

1021 1677 1145 1706 devotior
1156 1682 1238 1712 atque
1249 1678 1397 1705 studiosior
1407 1677 1481 1705 circa
1490 1677 1691 1714 eleemosynas,
1704 1683 1732 1705 et
1743 1678 1819 1706 bona

1022 1731 1104 1758 opera
1114 1724 1140 1751 in
1155 1724 1207 1750 lide
1220 1731 1252 1751 ac
1267 1722 1314 1751 Dei
1327 1723 1425 1751 timore
1436 1731 1492 1758 pra:
1504 1724 1630 1751 omnibus
1643 1723 1812 1751 hominibus.

1021 1769 1125 1797 Idcirco
1141 1768 1316 1803 acceptabilis
1335 1768 1386 1797 fuit
1399 1768 1452 1797 Job
1475 1768 1531 1797 Deo
1547 1777 1629 1804 super
1646 1777 1743 1797 omnes
1763 1770 1813 1798 bo-

1021 1815 1129 1849 mines;
1161 1815 1265 1844 idcirco
1288 1816 1426 1851 superavit
1447 1816 1640 1851 nequissimum
1662 1816 1811 1849 diabolum.

1020 1862 1107 1898 magis
1127 1870 1210 1898 quam
1232 1869 1327 1890 omnes
1353 1861 1477 1890 homines
1500 1863 1526 1890 in
1546 1867 1668 1899 tempore
1684 1871 1745 1891 suo.
1766 1864 1813 1891 Sic

1018 1909 1112 1944 itaque
1126 1914 1240 1944 possunt
1251 1917 1346 1937 omnes
1360 1909 1484 1937 homines
1494 1909 1539 1945 qui
1554 1910 1700 1944 voluerint,
1713 1914 1741 1938 et
1757 1910 1814 1938 Deo

1018 1955 1136 1990 placere,
1152 1961 1182 1983 et
1195 1955 1302 1983 diabolo
1317 1956 1462 1989 resistere,
1479 1961 1505 1983 et
1522 1956 1687 1984 voluntatem
1703 1956 1751 1984 Dei
1767 1957 1793 1984 fa
1801 1961 1815 1978 -'

1018 2008 1098 2032 cere,
1116 2005 1144 2028 et
1159 2000 1186 2027 in
1204 2007 1318 2036 regnum
1339 2000 1470 2028 caelorum
1487 2001 1614 2033 introire,
1640 2006 1668 2028 et
1683 2001 1710 2028 in
1725 2001 1809 2030 vitam

1017 2049 1147 2072 aeternam
1165 2045 1347 2080 requiescere.
1365 2044 1418 2073 Aut
1442 2045 1529 2074 adhuc
1551 2046 1700 2073 secundum
1723 2046 1809 2082 ipsum

1017 2090 1171 2118 historiam.
1188 2091 1312 2118 Animam
1325 2110 1334 2124 ,
1349 2090 1457 2126 inquit,
1479 2093 1536 2126 ejus
1552 2100 1584 2119 ne
1605 2092 1741 2128 tetigeris,
1758 2093 1810 2120 hoc

1016 2142 1059 2164 est
1077 2145 1111 2165 ne
1129 2145 1190 2165 eam
1216 2142 1281 2165 ante
1294 2142 1401 2172 tempus
1420 2138 1453 2165 de
1473 2145 1588 2172 corpore
1608 2137 1716 2172 ejicias.
1733 2139 1773 2166 Ac
1785 2139 1808 2166 si

1016 2182 1139 2211 diceret:
1154 2183 1191 2210 Ita
1204 2183 1335 2211 demetire
1346 2184 1434 2218 ipsum
1444 2182 1567 2211 dolorem
1583 2190 1666 2219 atque
1681 2186 1809 2220 corporis

1015 2238 1126 2265 poenam
1136 2250 1144 2262 ,
1160 2235 1189 2258 ut
1203 2231 1288 2265 ipsam
1305 2231 1423 2258 animam
1435 2237 1500 2259 ante
1524 2237 1629 2266 tempus
1643 2232 1677 2260 de
1691 2239 1811 2267 corpore

174 2284 229 2304 non
248 2275 359 2312 tetigisti
377 2275 493 2303 animam
509 2275 568 2303 Noe
585 2276 614 2303 in
631 2275 722 2303 medio
737 2275 890 2311 gigantum,
908 2283 962 2303 non
978 2277 1001 2305 D
1015 2276 1093 2304 exire
1107 2284 1160 2304 non
1175 2277 1332 2312 compellas.
1347 2275 1408 2304 Noli
1428 2285 1493 2312 ergo
1515 2277 1680 2305 mortificare
1694 2286 1808 2314 corpus,

174 2322 287 2358 tetigisti
308 2322 402 2349 Enocb
422 2322 451 2349 in
465 2322 554 2350 medio
577 2321 750 2357 iniustorum,
773 2329 828 2349 non
848 2322 962 2357 tetigisti

171 2367 294 2395 animam
317 2366 384 2394 Abel
402 2367 572 2395 innocentem
597 2368 657 2403 ejus
672 2368 872 2397 internecione.
890 2368 962 2404 Ergo

171 2414 236 2448 quia
263 2413 384 2447 nullius,
404 2414 512 2449 inquit,
533 2413 641 2442 illorum
663 2415 782 2443 animam
807 2414 963 2455 tetigistino

171 2460 297 2494 diabole,
320 2461 423 2488 idcirco
442 2461 608 2488 immaculati
631 2469 727 2490 omnes
746 2466 828 2498 atque
846 2463 917 2490 beati
934 2462 963 2490 in

170 2512 319 2542 conspectu
330 2515 394 2535 meo
408 2507 590 2535 consummati
604 2511 677 2535 sunt.
689 2507 750 2536 Noli
764 2516 830 2544 ergo
844 2516 895 2542 nec
910 2509 962 2538 Job

170 2554 287 2582 animam
301 2558 421 2589 tangere,
432 2558 462 2581 et
473 2553 607 2589 gloriosus
619 2555 701 2581 etiam
713 2554 758 2582 hic
773 2555 802 2582 ln
812 2559 961 2590 conspectu

170 2607 231 2627 meo
244 2600 489 2628 consunnnabitur.
515 2600 576 2627 Non
593 2599 723 2636 tetigisti,
738 2601 838 2637 inquit,
856 2605 960 2636 marty-

170 2652 230 2672 rum
245 2653 367 2674 meorum
384 2646 509 2680 animas,
527 2654 582 2673 non
605 2646 718 2682 tetigisti
734 2647 898 2675 mirabilium
913 2655 961 2675 ve-

170 2691 455 2727 ridicorumgmeornm
470 2693 581 2720 testium
603 2692 720 2720 animas.
742 2692 845 2722 Idcirco
863 2693 882 2720 ii
897 2701 960 2721 suc-

171 2739 330 2766 cumbentes
350 2739 491 2772 universi,
515 2744 625 2773 propter
640 2738 721 2766 fidem
734 2743 959 2773 contempserunt.

171 2787 297 2816 mortem,
314 2785 374 2812 ideo
387 2785 540 2812 intaminati
556 2793 664 2812 omnem
685 2784 756 2819 ignis
769 2792 878 2820 postiam
893 2785 956 2812 irri-

171 2833 266 2856 serunt
281 2833 362 2864 atque
374 2830 466 2864 gladii,
479 2831 576 2858 merito
591 2829 865 2859 immarcescibilibus
876 2838 954 2858 coro-

207 2918 229 2933 '°
247 2916 297 2945 Job
313 2926 345 2951 tt,
361 2918 389 2945 6.
427 2918 449 2934 "
462 2918 526 2946 ibid.
566 2918 587 2935 "
606 2918 672 2947 ibid.
686 2919 706 2945 7.

1017 2333 1052 2353 ne
1065 2328 1128 2352 ante
1144 2323 1338 2357 perfectionem
1356 2324 1527 2358 constantia,
1540 2324 1581 2351 rel
1594 2327 1810 2353 consummatio-

1016 2378 1079 2398 nem
1095 2370 1245 2398 tolerantiae
1262 2370 1385 2397 discedat
1400 2370 1502 2397 anima.
1512 2370 1558 2398 Sic
1571 2371 1664 2406 itaque
1678 2371 1809 2400 omnibus

1016 2417 1105 2445 modis
1122 2421 1177 2444 tam
1188 2415 1358 2449 carnalibus,
1369 2423 1451 2451 quam
1463 2417 1544 2444 etiam
1559 2416 1730 2451 spiritalibus
1747 2426 1808 2448 am-

1016 2469 1088 2489 mam
1102 2470 1136 2489 ne
1152 2461 1283 2498 tetigeris.
1298 2460 1363 2488 Post
1380 2469 1440 2496 quae
1457 2462 1594 2496 universa,
1615 2462 1701 2491 dicit:
1718 2463 1809 2493 Exivi:

1015 2506 1136 2535 diabolus
1153 2515 1170 2534 a
1193 2506 1261 2541 faeie
1275 2505 1380 2533 Domini
1392 2506 1428 2534 “.
1442 2506 1582 2540 Quomodo
1599 2506 1686 2535 exivit
1703 2517 1720 2537 a
1736 2509 1808 2538 facie

1015 2554 1121 2582 Domini
1143 2553 1168 2581 is
1181 2553 1228 2589 qui
1248 2553 1374 2588 indignus
1396 2557 1437 2581 est
1454 2553 1597 2588 praesentia
1611 2552 1721 2582 Domini
1733 2556 1746 2583 τ
1761 2557 1807 2584 Sic

1014 2601 1098 2628 exivit
1108 2609 1122 2627 a
1136 2600 1205 2627 facie
1216 2599 1412 2633 Domini,sicul
1425 2603 1452 2627 et
1465 2599 1539 2627 venit
1550 2604 1611 2628 ante
1625 2607 1804 2636 conspectum

1014 2647 1132 2676 Domini.
1163 2647 1210 2675 Sic
1235 2647 1338 2680 exivit,
1366 2646 1592 2682 quemadmodum
1620 2652 1647 2675 et
1676 2649 1805 2684 superius

1012 2699 1150 2722 ostensum
1164 2701 1196 2722 ac
1209 2697 1386 2721 memoratum
1403 2696 1463 2720 est:
1478 2691 1571 2720 Exivi:
1583 2693 1707 2720 diabolus
1726 2703 1743 2720 α
1761 2695 1804 2729 fu-

1011 2741 1050 2767 cie
1068 2740 1183 2767 Domini.
1203 2739 1294 2767 Exivit
1307 2760 1315 2770 .
1337 2740 1384 2767 sed
1405 2747 1457 2767 non
1481 2739 1637 2767 carnalibus
1665 2740 1800 2775 vestigiis,

1012 2780 1099 2820 neque
1123 2785 1345 2820 corruptibilibus
1366 2785 1526 2820 gressibus,
1547 2785 1594 2812 sed
1623 2786 1802 2820 aequissimis

1011 2830 1233 2867 cogitationibus,
1250 2830 1349 2866 quibus
1363 2830 1494 2859 adversus
1504 2829 1555 2859 Job
1573 2829 1699 2864 nequiter
1714 2830 1804 2858 medi-
