1909 3080
93 86 147 114 ‘65

641 84 833 114 ANON'YMUS
852 83 886 112 IN
903 83 975 112 JOB.
993 98 1028 105 —
1045 82 1110 111 LIB.
1130 81 1176 110 IL.

1667 78 1720 107 {66

94 151 166 173 tatus
179 150 222 174 est
236 149 318 181 atque
334 145 464 181 cogitavit
475 144 628 174 aemulando
640 151 722 181 atque
736 144 882 173 invidendo
896 146 921 176 Α
933 147 1014 178 atque
1028 141 1241 178 impmnitentes,
1259 138 1307 174 qui
1323 137 1357 165 ad
1374 136 1459 166 Deum
1475 144 1532 166 non
1545 143 1726 172 convertunt,.

95 193 234 220 innocenti
249 193 287 220 illi
305 197 388 228 atque
403 193 486 228 justo.
508 192 554 220 Sic
570 192 661 227 itaque
674 191 885 228 cogitationibus

94 240 171 266 venit
185 244 249 266 ante
264 239 347 266 Deum
359 247 484 274 quaerens
497 246 529 267 ac
542 239 710 271 desiderans,
725 243 754 265 ut
769 237 820 266 Job
835 245 883 266 ac-

93 286 199 320 ciperet
210 285 237 312 in
250 290 422 320 potestatem.
435 284 481 312 Sic
492 284 640 314 identidem
655 284 884 319 nequissimorum

95 331 276 359 consiliorum
302 331 440 366 accipiens
459 330 671 366 perfectionem,
695 331 746 358 hoc
768 334 812 358 est
833 328 885 358 Job

95 381 260 411 potestatem
286 377 321 404 ad
343 376 514 412 adligandum
541 384 652 404 carnem
677 381 705 404 et
731 384 793 404 ossa
815 376 884 411 ejus,

97 430 162 450 nam
178 422 230 450 hoc
241 423 388 451 meditatus
398 423 534 459 quasivit,
549 422 637 450 Ezivit
651 431 667 450 α
682 422 750 455 [acie
766 421 885 455 Domini,

97 468 151 495 hoc
169 473 212 495 est
235 468 337 503 quievit
360 468 485 496 meditari
500 475 533 496 ac
547 469 685 504 cogitare,
708 467 755 503 qui
780 467 885 503 pridem

97 513 245 541 meditatus
267 513 356 541 fuerat
374 518 456 549 atque
478 514 657 549 cogitaverat.
680 513 748 541 Nam
763 513 884 549 primum

96 560 170 595 apud
185 560 359 594 semetipsum
371 560 496 595 nequiter
508 560 642 588 meditans
656 564 738 594 atque
749 559 885 593 cogitans,

96 606 167 633 dixit
179 613 187 632 :
202 604 269 638 Quis
281 604 347 632 mihi
355 604 443 638 daret,
456 609 486 632 ut
495 612 603 640 possem
611 604 705 632 venire
714 608 778 632 ante
790 603 885 636 Deum,

96 657 126 680 et
141 653 263 680 invenire
287 656 448 687 potestatem
470 651 561 679 carnis
572 670 580 683 .
597 651 756 686 ossiumque
770 649 831 682 Job,
857 654 887 676 ut

96 697 224 733 alligent;
244 697 318 725 illum
343 697 491 726 secundum
516 697 636 725 animum
651 704 742 724 meum
762 703 886 731 cogerem

96 752 162 772 eum
181 743 381 779 reprehendere
399 743 476 771 illum
495 750 576 778 quem
596 750 668 771 nunc
690 742 836 778 praedicat,
860 747 888 770 et

97 797 202 825 negare
217 789 291 817 illum
303 789 346 817 cui
359 795 431 816 nunc
444 789 546 824 gratias
564 788 640 824 agit?
656 788 718 817 Istis
732 796 798 824 ergo
812 788 887 824 cogi-

97 835 250 864 tationibus
258 835 367 870 pridem
379 835 453 862 venit
465 838 528 862 ante
542 834 696 862 Dominum.
708 834 812 862 Deinde
824 842 886 862 cum

96 881 249 917 accepisset
263 884 425 916 potestatem
439 879 506 913 Job,
521 887 554 908 ac
571 881 723 916 quiesceret
743 880 799 908 haec
813 881 887 916 cogi-

97 932 170 959 tare,
185 933 327 962 postquam
334 927 443 961 quievit
453 927 487 954 ab
498 927 560 955 istis
571 927 792 955 meditationibus
805 933 888 963 atque

96 973 235 1006 consiliis,
250 973 338 1000 exisse
356 972 457 1000 dicitur
475 979 491 1000 a
507 972 578 1000 facie
601 972 721 1001 Domini.
735 974 806 1009 Ergo
821 975 886 1010 quia

96 1019 226 1047 exierunt
233 1026 248 1046 a
258 1018 327 1046 facie
337 1017 442 1046 Domini
450 1019 629 1053 cogitationes
638 1019 708 1055 ejus,
719 1020 818 1048 merito
830 1020 888 1057 ipse

97 1065 201 1093 dicitur
209 1065 284 1093 exire
298 1072 313 1092 a
327 1065 397 1093 facie
411 1065 528 1098 Domini,
543 1065 595 1093 hoc
607 1069 650 1093 est
674 1069 806 1094 tractatus
817 1065 888 1100 ejus,

97 1115 128 1140 et
143 1111 286 1147 cogitatio,
309 1111 451 1139 meditatio
463 1119 570 1147 quoque
586 1111 703 1147 maligna
724 1116 805 1146 atque
819 1112 890 1147 inju-

99 1162 174 1186 stam
188 1157 367 1186 desiderium.
391 1156 479 1198 Emisit
497 1166 514 1185 a
534 1157 603 1192 facie
626 1157 753 1191 Domini,
782 1158 832 1185 hoc
847 1161 889 1186 est

98 1204 206 1240 quievit
220 1208 301 1239 atque
322 1204 439 1232 cessavit
460 1203 604 1236 meditari.
630 1207 659 1231 et
679 1205 800 1239 cogitare
815 1208 890 1239 post-

97 1257 183 1286 qnam
200 1249 226 1277 id
240 1249 312 1284 quod
324 1249 454 1285 quaesivit.
460 1249 576 1285 accepit.
586 1249 655 1276 Nam
666 1254 694 1277 et
702 1257 768 1277 vere
778 1249 890 1277 veniunt

101 1300 167 1323 ante
181 1296 276 1328 Deum,
289 1300 317 1323 et
334 1295 447 1329 iustitiae
458 1295 593 1331 iustorum
607 1315 616 1328 ,
632 1299 660 1323 et
677 1295 833 1330 impietates
847 1295 890 1323 in-

98 1343 249 1377 justorum.
266 1341 311 1369 Sic
324 1349 442 1376 namque
454 1342 521 1369 dicit
535 1342 646 1378 angelus
662 1342 696 1369 ad
711 1341 889 1369 Cornelium:

100 1388 245 1416 "rationes
263 1393 333 1421 luat,
349 1391 375 1414 et
397 1387 567 1423 eleemosynar
591 1392 644 1415 tute
665 1388 840 1414 ascenderunt
862 1388 890 1415 in

101 1434 257 1460 memoriam
270 1438 331 1460 ante
344 1432 428 1460 Deum
441 1433 475 1461 ⁸³.
491 1433 538 1461 Sic
555 1437 583 1461 et
603 1433 668 1461 olim
689 1433 758 1460 dixit
779 1433 891 1468 angelus

903 819 924 848 Β

935 189 981 225 qui
1003 188 1191 225 pmnitentiam
1213 193 1266 213 non
1284 183 1464 217 conﬁtentur,
1492 183 1539 219 qui
1559 183 1656 211 faciem
1672 183 1720 211 Dei

935 244 987 264 non
1004 235 1156 270 requirunt,
1172 233 1218 269 qui
1237 233 1284 261 Dei
1306 231 1437 268 judicium
1453 238 1506 259 non
1520 233 1655 262 tnetuunt,
1672 229 1726 264 qul'

934 288 1042 318 pcenam
1068 279 1218 307 inferorum
1243 285 1295 306 non
1328 276 1560 307 contremiscunt,
1581 275 1627 311 qui
1653 282 1720 302 cou-

935 328 1107 357 demnatione
1121 326 1251 362 gehennae
1267 332 1319 352 non
1333 328 1481 352 terrentur.
1498 323 1555 351 Hoc
1569 325 1721 349 metuentes

935 381 1030 403 omnes
1043 373 1110 408 justi
1129 373 1225 400 devote
1239 371 1375 407 deprecati
1393 374 1457 398 sunt
1472 368 1556 396 Deum
1579 368 1720 396 dicentes:

937 419 979 448 Ne
997 418 1122 455 proﬁcias
1143 425 1184 444 nte
1201 425 1217 444 a
1240 416 1308 452 facie
1326 420 1373 443 tua
1390 415 1426 443 ⁸⁸.
1447 413 1480 441 Et
1504 413 1588 441 alibi:
1614 412 1722 440 Facient

935 471 1019 498 tuant,
1035 463 1155 496 Domine,
1169 463 1311 498 requiram.
1333 461 1374 488 Ne
1391 465 1493 488 avertas
1508 459 1603 494 facient
1621 464 1693 485 tuam
1706 466 1723 484 a

935 520 976 539 me
988 511 1023 545 ",
1037 515 1065 538 et
1078 510 1131 537 alia
1144 508 1261 545 plurima
1274 508 1318 535 bis
1329 506 1442 535 similia.
1457 505 1496 533 Ex
1512 505 1571 533 istis
1585 512 1651 540 ergo
1664 512 1724 531 ont-

935 557 1015 585 nibus
1030 556 1087 584 exit
1107 554 1243 583 diabolus.
1265 553 1367 591 omnes
1392 552 1438 587 qui
1461 552 1495 579 ab
1509 559 1542 579 eo
1558 552 1584 578 in
1600 559 1722 578 errorem

935 602 1074 631 ducuntur
1088 605 1170 635 atque
1183 598 1363 629 seducuntur,
1381 601 1408 623 et
1422 603 1516 623 omnes
1534 595 1579 630 qui
1598 595 1724 622 volunta—

933 652 991 677 tem
1011 646 1070 683 ejus
1096 645 1218 678 faciunt,
1239 648 1266 672 et
1291 650 1386 671 omnes
1409 642 1456 677 qui
1480 641 1514 669 ad
1537 640 1724 676 pmnitendum

936 693 1019 723 corda
1035 700 1085 721 sua
1098 690 1245 722 obdurant,
1258 689 1302 717 isti
1317 696 1411 717 omnes
1426 687 1608 723 projiciuntur
1625 694 1640 713 a
1656 685 1726 713 facie

932 741 996 775 Dei,
1014 740 1058 768 isti
1075 745 1171 768 omnes
1185 736 1357 772 expelluntur
1374 735 1402 762 in
1418 733 1543 762 tenebras
1562 732 1724 763 exteriores.

937 793 965 816 et
981 788 1070 823 ignem
1086 781 1345 818 inexstinguibilem,
1363 780 1408 815 qui
1428 780 1595 815 praeparatus
1610 782 1652 806 est
1666 777 1726 806 dia-

937 834 1000 862 bolo
1012 853 1021 866 ,
1046 836 1075 859 et
1098 829 1200 866 angelis
1223 829 1299 863 ejus,
1317 832 1400 862 atque
1414 826 1541 853 omnibus
1561 824 1607 859 qui
1622 823 1726 852 faciunt

936 879 1104 908 voluntatem
1130 876 1199 911 ejus.
1220 873 1310 902 Exivit
1333 872 1459 900 diabolus
1479 878 1495 898 a
1524 869 1595 898 facie
1618 868 1726 896 Domini

936 925 1061 955 deferens
1071 922 1134 955 Job,
1148 926 1179 949 ut
1189 921 1311 957 putabat,
1327 918 1497 946 interficiens
1518 916 1621 951 justum
1637 911 1725 946 illum,

937 976 967 999 ut
981 969 1145 998 conﬁdebat.
1164 966 1210 994 Sic
1226 972 1345 1001 namque
1359 968 1387 992 et
1398 963 1505 998 primus
1528 961 1726 996 discipulorum

937 1017 997 1053 ejus
1007 1015 1075 1044 Cain
1088 1018 1231 1050 postquam
1245 1015 1354 1048 propter
1365 1009 1496 1038 invidiam
1508 1007 1550 1043 (ut
1560 1007 1662 1035 dictum
1673 1006 1726 1041 est)

938 1062 1075 1092 interfecit
1100 1060 1186 1092 Abel.
1203 1059 1287 1087 exivit
1301 1065 1316 1085 a
1335 1056 1405 1084 facie
1427 1055 1547 1083 Domini.
1571 1054 1617 1082 Sic
1632 1054 1728 1088 itaque

938 1109 1061 1137 diabolus
1075 1111 1152 1143 pater
1165 1110 1192 1134 et
1205 1105 1282 1140 origo
1297 1104 1418 1131 omnium
1433 1101 1578 1133 malorum,
1592 1100 1728 1128 exsisteus

938 1154 1098 1184 interfector
1119 1158 1251 1188 quantum
1269 1150 1303 1177 ad
1320 1150 1407 1184 ipsum
1421 1147 1491 1181 Job,
1512 1146 1597 1174 exivit
1620 1153 1635 1173 a
1659 1145 1729 1173 facie

939 1201 1057 1230 Domini.
1068 1200 1178 1228 Certum
1190 1203 1233 1226 est
1243 1196 1317 1233 quod
1330 1195 1455 1231 nequiter
1467 1198 1548 1228 atque
1563 1193 1644 1226 impie
1657 1191 1728 1225 apud

932 1246 1117 1281 semetipsum
1132 1248 1270 1277 tractans,
1284 1241 1354 1269 dixit
1370 1239 1406 1268 ad
1421 1240 1505 1267 Deum
1518 1247 1526 1266 :
1543 1237 1656 1265 ulterius
1673 1243 1726 1263 non

940 1293 1047 1329 indigeo
1058 1291 1128 1319 facie
1143 1294 1199 1322 tua,
1212 1288 1275 1324 quia
1286 1285 1379 1322 accepi
1395 1288 1556 1320 potestatem
1571 1282 1637 1329 ejus;
1646 1289 1729 1317 quem

940 1327 1049 1367 zelabar
1069 1335 1112 1363 vel
1136 1333 1301 1370 quaerebam.
1324 1331 1396 1359 Deus
1422 1337 1487 1357 vero
1513 1329 1603 1356 sciens
1624 1327 1729 1354 ﬁrmam

939 1382 1202 1414 consummationem
1219 1379 1282 1414 Job,
1295 1378 1432 1414 acquievit
1457 1381 1487 1404 ut
1503 1383 1551 1412 per
1566 1374 1729 1403 diabolicum

941 1431 1029 1467 ignem
1051 1429 1181 1465 probatus
1207 1425 1313 1458 fuisset,
1337 1422 1566 1460 quemadmodum
1592 1421 1615 1448 si
1641 1424 1732 1448 teneat

101 1481 139 1508 all
150 1479 265 1508 Tobiam
278 1488 285 1507 :
299 1479 366 1507 Cum
378 1488 470 1507 orares
498 1485 527 1506 tu
540 1483 566 1507 et
588 1478 658 1507 Sara
678 1479 735 1514 ﬁlia
752 1466 888 1514 Raguelis,
903 1491 927 1523 c
942 1478 970 1506 in
983 1484 1064 1504 manu
1078 1483 1127 1523 spa
1141 1473 1402 1523 quinariamantem,
1413 1470 1521 1523 etalius

99 1534 149 1561 ego
165 1525 247 1553 obtuii
262 1526 416 1553 memoriam
428 1525 576 1553 orationum
589 1529 735 1552 vestrarum
745 1525 773 1552 in
785 1533 891 1560 conspe-

101 1576 146 1598 ctu
158 1571 206 1598 Dei
216 1570 251 1598 ⁵⁵.
267 1570 332 1607 Item
342 1578 407 1598 vero
421 1571 456 1598 de
469 1570 560 1605 impiis
573 1570 641 1597 dicit
652 1570 783 1597 Dominus
793 1579 800 1598 :
812 1569 891 1598 Nune

101 1616 261 1644 recordabar
277 1616 471 1651 injustitiarum
486 1615 602 1650 illorum,
613 1620 638 1643 et
655 1615 771 1643 ulciscar
783 1622 891 1651 peccata

99 1670 195 1692 eorum
205 1663 240 1692 ".
257 1663 289 1690 Et
300 1663 433 1690 Jeremias
445 1662 510 1691 dicit
522 1663 555 1690 ad
571 1662 716 1698 impiorum
730 1664 889 1691 consilium:

102 1707 203 1737 Nonne
222 1710 390 1736 incensorum
414 1715 561 1737 vestrorum
582 1709 735 1737 recordatus
754 1715 790 1737 est
804 1709 893 1737 Domi-

101 1762 153 1781 nus
174 1754 208 1781 de
222 1754 384 1781 idololatriis
394 1776 401 1788 ,
416 1758 442 1781 et
459 1755 576 1782 ascendit
588 1754 615 1782 in
638 1762 683 1782 cor
692 1755 750 1789 ejus
757 1755 802 1782 “‘l
815 1755 892 1783 Sicut

102 1808 168 1836 ergo
182 1800 308 1828 universa
326 1801 383 1828 haec
399 1800 511 1828 veniunt
527 1805 592 1828 ante
605 1800 703 1833 Deum,
715 1800 751 1827 ita
768 1799 893 1828 diabolus

101 1847 211 1874 venisse
223 1846 334 1878 dicitur,
349 1851 377 1874 et
393 1846 484 1875 exisse
497 1854 512 1874 a
535 1847 605 1875 facie
620 1846 744 1880 Domini,
761 1854 813 1874 non
829 1854 892 1882 per-

102 1900 170 1920 sona
186 1891 301 1920 veniens
310 1913 318 1925 ,
332 1892 379 1920 sed
394 1892 607 1928 cogitationibus
621 1897 704 1928 atque
718 1892 894 1928 malignitatis

102 1944 159 1965 sum
165 1936 397 1970 meditationibus,
407 1944 467 1971 quae
474 1937 620 1972 aliquando
630 1936 841 1964 veniebantcum
850 1937 894 1964 ille

103 1982 254 2018 cogitabat,
263 1982 410 2018 aliquando
418 1982 546 2016 exibant,
556 1990 618 2010 cum
625 1982 669 2010 ille
676 1982 796 2018 cogitare
802 1983 895 2017 quies-

103 2029 194 2057 cebat.
205 2028 267 2056 Haec
279 2028 371 2063 itaque
378 2028 571 2056 demonstrans
577 2027 644 2055 dicit
658 2037 665 2055 :
674 2026 762 2055 Exiuit
773 2028 894 2056 diabolus

102 2083 119 2102 ι
127 2074 197 2109 [acie
205 2073 324 2101 Domini.
333 2074 421 2102 Exivit
430 2081 501 2106 vere,
509 2074 560 2102 hoc
566 2079 609 2102 est
621 2075 755 2105 discessit,
767 2074 894 2108 deseruit,

103 2119 207 2147 oblitus
224 2124 268 2147 est
287 2139 294 2152 ,
311 2119 381 2147 ultra
401 2127 455 2146 non
478 2119 633 2152 aestimavit,
656 2127 744 2154 neque
768 2118 894 2152 curavit,

945 1523 978 1551 ad
991 1529 1072 1550 eum:
1089 1520 1127 1548 Da
1143 1519 1211 1547 mihi
1235 1519 1308 1546 hunc
1322 1516 1493 1544 adatnantem
1513 1515 1540 1542 in
1557 1517 1730 1549 potestatem,

942 1574 970 1598 et
985 1576 1035 1603 ego
1061 1567 1139 1595 illum
1161 1565 1345 1594 comminuam
1362 1562 1389 1590 in
1413 1562 1517 1597 ignem,
1538 1563 1733 1592 conteramque

932 1615 1062 1646 ictibus;
1075 1612 1119 1640 ille
1129 1618 1195 1639 vero
1209 1610 1255 1645 qui
1270 1616 1334 1638 eum
1348 1607 1375 1636 in
1387 1615 1468 1634 manu
1483 1606 1575 1638 habet,
1591 1603 1733 1632 conlidens

943 1669 1008 1689 vere
1021 1660 1085 1696 quia
1105 1659 1217 1686 adamas
1230 1660 1284 1689 est,
1295 1654 1369 1683 dicat
1382 1663 1389 1682 :
1406 1652 1483 1680 Tolle
1496 1673 1503 1685 ,
1521 1651 1618 1687 proba,
1632 1656 1733 1696 exper-

944 1707 996 1739 ire,
1008 1694 1082 1740 "quia
1105 1709 1275 1738 nequaquam
1297 1700 1361 1727 huic
1387 1697 1527 1725 adamanti
1560 1694 1732 1737 praevalebis.

946 1751 993 1780 Sic
1008 1739 1074 1786 ergo
1086 1753 1114 1777 et
1130 1748 1252 1784 omnium
1273 1743 1397 1781 cognitor
1412 1747 1494 1777 atque
1505 1741 1635 1786 praescius
1649 1739 1733 1786 Deus,

944 1796 1017 1824 velut
1032 1784 1217 1823 inviolabilem
1230 1791 1402 1819 adamantem
1412 1788 1517 1815 habens
1527 1785 1589 1818 Job,
1601 1784 1734 1820 quaerenti

944 1842 1053 1872 diabolo
1069 1841 1144 1870 dedit
1166 1847 1229 1867 eum
1254 1838 1281 1865 in
1302 1839 1480 1872 potestatem.
1505 1833 1645 1861 conlidens
1669 1839 1734 1859 vere

944 1889 1008 1925 quia
1022 1894 1103 1922 verus
1125 1886 1237 1915 adamas
1257 1888 1300 1912 est
1319 1882 1381 1911 Job.
1398 1881 1445 1909 Sic
1469 1888 1586 1915 namque
1601 1883 1629 1907 et
1643 1879 1736 1914 singu-

945 1936 1012 1963 laris
1027 1933 1084 1966 ille,
1099 1937 1127 1961 et
1143 1931 1252 1959 divinus
1262 1950 1271 1963 ,
1288 1929 1410 1957 caelestis
1423 1935 1532 1963 quoque
1552 1932 1633 1962 atque
1647 1926 1735 1953 incor-

945 1979 1081 2016 ruptibilis
1093 1979 1204 2006 adamas
1215 1976 1378 2012 Unigcnitus
1391 1975 1462 2002 Deus
1473 1982 1488 2001 a
1501 1973 1582 2001 Patre
1596 1972 1630 2000 ad
1646 1976 1735 1999 terras

931 2027 1055 2058 .missus,
1072 2025 1107 2053 de
1119 2031 1175 2060 quo
1193 2023 1258 2051 dicit
1273 2023 1343 2050 Deus
1366 2021 1465 2049 Pater:
1482 2020 1553 2047 Ecce
1568 2026 1617 2053 ego
1634 2025 1734 2053 ponam

945 2074 1118 2101 adamantem
1133 2071 1160 2098 in
1174 2069 1263 2097 medio
1276 2068 1366 2104 populi
1383 2067 1436 2095 mei
1451 2075 1458 2094 :
1471 2073 1551 2102 quem
1564 2073 1651 2100 neque
1664 2064 1735 2099 ignis

934 2118 1125 2149 ,tenlatiouum
1140 2116 1167 2143 in
1181 2115 1290 2143 deserto
1303 2113 1475 2151 comminuit,
1485 2119 1566 2148 quem
1581 2119 1634 2138 non
1649 2110 1735 2145 plagae

103 2173 199 2200 neque.
207 2166 368 2193 recordatus
379 2169 420 2193 cst
433 2165 505 2200 quod
517 2165 554 2193 sit
567 2165 705 2193 Deus.lllo
717 2165 790 2193 enim
808 2173 894 2200 usque
908 2165 932 2195 D
946 2165 1091 2201 impiorum
1113 2165 1140 2192 in
1163 2170 1246 2191 cruce
1264 2161 1466 2192 contriverunt.
1483 2166 1564 2194 quem
1591 2165 1679 2192 neque
1693 2164 1736 2185 se-

102 2215 169 2238 ante
181 2210 268 2238 Deum
280 2210 363 2238 fuisse
377 2210 490 2242 dicitur,
504 2211 626 2245 quandiu
638 2211 671 2238 de
685 2210 740 2238 Deo
752 2210 893 2246 cogitavit,

103 2264 166 2284 cum
189 2255 243 2284 Job
264 2260 419 2285 accusaret.
440 2255 587 2291 Postquam
606 2263 672 2283 vero
693 2256 799 2291 accepit
821 2255 894 2291 quod

102 2302 208 2335 voluit,
228 2305 256 2329 et
278 2301 349 2337 quod
371 2302 511 2337 quasivit,
527 2302 659 2329 continuo
673 2301 831 2336 relinquens
847 2301 893 2329 Dei

104 2347 278 2380 memoriam,
296 2355 311 2374 a
326 2347 396 2375 facie
411 2347 458 2374 Dei
474 2347 565 2375 exisse
586 2346 658 2382 iuste
672 2347 782 2375 dicitur.
806 2347 896 2374 Exivit

104 2395 233 2424 diabolus
244 2403 260 2422 a
274 2395 343 2423 facie
356 2395 480 2429 Domini,
496 2399 570 2423 totus
589 2394 690 2427 exivit,
705 2399 734 2422 et
753 2402 836 2422 sensu
846 2414 855 2427 ,
868 2397 896 2422 et

103 2441 231 2474 consilio,
247 2446 279 2468 er
292 2441 479 2473 meditatione,
494 2445 521 2469 et
538 2444 656 2468 tractatu
669 2445 750 2476 atque
763 2441 896 2469 memoria

95 2487 190 2515 exivit
203 2495 220 2514 a
240 2485 313 2514 facie
327 2485 444 2514 Domini.
462 2485 509 2514 Sic
523 2486 608 2514 exivit
627 2486 692 2514 olim
715 2486 743 2513 in
761 2486 896 2522 principio

95 2534 206 2563 diaboli
228 2533 380 2568 discipulus
392 2533 496 2568 primus
520 2533 669 2560 adversarii
687 2532 795 2560 fructus
815 2533 895 2566 Cain,

105 2586 166 2606 cum
183 2579 290 2613 justum
307 2578 486 2605 interfecisset
505 2577 583 2605 Abel.
601 2577 648 2606 Sic
668 2577 753 2605 exivit
770 2578 843 2605 sicut
855 2578 897 2604 di-

96 2625 145 2653 »cit
168 2624 334 2660 Scriptura:
352 2623 440 2651 Exivi:
462 2623 529 2651 Cain
552 2632 569 2650 a
589 2623 657 2658 facie
683 2623 789 2652 Domini
801 2623 835 2653 ⁸⁷.
850 2623 897 2651 Sic

106 2675 206 2699 exeunt
217 2670 302 2698 etiam
319 2677 393 2698 nunc
405 2677 421 2697 a
434 2669 503 2698 facie
516 2668 622 2698 Domini
635 2670 726 2697 cuncti
740 2669 896 2705 pertinaces

944 2211 1054 2247 pultura
1069 2209 1198 2246 sepulcri,
1222 2216 1311 2244 neque
1331 2208 1427 2235 mortis
1449 2206 1578 2235 introitus
1599 2205 1641 2233 vel
1666 2203 1736 2232 infe-

946 2263 1039 2284 rorum
1056 2255 1188 2288 violavit,
1205 2255 1252 2282 sed
1274 2253 1365 2281 omnia
1388 2260 1542 2287 superans,
1561 2251 1684 2279 divinum
1709 2253 1738 2277 et

946 2301 1181 2336 incorruptibilem
1192 2309 1222 2329 se
1238 2301 1409 2328 adamantem
1429 2299 1515 2327 fuisse
1527 2296 1735 2326 demonstravit.

946 2348 1068 2375 Adamas
1081 2354 1147 2374 vero
1160 2351 1203 2374 est
1215 2346 1377 2374 naturaliter
1398 2343 1459 2372 talis
1479 2344 1559 2379 lapis,
1581 2343 1626 2370 cui
1650 2349 1738 2376 neque

951 2393 1035 2428 ignis,
1051 2400 1140 2427 neque
1153 2392 1265 2426 ferrum,
1281 2399 1371 2427 neque
1383 2391 1456 2420 aliud
1465 2390 1615 2425 quidquam
1632 2395 1737 2424 praeva-

949 2439 997 2468 let.
1010 2438 1094 2467 Ferro
1104 2439 1177 2467 enim
1189 2439 1213 2466 si
1224 2439 1404 2473 percutiatur,
1415 2437 1583 2472 demergitur
1594 2435 1622 2462 in
1632 2435 1736 2461 ferrum

950 2490 1077 2521 tanquam
1093 2485 1233 2521 plumbum
1247 2485 1359 2512 missum
1377 2484 1403 2511 in
1426 2483 1529 2519 ignem.
1547 2481 1575 2509 Si
1595 2481 1623 2508 in
1647 2480 1736 2515 ignem

950 2532 1084 2564 mittatur,
1104 2531 1230 2559 similiter
1252 2534 1393 2566 permanet
1410 2534 1440 2557 ut
1455 2529 1556 2556 missus
1570 2532 1624 2560 est,
1637 2532 1665 2554 et
1681 2534 1736 2554 non

949 2578 1075 2606 violatur.
1091 2578 1162 2614 Ergo
1175 2578 1239 2613 quia
1261 2577 1328 2605 nihil
1349 2577 1373 2604 ei
1389 2575 1529 2611 praevalet,
1546 2575 1608 2603 ideo
1624 2575 1738 2602 adamas

936 2624 1113 2659 appellatur.
1130 2623 1249 2651 Adamas
1273 2630 1336 2650 vero
1358 2622 1553 2657 interpretatur
1583 2628 1617 2648 ex
1640 2619 1737 2647 Graeca

933 2695 936 2702 ,
949 2668 1039 2705 lingua
1052 2689 1061 2703 ,
1077 2669 1258 2703 indomabilis,
1271 2667 1436 2703 inﬂexibilis,
1448 2689 1457 2701 ,
1471 2667 1678 2695 insomntinutus
1698 2670 1736 2697 et,

142 2777 165 2792 "
180 2778 239 2804 Act.
255 2785 293 2807 κ.
318 2777 345 2805 ι.
382 2775 407 2793 ³⁸
418 2776 486 2804 τοι).
512 2775 633 2808 3:11.12.
671 2776 694 2792 "
711 2774 767 2803 Jer.
793 2782 847 2808 xiv,
866 2773 914 2811 10.;
938 2773 1143 2808 Ose.vtn,13.
1181 2772 1277 2801 “Jcr.
1305 2780 1388 2807 xuv,
1403 2771 1462 2800 3|.
1496 2771 1600 2800 I"Gen.
1631 2778 1670 2806 tv,
1693 2769 1741 2800 ιϐ.

114 2811 124 2827 ³
139 2811 211 2840 Psal.
228 2821 253 2847 ι,
270 2812 314 2840 l5.
353 2812 376 2830 ”
390 2811 460 2841 Psal.
477 2819 553 2846 xxvr.
569 2812 596 2846 8,
609 2811 636 2839 9.
