1909 3080
215 57 266 108 tsi

751 82 939 111 ANONYMUS
958 82 992 111 IN
1012 81 1080 110 JOB.
1102 99 1134 104 —
1154 83 1217 111 LIB.
1239 83 1272 111 ll.

1781 84 1828 111 468

215 138 244 168 ut
259 139 376 168 breviter
393 139 492 172 dicam,
507 140 549 167 cui
570 147 618 167 nec
631 139 777 175 quidquam
790 141 931 174 praevalet,
949 148 996 167 ne-
1011 143 1034 171 Α
1049 148 1108 168 rum
1125 140 1329 176 fatigationem,
1348 145 1376 168 et
1395 139 1575 168 membrorum
1606 139 1827 173 debilitationem,

214 194 268 221 que
282 186 475 221 percutienda,‘
486 193 572 220 neque
595 185 742 212 adurendo.
765 184 831 212 Nam
853 193 997 220 percussus

215 240 269 260 non
288 231 489 263 comminuitur,
510 235 623 258 exustus
647 237 701 258 non
719 231 880 258 conteritur.
900 230 996 258 Merito

214 286 281 314 ergo
295 278 406 305 adamas
420 277 581 312 appellatur,
592 281 686 312 utpote
701 277 904 312 insuperabilis.
919 277 996 310 Quod

215 325 238 352 si
252 324 350 351 dixerit
361 323 459 358 aliquis
471 333 477 351 :
491 321 542 350 Ubi
555 328 596 351 est
610 323 700 355 modo,
712 323 753 350 vel
766 322 811 350 ubi
829 323 997 358 conspicitur

214 369 399 404 hujuscemodi
425 369 495 404 lapis
514 368 722 396 adamantinos?
736 368 816 402 Audi,
830 369 888 396 haec
905 370 995 396 omnia

213 421 291 450 typus
313 415 424 441 fuerunt
439 414 544 442 Domini
566 413 630 442 Jesu
645 413 757 448 Christi,
779 414 844 449 quia
864 421 948 449 usque
962 415 995 441 ad

212 461 355 487 adventum
372 459 478 486 Domini
494 463 583 492 erant,
601 464 627 487 et
639 459 698 487 visa
716 463 791 491 sunt,
807 463 869 494 post
892 460 995 487 adven-

213 512 267 533 tum
283 512 374 533 autent
391 505 495 533 Domini
513 505 571 532 visa
584 513 637 533 non
651 509 725 532 sunt.
739 504 789 532 Ubi
805 505 911 532 videtur
925 512 995 532 nunc

211 552 400 587 phmnix?uhi
424 559 491 578 urna
515 551 623 585 Adam?
645 551 689 578 ubi
712 549 818 577 videtur
834 558 896 578 arca
913 555 996 577 testa-

210 599 318 626 menti?
340 597 385 625 ubi
409 605 476 624 urna
501 597 628 625 marinae?
646 596 692 624 Sic
715 596 841 624 similiter
862 604 934 624 nunc
950 596 995 624 ubi

211 645 318 671 videtur
331 644 443 671 adamas
455 647 537 678 atque
550 651 581 671 ea
604 651 664 678 quae
679 648 772 678 typum
787 643 892 671 Domini
916 641 995 677 gere;

210 690 346 718 bant?Ea
370 689 474 717 scilicet
493 697 578 724 usque
597 690 631 716 ad
647 690 792 716 adventum
810 689 916 717 Domini
937 690 994 717 visa

211 741 274 763 sunt
290 741 383 770 utpote
397 736 497 770 ﬁgurae,
512 740 539 763 et
555 735 618 763 inde
631 735 787 763 abscondita
801 740 864 763 sunt
880 735 995 763 Domino

211 782 284 818 ipsas
303 781 402 815 ﬁguras
417 781 591 816 adimplente.
614 780 718 808 idcirco
735 787 807 808 nunc
828 787 916 815 neque
930 788 993 808 arca

211 826 380 860 testamenti,
404 833 490 861 neque
507 834 573 853 urna
599 833 721 858 marinae,
745 833 833 861 neque
853 827 993 854 cinnamo-
1010 819 1032 847 Β

211 881 295 905 mtim,
308 880 396 907 neque
409 873 531 904 adamas,
547 879 633 907 neque
650 872 762 907 phoenix
781 872 842 900 istis
859 880 932 900 nunc
945 872 995 899 ho-

200 911 328 946 'miuibus
337 925 401 946 vere
414 918 549 950 videntur,
563 918 615 946 nisi
630 917 700 946 forte
713 918 773 953 quis
788 918 878 946 simile
890 918 992 952 aliquid

209 964 363 991 simulatum
385 963 549 995 contendat,
575 963 668 991 dicens
689 970 749 991 esse
769 964 840 999 quod
866 971 918 991 non
939 967 992 992 est.

207 1010 275 1038 Cum
287 1017 352 1045 ergo
366 1015 445 1046 typus
460 1014 531 1038 esset
546 1008 651 1037 Domini
667 1009 731 1037 JeSu
745 1010 848 1038 Christi
863 1009 924 1042 Job,
938 1015 993 1038 tra-

207 1057 276 1084 didit
292 1057 365 1084 illum
380 1057 450 1084 Deus
464 1057 490 1084 in
511 1056 696 1091 probationem
715 1061 844 1092 tanquam
859 1057 992 1085 adaman-

208 1107 261 1130 tem
271 1102 461 1134 inviolabilem,
469 1102 545 1136 cujus
553 1106 713 1138 potestatem
723 1103 860 1137 accipiens
869 1103 991 1131 diabolus

207 1149 291 1176 exivit
303 1156 316 1175 a
330 1149 398 1176 facie
415 1148 531 1176 Domini.
542 1148 630 1176 Exibit
647 1148 779 1183 diabolus,
793 1149 844 1177 hoc
854 1154 907 1182 est,
918 1149 991 1177 defe-

207 1201 280 1221 rens.
297 1193 337 1220 Ad
351 1193 524 1221 deferendum
542 1194 614 1222 enim
630 1194 791 1222 introierat:
816 1199 843 1222 et
859 1200 989 1230 quantum

203 1239 280 1273 juxta
298 1239 465 1274 iniquitatem
480 1246 557 1266 suam
582 1239 608 1266 in
623 1239 681 1274 ipsa
695 1239 830 1267 delatione
845 1240 989 1274 proﬁciens

206 1291 237 1311 ac
249 1283 329 1311 delati
342 1287 504 1319 potestatem
517 1283 664 1318 accipiens,
673 1284 756 1312 exivit
768 1292 781 1312 a
792 1285 860 1313 facie
872 1280 988 1313 Domini.

206 1330 297 1357 Exivit
311 1329 430 1363 gaudens
446 1329 491 1365 qui
504 1337 639 1365 nunquam
652 1334 694 1358 est
707 1331 826 1366 gavisus,
841 1331 927 1359 exivit
940 1331 988 1359 la?-

205 1380 248 1402 tus
263 1375 308 1402 ille
320 1375 366 1410 qui
379 1383 514 1410 nunquam
528 1381 569 1404 est
582 1376 697 1409 laetatus,
711 1381 803 1412 utpote
818 1377 921 1405 habens
937 1377 988 1406 Job

206 1419 231 1447 in
247 1424 407 1455 potestatem
422 1421 454 1448 ad
474 1422 638 1456 puniendum
653 1422 727 1449 illum
750 1423 896 1450 secundum
911 1430 987 1450 suam

206 1465 386 1501 iniquitatem.
403 1466 492 1494 Exivit
506 1467 629 1495 diabolus
647 1475 661 1495 a
678 1468 747 1496 facie
764 1468 889 1501 Domini,
904 1469 987 1497 exivit

205 1516 333 1546 tanquam
347 1512 425 1547 lupus
439 1513 558 1546 rabiens,
572 1519 699 1549 tanquam
725 1514 766 1542 leo
791 1515 910 1550 rugiens,
927 1521 987 1543 tan-

204 1565 284 1592 quam
300 1566 378 1586 nrsus
393 1559 548 1593 sanguinem
559 1564 698 1595 appetens,
711 1565 838 1595 tanquam
852 1561 987 1596 malignus

204 1610 326 1637 serpens,
342 1609 468 1639 tanquam
485 1606 577 1639 vipera
597 1613 668 1633 saeva
694 1614 725 1634 ac
749 1607 911 1642 perniciosa.
931 1607 986 1634 Ea:-

203 1649 248 1675 t'm't
267 1648 388 1677 diabolus
403 1658 419 1676 α
433 1649 500 1685 facie
513 1649 629 1677 Domini.
649 1651 739 1678 Exivit
757 1652 830 1679 omni
846 1652 987 1687 iniquitate

202 1698 230 1721 et
245 1694 294 1725 ira,
306 1694 397 1721 furore
409 1701 516 1729 quoque
529 1701 611 1730 atque
621 1696 812 1732 indignatione,
825 1698 986 1726 crudelitate

203 1739 378 1767 nihilominus
397 1745 479 1774 atque
494 1741 567 1768 omni
585 1742 723 1776 impietate
747 1743 873 1771 refertus.
894 1743 986 1771 Exivit

201 1787 328 1819 tanquam
345 1785 428 1812 bestia
447 1786 519 1812 ferox
534 1793 563 1812 ac
580 1793 650 1813 saeva
669 1791 751 1822 atque
769 1787 905 1816 immanis.
930 1788 985 1815 Ex-

201 1831 250 1858 ivit
267 1832 389 1866 cogitans
408 1831 500 1859 infelix
522 1840 571 1860 suo
585 1833 758 1861 amarissimo
772 1834 850 1861 modo
865 1834 916 1862 Job
926 1834 985 1862 alli-

200 1884 264 1903 cere
279 1877 377 1911 poenis,
392 1878 463 1912 quod
480 1883 506 1905 el
517 1878 582 1906 fecit
594 1879 686 1906 statim
699 1879 757 1906 sine
772 1887 859 1908 mora.
870 1879 984 1908 Percus-

200 1922 232 1948 sit
246 1921 296 1948 Job
309 1923 387 1958 plaga
400 1924 543 1951 saevissima
562 1933 578 1951 tt
590 1925 697 1957 pedibus
714 1933 795 1961 usque
805 1927 840 1953 ad
856 1934 935 1961 caput
946 1925 981 1954 “.

199 1967 409 2002 Magnitudinem
425 1970 510 2004 plagae
528 1975 609 2005 atque
624 1971 743 1999 vulneris
762 1972 982 2007 admirationem,

181 2013 352 2049 'dolorisque
374 2014 558 2043 fortitudinem
586 2023 639 2043 non
658 2016 750 2044 valens
772 2017 851 2045 aliter
874 2019 982 2046 edicere

197 2063 279 2094 atque
296 2060 439 2088 ostendere
450 2079 458 2093 ,
474 2060 560 2095 dixit,
577 2062 712 2096 percussit
725 2061 775 2090 Job
793 2062 870 2098 plaga
885 2064 981 2092 saevis-

197 2105 275 2137 sima,
297 2112 350 2133 non
376 2107 462 2134 solum
484 2106 579 2142 plaga,
602 2107 648 2135 sed
671 2112 698 2135 et
719 2108 865 2136 szevissima
889 2109 979 2144 plaga.

1047 193 1080 214 ac
1100 187 1182 214 totius
1196 187 1313 215 carnalis
1325 187 1490 222 compaginis
1506 188 1656 222 passionem
1676 191 1760 221 atque
1784 188 1827 215 do-

1047 231 1143 260 lorem.
1157 232 1225 259 Nam
1239 234 1309 260 sicut
1323 233 1425 260 nullum
1436 233 1617 262 membrorum
1625 233 1752 268 corporis
1765 241 1827 268 pra-

1047 277 1165 305 termisit
1181 277 1325 312 malignus,
1340 285 1429 312 neque
1444 277 1526 304 ullum
1539 278 1685 313 dereliquit
1704 278 1824 309 illmsutn,

1047 318 1094 351 sed
1109 328 1206 351 cuncta
1215 323 1368 351 vehementi
1383 323 1494 351 vulnere
1510 324 1630 358 implevit
1643 329 1726 359 atque
1740 325 1828 352 omnia

1046 369 1194 396 saevissima
1218 369 1296 404 plaga
1317 369 1470 404 percussit,
1497 369 1537 397 sic
1555 369 1700 398 identidem
1729 370 1827 398 nullum

1046 414 1189 449 dereliquit
1203 414 1362 450 supplicium
1372 434 1380 447 ,
1397 422 1485 449 neque
1507 422 1613 449 poenam
1624 435 1633 447 ,
1649 423 1741 450 neque
1757 415 1827 443 dolo«

1047 467 1115 492 rem,
1132 460 1204 494 quod
1220 460 1282 487 huic
1293 459 1378 496 plaga:
1391 468 1444 488 non
1459 460 1694 488 commiscuisset:
1710 460 1760 488 sed
1771 468 1826 488 om-

1046 513 1108 533 nem
1123 507 1249 533 virtutem
1268 510 1350 541 atque
1371 510 1559 541 argumentum
1583 506 1711 541 nequitia:
1728 515 1786 534 sum
1802 507 1826 534 in

1046 552 1098 580 hac
1113 552 1259 579 saevissima
1276 553 1354 588 plaga
1370 553 1516 580 ostendens
1532 558 1614 588 atque
1627 553 1826 584 demonstrans,

1046 597 1218 624 novissimam
1230 597 1343 632 gloriam
1355 597 1491 631 patientiae
1501 597 1546 624 hie
1557 597 1688 631 perﬁcere
1698 598 1826 632 speravit,

1045 643 1086 670 sic
1100 643 1203 671 scilicet
1214 642 1409 679 percussit—Job
1423 643 1501 678 plaga
1518 643 1676 675 saevissima,
1687 651 1702 671 a
1718 643 1827 678 pedibus

1045 695 1131 723 usque
1147 688 1180 715 ad
1204 692 1296 722 caput.
1320 687 1419 723 Plaga,
1443 687 1550 722 inquit,
1571 687 1719 716 saevissima
1739 692 1827 722 utpote

1045 741 1108 763 una.
1125 734 1157 762 Et
1172 742 1222 762 cur
1238 742 1289 762 una
1312 734 1390 770 plaga
1407 740 1574 762 memoratur
1585 754 1593 766 ,
1616 739 1749 769 tanquam
1766 741 1826 765 una,

1045 784 1071 807 et
1094 787 1146 806 non
1163 779 1229 807 dicit
1249 780 1342 814 plagas
1358 784 1488 814 tanquam
1511 779 1661 815 plurimas?
1682 779 1826 814 Propterea

1046 833 1098 852 una
1111 825 1187 860 plaga
1204 829 1387 858 memoratur,
1404 826 1467 860 quia
1484 830 1569 853 totum
1591 833 1691 860 c0rpns
1712 825 1781 859 justi
1796 825 1826 852 il-

1044 872 1095 899 lius
1115 877 1142 899 et
1163 872 1253 900 omnia
1274 872 1333 907 ejus
1356 871 1474 899 membra
1500 879 1554 899 uno
1571 872 1695 900 contexit
1707 872 1826 904 vulnere,

1044 922 1125 952 atque
1142 918 1176 945 ad
1190 925 1273 946 unum
1294 918 1429 945 convertit
1451 918 1591 950 dolorem,
1615 923 1646 945 ut
1669 926 1719 954 per
1742 922 1826 946 totum

1042 970 1141 998 corpus
1160 967 1241 998 atque
1256 966 1376 991 membra
1393 964 1464 991 beati
1484 963 1554 992 illius
1575 971 1644 992 unus
1666 964 1745 992 dolor
1758 968 1827 992 esset

1038 1013 1123 1043 atque
1132 1009 1241 1036 vulnus.
1255 1007 1295 1037 οι)
1311 1009 1363 1037 hoc
1377 1017 1442 1044 ergo
1457 1010 1561 1044 plagam
1575 1010 1651 1042 dicit,
1664 1010 1731 1045 quia
1746 1018 1826 1037 unum

1040 1054 1141 1082 vulnus
1159 1059 1218 1082 erat
1232 1063 1280 1090 per
1295 1059 1379 1082 totum
1394 1062 1502 1090 corpus.
1520 1055 1594 1088 Quod
1611 1063 1677 1083 vero
1694 1063 1766 1083 unus
1779 1056 1826 1083 do-

1042 1101 1082 1128 lor
1093 1106 1175 1136 atque
1188 1101 1278 1136 passio
1290 1106 1350 1129 erat
1360 1109 1407 1136 per
1419 1105 1503 1129 totum
1517 1109 1615 1136 corpus
1623 1101 1684 1137 ejus
1697 1106 1726 1129 et
1743 1109 1825 1129 mem»

1040 1146 1100 1178 bra,
1117 1148 1314 1182 subsequenter
1327 1147 1445 1174 ostendit
1459 1147 1552 1174 dicens
1566 1155 1573 1174 :
1589 1147 1610 1173 Α
1622 1147 1732 1182 pedibus
1745 1156 1824 1182 usque

1040 1193 1075 1219 ad
1090 1198 1177 1226 caput.
1195 1193 1333 1220 Percussit
1350 1192 1400 1220 Job
1420 1193 1497 1229 plaga
1518 1193 1665 1221 saevissima
1681 1200 1696 1220 a
1712 1193 1825 1228 pedibus

1039 1246 1125 1273 usque
1140 1239 1173 1266 ad
1191 1243 1281 1274 caput.
1297 1238 1374 1266 Sicut
1393 1246 1408 1265 a
1427 1239 1540 1273 pedibus
1563 1246 1649 1274 usque
1674 1239 1708 1266 ad
1733 1245 1823 1274 caput,

1040 1283 1076 1310 ita
1098 1283 1243 1311 identidem
1257 1291 1271 1310 a
1285 1283 1373 1320 capite
1388 1291 1474 1319 usque
1491 1284 1524 1312 ad
1548 1286 1646 1319 pedum
1661 1285 1794 1320 vestigia,
1808 1293 1824 1313 a

1034 1335 1116 1356 coma
1134 1329 1231 1363 capitis
1246 1336 1332 1364 usque
1348 1329 1382 1357 ad
1404 1337 1509 1365 ungues
1523 1330 1661 1365 pollicum.
1677 1338 1729 1358 nec
1744 1331 1823 1366 quid-

1038 1381 1119 1408 quam
1135 1374 1244 1409 reliquit
1254 1382 1362 1408 sanum,
1375 1383 1464 1409 neque
1479 1377 1627 1409 integrum,
1641 1380 1688 1403 aut
1703 1376 1765 1403 sine
1776 1376 1822 1403 tio-

1037 1418 1104 1451 lore,
1115 1420 1162 1447 sed
1177 1419 1303 1448 universa
1316 1428 1369 1448 uno
1384 1422 1506 1449 contexit
1521 1421 1630 1448 vulnere
1646 1426 1729 1456 atque
1748 1422 1822 1457 plaga

1038 1465 1292 1500 cooperuitcuncta,
1303 1471 1331 1494 et
1341 1467 1499 1494 saevissima.
1513 1468 1678 1500 Saevis'sima,
1694 1468 1816 1502 inquam,

1039 1511 1090 1538 hoc
1104 1516 1146 1538 est
1167 1511 1352 1547 lamentabili,
1368 1513 1527 1547 insanabili,
1543 1514 1683 1541 incurabili
1696 1534 1704 1546 ,
1721 1514 1749 1541 in
1770 1522 1822 1548 qua

1037 1564 1090 1584 non
1100 1563 1160 1586 erat
1170 1558 1214 1586 ubi
1225 1559 1355 1596 malagma
1369 1561 1563 1599 imponeretur,
1578 1567 1670 1595 neque,
1678 1561 1821 1591 medicina.

1037 1610 1125 1638 neque
1142 1603 1316 1639 adiutorium,
1330 1613 1416 1640 neque
1428 1606 1517 1634 oleum
1538 1606 1621 1633 ullum
1632 1626 1640 1637 .
1656 1613 1746 1641 neque
1764 1607 1821 1633 alli-

1037 1655 1142 1686 gatura.
1155 1650 1184 1678 in
1199 1658 1251 1685 qua
1268 1651 1355 1686 plaga,
1372 1652 1506 1687 superﬂua
1527 1658 1586 1680 erat
1606 1657 1634 1680 et
1654 1659 1821 1687 Supervacua

1035 1695 1124 1723 omnis
1145 1696 1309 1724 medicorum
1334 1697 1430 1732 peritia
1456 1701 1537 1732 atque
1568 1697 1718 1732 sapientia.
1745 1698 1821 1725 Sicut

1035 1742 1108 1769 enim
1122 1742 1188 1769 dicit
1199 1742 1270 1777 quod
1283 1743 1384 1770 nullutn
1400 1749 1590 1778 argumentum
1605 1744 1763 1771 illuminare
1775 1750 1820 1778 po—

1036 1791 1106 1814 terat
1119 1788 1288 1816 tenebrosam
1297 1793 1387 1824 atque
1410 1789 1611 1817 lamentabilem
1626 1789 1820 1825 Egyptiorum

1034 1838 1141 1860 noctem
1155 1843 1162 1868 ;
1179 1833 1215 1861 ita
1233 1834 1304 1862 nulla
1318 1835 1494 1862 medicamina
1510 1843 1606 1864 curare
1625 1841 1756 1870 poterant
1772 1844 1820 1863 εει

1035 1879 1172 1906 vissimam
1190 1880 1262 1908 illam
1277 1881 1376 1909 diaboli
1400 1881 1506 1916 plagam
1517 1901 1526 1915 ,
1539 1882 1625 1910 donec
1650 1882 1763 1917 impleta
1779 1887 1821 1910 est

1035 1925 1178 1954 tolerantia
1202 1932 1230 1955 et
1244 1928 1436 1962 longanimitas
1450 1927 1511 1956 Job.
1524 1927 1693 1961 Tolerantia,
1713 1937 1765 1964 pro
1775 1937 1820 1956 co-

1034 1979 1161 1999 ronarum
1174 1973 1371 2007 redhibitione;
1387 1973 1435 2001 Dei
1450 1974 1651 2009 longanimitas,
1670 1982 1721 2009 pro
1737 1975 1818 2010 justi—

1034 2016 1077 2043 tiae
1101 2017 1311 2052 approbatione;
1328 2018 1428 2047 diaboli
1449 2026 1515 2047 vero
1539 2019 1681 2054 iniquitas,
1698 2027 1749 2054 pro
1759 2027 1820 2048 cor-

1032 2063 1155 2097 reptione
1170 2064 1296 2098 nequitiae
1313 2064 1371 2098 ejus
1392 2070 1473 2100 atque
1487 2065 1663 2092 damnatione
1673 2085 1681 2098 ,
1694 2072 1779 2100 quam
1792 2066 1818 2093 iu

1032 2107 1079 2135 illo
1095 2108 1170 2142 justo
1181 2110 1303 2137 exercuit
1318 2111 1387 2137 viro.
1404 2110 1536 2137 Percussit
1555 2119 1614 2137 vero
1631 2110 1682 2137 Job
1693 2131 1701 2143 ,
1719 2112 1818 2146 inquit,

196 2150 346 2196 Sull'ecerat
362 2151 412 2178 hoc
429 2152 515 2179 solum
528 2158 556 2179 ut
570 2152 647 2188 plaga
666 2156 769 2180 tantum
783 2154 891 2187 fuisset,
908 2162 979 2183 nunc
995 2168 1017 2196 ι)
1031 2155 1108 2190 plaga
1122 2155 1265 2182 suavissima
1279 2164 1295 2182 α
1310 2156 1419 2191 pedibus
1434 2164 1515 2191 usque
1536 2157 1571 2183 ad
1583 2162 1672 2191 caput.
1699 2157 1818 2185 Tantum

196 2203 260 2222 vero
271 2194 353 2223 etiam
366 2197 471 2232 plagam
484 2198 659 2226 saevissimam
671 2206 732 2226 esse
744 2200 828 2227 dixit:
843 2199 977 2228 Percussit

195 2241 246 2268 Job
259 2243 336 2276 plaga
350 2243 505 2271 samissima.
522 2244 668 2272 Considera
683 2245 765 2272 etiam
785 2246 835 2273 hoc
848 2247 920 2281 quod
936 2247 978 2274 di-

195 2288 251 2317 cit:
271 2287 405 2316 Percussit
417 2289 478 2316 Job.
496 2289 650 2322 Percussit,
673 2291 776 2326 inquit,
795 2298 855 2318 cum
874 2292 978 2326 lurore,

195 2341 258 2361 cum
273 2334 322 2368 ira,
336 2342 397 2361 cum
414 2335 606 2370 indignatione.
614 2336 747 2364 Percussit
758 2337 820 2365 Job.
838 2338 978 2371 Quomodo

195 2379 351 2412 percussit?
361 2379 401 2406 sic
413 2382 547 2414 percussit
558 2383 693 2416 quomodo
708 2383 832 2418 parabat,
843 2386 977 2419 quomodo

195 2425 316 2459 putabat.
342 2423 473 2452 Percussit
491 2425 560 2459 Job,
584 2431 613 2454 ut
638 2429 834 2458 comminueret
851 2431 976 2465 spiritum

195 2471 263 2505 ejus,
283 2476 312 2499 ut
331 2477 483 2501 contereret
501 2475 617 2502 animam
629 2475 696 2509 ejus,
713 2482 742 2504 ut
758 2477 888 2514 atlligeret
907 2487 977 2514 pra:-

195 2516 286 2544 cordia
299 2517 367 2553 ejus.
389 2518 435 2546 Sic
460 2520 596 2554 percussit
624 2524 737 2556 sperans
752 2523 823 2557 quod
857 2525 975 2552 secunda

194 2562 270 2597 plaga
290 2570 398 2591 omnem
416 2566 597 2593 constantiam
618 2570 701 2600 atque
719 2568 904 2597 fortitudinem
926 2569 976 2598 Job

194 2609 356 2637 debilitaret.
373 2609 419 2637 Sic
430 2617 495 2646 ergo
507 2613 641 2647 percussit
651 2611 702 2640 Job
716 2613 793 2650 plaga
809 2615 971 2649 saevissima,

194 2653 369 2688 lamentabili,
383 2656 489 2688 urenti,
504 2655 644 2692 aﬂiigenti,
658 2656 792 2692 ﬂagranti,
809 2658 973 2691 incendenti,

193 2699 302 2732 dolenti,
317 2707 398 2727 oumc
423 2702 580 2736 supplicium
607 2701 633 2729 in
653 2710 683 2730 se
697 2703 826 2736 habente,
840 2708 868 2731 et
885 2709 976 2738 putre-

193 2743 292 2775 dinem,
306 2750 333 2772 et
350 2752 458 2774 vermes
469 2766 476 2780 ,
493 2751 520 2775 et
531 2747 631 2776 ossiqu
647 2748 805 2777 divisionem
815 2770 822 2782 ,
835 2754 862 2778 ct
879 2757 975 2778 nervo-

227 2798 248 2813 ”
274 2797 325 2825 Job
337 2807 368 2832 It,
386 2800 412 2827 7.

1030 2202 1101 2228 enim
1117 2201 1264 2228 saevissima
1279 2202 1328 2229 fuit.
1345 2202 1402 2230 hac
1424 2202 1502 2237 plaga
1515 2222 1523 2235 ,
1537 2208 1667 2237 quantam
1684 2203 1817 2238 iniquita-

1030 2251 1085 2273 tem
1108 2246 1201 2274 habuit
1223 2247 1356 2275 diabolus.
1380 2247 1447 2274 Nam
1468 2248 1617 2275 secundum
1640 2248 1818 2284 iniquitatem

1029 2299 1105 2320 suam
1129 2300 1239 2320 mensus
1255 2298 1298 2320 est
1322 2293 1447 2321 diabolus
1464 2293 1533 2321 hanc
1548 2294 1653 2329 plagam
1666 2315 1674 2328 ,
1692 2295 1745 2322 hoc
1761 2295 1819 2322 vul-

1029 2345 1091 2365 nus.
1117 2337 1188 2366 Nihil
1204 2339 1315 2374 reliquit
1338 2341 1482 2373 tormenti,
1507 2348 1593 2376 neqnc
1609 2342 1816 2373 amaritudinis,

1029 2392 1116 2420 neque
1128 2385 1316 2418 immanitatis,
1330 2393 1416 2421 neque
1440 2386 1599 2419 ferocitatis,
1613 2394 1700 2422 neque
1715 2389 1819 2415 crude-

1029 2430 1124 2464 litatis,
1140 2439 1227 2466 neque
1244 2432 1407 2466 impietatis,
1424 2440 1511 2467 neque
1528 2433 1706 2468 malignitatis
1717 2453 1726 2466 ,
1742 2434 1817 2469 quod

1027 2484 1079 2503 non
1092 2477 1246 2504 exercuerit
1256 2478 1282 2504 in
1298 2477 1480 2505 lamentabilis
1496 2478 1575 2513 hujus
1586 2478 1706 2506 vulneris
1720 2479 1814 2514 plaga.

1027 2521 1236 2550 Cousideremus
1260 2531 1341 2558 ergo,
1368 2530 1385 2550 o
1410 2523 1513 2555 amici,
1537 2524 1739 2552 vehementiam
1763 2525 1815 2552 bu—

1024 2566 1069 2601 jus
1095 2568 1194 2596 doloris
1228 2570 1304 2604 juxta
1332 2569 1529 2597 vehementiam
1562 2570 1714 2605 iniquitatis
1751 2572 1814 2599 dia-

1026 2613 1091 2642 boli.
1106 2614 1321 2648 Cousideremns,
1337 2624 1354 2643 ο
1373 2616 1434 2647 viri,
1452 2615 1559 2643 diversa
1575 2615 1639 2650 justi
1660 2617 1734 2645 illius
1753 2622 1813 2644 tor-

1026 2665 1134 2693 menta,
1155 2668 1257 2689 necnon
1279 2665 1306 2688 et
1333 2662 1401 2693 hoc,
1421 2661 1549 2689 adversus
1565 2667 1683 2696 quantos
1702 2663 1813 2690 dolores

1026 2705 1174 2738 perstiterit
1199 2706 1338 2733 innocens.
1369 2706 1428 2734 Uno
1465 2706 1557 2734 dolore
1588 2707 1729 2736 confectus
1751 2714 1813 2735 erat

1025 2754 1108 2785 totus,
1129 2759 1180 2779 una
1197 2751 1272 2787 plaga
1288 2752 1375 2781 omnis
1394 2753 1518 2781 vestitus.
1537 2753 1618 2781 Facta
1633 2761 1750 2789 namque
1769 2759 1812 2782 est
