1909 3080
84 82 140 112 ιω

633 77 825 106 ANONHIUS
842 77 875 105 ΙΝ
894 76 963 106 JOB.
984 94 1017 99 -
1035 77 1101 106 LIB.
1122 77 1155 105 ll.

1659 76 1711 104 470

87 141 126 168 illi
153 140 212 167 hac
237 139 314 174 plaga
336 142 466 173 tanquam
489 137 574 166 vestis
608 137 744 171 amictus,
766 141 795 164 et
818 141 875 164 tan-
890 137 912 166 Α
927 136 1106 164 enarrabilern
1131 135 1263 163 dolorem.
1281 134 1384 167 Accepit
1399 139 1491 163 testem
1509 140 1536 161 ut
1553 134 1652 162 raderet
1668 144 1712 162 sa-

86 193 171 221 quam
197 185 382 212 indumentum
401 192 455 220 quo
477 189 537 212 erat
561 184 673 211 indutus
686 203 694 217 ,
709 189 736 212 et
749 189 876 219 tanquam

87 231 227 266 cingulum
247 239 301 266 quo
317 239 422 266 semper
435 230 602 266 cingebatur,
624 229 671 258 sed
685 237 738 257 non
767 229 793 256 in
811 236 877 257 eon-

87 277 380 309 demnationem,sicut
391 278 427 305 illi
444 277 525 313 impio
538 275 624 309 Judze,
641 275 689 303 sed
705 276 732 303 itt
749 282 876 303 coronam

87 323 192 358 gtoriae,
213 328 304 358 utpote
327 323 399 357 justo
426 322 486 351 Job.
516 323 602 351 Omna
628 330 694 357 ergo
723 329 820 357 corpus
850 326 879 350 et

89 368 210 396 membra
230 369 297 404 justi
327 369 399 396 illius
416 376 469 396 uno
492 368 659 396 circumdata
687 372 766 395 erant
786 367 878 395 dolore

87 418 171 448 atque
195 413 317 446 vulnere,
345 413 401 441 sive
419 417 510 447 caput,
537 412 594 440 sive
614 412 707 447 pedes,
722 412 778 440 sive
794 412 876 444 oculi,

87 459 146 485 sive
166 466 258 490 aures,
276 459 334 486 sive
345 458 439 490 latera,
451 458 509 486 sive
522 457 651 492 scapulae,
673 450 758 492 nsque
774 458 807 485 ad
821 458 878 493 ipsa

87 503 188 538 pedum
203 503 315 539 vestigia
330 511 383 531 uno
396 503 507 530 vulnere
526 502 702 534 distillabant,
716 510 768 530 una
785 508 877 538 putre-

87 550 153 577 dine
171 550 298 577 detentus
318 554 387 584 erat,
408 550 502 577 iisdem
522 549 658 576 vermibus
673 550 804 577 scatebat.
832 549 875 577 Ja-

87 603 151 623 cere
164 602 219 622 non
239 599 355 629 poterat,
370 595 465 623 sedere
480 603 533 622 non
549 595 667 626 valebat,
680 595 800 630 requiem
824 603 878 624 non

87 641 219 673 habebat,
233 641 442 676 resumptionem
454 648 506 668 non
524 641 688 673 inveniebat,
699 646 725 668 et
735 643 806 676 quod
819 646 878 669 erat

86 686 209 713 omnium
229 686 383 718 maximum,
397 694 478 721 super
491 686 548 714 haec
566 693 691 714 universa
708 686 779 714 fame
793 692 822 715 et
832 687 877 714 siti

86 731 247 758 necabatur.
269 730 337 758 Nam
367 732 490 759 manibus
524 732 615 759 cibum
647 732 687 760 vel
717 737 809 766 potum
843 733 876 760 ad

85 783 117 803 os
137 776 278 811 porrigere
295 783 348 803 non
372 781 488 810 poterat.
507 775 627 805 Tametsi
645 777 769 805 manibus
788 778 822 805 ad
846 785 878 806 os

86 823 230 857 porrigere
243 821 355 854 valeret,
371 829 419 850 ore
436 830 468 850 ac
481 822 559 850 labiis
576 824 719 858 putredine
733 831 764 851 ac
776 824 877 852 vermi-

85 869 137 897 bus
162 869 257 904 plcnus
274 869 397 904 recipere
422 877 475 898 non
501 870 618 898 valebat.
634 871 788 898 Attestatur
808 871 878 899 idem

85 915 145 949 ipse
172 915 268 942 dicens
293 915 374 950 paulo
397 920 459 951 post
474 925 481 943 :
497 915 604 944 Scelere
621 916 696 944 uideo
712 924 786 944 escas
807 925 878 944 mea:

85 965 216 996 tanquam
229 961 336 988 odorem
350 961 445 990 leonis,
462 961 530 989 Cum
548 962 608 989 istis
621 969 738 997 namque
755 961 879 990 nefandis

84 1007 229 1035 doloribus
242 1007 447 1035 exsecrabiliter
475 1012 602 1039 scateret.
626 1008 706 1042 hujus
730 1009 880 1044 putredinis

85 1053 200 1080 odoretn
215 1054 396 1087 nequissimus
403 1053 478 1081 fecit.
490 1053 547 1082 Hoc
555 1062 672 1090 namque
685 1054 787 1082 dcﬁens
796 1054 879 1082 dicit:

85 1099 195 1126 Scelere
211 1100 283 1126 video
305 1107 378 1126 esca:
399 1107 471 1126 meat
496 1105 621 1135 tanquam
648 1102 754 1128 odorem
785 1101 877 1128 leonis.

85 1145 127 1172 ου
149 1152 232 1180 quam
260 1152 330 1178 rem,
346 1153 363 1173 o
388 1146 468 1173 beate
481 1144 554 1173 Job?
566 1145 607 1181 0b
622 1147 684 1180 hoc,
699 1147 797 1182 inquit,
817 1147 880 1181 quia

86 1192 166 1220 bullit
181 1200 280 1227 corpus
293 1200 382 1220 meum
399 1193 426 1220 in
444 1193 586 1227 putredine
601 1193 734 1221 vermium
748 1202 755 1226 ;
771 1194 806 1221 ab
817 1193 879 1226 hoc,

85 1239 150 1273 quia
170 1239 310 1267 doloribus
333 1246 442 1267 macero
462 1239 553 1267 sulcas
578 1244 656 1266 terra:
681 1247 714 1267 ex
738 1239 879 1267 vulnerum

86 1292 210 1313 meorum
223 1285 353 1318 humore;
369 1285 405 1312 ob
416 1285 479 1319 hoc,
492 1285 555 1320 quia
569 1284 710 1313 doloribus
732 1285 881 1314 obvolutus

86 1338 159 1362 sum,
172 1335 200 1358 et
214 1330 266 1358 alia
282 1331 396 1365 plurima
413 1331 455 1359 bis
465 1331 573 1358 similia.
583 1331 650 1359 Cum
668 1336 722 1358 tam
736 1332 881 1359 vehemen-

87 1376 204 1404 tioribus
214 1376 353 1404 doloribus
366 1377 513 1405 restitisset
529 1382 610 1412 atque
625 1383 804 1413 repugnasset
815 1377 877 1411 Job,

85 1422 250 1450 constantia:
260 1430 313 1450 non
334 1423 509 1455 renuntiavit,
524 1424 683 1458 patientiam
697 1432 750 1452 non
767 1423 879 1459 abjeclt,

87 1468 168 1495 ﬁdem
196 1475 251 1496 non
276 1467 411 1502 deposuit,
441 1469 589 1504 gratiarum
615 1470 737 1498 actiones
760 1478 813 1498 non
838 1476 881 1499 est

85 1514 188 1541 oblitus
208 1520 216 1540 :
233 1513 281 1541 sed
309 1519 412 1549 quanto
429 1515 563 1548 pluriores
586 1515 735 1543 sustinebat
763 1515 879 1548 dolores,

86 1564 164 1586 tanto
180 1559 297 1594 amplius
312 1559 445 1595 pluriores
460 1560 715 1595 adjiciebatacterno
731 1561 798 1597 Regi
820 1569 882 1596 gra-

86 1606 188 1633 tiarum
205 1607 328 1634 actiones
341 1611 423 1642 atque
431 1606 627 1635 confessiones.
640 1606 749 1635 Sciebat
764 1614 883 1642 namque

84 1658 199 1681 sanctus
215 1653 272 1686 ille,
286 1653 349 1688 quia
367 1653 514 1681 secundum
528 1653 730 1681 multitudinem
743 1652 879 1686 dolorum,

86 1699 233 1727 multitudo
249 1700 274 1726 ei
287 1699 491 1734 prmparabatur
502 1707 678 1727 coronarum.
690 1699 712 1727 Ο
726 1699 805 1727 beate
815 1699 876 1730 Job,

86 1743 225 1776 quomodo
240 1748 266 1770 te
275 1743 455 1776 admiremur,
471 1744 606 1778 quomodo
624 1747 650 1771 te
669 1743 820 1776 laudemus,
838 1743 882 1771 vel

86 1791 225 1824 quomodo
244 1789 450 1824 magniﬁcemus
464 1790 509 1824 qui
529 1789 603 1817 solus
624 1794 687 1816 ante
703 1789 881 1824 Evangelium

84 1843 179 1864 eorum
201 1842 263 1870 qum
277 1835 303 1862 in
322 1834 468 1870 Evangelia
486 1839 549 1862 sunt
561 1834 709 1870 perlectam
725 1835 878 1870 passionem

85 1881 252 1914 sustinuisti,
267 1881 314 1915 qui
329 1880 404 1908 solus
418 1885 482 1908 ante
503 1881 637 1917 martyres
652 1886 801 1916 martyrum
814 1881 879 1909 tole-

85 1929 203 1957 rantiam
215 1936 278 1956 cum
296 1928 446 1964 gratiarum
464 1927 619 1955 actionibus
634 1927 782 1962 perfecisti.
810 1926 878 1955 Nam

84 1976 157 2003 sicut
174 1974 270 2002 omnia
300 1979 435 2002 tormenta
452 1978 534 2008 atque
558 1973 644 2008 ﬂagra
668 1980 717 2007 per
742 1973 880 2008 principes

84 2021 166 2056 hujus
183 2021 278 2048 mundi
291 2020 406 2055 ingessit
420 2019 543 2047 diabolus
554 2019 720 2054 martyribus
732 2019 789 2046 :sic
803 2019 881 2047 sinti-

83 2067 148 2095 liter
167 2067 299 2094 universa
313 2065 444 2101 supplicia
462 2069 545 2100 atque
563 2064 686 2091 incendia
708 2064 815 2093 induxit
835 2073 881 2092 sn-

82 2120 133 2148 per
145 2112 199 2140 Job
216 2119 266 2147 per
279 2112 453 2146 semetipsum
469 2115 551 2145 atque
571 2117 619 2137 sua
640 2109 794 2145 iniquitate,
825 2111 878 2139 hoc

929 180 1007 208 niam.
1018 180 1057 207 Ad
1069 187 1129 215 quae
1144 180 1224 216 digne
1240 179 1355 212 dicatur,
1371 179 1425 211 dic,
1442 187 1459 207 ο
1480 181 1557 207 beate
1570 178 1618 207 Job
1632 185 1712 214 atque

929 225 984 253 Deo
999 226 1107 257 dilecte,
1119 227 1154 253 ob
1172 233 1252 260 quam
1271 232 1328 252 rem
1345 226 1396 252 hoc
1409 225 1493 253 fucis?
1505 225 1560 253 Cur
1575 227 1647 254 itu-nc
1663 226 1712 253 do-

928 269 1013 296 lorem
1036 269 1199 303 exasperas?
1221 277 1270 297 cur
1299 270 1475 305 augtnentasi
1495 277 1544 297 cur
1565 277 1714 305 exaggeras

930 320 996 343 testa
1010 315 1129 343 radendo
1140 315 1312 342 lamentabile
1329 315 1380 343 hoc
1395 315 1493 343 vulnus
1504 321 1585 351 atque
1599 317 1713 344 εωνίεεί-

929 369 1001 388 mam
1018 362 1086 389 hanc
1101 361 1218 396 plagam,
1234 369 1294 388 cum
1308 361 1399 397 potius
1410 362 1543 390 debueras
1556 362 1712 396 observare,

925 407 1031 443 juvare,
1041 407 1142 440 levare,
1154 407 1255 440 favere,
1270 415 1382 442 ungere,
1395 408 1538 440 defricare,
1555 413 1583 436 ιιι
1596 416 1644 443 per
1656 408 1714 436 haec

929 453 1053 480 universa
1069 452 1204 480 mitiorem
1222 457 1302 487 atque
1317 452 1485 480 blandiorem
1499 452 1626 480 redderes
1642 453 1714 480 hunc

928 498 1106 527 suavissimum
1132 499 1265 530 dolorem,
1286 498 1447 533 plagamque
1468 499 1638 526 terribilem?
1660 499 1713 526 Sed

929 545 1093 580 respondens
1105 545 1194 580 justus
1207 543 1270 577 Job,
1290 545 1356 572 dicit
1371 553 1378 572 :
1398 545 1464 579 Ego,
1480 552 1496 571 ο
1508 545 1570 578 viri,
1583 553 1635 573 non
1650 553 1714 574 suc-

928 592 1025 619 cumbo
1038 591 1081 618 his
1101 591 1247 623 doloribus,
1261 598 1347 626 neque
1362 591 1421 618 isﬁs
1440 591 1527 626 pmnis
1539 591 1646 623 deﬁcio,
1661 600 1713 620 non

928 637 1064 669 debilitor,
1091 644 1178 672 neque
1209 636 1340 664 delassor.
1355 635 1412 664 Non
1434 637 1507 664 enim
1530 643 1592 664 sunt
1607 637 1715 665 dolores

928 683 973 711 isti
999 682 1127 711 fortiores
1155 683 1252 711 animm
1266 690 1332 710 mea:
1350 682 1489 715 ﬁrmitate,
1503 691 1557 710 non
1576 687 1640 711 sunt
1659 684 1716 712 lttee

929 734 1060 757 tormenta
1071 729 1179 757 duriora
1195 729 1285 756 cordis
1299 729 1350 756 mei
1365 728 1476 756 duritia.
1491 729 1599 763 Merito,
1615 729 1715 765 inquit,

928 782 1061 810 exaggera
1090 781 1171 810 atque
1194 783 1352 803 commoveo
1377 775 1449 810 ipsos
1469 776 1585 808 dolores,
1610 780 1639 802 ιιι
1669 783 1717 810 per

929 826 1027 848 cuncta
1043 821 1182 848 ostendam
1195 821 1363 856 nequissimo
1375 821 1493 855 diabolo,
1509 822 1572 857 quia
1587 821 1645 856 ejus
1661 829 1717 849 mas

928 868 1013 895 litiam
1028 867 1140 900 irrideo,
1153 867 1215 902 quia
1229 868 1398 903 iniquitatem
1411 868 1471 903 ejus
1488 873 1645 900 contemno,
1655 868 1718 902 quia

928 921 1023 942 omnes
1037 914 1096 949 ejus
1110 913 1204 949 plagas
1215 919 1296 949 atque
1309 914 1421 942 vulnera
1436 914 1470 942 ad
1484 914 1597 942 nihilum
1611 920 1717 950 reputo.

929 959 970 988 οδ
983 960 1033 988 hoc
1043 967 1107 995 ergo
1116 959 1220 995 accepit
1232 964 1340 994 testam,
1354 964 1384 987 ut
1394 960 1501 988 raderet
1513 960 1615 988 saniem
1629 968 1716 988 suam.

930 1006 1011 1037 Ecce,
1027 1005 1149 1041 inquit,o
1161 1005 1356 1042 malignissimc
1368 1006 1485 1038 diabole,
1500 1006 1571 1034 sicut
1581 1011 1645 1034 tunc
1656 1013 1718 1034 cum

931 1059 988 1079 rem
1000 1051 1161 1079 familiarem
1174 1052 1281 1079 etﬁlios
1295 1051 1361 1079 mihi
1376 1052 1508 1085 auferres,
1526 1057 1588 1080 tunc
1604 1053 1719 1088 denique

930 1106 980 1134 ego
996 1099 1068 1133 quod
1096 1103 1239 1134 supererat
1261 1103 1362 1127 vestem
1389 1103 1470 1134 atque
1493 1106 1599 1127 comam
1624 1099 1719 1134 capitis

930 1144 1112 1172 conscindens
1130 1149 1211 1180 atque
1225 1144 1339 1173 tondens
1351 1145 1398 1172 tibi
1415 1145 1529 1181 projeci,
1541 1150 1643 1173 vestem
1660 1151 1720 1180 post

931 1197 988 1217 rem
1002 1189 1172 1222 familiarem,
1187 1194 1214 1218 et
1225 1198 1331 1218 comam
1346 1195 1405 1226 post
1419 1191 1538 1219 liberos:
1555 1190 1605 1223 sic,
1621 1191 1718 1226 inquit,

932 1237 1015 1264 etiam
1038 1244 1109 1264 nunc
1129 1244 1190 1264 cum
1207 1245 1251 1265 me
1275 1237 1424 1265 saevissima
1449 1237 1526 1272 plaga
1552 1242 1719 1272 percuteres,

932 1284 1003 1319 quod
1025 1283 1072 1311 tibi
1090 1284 1224 1320 superfuit
1241 1284 1321 1318 hujus
1340 1284 1452 1317 doloris,
1465 1284 1516 1312 hoc
1527 1284 1656 1311 nimirum
1682 1284 1719 1311 ita

932 1331 1041 1365 adjicio,
1059 1331 1110 1359 bac
1128 1335 1197 1359 testa
1211 1331 1318 1360 dolores
1342 1332 1527 1366 provocando,
1551 1336 1579 1359 et
1602 1338 1721 1366 exagge-

934 1376 1019 1404 rando
1033 1381 1115 1411 atque
1132 1377 1332 1412 exasperanda,
1348 1382 1376 1404 ut
1401 1384 1449 1412 per
1462 1377 1530 1410 haec,
1549 1377 1647 1412 inquit,
1661 1375 1721 1404 uni-

934 1430 1012 1451 versa
1029 1423 1184 1452 informcris
1196 1425 1228 1452 de
1243 1431 1303 1452 mea
1319 1425 1481 1458 constantia,
1500 1432 1534 1452 ne
1547 1425 1616 1452 ultra
1633 1429 1718 1460 pules,

896 1485 917 1513 ο
935 1469 1101 1505 nequissime
1116 1470 1233 1502 diabole,
1249 1471 1322 1505 quod
1334 1478 1384 1506 ego
1397 1470 1539 1498 detraham
1556 1470 1720 1505 benignissi-

934 1524 980 1544 mo
991 1516 1124 1550 Creatori,
1137 1516 1178 1544 vel
1191 1516 1374 1552 blasphemem
1390 1521 1512 1544 sanctum
1520 1515 1720 1544 benefactorern

933 1570 1023 1591 meum
1041 1563 1197 1598 aliquando.
1209 1563 1249 1591 0b
1261 1564 1312 1591 hoc
1328 1571 1392 1598 ergo
1411 1564 1515 1598 accepit
1529 1568 1623 1591 testam
1636 1569 1665 1590 ut
1679 1571 1723 1590 ra-

933 1609 1009 1636 deret
1022 1608 1124 1636 saniem
1138 1616 1226 1636 suam.
1240 1609 1389 1642 Advortite,
1398 1617 1414 1636 o
1428 1609 1575 1641 viri,valde
1587 1609 1721 1644 ingentem

933 1655 1013 1682 ﬁdem
1025 1653 1076 1682 Job
1085 1658 1166 1689 atque
1177 1654 1336 1682 charitatem
1346 1661 1425 1689 quam
1439 1653 1533 1681 habuit
1543 1654 1615 1681 circa
1628 1653 1722 1684 Deum.

935 1700 1105 1728 tolerantiam
1118 1707 1227 1735 quoque
1239 1704 1322 1734 atque
1333 1699 1524 1727 constantiam.
1540 1699 1607 1726 Nam
1624 1699 1659 1727 ob
1671 1699 1723 1726 hoc

934 1747 1000 1774 rasit
1021 1746 1072 1774 Job
1099 1747 1210 1774 vulnera
1227 1754 1274 1774 sua
1290 1750 1370 1779 testa,
1385 1754 1437 1773 non
1449 1748 1520 1781 quod
1533 1755 1586 1774 non
1606 1746 1630 1774 ei
1645 1746 1724 1773 valde

933 1790 1093 1823 doluissent,
1109 1790 1156 1818 sed
1170 1791 1205 1819 ob
1219 1791 1270 1819 hoe
1284 1792 1351 1819 rasit
1362 1795 1442 1825 testa,
1455 1797 1483 1818 ut
1498 1791 1576 1820 nobis
1587 1792 1724 1826 patientia:

933 1841 1015 1872 atque
1027 1837 1177 1865 tolerantiae
1189 1845 1312 1865 normam
1331 1838 1419 1866 daret.
1433 1837 1474 1866 0b
1488 1838 1540 1866 hoc
1555 1838 1623 1866 rasit
1640 1843 1721 1870 testa,

935 1888 964 1910 ut
976 1887 1135 1911 sanctorum
1154 1888 1304 1919 martyrum
1319 1883 1520 1912 demonstraret
1533 1883 1658 1919 ﬁguram,
1676 1885 1722 1918 qui

933 1933 994 1963 post
1011 1929 1152 1957 universas
1166 1929 1259 1964 plagas
1270 1937 1303 1957 ac
1316 1929 1431 1961 dolores,
1446 1933 1509 1964 post
1524 1930 1648 1957 universa
1663 1937 1725 1964 sup-

934 1973 1012 2008 plicia
1027 1980 1108 2009 atque
1133 1979 1280 2008 tormenta,
1298 1975 1352 2002 rasi
1371 1980 1451 2010 atque
1473 1974 1581 2010 ungulis
1599 1974 1721 2002 confossi

933 2025 997 2047 sunt
1010 2027 1059 2055 pro
1070 2025 1217 2056 augmento
1235 2021 1357 2048 dolorum
1372 2014 1504 2048 omnium.
1522 2019 1568 2047 Sic
1584 2025 1612 2047 et
1628 2020 1724 2047 beatus

933 2064 983 2092 Job
994 2070 1054 2100 post
1065 2066 1165 2095 nitnios
1172 2066 1280 2094 dolores
1292 2066 1338 2102 qui
1355 2066 1381 2094 in
1397 2073 1512 2100 corpore
1525 2069 1612 2099 erant,
1644 2070 1722 2092 extra

933 2119 1032 2146 corpus
1057 2116 1127 2140 testa
1150 2113 1218 2140 rasit
1245 2120 1294 2140 sua
1311 2113 1434 2144 vulnera,
1456 2112 1624 2139 utomnibus
1641 2111 1724 2138 Deum

85 2159 175 2194 ipsum
190 2166 242 2193 per
258 2159 351 2186 omnia
369 2158 534 2192 deprecante
552 2155 612 2194 Job,
626 2156 698 2190 quod
711 2156 795 2184 etiam
810 2164 883 2184 mar-
900 2154 921 2182 D
937 2157 1095 2185 timentibus
1111 2158 1249 2192 patientiae
1268 2163 1348 2192 atque
1368 2158 1519 2185 tolerantire
1543 2158 1570 2185 in
1593 2161 1725 2192 perpetuo

84 2210 159 2239 tyres
177 2205 315 2237 fecerunt,
343 2208 372 2231 ut
394 2204 539 2239 gloriosum
561 2211 659 2232 nomen
686 2203 733 2230 Dei
756 2202 881 2237 blasphep

84 2259 160 2278 mare
175 2257 232 2277 non
248 2254 403 2283 cogeretur.
417 2249 471 2276 Sed
483 2249 716 2277 incontaminatus
732 2249 882 2282 permansit

85 2303 202 2331 magnus
211 2295 256 2322 ille
266 2294 458 2322 adamantinus
468 2293 528 2326 Job,
536 2294 611 2328 juxta
623 2293 745 2322 dolorum
760 2293 882 2320 multitu-

85 2342 177 2370 dinem
187 2346 274 2376 atque
282 2341 462 2371 nimietatem,
472 2340 655 2375 multiplicans
661 2344 744 2374 atque
754 2339 883 2374 adjiciens

84 2388 239 2423 gratiarum
254 2387 387 2414 actiones.
410 2385 467 2414 Hoc
485 2386 612 2414 nimirum
632 2393 680 2421 per
694 2385 751 2412 haec
767 2392 827 2419 quze
841 2393 884 2412 se-

85 2437 337 2468 qnunturapparet,
354 2432 421 2460 dicit
438 2439 573 2466 namque:
592 2430 624 2458 Et
634 2436 741 2465 accepta
751 2429 804 2457 Job
814 2434 883 2457 testa

86 2479 197 2506 radebat
220 2478 323 2505 saniem
338 2485 413 2505 suam
427 2478 461 2505 ἰ.
476 2476 535 2504 Non
561 2476 668 2511 accepit
684 2475 765 2503 molle
780 2475 882 2510 aliquid

87 2530 115 2551 ut
128 2525 306 2559 abstergeret
324 2523 453 2553 molliter.
477 2523 583 2554 leviter,
602 2521 713 2554 leniter,
730 2521 881 2548 artiﬁciose

88 2571 258 2598 moderando
279 2575 363 2605 atque
384 2569 550 2598 relevando:
576 2570 624 2597 sed
653 2569 758 2603 accepit
783 2571 881 2595 testam

89 2617 199 2648 durant,
228 2623 364 2650 asperam,
383 2620 413 2642 ut
433 2614 543 2643 raderet
565 2621 626 2641 cum
655 2613 749 2641 dolore
778 2613 882 2641 saniem

89 2668 177 2695 suam,
195 2666 224 2689 et
239 2669 294 2689 non
312 2665 466 2696 extergeret
477 2660 574 2688 blande
588 2664 668 2695 atque
680 2659 802 2687 modeste
811 2658 884 2686 miti-

91 2715 159 2742 gans
183 2712 268 2743 atque
293 2708 418 2736 relevans
439 2707 627 2735 vehementem
649 2705 724 2734 illum
745 2710 826 2740 atque
841 2705 883 2732 in-

126 2799 147 2815 “
161 2797 211 2826 Job
232 2805 261 2831 It,
277 2797 303 2825 8.

935 2203 1056 2231 traderet
1073 2203 1189 2231 fortnam
1206 2214 1212 2231 :
1234 2209 1264 2231 nt
1287 2212 1382 2231 omnes
1395 2203 1505 2232 dolores
1524 2209 1606 2238 atque
1630 2203 1725 2237 plagas

935 2249 992 2276 sive
1009 2248 1034 2276 in
1050 2256 1176 2284 corpore,
1193 2249 1250 2277 sive
1270 2253 1347 2276 extra
1367 2255 1478 2283 corpus,
1490 2248 1547 2276 sive
1569 2247 1724 2274 detrimenti

935 2298 1015 2328 atque
1026 2294 1165 2328 languoris
1176 2302 1237 2322 cum
1252 2295 1402 2329 gratiarum
1419 2294 1573 2321 aetionibns
1587 2293 1725 2321 sustinen-

939 2344 980 2367 tes
993 2341 1129 2376 accipiant
1139 2349 1154 2368 a
1169 2341 1223 2368 Deo
1239 2345 1348 2368 internae
1363 2341 1454 2376 gloria:
1467 2339 1725 2371 remunerationem,

938 2392 1019 2421 atque
1040 2387 1305 2416 imtnarcescibilium
1320 2394 1482 2414 coronarum
1507 2389 1667 2420 exspectent
1682 2391 1726 2411 re-

936 2433 1111 2461 tributionem
1138 2442 1153 2460 a
1181 2434 1246 2461 Deo.
1269 2433 1346 2467 Quod
1367 2439 1456 2461 autem
1473 2433 1621 2460 secundum
1640 2432 1726 2466 ipsam

936 2478 1078 2506 historiam
1090 2480 1166 2506 testis
1180 2479 1292 2506 lacerati
1307 2483 1388 2514 atque
1399 2478 1537 2513 pernecati
1550 2477 1653 2506 fuerint
1664 2484 1727 2504 san-

935 2524 972 2552 cti
996 2529 1140 2560 martyres,
1176 2524 1348 2552 manifestum
1372 2530 1415 2552 est
1440 2529 1522 2559 atque
1545 2522 1726 2551 irrefutabile.

936 2568 1003 2596 Nam
1015 2573 1077 2604 post
1094 2569 1221 2597 universa
1239 2574 1373 2597 tormenta
1382 2568 1549 2597 recludentes
1567 2575 1615 2595 eos
1627 2567 1653 2595 in
1667 2574 1727 2594 car-

935 2621 1025 2647 ceres,
1045 2619 1072 2641 et
1091 2619 1174 2642 testas
1201 2614 1316 2649 pollinas
1342 2614 1368 2641 in
1391 2614 1431 2641 eis
1450 2617 1613 2644 sternentes,
1625 2615 1654 2639 et
1678 2619 1727 2646 per

937 2665 1055 2695 quatuor
1072 2665 1163 2695 partes
1176 2668 1224 2688 eos
1246 2661 1321 2696 impii
1348 2660 1397 2696 ipsi
1420 2659 1597 2688 extendentes
1623 2656 1725 2685 crudeli

936 2709 1024 2733 morte
1035 2712 1082 2734 eos
1101 2705 1300 2741 pernccabant.
1310 2704 1348 2734 Ita
1364 2709 1568 2734 consummatus
1577 2706 1620 2731 est
1631 2701 1734 2730 beatus
