1909 3080
244 63 274 90 τι
767 63 957 92 SNONYMUS
976 63 1004 91 ΙΝ

1056 63 1098 90 )B.
1119 79 1152 84 —
1172 65 1234 94 LIB.
1255 66 1287 94 Ιῐ.

1793 66 1848 93 ἨΞ

210 112 307 157 ἠιτιιιε
326 121 461 157 gloriosus
487 121 631 152 Lucianns,
649 121 755 150 lucidus
773 123 840 156 vita,
859 123 966 151 lucidus
980 127 1008 149 et
1022 123 1045 152 Δ
1059 123 1105 150 bar
1125 131 1204 158 super
1222 131 1343 151 acerram
1359 124 1481 152 stercoris
1499 128 1582 152 extra
1596 124 1738 158 deitatem,
1752 125 1847 152 sedem

227 168 290 200 title,
315 168 418 196 lucidus
444 168 525 195 etiam
549 168 698 196 tolerantia:
713 170 955 198 consummatione.
967 170 1008 198 οι»

226 213 277 241 hoc
288 213 359 241 enim
375 213 508 240 Lucianus
519 204 725 248 cognominatus
733 218 787 246 est.
803 218 930 250 tanquam
946 215 1010 242 luci-

226 259 287 290 dus.
303 263 351 286 aut
377 258 485 294 preprio
508 258 608 286 lumine
621 259 671 286 sibi
688 259 804 294 fulgens,
821 265 868 288 aut
887 261 947 288 aliis
968 261 1007 288 lu-

226 312 300 332 rens.
322 303 371 331 Hic
395 311 512 340 namque
533 303 629 332 beatus
645 305 787 333 duodecim
816 306 909 333 diebus
925 314 1008 341 supra

225 354 308 377 testas
322 349 436 385 poliinas
450 354 580 379 extensus
606 352 684 379 tertia
707 352 812 380 decima
830 352 873 380 die
887 357 929 380 est
942 361 1008 381 con-

223 400 383 429 summatus,
402 396 501 432 aliique
516 397 651 425 innumeri
666 399 755 426 sancti
765 403 902 435 martyres
911 400 1008 427 eodem

223 439 301 467 motio
319 444 431 467 mortem
446 445 617 469 transeuntes
629 443 810 471 consummati
821 448 894 471 sunt.
906 444 1008 472 ﬂorum

223 492 341 519 namque
350 486 470 513 omnium
491 491 581 523 typum
597 495 694 523 gerens
711 487 773 521 Iob,
788 489 894 525 accepit
908 494 1008 518 testam

222 536 251 558 nt
271 531 381 559 raderet
395 532 500 560 saniem
521 533 660 561 vulnerent
678 541 799 562 suorum.
816 535 897 568 Ecce,
911 536 1007 572 inquit,

221 584 239 604 ο
250 577 367 613 maligne
379 578 495 611 diabole,
510 579 642 607 conculco
653 584 689 613 te,
702 580 824 608 defermo
838 586 863 609 te
876 586 904 609 et
917 582 1008 610 humi-

222 623 268 654 lio.
283 616 365 658 atque
387 631 494 652 omnem
515 625 709 660 malignitatem
735 631 808 654 tuam
824 631 851 654 et
877 627 1008 655 malitiam

221 670 451 705 contemptibilem
466 672 591 700 omnibus
602 672 767 701 demonstro.
784 673 896 708 Accepit
911 678 1007 701 testam

221 716 366 744 ntraderet
377 718 478 745 saniem
486 717 627 746 vulnerum
638 725 758 746 suorum.
768 719 860 753 Testa,
871 719 1007 754 inquiens,

222 766 291 788 testa
302 763 420 790 radendo
428 763 603 798 corruptibile
617 768 699 799 atque
712 765 822 793 carnale
830 766 880 794 hoc
891 767 1006 798 corium,

223 812 329 835 terrena
348 813 428 843 atque
445 816 540 844 aspera
553 814 632 838 testa.
649 811 761 846 Accepit
776 816 870 840 testam
888 817 917 839 ut
930 813 1007 840 rade-

221 858 264 880 rct
281 854 383 881 saniem
398 854 539 883 vulnerum
565 864 686 885 suorum.
704 858 806 894 Typu,
824 858 920 894 inquit,
946 867 1007 886 sum

221 900 283 927 sine
301 904 412 935 peccato
435 901 485 929 lius
501 902 658 930 sustinendo
672 903 791 936 dolores,
814 904 887 932 illius
904 905 950 939 qui
978 905 1006 933 in

221 946 368 974 novissimo
379 952 500 982 tempore
517 948 684 977 descendens
701 950 734 977 de
749 951 828 979 ctelis
843 951 889 979 Dei
902 951 1006 988 Uuige-

222 993 293 1020 nitus
313 993 415 1021 terreni
428 995 550 1029 corporis
566 999 635 1023 testa
656 1003 690 1023 ex
715 995 825 1032 Virgine
844 1005 875 1025 se
892 998 1006 1026 inducas

221 1039 304 1066 totius
318 1040 408 1067 mundi
420 1041 534 1073 saniem,
544 1041 740 1070 immunditiam
753 1050 859 1078 quoque
867 1051 899 1072 ac
914 1049 1007 1079 putre-

221 1085 311 1112 dinem
326 1087 402 1119 rasit,
418 1091 500 1121 atque
512 1087 654 1114 mundavit
664 1088 754 1115 omnia
768 1094 878 1124 peccata
893 1097 1007 1125 suppor-

222 1132 314 1159 tando.
328 1130 503 1159 Postmodum
524 1139 573 1167 pro
587 1132 769 1167 impietatibns
785 1142 879 1162 eorum
895 1135 921 1163 in
935 1144 1006 1164 mor—

222 1180 276 1204 tem
293 1176 426 1204 deductus
447 1181 500 1208 est.
517 1177 594 1211 cuius
611 1177 696 1206 livore
707 1186 802 1208 omnes
821 1181 912 1208 sanati
924 1186 1006 1217 atque

220 1221 343 1248 mundati
356 1226 430 1253 sunt,
444 1222 489 1256 qui
503 1227 643 1257 peccatum
661 1231 714 1250 non
727 1223 801 1257 fecit,
814 1233 863 1253 nec
882 1225 1007 1255 inventus

219 1271 262 1293 est
280 1267 357 1294 dolus
369 1268 395 1294 in
411 1275 459 1296 ore
471 1269 539 1303 eius.
558 1269 690 1298 Omnibus
709 1270 800 1305 itaque
822 1272 909 1300 modis
928 1279 1006 1300 acce-

219 1312 269 1346 pit.
280 1311 378 1347 inquit,
394 1318 490 1341 Iestam
508 1319 536 1342 ut
552 1315 659 1343 raderet
675 1316 780 1344 saniem
794 1324 883 1345 suam.
903 1317 937 1344 Et
950 1319 1005 1353 ipse

218 1358 324 1385 sedebat
347 1367 425 1393 super
442 1368 561 1388 acervum
576 1362 699 1389 stercoris
723 1368 797 1390 extra
813 1363 944 1391 ciuitatem
958 1365 1004 1392 "'.

219 1401 277 1430 Non
297 1403 368 1438 quod
391 1404 586 1433 habitationem
609 1406 735 1434 deserere
754 1407 879 1440 voluerit,
905 1408 953 1436 sed
972 1408 1005 1437 iis

1058 176 1107 205 pro
1125 170 1189 198 sede
1211 170 1368 202 immutans,
1384 175 1413 198 et
1427 170 1575 199 sessionem
1594 177 1645 206 pro
1658 170 1784 198 sessione
1794 170 1848 196 dir-

1058 215 1157 244 rerens.
1170 216 1238 244 Nam
1252 216 1275 245 is
1289 217 1334 252 qui
1354 216 1435 252 paulo
1453 220 1516 244 ante
1530 223 1611 251 supra
1630 215 1723 251 regale
1734 215 1849 243 sedebat

1057 261 1166 295 solium,
1187 270 1265 290 nunc
1284 263 1359 291 sedet
1384 270 1465 297 super
1481 262 1610 291 stercoris
1629 268 1761 289 acervum
1779 269 1787 287 :
1806 261 1849 288 ille

1058 310 1104 345 qui
1132 313 1196 338 ante
1213 309 1349 345 paniulmn
1377 310 1452 346 regio
1478 310 1631 338 diademate
1654 314 1739 345 atque
1760 309 1847 344 gloria

1058 359 1118 384 erat
1131 355 1252 388 indutus,
1263 363 1334 383 nunc
1343 356 1419 383 sedet
1432 355 1459 383 in
1472 355 1637 383 abundantia
1653 355 1846 390 puiredinum:

1059 400 1104 429 ille
1122 401 1169 436 qui
1184 405 1247 434 ante
1273 401 1410 436 paululum
1433 401 1468 429 ab
1483 401 1633 429 innumeris
1651 401 1777 429 catervis
1791 401 1849 428 cir-

1058 447 1248 481 cumdabatur,
1267 455 1338 475 nunc
1363 455 1378 475 a
1397 447 1568 475 multitudine
1581 447 1714 475 vermium
1726 445 1849 475 comedi-

1059 497 1114 520 tur.
1138 493 1255 521 Sedebat
1278 501 1359 528 super
1380 500 1507 520 acervum
1524 492 1663 524 stercoris,
1681 492 1848 527 condignam

1058 543 1141 574 atque
1166 547 1312 575 congruam
1334 540 1403 568 hanc
1419 540 1510 567 sedem
1526 540 1588 567 huic
1607 539 1736 574 judicans
1750 539 1848 574 plagae,

1058 585 1198 613 vermibus
1216 590 1332 619 stercus,
1347 585 1484 620 putredini
1499 585 1683 621 putredinem.
1695 584 1847 619 Snseipiat,

1058 630 1154 666 inquit,
1182 631 1297 666 putredo
1322 631 1505 666 putredinem,
1532 631 1611 665 hujus
1642 630 1777 658 stercoris
1797 637 1847 665 ptr-

1058 677 1145 708 tredo.
1160 677 1284 712 corporis
1308 676 1389 712 huius
1413 682 1495 712 atque
1509 677 1641 705 vennium
1660 676 1846 711 putredinem.

1057 720 1168 749 Sedabo!
1179 729 1257 755 super
1276 730 1397 749 acerram
1408 722 1541 750 stercoris.
1557 721 1669 749 Stercus
1682 728 1768 755 supra
1779 725 1848 748 ster-

1059 773 1119 799 cus,
1147 767 1262 802 putredo
1281 775 1362 802 supra
1379 768 1559 802 putredinem.
1582 765 1649 794 Nam
1666 767 1732 801 quia
1759 766 1848 793 omnis

1060 811 1142 839 homo
1158 812 1284 846 putredo,
1304 817 1331 840 et
1346 812 1418 840 lilius
1439 813 1557 840 hominis
1578 812 1690 847 vermis,
1709 812 1810 839 merito
1827 812 1848 839 is

1058 858 1103 892 qui
1119 858 1145 885 in
1161 859 1332 893 putredinem
1348 859 1480 886 vermium
1493 863 1533 887 est
1548 866 1709 892 conversus,
1726 861 1807 887 sedet
1821 861 1846 887 in

1057 904 1199 938 putredine
1213 904 1352 932 stercoris.
1361 905 1437 938 Quod
1446 904 1598 933 eﬂiciuntur
1612 912 1708 933 omnes
1722 905 1848 934 homines

1057 953 1117 984 post
1133 949 1234 977 exitum
1245 950 1343 977 anima:
1359 950 1483 985 putredo,
1492 955 1518 977 ct
1531 957 1646 982 vermes.
1663 950 1731 983 haec,
1745 951 1845 985 inquit,

1056 996 1223 1030 praveniens
1252 996 1340 1024 adhuc
1365 997 1454 1024 anima
1476 997 1503 1024 in
1528 1003 1642 1031 corpore
1663 996 1767 1032 posita,
1797 1004 1846 1031 ego

1056 1041 1169 1070 edectus
1188 1049 1258 1070 sum.
1280 1042 1382 1070 idcirco
1396 1048 1524 1078 tanquam
1541 1043 1656 1078 putredo
1681 1047 1710 1070 et
1739 1048 1846 1070 stercus

1055 1088 1182 1120 ell'cctus,
1197 1088 1278 1124 digne
1293 1088 1375 1116 sedeo
1388 1095 1468 1125 super
1481 1093 1596 1122 stercus,
1609 1095 1705 1116 omnes
1720 1088 1846 1116 homines

1057 1133 1204 1166 instruens,
1222 1134 1285 1169 quia
1304 1133 1394 1161 omnis
1414 1139 1520 1162 terrena
1533 1141 1627 1162 eorum
1638 1134 1725 1169 gloria
1742 1134 1772 1161 in
1797 1141 1845 1168 pu-

1057 1179 1200 1209 tredinem.
1209 1184 1237 1205 et
1246 1183 1352 1206 stercus
1361 1183 1442 1214 atque
1453 1187 1560 1207 vermes
1570 1184 1758 1207 convertetur.
1770 1179 1846 1207 Sedit

1056 1231 1137 1258 super
1156 1231 1283 1252 acervum
1296 1225 1435 1253 stercoris.
1449 1224 1592 1257 lntenditc,
1602 1225 1739 1260 inquiens.
1748 1233 1846 1253 omnes

1057 1269 1103 1297 ﬁlii
1117 1268 1266 1301 hominum,
1280 1270 1313 1296 ad
1327 1273 1458 1304 quantum
1480 1269 1615 1297 miseriatn
1633 1274 1740 1297 terrena
1759 1270 1844 1305 gloria

1056 1314 1220 1347 devolvitur,
1238 1314 1272 1342 ad
1289 1319 1417 1349 quantam
1431 1315 1610 1343 humilitatem
1632 1320 1741 1344 terrena
1758 1316 1843 1344 subli-

1056 1359 1138 1387 mitas
1157 1360 1327 1388 immutatur.
1351 1360 1447 1388 Merito
1474 1362 1615 1396 praesentia
1635 1362 1726 1390 nullus
1743 1362 1844 1397 aliquid

1055 1405 1182 1439 aestimet,
1194 1406 1242 1434 sed
1251 1406 1340 1433 futura
1354 1407 1465 1434 timeat:
1477 1406 1566 1434 nullus
1574 1407 1632 1435 inec
1643 1415 1704 1442 quas
1718 1409 1843 1436 videntur

219 1447 265 1481 qui
286 1447 312 1474 in
333 1447 443 1476 civitate
455 1454 532 1477 erant
549 1455 632 1486 atque
647 1451 834 1480 mansionibus
850 1453 1002 1481 molestiam
1016 1462 1040 1494 ο
1055 1455 1167 1486 quaerat,
1190 1452 1236 1479 sed
1251 1459 1282 1479 ea
1297 1459 1358 1486 qua:
1374 1459 1427 1480 non
1444 1452 1568 1480 videntur
1590 1453 1734 1481 sustineat.
1748 1452 1845 1481 Omnis

219 1495 344 1530 ingerere
373 1504 425 1524 non
450 1501 493 1525 est
516 1505 620 1533 passus.
648 1497 758 1526 Sedebat
786 1507 865 1534 super
883 1508 1004 1528 acervum

219 1542 343 1568 stercoris
368 1547 442 1569 extra
464 1543 606 1577 civitatem,
629 1552 676 1572 me
685 1545 784 1578 solum,
807 1545 943 1580 inquiens,
955 1546 1005 1574 cir-

217 1588 346 1615 ettmtlant
361 1588 430 1615 mala
449 1597 518 1623 mea,
531 1590 595 1617 mihi
608 1590 658 1619 soli
674 1591 787 1619 molesta
801 1598 864 1620 sunt
872 1600 932 1621 mea
947 1594 1006 1620 vui-

218 1635 296 1660 nera.
323 1633 378 1661 Non
399 1634 511 1668 eiiiciar,
536 1635 634 1670 inquit,
658 1636 740 1664 etiam
756 1637 816 1665 aliis
840 1639 1004 1672 exsecratio,

221 1685 255 1705 ne
268 1678 319 1705 sim
334 1678 376 1706 his
389 1680 436 1714 qui
460 1680 532 1708 intra
546 1681 686 1709 civitatem
700 1686 764 1710 sunt
775 1683 950 1716 abominatio,
971 1691 1005 1712 ne

218 1724 418 1752 exacerbemur
429 1726 510 1753 etiam
527 1727 600 1755 cives
612 1727 730 1756 civitatis
739 1733 848 1762 propter
861 1736 936 1757 meos
952 1730 1004 1757 doo

218 1771 301 1799 iures.
316 1770 435 1799 Sedebat
447 1777 523 1799 extra
541 1773 679 1801 civitatem
697 1774 753 1806 ille,
766 1774 811 1809 qui
828 1779 892 1802 ante
908 1775 1004 1810 paulu-

219 1815 274 1843 lum
296 1816 435 1844 civitatum
459 1822 541 1851 atque
565 1818 733 1846 mansionum
753 1818 842 1847 fuerat
866 1820 1003 1853 dominus,

219 1866 309 1889 rector
324 1866 405 1896 atque
421 1863 596 1898 gubernator.
610 1863 802 1900 Sedebatergo
814 1869 892 1893 extra
907 1865 1003 1893 civita—

219 1912 285 1934 tem.
311 1907 422 1936 Certum
447 1913 491 1935 est
515 1908 586 1943 quod
602 1908 717 1944 pluritna
737 1910 807 1944 apud
827 1911 1002 1946 semetipsum

219 1958 340 1982 tractans
352 1961 385 1981 ac
398 1954 492 1982 dicens
504 1963 510 1981 :
524 1954 579 1982 Cur
592 1955 620 1982 in
633 1955 746 1984 civitate
759 1957 900 1984 maneam?
914 1965 963 1985 cur
976 1957 1002 1985 in

218 2000 343 2028 domibus
355 2001 482 2028 sedeam?
507 2000 574 2028 Cum
597 2008 627 2028 re
651 2008 682 2029 ac
696 2001 769 2034 (iliis,
788 2006 816 2029 et
828 2002 950 2037 civitate,
977 2008 1005 2030 et

217 2047 341 2074 domibus
354 2047 439 2078 carui,
452 2054 515 2074 cum
532 2054 562 2074 re
575 2046 699 2074 familiari
717 2054 748 2075 ac
763 2047 856 2075 liberis
866 2048 940 2083 regni
957 2056 1003 2076 co-

217 2099 283 2119 rona
294 2091 383 2118 ablata
406 2096 449 2119 est
469 2091 547 2124 mihi,
561 2099 623 2119 cum
637 2099 666 2119 re
686 2099 718 2120 ac
742 2093 812 2120 natis
825 2093 888 2120 dedi
918 2093 1001 2120 etiam

216 2142 320 2165 vestem
335 2143 417 2172 atque
430 2146 537 2165 comam
547 2137 654 2173 capitis.
676 2137 752 2165 Nunc
768 2146 832 2166 vero
842 2146 903 2166 cum
918 2146 1002 2173 regno

218 2184 368 2219 relinquam
380 2184 462 2212 etiam
471 2184 609 2212 civitatem
624 2192 655 2212 ac
665 2184 784 2212 domum.
793 2185 913 2213 Sedebat
925 2189 1002 2213 extra

218 2231 356 2258 civitatem
365 2231 439 2258 solus
450 2232 586 2260 sustinens
596 2231 716 2259 dolorem
726 2231 800 2258 illum
812 2232 1002 2265 saevissimum,

218 2280 322 2303 certum
342 2280 384 2302 est
402 2276 473 2310 quod
487 2283 590 2303 memor
603 2276 676 2303 illius
693 2280 774 2310 atque
793 2275 914 2304 imitatus
928 2276 1002 2304 illum

219 2321 265 2355 qui
288 2321 361 2349 solus
383 2322 504 2350 dolorem
529 2322 648 2350 omnium
666 2326 743 2350 extra
767 2322 904 2350 civitatem
919 2324 1002 2351 susti-

220 2366 289 2398 nuit,
309 2366 335 2393 id
349 2371 391 2394 est
413 2366 458 2394 Dei
473 2366 644 2402 Unigenitus,
659 2368 731 2395 etde
747 2367 819 2395 illius
838 2367 926 2396 l'ntura
938 2376 1001 2404 pas-

219 2413 298 2440 sione
312 2412 430 2447 seipsnm
445 2411 598 2440 consolatus
611 2416 665 2445 est.
683 2413 793 2440 dicens:
816 2412 886 2446 Quid
912 2412 1001 2448 magni

218 2465 269 2494 ego
280 2457 400 2485 sustineo
410 2465 471 2485 cum
489 2457 541 2485 sim
553 2457 632 2485 homo
642 2464 691 2492 pro
709 2457 861 2492 ntripso,!si
879 2457 925 2485 Dei
937 2457 1003 2485 Uni-

219 2504 325 2537 genitus
339 2508 468 2531 venturus
483 2508 524 2530 est
540 2503 574 2530 ad
588 2507 687 2534 terras.
701 2508 728 2530 et
742 2510 802 2530 cum
816 2503 852 2532 sit.
873 2503 1002 2531 Dominus

218 2558 268 2586 pro
280 2550 406 2578 omnibus
424 2549 538 2585 plurima
561 2548 711 2584 passurus?
729 2549 833 2581 Brevis,
850 2549 949 2583 inquit,
961 2553 1002 2576 est

219 2597 276 2624 haec
290 2603 348 2623 mea
360 2597 463 2631 passio,
477 2600 505 2623 et
523 2594 679 2630 temporalis
696 2595 747 2622 erit
760 2595 803 2622 hic
824 2602 898 2622 mens
914 2594 1001 2622 dolor.

218 2643 272 2669 Ant
283 2643 355 2670 enim
367 2649 507 2670 morseum
521 2641 656 2674 excludet,
672 2645 718 2668 aut
729 2646 804 2668 certe
817 2641 919 2668 sanitas
927 2640 1001 2667 ilium

180 2687 182 2691 '
219 2688 344 2721 expellet,
358 2689 415 2716 sive
429 2688 469 2716 sic
481 2688 542 2717 ﬁnis
559 2687 801 2724 appropinqnabit.
817 2685 848 2713 ινίι
863 2687 918 2721 ipse
929 2686 1002 2715 sede-

254 2777 286 2791 "'
302 2776 350 2802 ιυιι
370 2784 400 2808 It,
413 2776 439 2803 8.

1055 1498 1127 1525 enim
1139 1497 1224 1533 gloria
1241 1497 1357 1526 hominis
1373 1503 1500 1533 tanquam
1515 1499 1651 1531 l'enum,et
1661 1501 1751 1528 omnis
1762 1502 1844 1528 decor

1054 1543 1270 1578 corruptibilium
1295 1548 1424 1579 tanquam
1444 1544 1518 1572 olera
1534 1544 1681 1572 herbarum
1705 1551 1734 1572 et
1746 1553 1844 1574 omnes

1054 1589 1158 1623 species
1186 1593 1354 1616 terrenornm
1378 1594 1505 1624 tanquam
1528 1589 1578 1618 ﬂos
1608 1591 1747 1619 decidens.
1775 1592 1842 1625 Quid

1054 1633 1193 1669 pulchrius
1207 1633 1262 1662 sole
1272 1635 1288 1661 ’ἐκ
1297 1639 1325 1662 et
1338 1635 1383 1663 hic
1395 1635 1512 1664 decidet.
1532 1636 1601 1669 Quid
1611 1636 1722 1664 suavius
1733 1636 1842 1665 ﬂoribus

1054 1680 1160 1714 campi?
1174 1684 1205 1707 et
1214 1680 1240 1707 hi
1259 1685 1383 1708 arescent
1401 1680 1536 1709 similiter.
1557 1681 1626 1714 Quid
1638 1681 1786 1717 gloriosius
1799 1688 1842 1710 aut

1054 1725 1210 1753 decorosius
1238 1725 1323 1761 gloria
1347 1731 1430 1762 atque
1455 1727 1540 1755 forma
1563 1728 1697 1755 humana?
1720 1732 1749 1755 et
1780 1729 1841 1762 quid

1054 1770 1264 1799 abominabilius
1290 1776 1373 1806 atque
1403 1773 1606 1804 exsecrabilius,
1631 1780 1693 1801 cum
1709 1774 1840 1807 aruerint,

1053 1818 1174 1842 exeunte
1187 1814 1299 1842 animal
1310 1815 1343 1842 Et
1354 1816 1420 1851 quid
1438 1816 1566 1844 hutnilius
1580 1817 1622 1845 his
1634 1817 1680 1852 qui
1699 1817 1727 1845 in
1740 1822 1841 1846 stem-

1054 1867 1094 1892 ra,
1110 1864 1139 1887 et
1163 1867 1269 1889 vermes
1291 1867 1374 1897 atque
1399 1863 1569 1897 putredinem
1592 1864 1840 1892 immutanturlDe

1055 1913 1108 1939 me,
1124 1906 1222 1941 inquit,
1242 1917 1260 1935 ο
1285 1907 1420 1941 homines,
1437 1913 1518 1943 atque
1530 1909 1565 1936 de
1580 1916 1638 1936 mea
1654 1909 1840 1938 immutatione

1055 1952 1080 1979 in
1096 1953 1137 1980 his
1151 1954 1277 1981 omnibus
1297 1954 1490 1983 informamini.
1504 1955 1617 1988 Qualem
1635 1964 1679 1984 me
1692 1961 1759 1984 ante
1777 1965 1840 1992 pan-

1055 1997 1139 2024 lulum
1159 1998 1276 2030 vidistis,
1304 2003 1331 2025 et
1359 1998 1466 2032 qualem
1494 2007 1536 2027 me
1565 2007 1637 2028 nunc
1662 2001 1840 2036 conspicitis?

1053 2045 1160 2081 qualem
1176 2054 1219 2073 mc
1237 2050 1299 2073 ante
1316 2046 1451 2080 paululum
1468 2047 1672 2082 magniﬁcastis.
1691 2052 1721 2075 et
1735 2048 1839 2083 qualem

1046 2099 1098 2122 ,me
1112 2099 1183 2119 nunc
1195 2091 1371 2126 conspicitis?
1387 2091 1438 2120 tibi
1460 2097 1523 2121 sunt
1543 2092 1581 2120 illi
1600 2093 1709 2128 plurimi
1729 2095 1776 2129 qui
1800 2102 1840 2122 rue

1055 2138 1344 2166 circumdabantl-Pro
1362 2139 1460 2174 quibus
1479 2140 1606 2174 omnibus
1627 2140 1786 2172 multitudo,
1802 2141 1840 2168 in-

1054 2185 1122 2220 quit,
1135 2184 1277 2216 verminm,
1288 2190 1315 2212 et
1328 2185 1441 2219 putredo
1451 2192 1494 2212 me
1517 2185 1698 2213 circumdant.
1715 2185 1780 2214 Haec
1792 2187 1840 2213 ita-

1054 2238 1108 2266 que
1120 2235 1202 2264 atque
1216 2230 1257 2258 his
1266 2229 1364 2258 similia
1377 2230 1545 2259 admirabilis
1558 2223 1608 2258 Job
1617 2231 1778 2259 adlcuuctns
1790 2232 1840 2260 sibi

1054 2276 1274 2310 approximantes
1287 2275 1411 2310 loquens.
1429 2275 1570 2303 evidenter
1580 2275 1709 2304 omnibus
1721 2276 1840 2304 futuram

1055 2322 1258 2350 contestabatur
1272 2321 1497 2349 immutationem.
1510 2321 1543 2348 Et
1561 2321 1618 2356 ipse
1629 2322 1744 2349 sedebat
1760 2330 1841 2357 super

1055 2375 1180 2395 acervum
1189 2367 1328 2400 stercoris,
1344 2367 1403 2402 plus
1411 2367 1468 2394 sibi
1475 2367 1508 2394 de
1525 2367 1592 2402 ipsis
1607 2368 1746 2395 vermibus
1761 2374 1841 2404 atque

1055 2412 1206 2445 putredine,
1223 2419 1304 2447 quam
1331 2412 1394 2440 olim
1409 2412 1441 2439 de
1457 2412 1532 2447 regni
1551 2412 1636 2448 gloria
1653 2417 1738 2448 atque
1751 2416 1840 2443 multi-

1057 2459 1149 2486 tudine
1167 2458 1396 2486 circumdantittm
1418 2465 1450 2485 se
1477 2458 1635 2493 populorum
1654 2459 1838 2494 complacens.

1056 2505 1122 2532 Nam
1141 2505 1262 2533 omnium
1292 2504 1398 2531 illorum
1413 2503 1492 2531 ﬁnem
1513 2509 1574 2539 post
1597 2504 1654 2531 ita‘c
1670 2506 1764 2532 omnia
1783 2514 1840 2541 qua:

1055 2550 1169 2585 gloriosa
1184 2555 1259 2583 sunt,
1271 2550 1361 2578 carnis
1369 2557 1441 2577 mors
1451 2554 1606 2585 exspectat:
1621 2555 1718 2584 etpost
1732 2559 1838 2579 omnem

1055 2595 1223 2630 putredinem
1245 2599 1326 2629 atque
1342 2601 1472 2627 vermem,
1501 2595 1729 2622 resurrectionem
1747 2597 1838 2624 carnis

1053 2644 1211 2675 exspectat:
1236 2640 1332 2668 mortis
1345 2647 1409 2668 vero
1422 2639 1593 2675 putredinem
1608 2644 1692 2674 atque
1706 2643 1836 2669 vermium

1056 2686 1135 2715 tinem
1151 2686 1342 2715 rcsurrectioa
1357 2686 1481 2715 mortuis.
1501 2685 1553 2714 Pro
1574 2685 1615 2714 itis
1629 2692 1695 2722 ergo
1711 2688 1837 2720 omnibus
