1909 3080
69 85 128 123 na

621 90 814 121 ANONYMUS
831 93 866 122 IN
883 93 954 123 JOB.
973 109 1008 115 -
1027 93 1093 122 LIB.
1110 93 1143 122 li.

1655 101 1708 128 575

71 142 188 171 sedebat
206 150 290 180 super
302 152 428 174 acervum
456 147 587 177 stercoris
606 154 685 178 extra
711 151 863 181 civitatem.
879 155 904 185 Α
915 154 1073 182 monstrans
1089 153 1180 182 omnia
1192 159 1254 190 qua:
1262 154 1465 190 sunthumaua.
1475 164 1508 186 ac
1519 159 1706 194 corruptibili:

71 189 114 217 Ad
138 197 221 225 quem
245 191 328 219 etiam
350 200 423 221 nunc
435 193 517 229 digne
533 195 658 224 dicitur:
674 197 733 231 Dic,
748 205 765 226 ο
787 198 866 226 beate

70 233 141 269 Job;
160 236 217 268 dic,
232 243 251 263 ο
265 242 360 265 sancte
374 237 421 265 Dei
432 239 586 274 praeliator;
603 241 657 274 dic,
669 249 686 269 ο
697 243 865 272 admirabilis

71 281 115 308 vir
135 281 246 310 Domini
270 285 502 320 constantissime,
527 287 573 321 qui
597 288 764 317 terribilibus
781 295 865 325 atque

70 326 190 356 fortibus
221 329 330 366 maligni
354 331 440 367 plagis
465 332 492 359 in
512 333 586 362 nullo
609 336 789 369 succubuisti,
817 337 864 372 qui

71 377 170 399 amara
197 373 331 408 supplicia
347 379 430 410 atque
444 375 531 406 fortes
546 378 655 407 dolores
676 381 779 416 absque
791 390 866 413 mur-

57 418 227 446 .muratioue
241 422 420 454 supportasti,
429 429 480 450 cur
489 428 567 452 extra
578 425 715 454 civitatem
726 434 863 463 egressus,

70 469 100 491 et
111 472 196 500 super
219 473 347 494 acervum
360 469 492 498 stercoris
505 476 589 506 atque
604 479 747 501 muranam
767 475 865 503 sedens

70 511 260 546 spectaculum
274 514 444 550 temetipsum
459 517 567 545 cunctis
583 520 787 549 transeuntibus
799 528 867 556 prat-

69 557 177 586 buisti?
188 558 290 587 Omnes
307 561 380 588 enim
394 562 439 597 qui
451 563 652 600 ingrediuntur,
665 566 706 594 vel
718 568 864 602 egrediun-

71 608 128 637 tur,
138 612 235 633 omnes
253 607 454 641 qui'transeunt
471 609 540 642 vias,
560 615 587 638 et
608 611 763 647 diriguntur
779 614 805 641 in
817 614 864 642 iti-

70 649 184 678 neribus
210 651 279 683 suis.
294 659 390 680 omnes
406 653 453 689 qui
481 654 508 682 in
530 660 557 682 te
570 657 789 692 contemplantur
804 659 865 687 istic

68 701 154 729 super
167 703 296 723 acervum
322 699 453 726 stercoris
465 704 549 735 atque
568 709 708 730 tuuranam
726 704 863 732 sedentem

68 741 233 770 absentibus
247 748 388 777 enarrant,
418 750 501 780 atque
521 746 555 774 iis
576 748 622 782 qui
643 747 723 783 longe
738 754 801 777 sunt
816 758 864 778 an-

68 788 213 821 nuntiant,
231 789 267 816 ita
279 794 308 818 ut
323 795 447 826 penetret
467 792 512 820 hic
526 800 620 821 rumor
639 798 702 822 tuus
714 795 743 823 in
759 795 864 831 longin-

915 204 998 234 atque
1013 203 1136 232 terrena,
1156 199 1229 228 sicut
1239 203 1266 229 et
1279 201 1407 235 superius
1423 202 1637 232 demonstratum
1654 211 1707 233 est.

915 244 981 273 Post
999 252 1059 280 quae
1082 245 1209 273 universa
1233 246 1322 275 dicit:
1350 246 1470 280 Plurima
1486 253 1575 276 autem
1595 255 1710 285 ιεπψωο

914 291 1069 325 interposito
1079 291 1148 319 dixit
1161 293 1196 318 ad
1207 300 1266 320 eum
1277 301 1347 320 uxor
1356 293 1414 328 ejus
1425 293 1458 323 ⁸³.
1471 293 1584 323 Diversa
1599 297 1709 332 plurimi

915 337 949 365 de
967 337 1019 365 hoc
1033 342 1156 373 tempore
1178 338 1250 373 quod
1266 338 1327 366 istic
1350 346 1531 368 memoratum
1550 347 1603 374 est,
1621 349 1649 371 et
1664 343 1709 370 itt-

916 382 1093 416 tellexerunt,
1122 387 1151 411 et
1180 383 1262 412 locuti
1275 388 1351 417 sunt,
1374 385 1419 413 alii
1436 386 1545 421 quidem
1560 388 1643 416 breve
1657 388 1708 417 hoc

915 432 1022 464 tempus
1041 428 1127 456 fuisse
1151 429 1345 465 percipientes,
1361 431 1406 459 alii
1434 432 1609 462 nihilominus
1623 435 1707 469 pluri-

914 482 989 502 mum
1017 479 1185 509 astruentes,
1208 475 1286 511 quasi
1303 476 1390 505 tribus
1412 479 1530 507 anniset
1543 480 1656 509 dimidio
1680 482 1708 509 in

916 524 1007 555 typum
1026 519 1176 549 Dominicaz
1188 522 1401 557 praedicationis,
1414 525 1496 552 etiam
1512 530 1536 553 et
1551 526 1631 562 hujus
1645 534 1708 561 pas-

914 566 998 594 sionis
1022 572 1132 601 tempus
1158 568 1230 596 sicut
1252 573 1280 596 et
1305 569 1332 596 in
1349 570 1456 598 caeteris
1472 572 1647 600 ostenderent
1666 574 1710 601 di-

914 617 1017 644 centes.
1042 611 1162 648 Ideoque
1179 613 1225 648 qui
1248 613 1386 643 voluerint
1402 621 1437 643 ex
1456 616 1635 649 auditoribus.
1670 618 1709 646 ita

914 658 1074 693 percipiant.
1087 658 1141 686 Nos
1155 666 1220 687 vero
1231 659 1379 695 Scriptura:
1392 662 1594 691 consentientes
1611 663 1710 691 intelli-

914 711 1021 739 gamus,
1037 708 1065 731 et
1082 703 1157 733 sicut
1174 704 1363 741 intelligimus,
1378 705 1415 733 ita
1430 710 1459 734 et
1468 714 1634 741 asseramus,
1658 709 1710 736 hoc

914 749 1032 784 primum
1050 749 1174 778 dicentes
1188 754 1216 778 et
1231 756 1396 785 quaerentes,
1409 758 1459 783 cur
1470 751 1627 779 benedictus
1637 751 1710 780 Deus

915 795 1016 822 diutius
1026 799 1099 823 esset
1117 800 1315 831 pernecaturus
1327 795 1431 830 justum
1452 796 1541 830 illum,
1558 805 1621 825 cum
1632 797 1708 825 sulIi-

69 839 156 866 quum
176 832 212 861 de
231 833 340 868 regione
357 835 383 863 in
411 837 560 872 regionem.
579 838 647 867 Nam
675 840 721 876 qui
742 846 767 868 te
792 841 866 869 vide.
883 835 904 862 Β
918 846 990 869 ceret
1017 841 1209 869 brevissimum
1235 846 1345 877 tempus
1360 842 1396 870 ad
1420 843 1607 878 superandum
1631 843 1710 871 mali-

68 878 136 911 rint,
155 886 210 907 non
231 880 387 915 videntibus
404 885 574 911 enarrabunt
597 893 604 913 :
624 886 670 920 qui
685 893 749 915 vero
768 888 865 915 audie-

69 920 136 952 rint,
162 921 196 949 iis
219 922 264 957 qui
278 923 357 959 longe
382 929 446 952 sunt
462 925 542 960 positi
562 925 641 954 istam
655 929 864 965 recognitionem

69 972 146 994 tuam
164 967 347 997 insinuahuut.
376 970 428 998 Sed
443 972 586 1007 respondit
611 973 744 1002 mirabilis
758 974 809 1003 Joh
825 976 865 1003 di-

69 1019 137 1039 cens
154 1021 162 1039 :
180 1012 247 1047 Ego,
272 1022 290 1042 o
314 1014 367 1047 vir,
387 1023 448 1043 cttm
466 1016 518 1044 sim
540 1018 613 1052 prior
630 1024 714 1054 atque
727 1021 866 1056 antiquior

69 1055 126 1084 illis
151 1056 198 1091 qui
225 1057 252 1084 in
275 1058 424 1087 novissimo
441 1064 562 1094 tempore
577 1067 658 1090 erunt
681 1055 809 1100 apostoli,
823 1066 866 1094 vel

69 1102 258 1137 evangelista),
275 1112 335 1139 qua:
353 1105 390 1132 illi
409 1106 499 1134 verbis
516 1107 654 1142 dixerunt,
671 1111 743 1145 quod
757 1117 865 1147 specta—

917 887 1078 921 gnissimnm
1101 887 1258 916 diabolum?
1279 888 1338 916 Non
1359 888 1431 916 enim
1458 889 1509 917 hoc
1522 888 1711 925 delectabatur

917 932 1000 966 Deus,
1011 938 1041 961 ut
1053 932 1105 962 Job
1121 938 1308 969 torqueretur;
1318 935 1364 962 sed
1378 934 1429 963 hoc
1440 934 1530 970 potius
1543 939 1573 962 ut
1585 935 1710 965 diabolus

918 980 1133 1013 convinceretur,
1147 985 1174 1008 et
1191 981 1287 1009 beatus
1299 979 1351 1008 Job
1361 980 1452 1015 jttstus
1466 981 1706 1015 comprobaretur.

918 1024 990 1052 Nihil
1012 1031 1076 1060 ergo
1097 1025 1169 1053 aliud
1189 1026 1356 1062 exspectavit
1373 1026 1453 1059 Deus.
1477 1027 1528 1055 nisi
1546 1027 1598 1055 hoc
1620 1027 1708 1055 solum

917 1070 1026 1105 quando
1039 1070 1165 1098 diabolus
1183 1071 1338 1099 universam
1350 1071 1521 1107 iniquitatem
1534 1080 1612 1101 suam
1628 1073 1710 1108 perfl-

918 1121 1002 1149 ceret,
1021 1120 1049 1143 et
1068 1116 1176 1151 quando
1191 1115 1243 1144 Job
1262 1118 1417 1145 universam
1434 1117 1606 1145 tolerantiam
1631 1125 1709 1146 suam

69 1148 164 1175 culum
178 1148 243 1176 facti
262 1154 326 1178 sunt
337 1155 365 1178 et
377 1151 481 1186 angelis
492 1157 521 1180 et
538 1153 703 1188 hominibus,
719 1156 866 1185 haecnimi-
896 1182 903 1192 ι
918 1148 1090 1197 εὐίωρΙθι-θί.
1107 1167 1136 1190 ut
1156 1162 1380 1191 inexcusabiliter
1393 1163 1603 1191 convinceretur
1614 1164 1708 1202 diabo-

70 1201 134 1220 rnm
157 1201 210 1230 ego
228 1195 293 1230 ipsis
304 1196 434 1231 operibus
447 1198 601 1234 anticipans
616 1204 743 1236 tanquam
758 1203 785 1230 in
803 1208 866 1239 typo
918 1206 970 1239 lus,
981 1195 1109 1241 etjustus
1124 1214 1189 1235 vere
1205 1211 1351 1242 appareret
1361 1206 1424 1235 Job.
1443 1207 1498 1235 Hoc
1512 1208 1639 1235 nimirum
1655 1200 1708 1236 non

69 1240 221 1276 adimpleo,
242 1243 429 1277 spectaculum
455 1246 562 1273 cunctis
581 1246 704 1280 effectus,
720 1254 748 1276 et
761 1251 866 1284 angelis
919 1240 1048 1280 diuturno
1062 1259 1194 1281 annorum
1217 1240 1319 1288 spatio,
1334 1253 1382 1280 sed
1402 1253 1563 1282 brevissimo
1576 1253 1708 1281 mensium

70 1293 99 1316 et
125 1288 304 1317 ltouiinibus:
324 1295 353 1317 ut
376 1295 500 1325 penetret
523 1292 581 1321 hinc
606 1293 701 1334 relatio
728 1303 786 1323 mea
813 1305 864 1324 non
919 1304 1040 1335 tempore
1069 1299 1279 1327 irrefutabiliter
1307 1305 1527 1328 consummatum
1549 1304 1602 1328 est.
1625 1299 1710 1334 Hujus

70 1334 162 1363 solum
178 1342 193 1361 a
210 1336 350 1370 provincia
366 1336 392 1364 in
404 1337 586 1372 provinciam,
602 1339 649 1367 sed
660 1331 751 1368 adhuc
762 1341 866 1378 longius
899 1373 901 1375 ι
919 1331 1038 1382 namque
1056 1345 1094 1374 rei
1111 1346 1188 1374 testis
1205 1346 1401 1381 comprobatur
1417 1346 1500 1374 etiam
1519 1346 1576 1381 ipse
1591 1345 1653 1379 Job,
1668 1346 1709 1374 di-

69 1389 122 1417 per
141 1389 237 1410 omnes
253 1387 347 1418 gentes
359 1387 386 1410 et
403 1391 453 1418 per
466 1392 562 1412 omnes
586 1385 654 1414 lines
675 1391 764 1420 terrm.
782 1396 866 1426 “sime
919 1399 984 1420 cens
1000 1400 1008 1419 :
1036 1391 1161 1419 Sustinui
1182 1399 1282 1419 menses
1306 1399 1482 1424 supervacuos
1496 1391 1532 1423 ",
1554 1398 1607 1418 non
1623 1398 1710 1419 annos

70 1429 106 1456 ad
118 1429 383 1457 consummationem
397 1431 501 1459 saeculi.
515 1431 584 1459 Vere
597 1433 670 1460 enim
683 1441 755 1468 vere,
768 1442 786 1462 ο
797 1435 867 1463 ami—
879 1438 893 1449 ’
918 1438 966 1465 sed
976 1444 1094 1465 menses.
1108 1436 1176 1464 Nam
1193 1437 1263 1464 sicut
1279 1437 1313 1464 de
1324 1436 1464 1466 mensibus
1482 1443 1535 1463 non
1550 1436 1626 1463 siluit
1647 1435 1708 1470 Job,

71 1475 110 1507 ci,
125 1475 313 1510 spectaculum
329 1475 418 1506 factus
443 1482 486 1505 est
506 1477 600 1507 beatus
611 1478 662 1507 Job
677 1484 704 1507 et
717 1481 820 1516 angelis
838 1486 865 1509 et
883 1512 902 1517 Δ
918 1482 958 1511 sic
979 1482 1063 1510 multo
1079 1481 1195 1517 amplius
1215 1482 1249 1510 de
1264 1482 1344 1510 annis
1360 1489 1413 1510 nou
1428 1481 1550 1510 siluisset
1573 1481 1596 1509 si
1624 1488 1710 1508 annos

72 1522 242 1551 hominibus.
261 1522 329 1550 Nam
354 1530 450 1551 omnes
465 1524 590 1561 homines
612 1512 767 1560 stupentes:
785 1532 866 1562 atque
879 1512 902 1544 ο
917 1528 1101 1564 sustinuisset.
1113 1527 1191 1556 Nune
1200 1535 1265 1556 vero
1275 1528 1338 1563 quia
1354 1536 1406 1555 non
1415 1535 1502 1555 annos
1513 1527 1710 1561 sustinuit,sed

71 1568 244 1596 admirantes
260 1568 359 1604 duplici
378 1569 404 1596 in
419 1576 479 1597 eum
492 1570 571 1598 modo
585 1571 772 1605 intendebant,
785 1578 866 1609 atque
916 1581 1034 1607 menses,
1045 1573 1142 1602 merito
1149 1580 1216 1601 sane
1229 1580 1379 1601 annosuon
1391 1577 1535 1605 memorat,
1545 1580 1653 1601 menses
1661 1580 1710 1600 au-

70 1614 213 1649 geniinam
239 1615 271 1641 de
289 1614 335 1642 illo
361 1615 518 1649 opinionem
534 1616 666 1644 habentes
678 1617 804 1653 undique
832 1619 865 1646 ad
917 1618 1711 1653 temnominatdicens:Sustinuimenussnperoacuor.De-

71 1668 136 1688 eum
160 1660 364 1694 respiciebant:
382 1662 492 1696 quidam
506 1663 540 1690 de
557 1663 676 1697 peccatis
694 1662 768 1692 illum
784 1672 866 1693 accu-
916 1667 1031 1702 buerant
1046 1674 1112 1702 ergo
1130 1666 1158 1695 hl
1181 1666 1228 1702 qui
1249 1670 1305 1694 tres
1322 1674 1408 1694 annos
1424 1671 1453 1693 et
1473 1665 1615 1693 dimidium
1627 1665 1712 1693 fuisse

71 1706 173 1734 sabant
184 1707 254 1734 sicut
268 1707 392 1743 Eliphaz,
412 1708 571 1744 similesque
590 1709 651 1743 illi;
668 1710 713 1738 alii
731 1711 867 1740 nihilomi-
916 1713 1052 1750 passionis
1066 1712 1117 1741 Job
1132 1716 1268 1745 astruunt,
1284 1717 1339 1740 tres
1353 1719 1462 1739 menses
1473 1715 1500 1739 et
1511 1710 1653 1739 dimidium
1668 1711 1711 1738 di-

72 1759 126 1780 nus
141 1760 195 1779 non
208 1760 257 1788 pro
271 1754 391 1788 peccatis
405 1753 480 1782 illum
495 1756 742 1790 reprehendebant,
760 1757 807 1785 sed
820 1765 867 1793 ρο-
917 1767 989 1792 cere,
1000 1764 1030 1787 ut
1045 1764 1120 1787 certe
1133 1758 1174 1786 vel
1185 1766 1218 1786 ex
1235 1763 1313 1794 parte
1324 1757 1433 1786 veritati
1448 1765 1502 1785 non
1511 1757 1712 1789 rcsisterent,et
1749 1793 1751 1798 ι

73 1798 129 1826 tius
142 1798 247 1833 justum
263 1798 336 1826 illum
347 1805 514 1835 reputantes,
527 1802 731 1830 mirabanturin
740 1803 867 1831 omnibus
918 1803 1086 1831 Dominicum
1105 1802 1259 1838 exemplum
1285 1802 1351 1829 illud
1374 1801 1590 1830 consimilarent.
1613 1800 1712 1829 Tribus

71 1851 160 1879 quaea
181 1844 329 1874 Dominoei
344 1846 419 1874 illata
431 1847 548 1876 fuerant.
559 1847 692 1885 Similiter
705 1853 733 1876 et
745 1849 866 1878 omnium
919 1857 1036 1885 namque
1062 1849 1143 1878 annis
1165 1853 1193 1898 et
1220 1849 1331 1898 dimidio
1356 1847 1524 1898 prm‘dicavit'
1537 1846 1667 1898 Dominus
1686 1855 1711 1898 'a

71 1891 235 1927 angelorum
248 1895 277 1920 et
292 1892 435 1927 spirituum
461 1894 575 1929 geminat
591 1899 682 1930 partes
698 1895 726 1922 in
746 1902 808 1923 eum
824 1895 867 1923 in-
918 1895 1053 1931 baptismo
1066 1902 1153 1931 usque
1167 1894 1194 1942 in
1211 1893 1378 1942 passionem:
1392 1892 1447 1942 _Sic
1467 1896 1496 1919 et
1517 1891 1576 1942 ipsa
1598 1892 1712 1942 historia

73 1938 234 1967 tendebant.
259 1939 352 1967 Sancti
378 1939 488 1975 quidem
516 1939 604 1976 angeli
629 1939 678 1968 Dei
694 1947 757 1972 cum
770 1947 867 1976 magna
919 1948 972 1968 non
992 1944 1047 1968 tres
1061 1946 1147 1968 annos
1162 1938 1308 1988 significat,
1323 1938 1372 1988 sed
1391 1937 1474 1966 breve
1485 1937 1625 1988 lmensinnt
1645 1941 1714 1964 tem-

72 1985 259 2013 sollicitudine
285 1985 312 2013 in
333 1993 396 2013 eum
414 1985 611 2022 respiciebant,
631 1985 781 2014 tolerantia:
810 1986 869 2022 ejus
918 1994 980 2022 pus.
1004 1985 1125 2014 Primum
1143 1985 1253 2020 quidem
1278 1992 1326 2020 per
1350 1984 1408 2015 hoc,
1421 1982 1493 2018 quod
1515 1982 1628 2017 contigit
1651 1989 1712 2010 cum

72 2031 338 2060 consummationem
361 2037 565 2067 exspectantes,
579 2037 610 2061 ut
623 2033 657 2061 de
671 2032 786 2061 victoria
811 2033 870 2068 ejus
918 2040 983 2061 suas
997 2031 1090 2068 plagas
1106 2032 1132 2059 ei
1151 2031 1245 2059 intulit
1259 2031 1404 2080 malignus.
1415 2029 1488 2080 _Nam
1505 2028 1714 2080 semper‘adhnc

73 2079 171 2107 devote
204 2078 343 2106 ctelestem
365 2078 467 2114 Regem
499 2078 696 2112 collaudarent,
725 2079 868 2106 victoriam
921 2078 1007 2114 primo
1021 2077 1150 2120 loquente
1165 2077 1236 2105 alius
1251 2076 1462 2112 superveniehat
1477 2076 1599 2103 nuntius.
1613 2075 1714 2102 Deinde

70 2124 137 2160 justi
154 2124 219 2158 Job,
245 2130 328 2160 atque
356 2125 463 2154 ruinam
479 2125 576 2162 iniusti
598 2125 698 2154 diaboli
711 2130 867 2156 cernentes.
920 2124 1012 2151 statim
1032 2123 1092 2173 sine
1109 2131 1185 2173 mora
1204 2123 1354 2152 suavissima
1371 2130 1404 2150 ac
1418 2122 1531 2173 terribili
1552 2121 1631 2173 illum
1650 2128 1714 2173 per-

72 2170 137 2199 Post
150 2172 202 2200 hos
221 2179 318 2200 omnes
331 2171 459 2199 nimirum
483 2171 642 2206 nequissimi
659 2171 770 2207 spiritus
783 2171 871 2207 respi-
885 2200 908 2218 n
921 2169 1006 2200 cussit
1018 2169 1107 2205 plaga.
1124 2169 1190 2197 ltem
1207 2177 1268 2218 mox
1286 2176 1334 2204 per
1346 2175 1464 2218 uxorem.
1474 2167 1593 2199 seduxit.
1609 2166 1714 2218 deinde

72 2218 183 2246 ciebant
207 2218 235 2245 in
251 2225 314 2245 eum
332 2217 395 2245 lixis
418 2218 558 2246 obtutibus
571 2225 633 2246 eum
654 2217 869 2252 considerantes,
884 2212 908 2228 ν
921 2220 1121 2250 consequenter
1143 2216 1170 2243 in
1193 2214 1319 2242 ordinem
1340 2221 1389 2249 per
1411 2213 1514 2241 atuicos
1529 2212 1713 2247 reprehendit,

72 2267 189 2295 sollicite
227 2270 381 2301 sperantes,
418 2271 502 2300 atque
533 2269 735 2300 exspectantes,
762 2265 871 2300 quando
920 2269 982 2296 qua;
996 2261 1121 2289 universa
1134 2261 1161 2288 in
1177 2261 1273 2296 paucis
1289 2260 1429 2287 mensibus
1445 2259 1569 2294 perfecit.
1586 2258 1714 2285 Protinus

72 2312 253 2348 blasphemia:
268 2313 381 2341 verbum
395 2314 429 2339 ab
448 2320 481 2340 eo
497 2312 635 2344 audirem,
650 2305 769 2346 quando
785 2312 870 2339 male-
897 2339 899 2341 τ
919 2306 1117 2341 subscqueuter
1133 2306 1264 2334 Dominus
1280 2305 1314 2332 ad
1329 2313 1390 2333 eum
1417 2305 1525 2332 locutus
1548 2308 1590 2331 est
1610 2303 1714 2339 justum

72 2341 222 2390 dicti-onem
238 2359 416 2387 sermonisab
432 2366 465 2386 eo
477 2341 659 2394 susciperent.
670 2341 730 2385 'Sed
747 2357 870 2386 infelices
920 2352 993 2380 illutn
1013 2353 1141 2387 omnibus
1170 2353 1370 2384 demonstrans,
1390 2356 1471 2387 atque
1489 2357 1612 2380 sanctum
1638 2350 1713 2377 illum

71 2416 86 2436 a
99 2416 148 2444 spe
160 2416 212 2437 sua
228 2407 398 2440 deciderunt,
421 2414 482 2435 cum
498 2406 549 2435 Job
568 2405 783 2434 benedictionem
807 2412 868 2433 cum
896 2430 899 2433 _
919 2399 1025 2428 cunctis
1059 2399 1209 2428 testiﬂcans
1222 2418 1231 2432 ,
1254 2403 1284 2427 et
1303 2398 1356 2425 illis
1384 2397 1430 2433 qui
1460 2402 1524 2424 tunc
1545 2397 1662 2444 fuerunt,
1681 2398 1715 2436 [et

72 2463 225 2497 gratiarum
248 2460 406 2488 actionibus
428 2460 502 2488 omni
527 2465 649 2496 tempore
667 2459 724 2488 Deo
745 2459 868 2488 referret.

73 2515 119 2542 Sic
134 2516 231 2551 itaque
247 2515 315 2550 ipsis
337 2514 420 2542 rebus
443 2510 600 2549 adimplevit
616 2514 714 2542 beatus
726 2512 777 2542 Job
797 2513 868 2541 idem

74 2569 144 2604 quod
158 2573 223 2604 post
243 2568 296 2595 hoc
318 2574 332 2594 a
351 2567 453 2596 sanctis
472 2567 575 2595 dictum
597 2571 661 2595 est:
684 2566 869 2602 Spectacula»:

75 2621 142 2655 {acti
158 2629 252 2648 sumus
261 2619 371 2652 mundo,
385 2625 409 2647 ει
420 2619 521 2655 angelis
532 2624 555 2646 et
563 2619 711 2647 hominibus
721 2619 754 2647 “.
765 2618 805 2647 0b
816 2619 866 2647 hoc

75 2679 102 2702 et
112 2682 194 2710 super
206 2680 336 2702 acervum
354 2672 484 2701 stercoris
498 2677 575 2700 extra
587 2663 723 2701 civitatem
739 2672 808 2713 sedit
821 2672 866 2700 hic

75 2728 173 2764 iustus,
194 2732 306 2767 stercus
318 2734 351 2755 ac
364 2725 535 2765 putredinem
549 2725 712 2762 existimans
721 2731 802 2763 atque
816 2725 864 2768 de-

108 2820 133 2846 ’!
152 2820 161 2849 l
176 2819 241 2849 Cor.
265 2827 303 2853 tv,
319 2818 347 2847 9.
384 2818 406 2835 “
420 2817 470 2847 Job
488 2825 519 2854 tt,
531 2817 558 2846 9.
596 2816 617 2834 ”
629 2815 679 2845 Job
696 2815 784 2849 γωδ.

923 2445 984 2473 istis
1004 2445 1051 2481 qui
1088 2449 1169 2473 erunt
1202 2451 1290 2480 usque
1319 2444 1347 2472 in
1368 2448 1539 2479 perpetuum.
1557 2441 1620 2469 llaec
1636 2447 1714 2487 nant-

924 2499 978 2528 que
999 2492 1072 2520 intra
1097 2498 1200 2526 paucos
1221 2498 1330 2519 menses
1354 2489 1448 2525 perﬁci
1470 2490 1628 2523 potuerunt.
1654 2485 1713 2512 Non

921 2538 995 2566 enim
1010 2542 1071 2566 erat
1087 2532 1191 2573 justum
1203 2556 1212 2570 ,
1228 2544 1318 2572 neque
1334 2535 1457 2570 amplexa
1473 2539 1515 2561 est
1529 2533 1574 2561 Dei
1596 2532 1714 2580 bonitas.

922 2590 952 2613 ut
974 2583 1099 2620 plurimis
1127 2583 1208 2611 anuis
1229 2582 1430 2610 lamentabilem
1454 2581 1527 2626 illam
1552 2579 1709 2626 passionem

896 2658 899 2663 λ
916 2630 1006 2667 justus
1025 2628 1224 2659 sull'erretJob.
1240 2628 1374 2657 Omnibus
1393 2628 1483 2661 itaque
1497 2624 1586 2673 modis
1595 2624 1717 2673 nemon-

919 2677 1001 2706 strari
1019 2681 1118 2712 potest,
1139 2675 1202 2710 quia
1225 2682 1278 2702 non
1301 2673 1425 2709 plurimis
1440 2671 1521 2699 annis
1532 2689 1540 2703 ,
1556 2669 1603 2697 sed
1617 2669 1712 2702 paucis

919 2724 1069 2760 mensibus,
1093 2723 1152 2753 hac
1178 2723 1309 2753 universa
1332 2720 1441 2766 impleta
1468 2721 1542 2748 sunt.
1568 2714 1714 2752 Quomodo
