1909 3080
237 90 290 119 6⁸15

785 92 977 121 mosmos
995 92 1030 120 IN
1047 92 1118 122 tos.
1137 109 1172 115 —.
1191 93 1255 123 Lm.
1276 88 1309 122 tI'.

1821 95 1868 122 Uti

237 150 311 177 enim
326 148 443 177 suﬂ‘erre
455 154 580 185 poterant
592 147 689 177 carnes
701 149 763 183 Job.
780 151 822 178 vel
837 152 958 179 membra
971 171 978 183 ,
999 157 1029 178 ut
1040 152 1065 183 ‘A
1081 152 1171 180 minus
1195 151 1292 180 elliciet
1316 152 1451 180 suasionis
1474 151 1609 180 seductto.
1629 151 1810 187 Confugiam,
1832 154 1869 180 in-

238 197 326 224 tribus
342 197 421 224 annis
432 202 459 224 et
470 192 583 224 diinldio
594 204 608 223 s
622 197 762 225 vermiluts
777 205 809 225 ac
825 198 967 232 putredine
983 206 1028 225 es-

238 248 300 270 sent
321 248 441 270 comest:
453 243 466 270 2
487 242 628 276 Quomodo
647 248 773 278 poterant
797 244 913 271 sufferre
930 251 1029 273 carnes

239 290 299 322 ejus
312 297 343 316 ac
355 296 427 321 ossa,
445 294 474 316 ut
490 288 577 316 tribus
592 290 672 317 annis
687 295 714 317 et
728 291 843 318 dimidio
857 291 1029 319 amarissimo

238 335 331 362 dolore
353 334 450 361 fuisset
474 335 593 362 vexata?
614 335 642 362 In
664 343 716 371 qua
740 336 913 363 amarissima
935 343 1027 371 plena,

236 380 325 407 omnis
345 380 422 406 furor
439 385 467 407 et
490 380 643 416 indignatio
665 381 775 417 maligni
798 382 898 410 diaboli
917 388 964 410 ’θαι
979 383 1027 411 de-

235 430 397 453 monstrata.
421 425 487 453 Post
508 427 604 454 horum
626 434 742 462 namque
757 428 878 455 omnium
892 428 1027 463 approba-

235 474 339 500 tionem
352 473 437 501 dicit:
454 473 576 501 Plurima
591 478 678 501 autem
696 479 812 508 tempore
828 475 983 509 interposito
991 475 1026 502 ".

235 519 268 547 Et
279 527 350 547 unus
364 520 468 547 mensis
483 524 591 554 tempus
602 524 653 552 est,
675 523 703 547 et
717 519 771 547 duo
785 520 827 548 vel
847 526 904 548 tres
920 529 1028 549 menses

234 565 382 602 plurimum
406 571 513 600 tempus
534 570 575 592 est
589 574 597 593 :
628 565 731 592 idcirco
748 573 802 593 non
819 567 886 595 dicit
901 567 1027 602 plurimis

222 615 298 637 tante
311 611 406 642 annis,
424 611 473 637 sed
489 610 624 644 plurimo,
639 611 745 645 inquit,
761 615 893 646 tempore.
916 611 983 638 Nam
1000 618 1027 640 et

235 657 397 692 frequenter
415 657 542 692 proximo
556 656 648 691 aliquo
661 656 812 691 quemlibet
833 658 986 690 mittentes,
1003 658 1026 686 si

236 703 411 737 tardigradus
432 702 514 729 fuerit
532 702 555 729 is
567 703 616 737 qui
631 703 728 730 missus
740 707 800 736 est,
823 709 1026 732 murmurantes

235 748 306 775 soliti
321 752 385 775 sunt
399 747 593 781 dicere:Quid
616 748 707 776 fecisti
730 753 806 777 tanto
828 751 970 784 tempore?
997 751 1025 778 Si

235 802 300 828 ergo
322 795 379 822 dies
399 796 505 829 tempus
528 795 629 822 dicitur
652 795 787 830 prolixum
801 816 809 828 ,
830 796 923 824 multo.
940 798 1026 832 magis

235 841 368 868 mensium
400 845 508 877 tempus
536 841 671 877 prolixum
697 847 779 876 atquc
801 842 946 876 plurimum
974 844 1027 871 dici

234 893 334 922 potest.
357 887 398 915 0b
421 888 474 915 hoc
495 896 561 923 ergo
584 889 651 916 dicit
669 888 785 924 plurimo
806 894 927 924 tempore
942 890 1028 917 inter-

234 933 333 969 posito.
354 932 502 961 Plurimum
520 942 637 969 namque
651 939 820 962 memoratur
839 934 890 962 hoc
909 939 1027 969 tempus,

222 987 286 1007 -non
302 980 336 1007 ob
350 980 401 1007 hoc
414 979 500 1007 solutn
514 981 585 1014 quod
598 980 744 1015 plurimum
758 979 843 1008 fuerit
857 979 1028 1015 lOngitudine

234 1026 375 1060 temporis,
398 1026 440 1053 vel
459 1026 540 1060 spatii
561 1027 734 1061 prolixitate,
752 1026 799 1054 sed
822 1027 940 1054 maxime
963 1035 1027 1062 pro-

233 1079 294 1107 pter
313 1073 459 1108 plurimttm
480 1073 610 1106 dolorem,
631 1072 778 1108 plurimum
800 1073 899 1101 dicitur
911 1079 938 1101 et
955 1074 1027 1101 acsti-

218 1116 324 1148 ‘matur
341 1115 391 1147 hoc
412 1124 519 1154 tempus
535 1119 630 1147 fuisse.
644 1118 774 1152 Plurimo,
788 1120 887 1156 inquit.
904 1125 1026 1155 tempore

233 1165 405 1200 interposito,
425 1170 537 1200 propter
559 1164 706 1200 plurimam
726 1165 892 1199 passionem,
915 1170 1027 1200 propter

233 1212 400 1239 acerrimum
412 1211 550 1244 dolorem,
562 1215 674 1246 propter
688 1211 960 1239 vehementissimum
973 1212 1027 1239 vul-

232 1266 294 1290 nus,
313 1264 423 1293 propter
439 1257 638 1285 amarissimam
654 1265 776 1294 pinnam.
797 1257 919 1286 Plurimo
935 1263 1024 1286 autem

232 1309 354 1339 tempore
370 1304 541 1338 illlerpOsilo,
558 1309 670 1339 propter
686 1304 828 1340 plagarum
844 1304 1024 1338 nimietatem,

232 1355 345 1385 propter
371 1350 513 1377 humorem
539 1357 637 1384 corpus
660 1355 742 1384 atque
764 1350 886 1378 membra
910 1350 1025 1384 liquefa-

231 1397 367 1428 t-ienlcm,
392 1401 442 1430 pro
467 1395 620 1423 innumeris
648 1395 787 1423 vermibus
815 1403 915 1423 nervos
943 1401 1025 1431 atque

230 1450 292 1469 ossa
315 1442 520 1470 devorantibus.
552 1440 606 1468 Pro
639 1440 681 1468 his
705 1440 833 1468 omnibus
859 1441 964 1475 magnis
993 1437 1039 1468 ac'

230 1488 356 1523 plurimis
383 1488 512 1523 gravibus
542 1491 623 1521 atque
640 1486 807 1514 terribilibus
827 1486 1023 1514 exsistentibus

215 1535 377 1570 ‘plurimum
401 1533 487 1561 fuisse
508 1533 559 1561 hoc
572 1536 679 1567 tempus
699 1536 877 1558 memoratur.
900 1531 1021 1559 Plurimo

213 1576 322 1607 'antetn
339 1585 460 1615 tempore
476 1579 638 1614 interposito
649 1598 657 1611 ,
678 1585 740 1606 cum
759 1577 810 1605 Job
826 1585 879 1604 non
897 1585 1023 1605 succum-

229 1625 318 1658 beret,
333 1632 420 1660 neque
438 1623 638 1656 debilitaretur,
657 1631 744 1658 neque
759 1623 961 1656 delassaretur,
977 1630 1024 1650 ne-

229 1679 283 1707 que
305 1671 452 1702 deficeret,
468 1671 516 1698 sed
533 1670 560 1698 in
582 1670 685 1698 eisdem
706 1669 856 1705 gratiarum
872 1669 1025 1697 actionibus

229 1722 312 1752 atque
329 1715 549 1745 confessionibus
563 1720 748 1751 permaneret.
761 1715 839 1744 Unde
849 1715 922 1743 enim
929 1716 1023 1750 cmpit,

230 1764 285 1791 illic
300 1768 328 1790 et
345 1762 543 1798 perseveravit,
560 1762 587 1789 in
604 1762 756 1797 gratiarum
773 1761 928 1789 actionibus
943 1766 1024 1795 atque

229 1809 476 1838 benediCtionibus.
496 1807 555 1841 Sit,
581 1808 685 1844 inquit,
704 1815 800 1835 nomen
818 1807 923 1834 Domini
946 1807 1022 1834 bene-

228 1855 329 1883 dictum
351 1856 378 1882 in
393 1854 492 1882 uacula
503 1854 538 1882 “.
554 1853 621 1881 Cum
635 1854 662 1880 in
676 1853 737 1881 istis
754 1860 820 1888 ergo
837 1857 1024 1888 perseveraret

228 1901 291 1935 Job,
309 1902 492 1937 nequissimus
511 1899 636 1928 diabolus
657 1900 809 1935 obstupuit,
833 1900 954 1934 expavit,
978 1899 1025 1926 de-

229 1949 366 1983 speravit,
385 1953 467 1983 atque
486 1945 665 1981 semetipsum
686 1953 850 1973 consumens
868 1945 955 1972 dixit:
969 1944 1021 1973 Ubi

228 1999 269 2022 est
297 1995 473 2030 praesumptio
508 1992 589 2020 mea?
616 1992 662 2019 ubi
689 1996 732 2020 est
757 1992 893 2020 audacia?
912 1991 959 2019 ubi
982 1996 1025 2019 est

228 2044 305 2072 labor
324 2044 418 2071 meus?
435 2042 548 2070 Omnem
563 2041 774 2068 sollicitudinem
794 2041 923 2074 exercui,
944 2046 972 2068 et
994 2041 1022 2069 in

227 2090 279 2118 Job
292 2089 358 2117 nihil
375 2089 436 2122 feci;
451 2087 542 2115 omnia
560 2092 719 2122 argumenta
734 2087 851 2121 ostendi,
868 2092 895 2115 et
914 2087 1024 2114 fortituo

207 2126 213 2170 ξ
228 2136 319 2164 dinem
335 2135 384 2162 Job
397 2143 449 2162 non
468 2134 575 2168 deieci;
594 2140 690 2161 omnes
711 2133 827 2168 sagittas
848 2134 1023 2168 nequissima:

1080 198 1150 233 quit,
1175 199 1210 225 ad
1233 198 1345 233 antiqua
1367 205 1426 226 mea
1452 205 1538 231 arma,
1563 205 1613 233 per
1632 205 1693 233 qua:
1716 199 1802 225 Adam
1827 207 1868 226 se-

1079 245 1191 271 ductum
1211 244 1393 279 sttpplantavi.
1419 243 1476 271 Illic
1493 249 1620 278 serpente
1640 251 1684 271 me
1708 244 1824 272 induens
1838 246 1868 271 ad

1068 289 1162 316 'Evam
1178 289 1284 316 locutus
1300 296 1371 322 sum,
1389 288 1486 316 deinde
1500 295 1549 323 per
1563 288 1647 316 Evam
1663 288 1772 316 locutus
1784 288 1868 316 Adam

1079 336 1185 364 seduxi.
1207 335 1292 364 Habet
1309 335 1392 363 etiam
1408 334 1459 363 Job
1475 341 1588 362 uxorem
1600 354 1608 366 .
1623 342 1676 369 qua
1693 342 1738 362 me
1755 334 1870 364 inducas

1079 381 1216 410 subtiliter
1227 390 1278 417 per
1290 381 1363 409 illam
1380 388 1442 409 eum
1460 381 1598 413 seducam,
1615 386 1698 416 atque
1713 381 1869 408 fraudulen-

1078 431 1121 456 ter
1135 429 1325 464 persuadeam.
1340 427 1409 455 Cum
1424 427 1482 455 haec
1499 427 1568 462 apud
1581 434 1611 455 se
1624 428 1774 462 cogitaret,
1790 431 1869 463 atque

1079 475 1258 503 meditaretur
1279 474 1472 509 nequissimus.
1493 473 1584 502 statim
1606 481 1675 501 uxor
1693 481 1725 501 os
1749 473 1785 500 ad
1807 481 1869 509 per-

1077 521 1244 548 suadendum
1269 520 1377 556 aperire
1400 520 1565 556 properavit.
1580 519 1657 554 Quod
1675 520 1870 547 demonstrans

1079 567 1136 594 haec
1152 565 1294 601 Scriptura
1309 567 1374 594 dicit
1387 575 1395 593 :
1415 566 1534 594 Plurima
1550 572 1637 593 autem
1653 571 1770 600 tempore
1786 566 1869 592 inter-

1077 612 1180 646 posito,
1211 612 1279 638 dixit
1303 612 1338 638 ad
1364 620 1424 639 eunt
1457 619 1527 639 uxor
1553 612 1611 646 ejus
1622 611 1655 638 "'.
1679 611 1803 638 Plurima
1824 619 1870 637 au-

1077 662 1130 684 tem
1156 662 1279 692 tempore
1309 658 1486 694 interposito,
1505 665 1566 685 cum
1595 657 1646 685 Job
1667 662 1869 693 perseveraret,

1077 708 1106 731 et
1130 711 1182 731 non
1206 704 1409 737 immutaretur,
1433 711 1495 732 cum
1509 703 1560 731 Job
1578 703 1603 731 in
1628 703 1680 731 fide
1702 704 1868 736 firmaretur,

1077 753 1106 776 et
1132 749 1159 775 in
1178 750 1292 776 veritate
1310 749 1503 780 roboraretur.
1527 750 1687 777 fundaretur
1707 749 1734 776 in
1760 750 1869 784 pietate,

1079 799 1160 829 atque
1183 795 1209 822 in
1232 795 1337 830 justitia
1361 795 1600 828 constabiliretttr,
1620 796 1646 823 in
1667 796 1808 824 cbaritate
1832 795 1870 823 in-

1078 845 1243 872 strueretur,
1266 845 1294 868 ct
1315 841 1343 868 in
1365 842 1516 876 gratiarum
1538 841 1690 869 actionibus
1710 842 1870 877 persisteret

1078 887 1191 914 devotus
1214 892 1293 922 atque
1314 887 1459 920 sollicitus.
1477 896 1538 916 cum
1555 888 1581 916 in
1599 889 1755 924 huiusmodi
1774 896 1871 916 conso-

1078 933 1171 960 nantia
1189 933 1240 961 Job
1257 934 1428 969 persisteret,
1448 935 1516 962 dixit
1531 935 1564 962 ad
1585 941 1646 962 eum
1664 943 1733 962 uxor
1749 935 1820 970 ejus.
1840 935 1871 963 Et

1078 986 1174 1007 revera
1188 988 1240 1007 non
1257 988 1326 1008 uxor
1339 980 1425 1014 dixit,
1443 981 1491 1009 sed
1507 981 1633 1009 diabolus
1643 981 1690 1016 qui
1705 989 1755 1017 per
1769 989 1802 1010 os
1815 981 1871 1015 ejus

1077 1029 1118 1052 est
1133 1024 1250 1058 locutus,
1264 1026 1310 1061 qui
1330 1025 1489 1061 frequenter
1504 1027 1645 1054 consuevit
1660 1026 1734 1062 loqui
1750 1027 1784 1053 ad
1800 1029 1870 1055 viros

1076 1078 1127 1106 per
1145 1079 1177 1099 os
1196 1071 1351 1104 mulierum,
1374 1072 1420 1108 qui
1443 1079 1514 1108 stt-pe
1534 1072 1631 1100 solitus
1651 1077 1694 1100 est
1710 1073 1869 1100 subvertere

1077 1117 1151 1146 viros
1168 1125 1218 1153 per
1230 1126 1261 1146 os
1273 1119 1420 1154 conjugum
1432 1139 1440 1153 ,
1454 1125 1536 1154 atque
1551 1120 1584 1146 ad
1600 1119 1671 1146 mala
1686 1119 1828 1147 concitare
1845 1126 1870 1147 et

1077 1163 1148 1190 mala
1162 1165 1271 1197 docere,
1294 1165 1415 1199 rapinas,
1436 1165 1597 1198 calumnias,
1613 1165 1784 1198 violentiam,
1800 1166 1870 1200 cupi-

1076 1211 1202 1243 ditatem,
1216 1211 1367 1238 alienormn
1384 1211 1579 1246 appetentiam,
1593 1216 1674 1246 atque
1685 1212 1782 1239 odium
1797 1212 1869 1240 circa

1076 1257 1226 1291 proximos.
1255 1257 1428 1292 Frequenter
1454 1257 1526 1284 enim
1559 1257 1689 1284 invidiam
1716 1258 1869 1285 accendunt

1076 1303 1149 1331 inter
1174 1303 1265 1336 viros,
1292 1304 1364 1331 sicut
1389 1304 1506 1331 invicem
1534 1310 1646 1338 propter
1667 1303 1868 1338 improbitatem

1075 1358 1152 1377 suam
1167 1349 1355 1385 litigaverunt.
1377 1350 1514 1377 Continuo
1531 1349 1583 1377 illa:
1598 1350 1625 1377 in
1644 1349 1772 1378 infelices
1797 1349 1868 1376 viros

1076 1395 1137 1424 odia
1151 1400 1234 1430 atque
1248 1394 1440 1422 contentiones
1453 1394 1605 1421 adinvicem
1621 1394 1744 1421 excitare
1758 1397 1869 1420 conten-

1076 1441 1152 1468 dunt.
1170 1441 1245 1474 Quos
1267 1447 1327 1468 cum
1344 1440 1398 1468 sint
1415 1440 1521 1475 paciﬂcl
1543 1445 1624 1475 atque
1638 1440 1794 1472 unanimes,
1809 1447 1867 1466 cum

1075 1487 1238 1514 adversariis
1260 1487 1317 1514 suis
1337 1486 1395 1514 sive
1415 1486 1458 1514 his
1479 1487 1525 1521 qui
1543 1486 1617 1514 intus
1637 1490 1719 1517 sunt,
1740 1486 1801 1513 sive
1824 1486 1867 1520 qui

1075 1532 1142 1560 foris
1164 1538 1228 1561 sunt
1241 1554 1248 1565 ,
1266 1533 1415 1561 concordes
1436 1537 1509 1561 stare
1526 1536 1686 1568 op0rtnerat
1700 1537 1730 1560 et
1750 1539 1781 1560 se
1800 1532 1868 1559 invi-

1074 1587 1133 1606 cem
1148 1579 1295 1607 defendere
1307 1600 1314 1612 ,
1331 1584 1414 1614 atque
1429 1579 1547 1607 invicem
1565 1578 1711 1613 adjuvare,
1726 1578 1774 1606 isti
1788 1578 1867 1605 nimi-

1075 1633 1134 1653 rum
1149 1626 1354 1661 compelluntur
1371 1631 1483 1661 propter
1497 1626 1632 1660 nequitias
1644 1632 1761 1652 uxorum
1773 1625 1869 1652 adver-

1074 1679 1134 1699 sum
1149 1671 1266 1698 invicem
1282 1672 1425 1707 insurgere
1443 1676 1470 1699 et
1491 1679 1520 1699 se
1542 1671 1656 1698 invicem
1676 1671 1740 1699 odio
1756 1670 1867 1703 habere.

1074 1725 1128 1753 quo
1143 1716 1250 1753 possint
1268 1717 1424 1752 iniquarum
1439 1725 1555 1744 uxorum
1570 1716 1680 1744 malitiae.
1695 1715 1866 1743 satisfacere.

1074 1763 1246 1798 Frequenter
1257 1763 1330 1790 enim
1343 1771 1392 1798 per
1403 1763 1548 1798 coniugum
1561 1770 1592 1790 os
1603 1763 1661 1790 haec
1674 1762 1739 1789 talia
1749 1762 1868 1796 loquitur

1074 1809 1198 1836 diabolus
1215 1809 1248 1836 ad
1269 1809 1354 1841 viros.
1374 1809 1531 1844 frequenter
1546 1808 1613 1836 dicit
1632 1808 1665 1835 ad
1680 1808 1755 1835 viros
1776 1815 1825 1843 per
1839 1815 1868 1834 os

1074 1855 1218 1890 cor-jugum
1236 1855 1339 1883 :Existi
1356 1855 1430 1883 foras
1442 1875 1449 1888 ,
1469 1859 1496 1882 et
1513 1855 1580 1882 nihil
1595 1856 1667 1882 intro
1680 1855 1810 1882 attulisti.
1832 1854 1867 1882 De

1073 1901 1117 1929 via
1133 1901 1243 1934 venisti,
1256 1906 1284 1929 et
1296 1901 1388 1929 vacuis
1401 1902 1527 1929 manibus
1542 1902 1651 1929 domutn
1668 1901 1802 1928 introisti.
1816 1901 1866 1927 Alii

1074 1951 1150 1980 eunt,
1164 1952 1192 1975 et
1209 1949 1313 1975 reversi
1327 1946 1464 1974 afferunt:
1483 1946 1528 1974 alii
1549 1946 1762 1981 proficiscuntur
1780 1952 1808 1973 et
1822 1954 1865 1972 ve-

1074 1993 1181 2020 nientes
1201 1993 1399 2028 perducuntur.
1422 1991 1462 2019 Tu
1485 2000 1549 2020 vero
1562 1993 1681 2023 deterior
1695 1993 1803 2020 caeteris
1816 2013 1824 2025 ,
1839 1997 1865 2020 tu

1073 2044 1164 2066 autem
1176 2038 1293 2066 debilior
1305 2039 1382 2072 viris,
1403 2038 1527 2066 inutilior
1548 2040 1665 2071 cunctis,
1683 2039 1793 2074 aliaque
1808 2040 1865 2074 pln-

1075 2084 1142 2112 rinta
1163 2092 1229 2120 quas
1245 2085 1332 2112 solita:
1353 2085 1445 2120 impia:
1466 2085 1596 2113 mulieres
1622 2085 1695 2120 loqui
1718 2086 1787 2113 viris
1811 2087 1865 2114 suis

1074 2129 1203 2165 cogentes
1227 2138 1274 2158 eos
1296 2131 1330 2158 ad
1354 2130 1441 2163 mala,
1463 2134 1545 2165 atque
1566 2131 1672 2158 animas
1698 2132 1822 2159 virorum
1837 2132 1863 2159 in

229 2183 365 2217 pharetras
389 2189 456 2208 mea:
481 2181 623 2212 evacuavi,
649 2184 677 2207 et
693 2178 816 2206 animam
827 2178 878 2206 Job
895 2186 948 2206 llOll
963 2180 1022 2206 vul-
1037 2179 1061 2209 υ
1072 2177 1209 2205 modicum
1227 2182 1360 2212 quaestum
1379 2177 1577 2210 venundantes,
1593 2177 1636 2205 vel
1648 2179 1739 2212 potius
1750 2179 1865 2213 perden-

207 2223 210 2228 ’
230 2228 335 2254 neravi.
351 2227 446 2260 Filios,
462 2227 559 2262 inquit,
575 2227 633 2262 ejus
648 2226 753 2262 perdidi
769 2231 796 2253 et
809 2232 917 2252 sensum
933 2225 990 2259 ejus
1005 2233 1021 2252 a

231 2274 286 2300 Deo
302 2281 354 2300 non
374 2273 562 2308 prazvaricavi.
581 2272 650 2299 Rem
673 2271 836 2299 familiarem
858 2272 917 2306 ejus
933 2277 1022 2299 exter-

207 2307 209 2311 ,
230 2316 348 2350 minavi,
364 2307 410 2343 sed
426 2316 586 2344 charitatem
602 2316 661 2351 ejus
676 2324 757 2351 quam
778 2317 862 2344 habet
881 2317 954 2343 circa
971 2317 1022 2343 Do-

230 2362 333 2389 minum
347 2362 431 2389 Deum
456 2370 509 2390 non
534 2362 662 2390 exstinxi.
682 2362 799 2390 Carnem
825 2367 853 2389 et
876 2369 937 2389 ossa
962 2360 1021 2395 ejus

229 2408 368 2436 vermibus
388 2413 469 2443 atque
483 2408 626 2442 putredine
637 2409 807 2444 consumpsi,
823 2408 870 2436 sed
883 2409 963 2437 fidem
980 2414 1022 2436 at-

229 2463 282 2491 que
297 2455 484 2483 sinceritatem
501 2454 599 2482 animae
613 2454 671 2488 eius
686 2463 740 2482 non
757 2455 868 2482 violavi.
885 2455 955 2489 Quid
970 2455 1022 2490 igi-

229 2509 273 2531 tur
293 2502 389 2531 faciam
411 2502 450 2530 illi
470 2501 561 2529 adhuc
581 2501 653 2535 quod
675 2509 728 2529 non
751 2501 823 2530 feci?
848 2502 919 2536 Quid
943 2503 971 2530 in
989 2510 1022 2530 eo

229 2556 373 2577 exerceam
388 2549 477 2576 adhuc
492 2547 564 2582 quod
580 2553 632 2573 non
654 2547 787 2575 exercui?
803 2547 875 2583 Ergo
894 2547 957 2583 quia
974 2556 1023 2583 per

202 2625 207 2629 ,
228 2597 357 2624 universa
374 2595 507 2630 supplicia
533 2599 615 2629 atque
639 2598 775 2621 tormenta
798 2601 897 2630 cogere
912 2601 975 2622 eum
993 2599 1023 2622 ut

229 2644 314 2671 Deum
330 2642 497 2678 relinqueret
514 2649 567 2669 non
582 2641 675 2676 potui,
689 2640 829 2668 conferam
842 2660 849 2673 ,
866 2640 964 2676 inquit,
977 2647 1021 2668 tne

205 2714 216 2726 ._
229 2687 262 2713 ad
274 2686 472 2720 scductionem,
487 2685 629 2714 conferant
647 2685 681 2712 ad
699 2685 915 2719 persuasionem.
929 2685 1021 2713 Forsi-

231 2738 277 2761 tan
289 2733 362 2761 enim
373 2734 444 2767 quod
459 2741 512 2762 non
526 2732 610 2760 valuit
623 2739 710 2767 pinnae
721 2731 840 2764 coactio,
853 2731 906 2758 hoc
920 2731 1020 2760 nihilo-

266 2823 288 2839 "
301 2822 349 2851 Job
364 2831 394 2857 ιι,
413 2824 441 2853 9.
479 2824 501 2841 ⁵⁸
516 2823 565 2852 Job
583 2831 602 2858 I,
615 2823 660 2852 ἐι.
700 2824 722 2840 ¹⁷
737 2823 788 2852 Job
803 2831 833 2858 tt,
850 2824 877 2852 υ.

1073 2228 1132 2251 tes:
1149 2223 1247 2259 quibus
1265 2231 1338 2251 curae
1355 2232 1407 2251 non
1427 2228 1468 2251 est
1481 2224 1553 2252 unde
1573 2225 1718 2260 acquirant
1739 2226 1792 2252 viri
1812 2231 1863 2252 tam

1072 2277 1106 2298 ex
1125 2269 1228 2304 rapinis
1252 2277 1333 2305 quam
1361 2270 1443 2297 etiam
1463 2277 1496 2297 ex
1511 2270 1622 2305 prmdis.
1640 2275 1695 2298 tam
1708 2278 1743 2298 ex
1764 2271 1864 2298 violen-

1073 2316 1118 2344 tiis
1144 2323 1226 2351 quam
1257 2323 1291 2343 ex
1312 2315 1410 2349 l'urtls,
1432 2320 1536 2343 tantum
1551 2321 1581 2343 ut
1603 2316 1629 2343 in
1649 2325 1734 2344 unum
1760 2325 1864 2345 coacer-

1072 2367 1171 2390 vantes
1191 2362 1246 2390 illis
1269 2361 1394 2389 afferant.
1419 2362 1479 2389 Ista:
1500 2370 1572 2389 verat
1588 2367 1652 2390 sunt
1671 2364 1864 2391 subversioues

1072 2407 1203 2436 virorum.
1223 2407 1285 2435 Iste
1300 2412 1364 2435 sunt
1379 2408 1546 2442 perditiones
1567 2408 1707 2441 virorum,
1731 2416 1782 2443 per
1799 2416 1864 2444 qua-

1071 2461 1130 2480 mm
1144 2461 1176 2482 os
1191 2453 1226 2482 ad
1240 2453 1371 2489 plurimos
1386 2453 1507 2488 loquitur
1520 2453 1655 2488 diabolus,
1671 2459 1734 2489 post
1748 2463 1863 2490 quarunt

1069 2500 1151 2527 verba
1172 2499 1296 2527 conversi
1314 2500 1433 2535 plurimi,
1455 2501 1547 2528 miseri
1568 2499 1658 2528 eﬂ‘eCti
1682 2506 1748 2528 sunt
1765 2506 1795 2529 et
1811 2500 1863 2528 θαί-

1069 2545 1191 2578 ciuntur,
1206 2549 1234 2572 et
1243 2552 1326 2579 super
1341 2549 1441 2572 terratn
1457 2549 1484 2572 et
1500 2545 1526 2572 in
1537 2545 1613 2580 [coelo
1625 2550 1652 2572 et
1665 2547 1738 2580 apud
1752 2553 1863 2580 superos

1070 2598 1098 2621 et
1115 2593 1185 2627 apud
1208 2592 1325 2619 inferos.
1347 2591 1394 2618 Sic
1414 2591 1502 2619 locuta
1521 2597 1564 2619 est
1577 2592 1705 2624 Jezabel,
1726 2597 1755 2619 et
1770 2592 1863 2620 Achab

1073 2638 1201 2673 perdidit.
1228 2637 1274 2665 Sic
1297 2637 1384 2664 locuta
1407 2641 1450 2664 est
1465 2636 1597 2665 Herodias
1612 2642 1640 2665 et
1655 2637 1793 2666 Herodem
1812 2638 1863 2665 fra-

1075 2691 1143 2713 trem
1162 2684 1278 2720 Philippi
1297 2682 1446 2711 interfecit.
1469 2684 1516 2712 Sic
1535 2684 1633 2712 locnta:
1655 2690 1720 2712 sunt
1741 2685 1861 2720 plurima

1074 2739 1135 2767 quae
1151 2731 1246 2760 multis
1265 2729 1335 2758 mala
1351 2729 1533 2764 ingesserunt.
1549 2729 1595 2758 Sic
1609 2730 1703 2765 utique
1721 2735 1751 2760 et
1765 2732 1800 2759 ad
1813 2730 1862 2759 Job
