1909 3080
42 88 90 116 477

582 85 787 116 «ΑΝοΝΥΜυς
804 86 838 114 1Ν
858 85 928 114 1011.
947 84 1065 112 -·ι.ιθ.
1084 83 1117 112 ΙΙ.

1611 87 1666 116 "8

43 150 108 185 loqui
120 149 208 184 cmpit
218 156 290 177 uxor
302 149 370 184 eius,
384 153 412 177 et
424 149 546 177 diabolus
558 156 607 185 per
617 157 648 178 os
660 149 742 182 illius,
756 149 828 178 sicut
841 151 864 180 Α
879 147 969 175 (ieram
984 147 1004 174 '.
1021 147 1182 182 Serpentem
1199 146 1270 176 dixit
1284 147 1398 183 dixisse,
1419 149 1466 178 sed
1484 157 1538 178 aon
1553 156 1666 185 serpens

40 201 66 223 et
81 203 128 230 per
145 195 215 223 alias
241 196 276 223 ad
296 195 363 223 alios
385 195 490 223 locutus
511 198 553 224 est
573 201 601 223 et
619 196 748 231 loquitur.
773 195 826 224 Sed

42 247 90 268 non
103 241 221 268 audiunt
244 241 304 269 illas
329 241 502 269 rationabiles
521 241 606 269 Deum
625 242 761 276 timentes,
779 241 827 278 qui

43 286 131 314 aterni
151 286 251 321 iudicii
268 287 427 314 metuendos
446 293 541 321 pcenas
560 285 706 314 formidant
725 294 828 314 memo-

43 339 99 365 res,
125 332 197 358 sicut
216 337 248 359 et
265 331 316 359 Job
334 339 387 359 non
406 333 519 361 audivit.
538 332 597 360 Cur
618 337 709 361 autem
734 340 828 368 repre-

43 377 131 404 hendit
150 384 268 404 uxorem
286 377 338 405 Job
352 383 481 412 tanquam
501 378 698 406 deservientem
717 379 826 413 nequis-

43 424 106 451 simo
121 423 202 458 angui
218 423 349 451 diabolo?
370 423 558 459 Reprehensio
578 432 698 460 namque
712 429 753 452 est
770 425 829 453 haec

44 469 141 503 ingens,
160 472 245 503 atque
273 468 431 504 increpatio.
453 468 574 497 Primum
593 470 702 505 quidem
722 470 758 498 ob
777 471 829 498 hoc

45 521 97 540 eam
120 513 299 548 reprehendit
317 519 400 550 atque
420 514 558 550 objurgat,
576 521 607 543 ut
626 516 719 543 norint
733 523 829 544 omnes

46 560 172 591 viventes,
193 559 262 594 quia
284 566 339 587 non
357 564 400 588 est
416 567 592 596 personarum
607 566 734 596 acceptor
744 561 826 593 Deus,

44 610 69 632 et
77 605 136 640 quia
149 612 202 632 non
215 605 346 641 despicit,
361 614 448 641 neque
460 608 523 635 silet
536 614 586 642 pro
597 614 708 635 suorum
720 608 829 635 delictis

46 656 117 685 atque
135 651 310 686 ignorantiis,
327 659 414 686 neque
431 653 537 688 magnis
551 658 639 688 neque
651 652 765 687 pusillis.
780 660 829 680 ne-

45 704 90 732 que
100 697 126 724 in
140 697 244 730 verbis,
265 704 354 732 neque
370 698 502 726 intactis.
520 698 561 727 0b
575 699 627 726 hoc
644 699 716 726 enim
737 703 764 726 et
778 697 829 726 Sa-

48 752 97 771 rsm
116 744 178 771 olim
199 744 342 772 ridentem
365 753 396 773 ac
413 746 621 781 promissionem
637 754 714 774 suam
735 753 828 782 asper-

47 794 146 817 nantem
158 790 314 826 redarguit.
334 792 374 819 Ob
391 792 442 818 hoc
455 792 538 819 etiam
552 799 623 820 nunc
638 792 700 820 istic
714 799 826 820 uxorem

47 835 89 864 Job
109 837 198 872 arguit
213 841 300 871 atque
320 837 512 871 reprehendit,
529 841 560 864 ut
578 842 682 865 cunctae
698 837 826 866 mulieres

48 888 150 910 caveant
172 890 208 910 ne
226 882 383 917 cuiuspiam
406 890 500 911 earum
520 884 604 911 corda
622 883 747 910 diabolus
763 885 827 910 sub-

48 933 136 961 vertat,
149 936 186 971 ne
199 936 231 956 os
250 936 348 956 earum
364 929 482 956 Satanas
504 929 622 964 aperiat,
642 937 676 957 ne
694 928 827 968 malignus

49 975 144 1008 spiritus
164 982 213 1010 per
234 975 309 1002 labia
333 982 427 1002 earnm
451 975 597 1009 loquatur,
621 982 654 1002 ne
672 975 828 1003 deserviant

50 1020 142 1047 diabolo
160 1028 209 1056 pro
237 1021 420 1049 subversione
447 1021 600 1048 animarum
624 1022 743 1049 virorum
764 1029 827 1050 suo-

51 1072 110 1092 rum.
125 1066 156 1093 Et
175 1066 209 1093 ad
229 1066 283 1094 hoc
297 1066 474 1102 reprehendit
487 1074 600 1094 uxorem
615 1066 676 1100 Job,
692 1074 751 1102 qua:
769 1067 827 1094 dia-

50 1110 102 1138 bolo
116 1112 259 1139 deservivit
276 1120 326 1148 pro
343 1113 520 1140 subversione
535 1113 604 1148 ejus,
620 1118 650 1141 ut
669 1113 827 1141 noverimus

51 1165 93 1185 nos
111 1158 250 1191 plurimam
269 1164 353 1194 atque
374 1158 552 1193 multiplicem
579 1159 679 1186 diaboli
703 1159 827 1194 maligni-

51 1207 121 1230 tatem
134 1208 160 1231 et
175 1205 318 1232 astutiam.
334 1204 386 1232 Per
405 1205 496 1232 omnia
513 1206 584 1232 enim
601 1205 763 1237 insidiatur,
778 1212 827 1241 per

51 1249 127 1276 omnia
141 1250 303 1277 subvertere
317 1254 444 1284 conatur,
456 1255 484 1277 et
497 1257 545 1285 per
556 1250 669 1284 alnicos,
684 1255 711 1278 et
723 1257 772 1286 per
781 1257 826 1278 so-

53 1295 124 1328 dales,
141 1300 167 1322 at
184 1302 234 1331 per
249 1303 371 1323 uxores:
389 1303 449 1330 quae
470 1296 497 1323 in
511 1295 562 1323 Job
583 1296 730 1331 adiri-picta
751 1300 824 1329 sunt,

52 1348 118 1374 quem
131 1341 206 1368 amici
224 1341 479 1375 reprehenderunt,
497 1349 567 1369 uxor
584 1348 649 1369 vero
665 1343 826 1369 subvertere

53 1387 100 1413 nisa
116 1391 162 1413 est.
176 1386 280 1414 Horum
295 1387 400 1414 scilicet
409 1388 490 1414 etiam
503 1388 671 1422 posteriores
684 1388 824 1423 prophetat

55 1439 170 1459 memores
193 1433 342 1460 dixerunt:
374 1433 466 1461 Nolite
491 1433 596 1461 credere
619 1435 774 1467 sodalibus,
799 1439 824 1462 et

54 1486 102 1504 cum
115 1479 202 1506 amicis
219 1479 260 1506 uel
276 1479 404 1514 fratribus
418 1480 500 1507 nolite
512 1480 670 1513 consilium,
683 1488 699 1507 (ι
714 1481 824 1515 conjuge
836 1498 858 1528 ο

56 1528 92 1549 tua
104 1529 124 1550 te
135 1524 236 1552 observa
248 1525 285 1551 ³⁸.
307 1524 360 1552 Pro
387 1525 429 1552 bis
448 1532 513 1559 ergo
531 1526 658 1553 omnibus
679 1532 821 1558 accusans,

56 1573 122 1603 atque
137 1571 336 1605 reprehendens
350 1577 462 1598 uxorem
483 1579 559 1598 suam
573 1570 634 1603 Job,
650 1571 728 1600 dixit.
750 1571 824 1598 Dixit

876 193 959 226 disit,
977 195 1026 222 sed
1040 193 1166 221 diabolus
1181 194 1227 228 qui
1243 202 1292 229 per
1312 201 1467 231 serpentem
1487 196 1594 225 loeutus
1611 202 1664 224 est.

874 240 926 270 Sic
937 247 965 269 et
979 248 1053 268 nunc
1072 240 1134 268 istic
1144 245 1258 268 uxorem
1274 241 1340 269 dicit
1353 242 1465 276 dixisse,
1478 243 1524 271 sed
1537 251 1600 271 vere
1613 251 1666 271 non

879 295 950 315 uxor
967 288 1047 319 dixit,
1063 287 1111 315 sed
1129 286 1302 316 adversarius
1320 288 1366 322 qui
1382 294 1431 324 per
1446 297 1557 316 uxorem
1570 294 1612 317 est
1629 290 1666 317 lo-

877 337 968 359 cutus.
983 331 1058 359 Dixit
1070 332 1105 359 ad
1116 339 1174 359 suns
1188 339 1256 360 uer
1269 333 1344 368 ejus:
1360 333 1500 369 Quousque
1513 336 1626 362 sustines
1635 335 1666 364 '1

875 377 950 412 Quid
963 385 1125 412 superamus
1136 379 1149 405 ?
1166 378 1232 414 quid
1251 379 1422 414 suSpicamur
1432 381 1445 408 i
1459 381 1524 416 quid
1545 382 1666 409 aestiuus—

876 423 964 452 Inus?
980 431 1036 460 quo
1053 428 1164 460 aspectu
1179 445 1187 458 ,
1211 432 1228 452 ο
1242 425 1293 452 viri
1309 445 1317 457 ,
1338 426 1381 453 vel
1404 434 1456 462 qua
1481 427 1550 454 facie
1575 427 1664 457 locuta

876 470 964 499 estad
975 471 1028 499 Job
1039 479 1109 499 uxor
1121 471 1181 506 eius
1192 471 1204 499 2
1216 471 1392 500 Manifestum
1404 478 1446 501 est
1461 479 1542 508 atque
1553 474 1666 503 evidens

876 517 1006 545 omnibus
1020 537 1027 548 ,
1054 517 1125 552 quod
1150 516 1195 544 illa
1219 525 1273 545 non
1302 518 1389 545 locuta
1411 523 1454 546 est
1476 519 1556 547 hilari
1578 519 1664 552 vultu,

879 569 967 596 neque
993 561 1055 589 iaetu
1081 567 1203 597 aspectu,
1228 563 1276 590 sed
1298 563 1388 595 tristi,
1409 563 1537 596 imbrido,
1562 564 1664 596 nubilo.

877 606 966 639 ﬂenti,
988 608 1063 635 omni
1086 609 1265 637 nihilomlnus
1285 610 1395 637 miseria
1415 609 1535 637 referto:
1559 614 1586 637 et
1606 611 1664 644 ipsa

874 661 946 681 voce
961 653 1129 687 lacrymabili
1144 656 1286 684 commista
1300 655 1504 684 lamentatione.
1520 656 1565 684 Sic
1576 656 1666 691 itaque

873 698 1061 726 miserabilem
1074 707 1104 727 se
1117 700 1250 728 exhibens
1264 701 1374 735 iniquus
1387 706 1469 736 atque
1481 701 1596 729 callidus
1608 701 1666 728 dia-

878 743 956 771 bolus
967 745 1146 780 aperiensque
1162 752 1192 773 os
1204 753 1294 778 suum,
1312 747 1379 774 dicit
1393 747 1425 774 ad
1435 746 1487 775 Job
1499 756 1507 774 :
1525 747 1667 782 Quousque

878 789 992 816 sustines
1003 789 1017 816 2
1033 789 1055 816 0
1071 789 1239 824 nequissime
1252 790 1365 823 Satana,
1381 792 1516 826 quomodo
1530 791 1667 819 subtiliter

877 834 1002 867 seducis,
1019 835 1155 869 quomodo
1174 835 1274 863 callide
1295 835 1429 870 loqueris,
1453 844 1470 863 o
1488 836 1666 864 callidissime

875 879 994 908 diabole.
1015 881 1179 916 Quousque,
1203 881 1347 916 inquiens,
1364 881 1504 909 sustines?
1525 888 1667 916 quousque

875 925 996 954 suﬂ'ers!
1019 934 1162 962 quousque
1181 928 1324 962 protelasi
1347 935 1490 962 quousque
1506 932 1667 956 constanter

876 974 1006 1007 perstas?
1028 973 1164 1007 Quandiu,
1187 974 1285 1008 inquit,
1306 975 1363 1002 eris
1377 975 1512 1009 lapidibus
1529 974 1666 1002 robustior

876 1025 905 1045 et
915 1019 989 1046 saxis
1001 1019 1105 1052 durior,
1119 1025 1147 1048 et
1159 1020 1234 1047 omni
1251 1019 1323 1048 ferro
1340 1021 1461 1049 ﬁrmior?
1473 1020 1585 1048 Ferrum
1602 1029 1664 1048 cum

877 1062 904 1090 in
924 1063 1013 1099 ignem
1034 1065 1146 1092 missum
1169 1064 1252 1092 luerit
1268 1065 1404 1100 liquescit,
1427 1071 1455 1093 tu
1472 1074 1538 1093 vero
1558 1066 1585 1093 in
1603 1067 1665 1101 igne

877 1109 1031 1143 putredinis
1045 1114 1128 1145 atque
1141 1111 1275 1137 vermium
1295 1111 1417 1145 positus,
1439 1111 1533 1138 animo
1555 1119 1607 1138 non
1631 1111 1665 1138 li-

874 1155 985 1189 qttescis
995 1155 1008 1182 ?
1023 1154 1164 1190 Quousque
1175 1156 1288 1183 sustines
1297 1156 1310 1183 2
1323 1156 1480 1191 Quousque,
1495 1157 1594 1191 inquit,
1611 1164 1664 1183 non

875 1199 1003 1233 ﬂecteris,
1021 1208 1164 1236 qu0usque
1181 1209 1233 1229 non
1250 1201 1354 1234 deﬁcis,
1369 1209 1510 1237 quousque
1524 1209 1577 1229 non
1590 1203 1665 1229 debi-

876 1247 985 1275 litaris?
1000 1247 1039 1274 Ac
1053 1247 1076 1274 si
1088 1247 1211 1275 diceret:
1228 1247 1286 1283 Ego
1298 1247 1405 1280 deﬁcio,
1421 1255 1438 1274 0
1451 1246 1510 1279 Job,
1528 1252 1555 1275 et
1569 1253 1596 1274 tu
1611 1255 1664 1275 non

876 1291 992 1326 deﬁcis;
1011 1299 1062 1326 ego
1082 1291 1213 1327 (inligatus
1231 1299 1302 1326 sum,
1316 1297 1343 1320 ct
1362 1297 1389 1319 tu
1408 1300 1461 1320 non
1481 1299 1512 1320 es
1527 1291 1664 1328 fatigatus.

876 1336 1043 1365 Delecerunt
1053 1345 1068 1365 a
1084 1345 1128 1365 me
1141 1338 1233 1365 omnia
1246 1343 1416 1373 argumenta,
1430 1345 1446 1366 a
1461 1343 1490 1366 te
1503 1343 1595 1366 autem
1610 1346 1664 1366 non

876 1381 968 1409 deﬁcit
979 1382 1098 1416 devotio,
1113 1387 1195 1417 atque
1205 1383 1359 1418 patientia.
1376 1383 1517 1419 Quousque
1531 1383 1666 1412 sustines!

876 1426 1002 1461 Quandiu
1014 1432 1041 1455 tu
1049 1428 1334 1464 ﬁageilaris?quandiu
1343 1437 1358 1456 a
1369 1437 1411 1457 me
1420 1431 1555 1465 torqueris
1563 1435 1589 1457 et
1598 1438 1666 1458 cuu-

875 1479 920 1502 cta
927 1473 1059 1507 sustines,
1067 1478 1095 1501 et
1102 1478 1247 1508 supponas
1262 1474 1400 1506 universa,
1409 1480 1437 1502 et
1445 1482 1498 1502 non
1513 1475 1599 1503 solum
1610 1480 1666 1503 tor-

874 1524 963 1547 menta
969 1524 1050 1554 atque
1057 1519 1199 1555 supplicia,
1207 1520 1254 1548 sed
1261 1525 1288 1548 et
1294 1521 1466 1549 seductiones
1478 1529 1509 1548 ac
1520 1522 1664 1550 verborum

872 1566 1049 1600 subtilitates,
1059 1571 1155 1594 cuncta
1163 1566 1290 1600 sustines,
1297 1573 1393 1596 cuncta
1398 1567 1507 1602 suﬁ'ers,
1515 1569 1563 1596 sed
1570 1576 1584 1596 a
1593 1569 1666 1596 nullo

58 1620 130 1642 autem
144 1624 209 1643 uxor
220 1617 281 1651 ejus
297 1624 403 1649 vecors,
414 1617 559 1649 vertibilis,
579 1616 724 1650 instabilis,
740 1624 823 1652 quam
869 1611 1015 1639 Πθθιθΐίδτ
1032 1611 1187 1647 Ωυουείιιιθ.
1211 1612 1310 1647 inquii.
1334 1613 1465 1646 δυεῑίιιθει
1483 1620 1500 1640 ο
1515 1613 1590 1641 λοδτ
1613 1613 1664 1647 Qui

58 1661 121 1688 facile
139 1662 234 1690 diaboli
254 1662 353 1690 ﬂuctus
377 1663 525 1695 subvertit,
549 1663 575 1690 in
600 1663 678 1698 cuius
700 1663 818 1690 animum

59 1708 195 1740 nequissimi
216 1709 347 1737 illecebra
364 1708 447 1737 lacile
468 1709 588 1744 irrepsit.
616 1706 679 1737 llaec
700 1709 824 1737 videlicet

58 1758 113 1778 uxor
124 1752 178 1787 ejus
191 1754 260 1780 dixit
272 1754 307 1781 ad
322 1761 396 1785 eum,
410 1761 492 1789 quam
508 1754 568 1781 ideo
589 1754 674 1781 solam
689 1754 722 1782 de
735 1755 824 1781 omni-

58 1796 100 1824 bus
114 1798 290 1832 nequissimus
309 1799 432 1826 diabolus
452 1806 594 1834 superesse
611 1799 705 1832 voluit,
725 1805 755 1827 ut
773 1800 826 1828 hac

59 1842 185 1871 novissima
198 1849 325 1872 uteretur
337 1843 444 1879 proJob
455 1845 625 1877 seductione,
635 1849 718 1880 atque
730 1845 826 1873 animus

59 1889 105 1923 eius
115 1891 296 1920 subversione.
312 1891 375 1919 Sive
386 1892 458 1918 enim
471 1891 543 1919 Deus
556 1892 685 1927 praecepit
698 1892 768 1919 hanc
783 1899 826 1919 re-

61 1936 156 1970 servari,
169 1938 239 1966 sicut
253 1944 281 1965 et
295 1938 434 1973 praecepit,
449 1938 485 1965 ob
498 1938 551 1966 hoc
565 1943 595 1966 ut
607 1938 666 1974 ejus
679 1939 826 1966 secundam

60 1988 153 2010 uxorem
165 1983 252 2018 justus
266 1984 314 2012 ille
326 1982 377 2012 Job
392 1984 518 2018 accipere
532 1991 601 2019 opus
615 1991 668 2012 non
692 1984 805 2012 haberet
817 1993 824 2011 :

58 2025 106 2054 sive
119 2027 156 2054 ille
169 2029 290 2057 diabolus
308 2030 377 2057 hanc
392 2030 568 2057 conservavit
582 2034 702 2064 tractans
714 2034 743 2057 ut
758 2030 827 2058 hanc

62 2071 191 2101 ministram
207 2075 360 2111 iniquitatis
376 2083 433 2103 sua:
445 2075 574 2109 haberet,
593 2081 621 2103 ut
636 2077 706 2104 hanc
714 2076 827 2103 haberet

63 2125 100 2150 pro
109 2121 246 2149 novissimo
261 2122 314 2150 Job
329 2122 442 2158 laqueo,
457 2126 487 2149 ut
501 2127 643 2157 postquam
659 2130 707 2157 per
718 2129 826 2149 omnem

872 1657 1045 1691 sustinebat,
1067 1658 1116 1693 qui
1138 1658 1329 1693 torquebatur,
1353 1667 1407 1686 non
1435 1664 1477 1687 est
1500 1659 1665 1690 debilitatus.

875 1710 962 1738 neque
980 1703 1014 1730 ad
1037 1703 1222 1730 sustinendum
1252 1708 1444 1731 consternatus
1463 1713 1471 1732 :
1493 1708 1581 1732 tortor
1602 1711 1666 1732 vero

874 1747 932 1782 ejus
952 1748 1078 1776 diabolus
1092 1749 1256 1781 delassatus,
1282 1756 1315 1776 ac
1337 1749 1475 1782 deﬁciens,
1491 1749 1556 1777 dicit
1571 1759 1577 1776 :
1593 1749 1663 1782 Quo-

875 1802 957 1829 usque
969 1794 1105 1822 sustines?
1119 1794 1179 1822 Non
1197 1795 1263 1822 dicit
1272 1795 1324 1823 Job
1334 1796 1380 1829 qui
1395 1796 1584 1830 torquebatur,
1599 1803 1666 1830 quo-

876 1848 961 1875 usque
975 1840 1135 1873 sustineam,
1147 1848 1288 1876 quousque
1304 1842 1451 1876 torquear?
1464 1841 1590 1869 Diabolus
1602 1850 1666 1870 vero

875 1887 921 1920 qui
938 1893 990 1912 non
1005 1885 1160 1913 sustinebat
1178 1885 1286 1913 dolores
1296 1907 1303 1917 .
1316 1887 1364 1914 sed
1379 1887 1577 1918 confusionem,
1593 1887 1667 1914 dice-

875 1931 922 1959 bat
939 1931 972 1958 ad
990 1931 1138 1965 patientem
1155 1936 1238 1967 atque
1252 1932 1430 1960 sustinentem
1443 1941 1450 1960 :
1463 1933 1605 1968 Quousque
1618 1941 1666 1960 su-

876 1977 978 2005 stines?
993 1976 1044 2005 Job
1061 1977 1108 2012 qui
1124 1978 1286 2011 sustinebat,
1309 1986 1363 2005 non
1378 1978 1591 2006 succumbebat:
1610 1979 1666 2005 dia-

876 2023 956 2051 bolus
977 2031 1044 2051 vero
1065 2024 1112 2058 qui
1143 2031 1196 2052 non
1221 2024 1392 2056 sustinebat,
1424 2025 1578 2052 deﬁciebat.
1606 2023 1666 2052 Non

876 2070 951 2097 enim
970 2070 1021 2098 hoc
1035 2071 1108 2105 quod
1121 2071 1197 2103 dicit,
1214 2071 1356 2106 Quousque
1375 2071 1511 2098 sustines?
1530 2071 1666 2098 fortitudi-

878 2124 938 2143 nem
953 2116 1124 2144 demonstrat
1141 2117 1320 2149 sustinentis,
1336 2117 1382 2145 sed
1400 2116 1534 2144 delectum
1549 2117 1666 2145 ostendit

64 2169 107 2190 rem
119 2165 281 2202 desperaret,
297 2172 361 2195 tunc
380 2175 429 2203 per
441 2174 552 2196 uxorem
571 2168 673 2202 justum
688 2168 825 2203 perderet,
843 2170 865 2198 ι)
878 2163 1066 2198 percutientis.
1089 2163 1272 2199 Conqueritur
1292 2164 1339 2198 qui
1357 2163 1454 2196 caedit,
1479 2167 1506 2191 et
1524 2169 1579 2190 non
1601 2170 1666 2190 con-

64 2208 120 2236 sicut
131 2211 182 2245 ipse
194 2214 381 2242 arbitrabatur
394 2214 495 2247 inlelix,
506 2214 660 2242 aestimabat
673 2219 754 2249 atque
766 2221 828 2248 spe-

65 2255 133 2284 rabat.
155 2258 190 2285 De
213 2259 292 2295 longe
314 2260 386 2287 enim
407 2260 477 2287 oculi
502 2260 561 2295 ejus
583 2260 770 2293 considerant,
793 2261 827 2286 de

64 2296 127 2333 longe
140 2301 267 2338 iniquitas
286 2304 344 2338 ejus
362 2304 533 2339 prospiciens
548 2305 742 2337 circumvenit,-
763 2305 829 2332 insi-

65 2343 111 2372 dias
121 2353 205 2376 omnes
216 2354 316 2384 captat,
329 2350 557 2384 quemadmodum
569 2350 752 2382 suliintroeat,
765 2357 829 2384 quo-

66 2391 130 2417 llotio
142 2393 243 2428 dejiciat
254 2416 262 2428 ,
277 2397 412 2431 quomodo
425 2396 489 2423 Adae
512 2395 700 2423 familiaritate
722 2402 827 2430 praeva-

66 2435 154 2466 ricaret.
173 2439 211 2468 0b
228 2441 279 2470 hoc
296 2449 361 2477 ergo
371 2441 527 2470 reservavit
541 2446 624 2477 atque
638 2441 747 2477 reliquit
760 2449 827 2469 uxo-

67 2487 110 2509 l’t‘ln
119 2483 178 2518 Job,
192 2487 260 2514 sicut
278 2492 306 2515 et
324 2488 385 2515 illos
402 2488 512 2515 nuntios
530 2488 576 2521 qui
597 2487 723 2515 dicebant
744 2496 751 2515 :
770 2486 826 2522 Ego

68 2531 160 2556 τινηωὶ
179 2532 259 2564 solus,
278 2538 306 2560 ut
325 2534 476 2560 nuntiarent
493 2533 541 2560 tibi
552 2534 585 2560 ⁵⁸.
608 2533 649 2561 01)
669 2534 719 2560 hoc
738 2533 825 2560 solum

69 2569 116 2599 “'03
129 2578 280 2611 reservavit,
297 2583 325 2606 ul
345 2585 547 2614 consequenter
563 2579 675 2608 dolores
692 2579 827 2607 subenar-

70 2622 150 2646 ment.
161 2621 212 2650 Hoc
222 2625 324 2653 scilicet
334 2624 528 2655 demonstrans
538 2625 620 2653 dicit:
634 2624 706 2652 Dixit
717 2624 752 2652 ad
764 2633 824 2653 eunt

71 2669 123 2690 ’ποτ
134 2666 193 2700 εἰπε.
210 2669 324 2700 Uxorem
338 2671 406 2700 dixit
420 2672 542 2704 dixisse,
564 2673 611 2700 sed
626 2679 689 2700 verc
702 2671 826 2700 diabolus

66 2707 132 2737 stitit.
144 2713 184 2741 Sic
199 2723 311 2752 namque
323 2722 351 2746 et
364 2717 429 2747 olim
442 2718 497 2746 ait:
514 2717 587 2746 Dixit
600 2726 706 2753 serpens
721 2718 756 2745 ad
769 2725 828 2744 mu-

100 2832 194 2865 "ilicli.
213 2847 255 2875 \‘ll,
333 2843 354 2860 "
371 2842 420 2871 Job
437 2851 456 2879 t,
473 2843 514 2872 15.
556 2843 644 2872 'Gen.
665 2851 705 2876 :ti,
723 2843 746 2870 1.
785 2841 794 2858 ²
811 2839 861 2870 Job

878 2209 1001 2244 queritur
1024 2209 1070 2244 qui
1093 2210 1215 2244 vapulat.
1236 2210 1381 2243 Quandiu,
1406 2209 1510 2244 inquit,
1529 2209 1667 2236 sustines?

879 2255 1046 2290 Liqueincta:
1064 2260 1138 2288 sunt,
1157 2256 1257 2291 inquit,
1281 2262 1377 2283 carnes
1399 2260 1460 2287 uiae,
1481 2262 1499 2282 ο
1517 2254 1583 2287 Job,
1601 2262 1662 2282 con-

878 2306 985 2335 sumpta
1004 2305 1068 2328 sunt
1085 2308 1149 2328 ossa
1163 2306 1208 2328 tua
1219 2305 1245 2328 et
1261 2301 1348 2332 nervi,
1363 2300 1514 2335 putrefacta
1531 2297 1573 2326 est
1583 2299 1667 2326 etiam

880 2350 953 2372 terra
968 2346 1024 2381 ipsa
1040 2346 1093 2374 sub
1104 2352 1140 2378 te,
1154 2350 1181 2383 et
1194 2346 1283 2373 adhuc
1295 2346 1426 2377 sustines.
1439 2353 1456 2372 ο
1471 2345 1543 2373 Job?
1555 2344 1666 2372 Locutio

881 2391 1047 2426 linguarum,
1059 2396 1087 2420 et
1100 2399 1191 2419 sermo
1200 2392 1348 2424 viatorum,
1360 2396 1389 2419 et
1400 2391 1512 2419 nttlttius
1524 2395 1666 2418 transeun-

872 2439 960 2470 ;tinm,
975 2443 1003 2466 et
1014 2437 1198 2472 spectaculum
1220 2437 1264 2466 bis
1277 2438 1322 2473 qui
1343 2438 1422 2474 longe
1443 2443 1517 2471 sunt,
1536 2442 1564 2465 et
1582 2436 1665 2465 decli-

882 2485 964 2516 natio,
978 2485 1021 2512 bis
1036 2483 1081 2518 qui
1105 2491 1188 2519 prope
1209 2490 1271 2516 sunt
1290 2485 1379 2512 iactus
1397 2492 1427 2511 es
1436 2502 1447 2517 ,-
1467 2489 1495 2511 et
1514 2483 1602 2511 adhuc
1622 2490 1669 2511 stt-

880 2532 982 2564 stiues,
1000 2538 1017 2557 o
1031 2529 1103 2558 Job?
1117 2529 1294 2559 Transierunt
1315 2535 1409 2558 noctes
1427 2534 1455 2557 et
1473 2529 1531 2557 dies
1546 2534 1574 2556 et
1593 2536 1668 2556 men-

879 2585 924 2605 ses
943 2577 970 2604 in
990 2575 1128 2604 doloribus
1145 2577 1216 2609 tuis,
1233 2577 1323 2604 adhuc
1340 2575 1479 2603 sustines?
1498 2574 1607 2608 Defeci,
1625 2575 1669 2601 in.-

870 2623 953 2658 .quit,
974 2623 1056 2650 etiam
1075 2627 1105 2650 et
1122 2629 1173 2657 ego
1185 2623 1314 2649 assistens
1330 2621 1388 2653 tibi,
1409 2620 1551 2656 invigilans
1565 2625 1592 2647 et
1604 2627 1667 2654 spe-

881 2676 946 2697 rans
971 2669 994 2697 si
1019 2676 1074 2704 quo
1092 2668 1172 2696 modo
1192 2667 1320 2696 deﬁciens
1343 2668 1555 2702 blaspliemares,
1580 2665 1622 2693 vel
1643 2665 1667 2694 si

872 2714 1016 2749 quomodo
1032 2714 1214 2743 succumbens
1227 2713 1386 2743 detraheres
1402 2722 1409 2740 :
1427 2717 1455 2741 et
1472 2717 1500 2740 tu
1521 2719 1576 2740 non
1589 2710 1668 2743 dele-

879 2849 908 2874 n,
923 2842 950 2869 9.
