1909 3080
248 86 302 116 479

793 84 998 116 ιλΝοΝῩΜυΞ
1017 85 1049 114 ΙΝ
1068 85 1139 115 ΙΟΒ.
1158 85 1276 116 —-'LIB.
1294 84 1328 114 Il.

247 147 323 180 eistl,
348 153 437 182 neque
461 145 645 178 succubulsti.
672 145 721 173 sed
745 145 834 174 adhuc
856 151 977 174 sustines
988 166 997 178 ,
1020 153 1037 174 ο
1051 149 1075 178 Α
1089 145 1179 181 magni
1189 145 1321 173 fuerunta
1336 143 1651 181 saculmuplerumque
1665 152 1764 175 eorum
1777 154 1874 175 multo.

248 191 322 221 Job?
347 192 511 221 Defecerunt
524 192 636 224 divitiae,
659 191 819 224 defecerunt
839 192 899 225 iilii,
924 200 1037 228 compu-

251 241 497 268 trueruntcarnes,
518 235 657 270 liquefacti
676 242 740 264 sunt
764 237 852 271 nervi,
871 243 900 265 et
920 245 982 266 ossa
1008 238 1035 266 in

248 286 370 308 stercora
392 281 502 308 redacta
521 285 598 313 sunt,
618 285 690 308 terra
705 282 955 311 concalescentibus
973 291 1035 311 caro

249 326 328 354 nibus
348 326 401 353 tuis
415 327 558 355 cotttmista
570 347 579 359 ,
592 331 621 355 et
633 327 723 356 adhuc
735 328 875 356 sustines?
888 329 964 362 Quod
978 329 1037 357 eiii-

247 371 356 398 ciuntur
373 372 473 399 mortui
497 372 524 399 in
546 373 672 407 sepulcro
695 379 755 409 post
769 378 896 408 mortem,
919 376 1036 409 putredo

245 421 274 444 et
288 423 393 443 vermes
410 421 493 452 atque
515 422 596 446 teme
615 419 770 452 commisti.
793 419 846 448 hoc
862 420 987 448 videlicet
1006 426 1034 448 tu

245 460 359 489 eiii-ctus
381 462 471 490 adhuc
487 463 580 490 vivens
604 463 714 497 videris,
731 468 759 492 et
773 472 855 500 super
869 465 927 493 hac
943 467 1034 494 omnia

245 505 334 533 adhuc
341 507 473 540 sustines,
483 515 500 536 o
510 507 562 549 {ob
569 528 578 541 ,
592 508 690 538 suﬂ'ers
699 509 852 544 hujusmodi
867 511 1033 546 passionem,

244 551 354 587 qualem
369 561 423 582 non
436 555 568 583 sustinuit
582 556 659 591 prior
674 560 700 583 te
712 557 800 590 alter,
819 565 906 593 neque
919 559 1034 586 sustine-

244 597 285 626 bit
298 599 368 627 alius
380 607 466 636 usque
483 601 510 628 in
524 602 720 637 sempiternum
735 608 796 638 post
813 604 860 632 te?
878 605 1032 641 Quousque,

245 644 346 680 inquit,
363 648 477 675 sustinet
488 649 502 675 2
518 647 653 676 Deﬁciens
663 649 720 684 jam
738 650 892 686 requiesce,
907 655 937 678 ut
951 652 1034 680 etiam

245 698 291 719 me
308 692 480 727 requiescere
496 694 583 723 facias
600 703 616 723 a
636 696 707 724 bello
720 701 750 725 et
767 697 928 730 certamine,
952 703 1035 734 atque

245 737 438 768 colluctatione
451 745 532 776 quam
544 741 633 769 habeo
644 742 717 770 circa
732 747 768 771 te.
788 742 841 771 Sed
856 743 891 771 ad
904 743 962 772 haec
973 745 1035 772 uni-

245 791 325 811 versa
348 793 404 813 uno
423 786 507 814 verbo
529 787 670 822 respondit
688 788 803 816 dicens:
825 789 854 817 Si
882 789 1033 825 interrogas

1087 191 1127 218 ria
1136 194 1286 226 permanet,
1293 194 1339 217 aut
1347 191 1373 217 in
1381 190 1479 223 verbis,
1489 195 1534 218 aut
1543 191 1569 218 in
1578 191 1670 224 factis,
1678 191 1763 218 autin
1772 191 1872 221 liberis:

1086 241 1130 265 tua
1143 241 1233 264 autem
1250 237 1380 264 memoria
1397 237 1487 264 omnis
1500 237 1591 265 subito
1606 238 1792 265 exterminata
1808 245 1849 267 cst
1859 249 1873 267 a

1086 285 1169 313 terra.
1180 288 1277 316 neque.
1287 281 1385 317 inquit,
1395 282 1504 309 verbum
1512 287 1572 316 post
1580 287 1617 314 te,
1629 289 1722 317 neque
1733 283 1806 310 ﬁlius
1814 304 1822 316 ,
1835 293 1875 310 ne-

1085 333 1138 361 que
1148 326 1213 358 ﬁlia,
1222 334 1310 361 neque
1320 327 1431 358 factum,
1442 333 1490 361 per
1499 334 1559 361 qua
1568 326 1654 361 possit
1671 332 1749 354 stare
1764 335 1873 363 prater-

1086 373 1146 400 iens
1154 372 1284 400 memoria
1298 377 1356 400 tua.
1369 372 1439 408 Ergo
1449 372 1510 408 quia
1524 373 1625 400 nullum
1637 373 1670 400 de
1684 373 1728 401 his
1739 378 1803 408 post
1817 376 1873 402 teis

1085 418 1427 451 memoriaremansit,i«leo
1440 419 1620 447 exterminata
1632 424 1676 447 est
1687 420 1822 447 memoria
1834 426 1873 448 tua

1085 474 1100 494 ι
1119 471 1200 494 terra.
1216 464 1275 493 Non
1289 465 1375 493 solum
1392 465 1557 498 oblitterata,
1572 473 1620 493 seu
1637 465 1756 498 sublata.
1766 466 1816 493 sed
1829 474 1873 494 ex-

1091 510 1245 544 terminata,
1261 515 1388 545 tanquam
1401 510 1523 538 deiuvata
1536 514 1617 545 atque
1627 516 1738 538 euersa
1748 516 1873 546 tanquam

1085 557 1155 585 ultra
1171 564 1224 585 nan
1236 557 1273 585 sit
1294 557 1338 585 cui
1354 557 1436 593 digne
1455 556 1654 592 respondeatur
1668 565 1675 584 :
1696 555 1731 583 In
1747 557 1872 583 memoris

1084 609 1183 632 eterna
1200 604 1250 631 erit
1269 603 1362 638 justus
1373 603 1396 636 ',
1423 607 1451 631 et
1468 603 1600 630 memoria
1622 602 1690 638 justi
1707 610 1772 630 cum
1787 602 1872 630 laude.

1086 648 1187 677 Deinde
1200 649 1345 677 idcntidem
1361 648 1533 676 abscondens
1547 648 1675 675 diabolus
1688 652 1773 682 atque
1783 652 1873 682 tegens

1085 695 1254 731 iniquitatem
1283 702 1377 728 suam,
1403 694 1541 722 convertit
1566 694 1639 722 hunc
1662 700 1822 721 sermonem
1843 693 1872 719 ad

1085 741 1178 769 uxoris
1190 749 1333 777 personam
1347 749 1355 769 :
1373 745 1401 768 et
1415 745 1542 776 tanquam
1559 748 1594 768 ex
1611 740 1684 768 illius
1700 746 1821 775 persona
1836 739 1872 766 lo-

1084 795 1171 824 quens
1183 807 1192 821 ,
1211 788 1277 816 dicit
1293 797 1300 816 :
1317 787 1379 816 Filii
1395 788 1432 816 tui
1449 794 1518 822 quos
1538 787 1620 815 iidem
1641 786 1785 818 docuisti,
1811 793 1872 820 quos

245 837 301 862 me.
312 838 330 857 0
346 831 464 864 inimice,
478 839 620 868 quousque
639 834 800 867 sustineam,
816 835 890 863 audi.
907 824 1032 869 Qnamiiu
1047 824 1070 854 Β
1085 835 1212 868 pietatem
1227 834 1350 866 induisti,
1365 841 1434 869 quos
1447 834 1610 861 charitatetn
1631 833 1791 861 adinviccm
1805 833 1872 860 circa

245 876 377 909 percutis,
399 877 446 904 illo
468 885 624 913 usqueego
644 880 781 913 sustineo;
796 881 916 915 quandiu
935 886 962 908 ιιι
977 887 1034 910 tor-
1079 888 1179 908 omnes
1193 880 1293 908 habere
1304 880 1457 908 instruxisti
1475 890 1482 907 :
1503 880 1549 908 lilii
1566 879 1603 907 tui
1618 887 1668 915 pro
1681 879 1786 915 quibus
1797 879 1873 907 corde

243 929 321 955 ques,
341 922 387 950 illo
398 931 485 958 usque
503 931 553 960 ego
572 924 690 958 suffero;
712 927 832 961 quandiu
851 931 878 954 ιιι
900 926 1032 963 ﬂagellas,

244 966 292 994 illo
304 975 391 1003 usque
401 975 452 1004 ego
466 974 612 1004 exspecto;
631 972 750 1006 quandiu
765 980 818 1000 non
833 973 964 1001 defecerit
977 982 1034 1001 nta-

243 1013 355 1048 lignitas
370 1022 452 1050 quam
467 1016 552 1044 habes
565 1017 638 1045 circa
653 1025 707 1050 me,
727 1018 772 1046 illo
791 1026 878 1054 usque
896 1027 949 1047 non
962 1020 1032 1048 deli-

241 1059 298 1087 eiet
316 1061 460 1089 tolerantia
473 1069 556 1097 quam
573 1062 660 1090 habeo
678 1063 751 1091 circa
768 1069 806 1092 te.
832 1064 969 1098 Delusisti,
988 1065 1032 1093 in-

241 1105 324 1140 quit,
349 1107 544 1142 temetipsum,
567 1116 586 1136 o
616 1109 742 1143 diabole,
763 1117 825 1138 cum
852 1116 932 1146 putas
959 1113 1032 1147 quod

241 1151 329 1180 Adam
346 1152 487 1181 incautum
504 1154 652 1188 inveneris,
669 1161 699 1183 et
714 1156 826 1184 nescisti
840 1157 913 1193 quod
934 1159 1032 1186 adver-

242 1206 303 1226 sum
317 1198 369 1227 Job
391 1206 563 1229 constantem
583 1202 635 1230 hoc
656 1203 797 1232 habueris.
816 1203 870 1232 Sed
888 1205 978 1233 adhuc
998 1207 1031 1233 ad

241 1244 362 1279 priorem
372 1253 484 1273 sensum
495 1251 577 1281 atque.
587 1255 739 1276 sermonem
753 1255 931 1279 revertamur.
945 1250 1034 1284 Quan-

241 1291 302 1325 diu,
321 1292 419 1327 inquit,
437 1293 550 1321 sustines
562 1294 575 1321 .’
595 1293 700 1322 Deinde
716 1299 846 1331 tanquam
862 1297 1033 1332 cogitationi-

242 1335 294 1364 bus
313 1336 374 1370 ejus
395 1342 478 1373 atque
497 1339 597 1374 spebus
619 1341 809 1376 compendium
830 1341 935 1370 faciens
950 1347 1033 1378 atque

243 1383 428 1417 respondens,
454 1383 586 1418 adjiciens
605 1386 673 1414 dicit
691 1395 698 1414 :
717 1386 787 1414 Ecce
807 1393 928 1422 exspecto
946 1389 1033 1416 adhuc

241 1436 356 1462 paucam
372 1435 481 1465 tempus,
498 1439 607 1466 sperans
630 1441 702 1467 spem
725 1434 821 1461 salutis
840 1443 905 1462 mete
916 1436 936 1463 ³.
960 1434 1032 1463 Tun-

238 1481 324 1509 quam
346 1475 371 1503 si
395 1476 521 1505 diceret:
540 1478 664 1512 Qnandiu
687 1480 808 1508 sustines
832 1481 885 1509 hoc
908 1486 1032 1510 tractans

238 1524 270 1548 et
297 1521 349 1548 ltoc
369 1522 504 1558 cogitans,
528 1528 611 1559 atque
631 1525 710 1553 istam
735 1534 810 1561 spem
836 1527 935 1562 habes,
958 1529 1032 1564 quod

239 1566 331 1594 adhuc
347 1568 482 1596 modicum
500 1574 606 1605 tempus
629 1573 765 1607 sustines,
783 1573 898 1601 salutem
916 1578 944 1602 et
965 1575 1032 1603 Iibe-

240 1611 388 1646 ratiouem,
410 1619 490 1649 atque
508 1615 629 1650 requiem
653 1623 831 1652 exspectans,
851 1619 966 1655 teipsum
985 1619 1032 1648 de-

240 1656 322 1690 ludis,
338 1665 354 1686 o
365 1657 427 1687 Job.
447 1659 506 1688 Non
523 1661 596 1690 enim
616 1662 652 1689 ita
669 1670 700 1692 es
714 1664 912 1700 deprehensus,
933 1671 962 1693 ut
974 1674 1032 1694 rno-

240 1702 303 1731 dico
318 1706 457 1733 sustinens
478 1711 601 1742 tempore
619 1709 728 1738 evadas.
752 1710 811 1738 Non
836 1712 913 1746 talia,
930 1712 1030 1748 inquit,

240 1751 268 1776 te
293 1750 364 1777 mala
381 1750 571 1786 circumdant,
593 1761 610 1781 ο
629 1754 727 1788 homo,
752 1760 782 1783 ut
806 1764 868 1784 cum
895 1757 1031 1786 modicum

241 1795 372 1830 temporis
394 1796 451 1825 hate
469 1801 694 1835 supportaveris,
711 1801 826 1830 salutem
842 1810 954 1837 alterare
967 1811 1030 1839 pos-

239 1839 299 1866 sis:
319 1841 367 1868 scd
395 1843 544 1878 sustinens,
571 1843 671 1880 inquit,
695 1848 855 1882 sustinebis,
876 1852 904 1876 et
924 1850 1031 1884 patiens

239 1886 367 1920 patieris,
395 1893 424 1915 et
445 1889 507 1917 ilnis
529 1892 663 1925 passionis
684 1898 767 1928 atque
792 1894 894 1922 doloris
918 1896 955 1923 tui
976 1904 1029 1924 non

239 1932 303 1959 erit.
316 1933 394 1967 Quod
412 1935 485 1962 enim
500 1936 622 1965 facturus
634 1946 665 1966 es
676 1939 702 1966 in
718 1939 823 1973 ultimo,
836 1948 898 1968 cum
913 1941 1029 1977 plurima

239 1984 336 2012 passus
352 1979 453 2014 fueris,
474 1989 506 2009 ac
523 1983 701 2016 sustinueris,
722 1989 752 2012 ιιι
767 1985 944 2021 blasphemes
955 2007 963 2019 ,
979 1987 1030 2015 hoc

238 2031 304 2052 sane
326 2033 375 2053 cur
393 2035 446 2055 non
467 2027 535 2057 facis
554 2030 691 2064 celeriter.
714 2037 744 2058 ut
762 2031 858 2060 saltem
882 2032 924 2060 vel
946 2041 1029 2061 unum

237 2077 271 2099 ex
294 2072 360 2107 ipsis
378 2074 517 2103 doloribus
531 2076 665 2112 ciiugiens
680 2079 847 2113 requiescas.
863 2079 928 2107 ilzec
939 2080 1030 2115 itaque

238 2118 366 2146 universa
385 2124 467 2155 atque
483 2122 527 2150 his
539 2122 616 2158 plura
631 2124 815 2159 nequissimus
826 2125 951 2153 diabolus
965 2126 1029 2154 licet

1084 925 1157 953 fuisti
1165 925 1297 953 sollicitus
1305 930 1333 953 et
1341 925 1432 953 animo
1440 925 1567 961 cogitasti
1576 929 1604 953 et
1613 925 1767 960 singularia
1775 925 1873 952 sacriﬁ-

1082 970 1124 998 cia
1135 970 1332 1002 irnmolasti,de
1341 969 1441 1006 quibus
1449 971 1519 1005 apud
1531 971 1704 1005 temetipsum
1714 970 1808 997 dixisti
1819 979 1826 997 :
1837 969 1873 997 Νι

1083 1015 1152 1051 forte
1160 1015 1210 1050 lilii
1221 1016 1271 1043 mei
1282 1016 1309 1043 in
1321 1016 1476 1050 praecordiis
1486 1016 1558 1043 Mla
1568 1016 1742 1050 cogitauerim
1753 1017 1873 1042 aduersu

1081 1061 1168 1089 Deum
1182 1062 1202 1088 ⁸.
1218 1061 1264 1089 Isti
1280 1069 1346 1097 ergo
1360 1061 1408 1089 lilii
1424 1069 1493 1098 quos
1517 1062 1557 1089 tui
1583 1062 1707 1090 haeredes
1733 1062 1795 1090 fore
1812 1069 1870 1096 spc-

1084 1107 1162 1140 rasti,
1176 1115 1192 1135 a
1205 1107 1305 1143 quibus
1318 1107 1486 1142 sepulturam
1497 1111 1672 1143 accepturum
1688 1111 1715 1135 te
1730 1113 1874 1142 exspecta-

1082 1153 1129 1188 sti,
1146 1161 1195 1189 per
1216 1161 1284 1188 quos
1308 1161 1408 1182 nomen
1425 1158 1501 1181 tuum
1527 1161 1560 1182 ac
1585 1153 1749 1182 memoriam
1766 1158 1831 1188 post
1850 1158 1873 1180 te

1077 1207 1195 1228 manere
1213 1199 1367 1228 credidisti.
1383 1199 1430 1228 Isti
1444 1206 1510 1235 ergo
1524 1199 1571 1227 ﬁlii
1588 1200 1688 1235 quibus
1700 1199 1775 1227 inter
1792 1199 1874 1227 horni-

1083 1254 1132 1275 nes
1148 1246 1266 1274 niltilest
1278 1246 1396 1279 dulcius,
1409 1246 1509 1281 quibus
1523 1245 1592 1274 nihil
1612 1250 1655 1274 est
1668 1246 1742 1274 inter
1753 1246 1872 1274 carnales

1083 1292 1203 1321 citerius.
1219 1291 1321 1320 lstiillii
1337 1292 1375 1320 tui
1390 1299 1506 1328 quorum
1517 1292 1651 1319 visionem
1666 1299 1720 1319 non
1733 1296 1872 1327 exspecta-

1083 1338 1125 1366 bis
1148 1337 1276 1374 amplius,
1292 1346 1408 1374 quorum
1426 1338 1523 1366 faciem
1547 1345 1601 1366 non
1626 1337 1732 1365 videbis
1749 1338 1871 1369 ulterius.

1083 1391 1202 1421 quorum
1221 1384 1405 1411 reversionem
1421 1390 1473 1411 non
1486 1389 1582 1418 speras
1591 1382 1718 1417 amplius.
1730 1381 1792 1409 Non
1804 1382 1871 1408 enim

1084 1429 1111 1457 in
1129 1429 1328 1465 profectionem
1345 1434 1487 1457 terrenam
1504 1431 1704 1465 perrexerunt,
1730 1432 1762 1455 ut
1786 1427 1872 1455 denso

1084 1475 1270 1503 reversionem
1288 1482 1382 1510 speres
1398 1482 1507 1508 eorum,
1520 1481 1609 1510 neque
1624 1474 1652 1501 in
1665 1473 1783 1501 navibus
1800 1473 1872 1500 navi-

1082 1525 1178 1558 gantes
1197 1521 1232 1549 ad
1249 1526 1360 1549 exteras
1372 1520 1528 1556 provincias
1539 1520 1721 1552 transierunt,
1735 1524 1767 1547 ut
1784 1519 1873 1549 denuo

1082 1568 1116 1596 ad
1130 1573 1237 1604 tempus
1253 1571 1408 1596 remeantes
1431 1567 1582 1603 suscipere,
1609 1572 1692 1602 atque
1707 1567 1804 1595 videre
1829 1573 1872 1594 ens

1082 1614 1183 1651 possis.
1197 1614 1282 1642 Terra
1303 1613 1364 1643 illos
1391 1613 1483 1642 subito
1503 1613 1657 1649 cooperuit.
1676 1618 1706 1641 et
1720 1620 1798 1640 mors
1815 1613 1873 1641 illos

1082 1664 1196 1689 cunctos
1218 1660 1321 1696 pariter
1337 1660 1473 1696 perdidit;
1492 1659 1590 1687 domus
1620 1659 1700 1687 ruina
1728 1667 1872 1688 commune

1081 1706 1238 1742 sepulcrum
1251 1707 1305 1734 illis
1315 1706 1422 1734 cunctis
1436 1705 1538 1735 eli‘ecit.
1565 1705 1623 1739 Isti,
1642 1704 1744 1741 inquit,
1761 1705 1812 1733 ﬁlii
1836 1704 1872 1732 tui

1081 1756 1109 1780 et
1124 1761 1177 1780 non
1187 1753 1273 1780 solum
1284 1752 1333 1780 lilii
1347 1753 1393 1781 sed
1402 1756 1430 1780 et
1443 1752 1513 1780 tiliae.
1529 1751 1559 1780 Si
1568 1752 1641 1780 enim
1652 1751 1740 1779 solum
1751 1751 1800 1778 lilii
1816 1759 1874 1786 per-

1081 1798 1192 1833 iissent,
1222 1798 1283 1826 lilize
1304 1806 1370 1827 vero
1395 1803 1587 1834 superessent,
1615 1797 1751 1825 diminuta
1778 1797 1872 1824 fuisset

1081 1845 1201 1878 miseria,
1225 1845 1431 1880 diminutusque
1454 1844 1587 1872 nefandus
1614 1843 1705 1872 dolor.
1737 1843 1870 1871 Filiarunr

1080 1898 1200 1926 Ianique
1216 1891 1427 1927 prosperitatem
1447 1898 1497 1926 pro
1512 1890 1667 1918 heredibus
1681 1894 1871 1925 exspectares,

1082 1936 1204 1964 ﬁliarum
1224 1936 1384 1971 progeniem
1408 1943 1458 1971 pro
1479 1936 1665 1964 consolatione
1683 1936 1814 1968 duceres,
1831 1943 1872 1963 re-

1084 1983 1234 2010 stituerent
1255 1983 1305 2011 tibi
1331 1982 1447 2011 ﬁliarum
1463 1982 1521 2010 nati
1545 1982 1662 2010 liliorum
1677 1982 1870 2017 direptionem.

1080 2028 1157 2057 Nunc
1169 2036 1234 2057 vero
1248 2034 1276 2056 et
1296 2029 1345 2057 filii
1366 2029 1406 2056 tui
1427 2033 1455 2057 et
1473 2029 1535 2057 lilire
1550 2036 1646 2057 omnes
1673 2029 1782 2064 pariter
1810 2036 1872 2064 per—

1079 2074 1281 2108 ierunt,omnes
1296 2075 1348 2103 sub
1360 2083 1415 2102 una
1431 2075 1500 2103 liora
1518 2075 1600 2104 deleti
1612 2079 1688 2108 sunt,
1704 2082 1803 2103 omnes
1820 2082 1871 2102 uno

1081 2125 1202 2156 tempore
1218 2120 1245 2148 in
1260 2125 1348 2148 morte
1361 2125 1490 2157 tanquam
1506 2121 1533 2148 in
1548 2121 1644 2156 pelago
1657 2121 1780 2148 demersi
1793 2125 1870 2149 sunt:

238 2170 292 2190 non
315 2165 530 2196 evidentiorilms
552 2169 642 2196 verbis
660 2170 863 2197 sermocinatus
882 2169 934 2205 sit,
956 2176 1026 2198 atta-
1042 2175 1066 2205 ι)
1078 2174 1174 2194 omnes
1184 2166 1211 2194 in
1231 2175 1284 2194 una
1301 2167 1383 2195 domo
1407 2172 1536 2202 tanquam
1563 2166 1592 2194 in
1618 2174 1671 2194 una
1684 2167 1749 2194 navi
1763 2175 1780 2194 ε
1793 2171 1872 2195 terra

237 2216 299 2236 men
317 2210 431 2239 occultis
442 2213 658 2248 cogitationibus
673 2215 705 2242 ad
717 2215 768 2243 Job
784 2215 890 2244 locutus
906 2222 948 2244 est
962 2218 1027 2245 sub-

238 2255 321 2282 tiliter
340 2257 469 2285 seducere
487 2261 582 2288 volens
603 2261 735 2289 famulutn
755 2261 804 2290 Dei
829 2262 1024 2292 inviolabilem.

238 2299 325 2333 Super
345 2308 406 2336 quas
434 2303 558 2332 universa
590 2307 722 2342 adjiciens
753 2307 843 2336 dicit:
863 2307 931 2336 Ecce
956 2311 1027 2336 enim

236 2347 411 2374 exterminata
431 2354 469 2376 est
487 2353 612 2379 memoria
627 2357 673 2380 tua
688 2361 704 2380 ιι
720 2358 791 2381 terra
799 2354 821 2381 ⁵.
843 2353 914 2388 Quid
927 2362 1026 2391 exspe-

235 2392 315 2419 clas?
330 2393 394 2427 quid
408 2395 545 2424 sustines?
559 2398 624 2432 quid
638 2400 749 2434 speraSY
769 2400 835 2436 quid
860 2404 967 2436 tempus
980 2408 1027 2428 sa-

237 2436 301 2465 lutis
329 2441 491 2474 exspectas?
521 2442 704 2472 Exterminota
728 2450 766 2472 est
789 2446 917 2473 memoria
940 2451 988 2473 tua
1009 2454 1027 2473 ιι

228 2487 318 2510 terra.
343 2483 528 2515 Esterminata
541 2493 583 2516 est
597 2490 688 2525 enim,
706 2491 832 2525 sublata,
849 2491 937 2519 (inita.
958 2491 1027 2519 Pro-

234 2529 326 2565 iectus
341 2539 413 2564 esse,
433 2533 530 2568 inquit,
549 2536 659 2569 videris,
677 2542 705 2564 et
724 2541 855 2573 tanquam
872 2545 925 2566 non
937 2538 977 2566 sis
991 2537 1026 2565 ab

236 2575 362 2604 erunibus
378 2579 525 2613 reputaris.
548 2580 728 2609 Deseruerant
746 2590 863 2618 namque
878 2587 906 2611 te
919 2590 1025 2617 omnes,

230 2621 421 2652 discesserunt
435 2626 538 2658 cuncti,
551 2626 629 2654 obliti
641 2631 705 2655 sunt
724 2629 856 2662 universi,
865 2628 1027 2664 desperave-

238 2675 308 2698 runt‘
318 2676 344 2698 te
363 2671 425 2705 toti,
439 2676 466 2699 et
480 2672 526 2708 qui
543 2680 637 2708 prope,
656 2679 684 2701 et
701 2675 747 2709 qui
766 2675 847 2712 longe
863 2680 940 2708 sunt,
960 2675 1027 2711 quia

239 2715 327 2744 deleta
349 2721 393 2745 est
418 2718 549 2746 metnoria
571 2723 617 2746 tua
637 2726 654 2747 a
681 2724 767 2749 terra.
790 2720 901 2755 Quanti,
925 2720 1026 2756 inquit.

275 2802 285 2817 ³
299 2801 349 2830 Job
365 2811 395 2837 tt,
411 2803 438 2832 9.
476 2805 486 2821 ⁵
501 2805 566 2834 ibid.
607 2806 617 2822 '
633 2806 704 2835 Psal.
721 2814 776 2841 tm,
791 2806 817 2834 7.
863 2807 873 2823 θ
893 2806 941 2836 Job
954 2815 973 2842 l,
986 2808 1013 2836 5.

1080 2213 1177 2248 pelago
1191 2213 1313 2248 absorpti
1329 2218 1393 2241 sunt
1407 2223 1414 2241 :
1430 2217 1458 2241 et
1473 2215 1545 2242 sicut
1561 2213 1595 2241 iis
1606 2214 1651 2248 qui
1667 2213 1694 2240 in
1712 2214 1812 2249 pelago
1828 2214 1872 2241 de-

1079 2259 1163 2287 mersi
1187 2259 1291 2287 fuerint
1308 2260 1481 2288 ascensionis
1499 2260 1542 2288 vel
1566 2260 1662 2288 salutis
1677 2267 1741 2296 spes
1756 2260 1872 2287 ulterius

1081 2313 1136 2333 non
1153 2310 1206 2340 est,
1229 2306 1270 2334 sic
1292 2306 1420 2340 ﬁliorum,
1437 2306 1537 2342 inquit,
1555 2310 1663 2334 tuorum
1676 2310 1705 2334 et
1721 2306 1842 2333 filiarum
1857 2312 1872 2332 a

1079 2353 1196 2381 mortuis
1218 2353 1387 2384 lamentabili
1404 2353 1539 2389 profundo
1563 2353 1757 2388 absorptorum
1781 2360 1872 2380 rever-

1079 2399 1168 2427 sionis
1185 2399 1228 2427 vel
1252 2400 1433 2435 reparationis
1456 2407 1518 2434 spes
1546 2398 1662 2433 amplius
1687 2406 1745 2425 non
1766 2402 1819 2430 est,
1845 2401 1872 2424 ut

1079 2444 1151 2472 diem
1167 2446 1304 2473 memoria:
1317 2449 1372 2473 tua!
1389 2445 1545 2480 celebrent,
1564 2449 1595 2473 ut
1614 2449 1726 2481 tempus
1742 2447 1872 2474 recorda-

1080 2492 1164 2520 tionis
1177 2497 1231 2520 tute
1241 2496 1333 2528 agant.
1349 2492 1405 2524 Sic,
1419 2493 1541 2528 inquam,
1560 2492 1608 2520 iilii
1626 2493 1665 2519 tni
1685 2497 1714 2520 et
1729 2492 1796 2520 lilia:
1810 2495 1871 2519 ante

1079 2541 1186 2572 tempus
1200 2538 1351 2573 perierunt,
1368 2545 1464 2566 omnes
1487 2542 1551 2566 ante
1565 2542 1673 2573 tempus
1687 2545 1702 2565 a
1720 2542 1813 2566 morte
1829 2538 1871 2565 di-

1079 2584 1149 2619 repti
1163 2589 1246 2618 sunt,
1266 2589 1297 2612 ut
1316 2593 1368 2613 non
1384 2586 1607 2621 derelinquerent
1620 2584 1825 2620 posteritatem,
1841 2588 1869 2611 nt

1076 2637 1143 2658 cum
1158 2636 1341 2666 nepotesnon
1360 2637 1518 2668 supersunt,
1536 2631 1580 2659 avi
1593 2638 1620 2665 a,
1632 2631 1709 2658 nullo
1727 2632 1870 2660 nominen-

1079 2680 1134 2705 tur.
1150 2676 1203 2705 Scd
1221 2678 1274 2705 noli
1287 2682 1393 2713 putare,
1409 2677 1493 2712 οισι),
1504 2677 1576 2713 quod
1590 2676 1638 2704 tibi
1652 2677 1705 2704 soli
1720 2675 1792 2704 ﬁlios
1806 2676 1868 2703 istos

1079 2723 1217 2759 deputem.
1230 2724 1277 2753 scd
1293 2724 1360 2753 mihi
1373 2724 1463 2761 potius
1479 2723 1590 2760 deputo,
1615 2722 1664 2752 sed
1688 2723 1759 2751 mihi
1785 2722 1869 2758 magis
