1909 3080
46 164 89 194 681

592 161 783 191 ΔΝΟΝΥΜῊΒ
801 161 834 190 ΙΝ
853 161 924 191 ΙΟΒ.
944 177 978 183 --
997 160 1060 189 LlB.
1083 160 1116 189 li.

1616 164 1672 194 482

45 231 197 255 succenseo.
211 223 281 256 Mei,
299 222 394 258 inquit,
404 223 474 250 uteri
488 226 552 251 sunt
564 223 674 258 gemitus
688 228 713 251 et
727 223 831 251 dolores
845 225 868 255 Α
883 227 1013 258 provocet
1027 229 1151 254 sensum,
1166 223 1197 248 ut
1221 224 1321 249 atterat
1334 226 1464 254 tuentem,
1479 225 1510 249 ut
1524 229 1672 259 exaggeret

45 279 104 307 quos
117 271 144 297 in
157 277 274 297 vacuum
290 269 425 303 portaei’,
438 268 561 295 laborum
577 275 638 296 cum
662 269 765 304 gemitu
784 276 830 296 re-

48 316 212 345 tributionem
229 315 266 342 ab
283 315 338 343 illis
349 322 402 343 non
415 314 519 350 accepi,
538 315 784 343 remunerationem
795 323 828 343 ex

47 361 84 389 eis
96 368 147 387 non
163 359 264 387 habeo.
287 358 374 392 Uteri,
393 359 490 394 inquit,
504 359 555 386 mei
571 360 687 394 gemitus
707 363 734 388 et
753 359 831 387 dolo-

47 415 95 437 res,
118 413 177 433 cum
201 406 308 440 gemitu
323 408 350 432 et
370 404 464 432 dolore
477 412 491 431 a
510 412 554 432 me
578 404 674 432 nutriti
701 406 829 433 miseram

48 457 120 487 atque
133 451 287 479 solitariam
303 450 471 487 reliquerunt
485 458 537 485 me,
549 451 576 478 in
589 451 730 480 doloribus
747 456 830 488 atque

48 498 180 534 gemitibus
195 504 241 524 me
255 497 429 526 dimiserunt.
444 496 511 525 Cum
523 497 672 530 doloribus,
683 498 780 533 inquit.
796 505 829 525 ac

48 544 137 580 gemittl
150 543 258 578 peperi,
278 543 387 571 dolores
399 551 431 572 ac
445 543 566 578 pericula
579 543 605 571 in
619 544 663 572 die
677 544 829 573 nativitatis

47 597 131 617 eorum
144 589 308 617 suﬂerendo
325 598 333 617 :
354 597 415 616 cum
440 589 534 617 dolore
554 597 586 617 ac
607 589 752 626 gemitibus
774 598 829 618 nu-

49 636 112 668 trivi,
132 643 276 671 compassa
304 635 427 664 infantia:
447 643 542 664 eorum
560 641 642 672 atque
666 637 828 671 inﬁrmitati,

51 682 248 717 congemiscens
263 681 442 717 languoribus
456 687 539 718 atque
563 683 708 718 gemitibus
722 690 827 711 eorum.

49 728 106 756 Nam
122 736 181 756 eum
197 728 414 764 ingemiscerent
428 729 510 757 simul
530 729 740 765 ingemisceham
766 737 827 758 cum

50 776 83 802 eis
95 784 102 808 ;
115 783 173 802 cum
188 775 412 809 inlirmarentur,
427 783 478 811 ego
496 777 522 804 In
539 783 581 804 me
595 776 775 812 suscipiebam
787 776 829 804 in-

50 821 192 854 ﬁrmitatem
205 825 292 856 atque
304 822 425 850 dolorem
442 822 561 851 illorum.
587 822 666 856 Quis,
681 823 778 857 inquit,
794 830 828 850 ex

49 867 85 893 his
95 867 137 901 qui
152 872 289 901 generant
305 867 387 901 illius,
398 868 515 904 ignorat,
536 876 553 895 o
568 867 630 901 Job,
647 868 763 896 filiorqu
779 868 827 895 do-

49 912 142 940 lorem'l
152 912 223 946 Quis
236 921 271 940 ex
300 913 344 941 bis
368 914 414 950 qui
441 919 520 942 natos
533 918 692 950 procreant,
707 921 827 942 amorem

49 961 118 992 atque
128 958 255 985 affectum
273 958 394 986 ﬁliorum
411 959 514 986 nesciat
525 958 614 992 YQuia
627 965 737 986 omnem
752 957 829 985 dolo-

50 1011 98 1031 rem
111 1008 188 1038 atque
203 1003 394 1032 infirmitatem
407 1008 535 1032 natorum
553 1003 670 1031 libenter
688 1003 715 1031 in
736 1010 766 1031 se
779 1011 828 1039 pa-

50 1054 130 1078 rentes
148 1050 316 1085 suscipiunt,
342 1054 446 1077 tantum
463 1057 497 1077 ne
519 1049 622 1084 aliquid
650 1050 764 1078 moleste
788 1050 828 1078 eis

51 1095 150 1122 accidat.
168 1094 225 1123 Hoc
253 1101 282 1124 et
307 1103 364 1132 pra:
388 1095 519 1123 omnibus
547 1095 707 1124 muneribus
732 1096 828 1124 devote

50 1142 153 1177 impendi
169 1143 241 1169 natis
254 1150 290 1170 ex
306 1150 350 1170 me
365 1142 515 1177 procreatis
529 1141 592 1169 ﬁliis
604 1141 659 1169 tuis
669 1146 697 1169 et
708 1141 828 1174 ﬁliabus,

51 1187 109 1214 uteri
134 1188 184 1215 mei
212 1187 357 1216 doloribus
393 1192 475 1223 atque
503 1187 660 1223 gemitibus.
690 1187 744 1216 Sed
769 1188 827 1216 haec

51 1237 137 1259 cuncta
153 1239 212 1260 cum
229 1240 314 1269 passa
340 1233 436 1260 fuerim
463 1237 545 1267 atque
570 1233 769 1266 sustinuerim,
799 1233 826 1261 itt

53 1285 151 1305 rastrum
164 1286 232 1307 vane
247 1279 417 1314 exspectavi,
432 1287 495 1307 cum
510 1280 677 1314 sepulturam
699 1280 826 1308 mundam

54 1324 86 1352 eis
99 1324 183 1352 facere
196 1325 311 1353 minime
326 1326 412 1359 valui,
428 1326 483 1353 illis
501 1333 516 1353 a
531 1326 631 1361 quibus
653 1327 719 1353 mihi
744 1326 828 1354 hono-

54 1371 152 1400 rabilem
177 1372 348 1408 sepulturam
376 1372 495 1408 speravi.
522 1372 588 1400 Post
615 1372 673 1400 haec
698 1373 825 1401 universa

55 1417 119 1450 nihil,
136 1418 233 1454 inquit,
250 1412 394 1453 dixissem,
411 1418 478 1446 nihil
495 1423 644 1454 conquesta
661 1417 786 1451 fuissem,
801 1418 825 1446 si

55 1468 84 1496 te,
98 1462 180 1497 010b,
196 1472 248 1492 non
264 1464 411 1492 infirmum”
419 1465 550 1498 viderem,
569 1464 591 1492 si
609 1469 635 1492 te
658 1472 753 1492 sanum
777 1465 826 1492 ha-

55 1505 155 1537 buissem
170 1518 176 1536 :
193 1511 240 1538 sed
258 1511 330 1538 levia
355 1511 422 1539 mihi
453 1511 570 1539 fuissent
593 1511 685 1539 omnia
712 1519 773 1547 quae
799 1515 826 1540 te

58 1554 171 1584 incolumi
196 1558 401 1586 sustinuissem.
431 1557 509 1586 Sicut
532 1558 604 1586 enim
621 1558 660 1586 rei
681 1558 824 1586 familiaris

54 1600 147 1635 jactura:
160 1610 262 1631 memor
280 1611 334 1631 non
352 1611 440 1631 essem
457 1603 480 1631 si
508 1603 609 1632 liberos
634 1611 688 1632 non
715 1605 825 1633 amisis-

55 1654 110 1680 sem,
122 1649 242 1677 similiter
257 1658 313 1678 non
327 1658 415 1678 essem
427 1650 581 1684 recordata,
603 1658 655 1679 nec
681 1651 718 1679 rei
745 1651 824 1680 fami-

57 1692 126 1727 liaris,
143 1703 190 1723 nec
207 1697 338 1727 ﬁliorum.
353 1697 375 1724 si
394 1695 442 1723 tibi
460 1697 589 1724 incolumi
604 1696 738 1733 gratulata
753 1697 822 1726 fuis-

57 1746 110 1767 sem.
120 1740 190 1769 Nunc
201 1750 267 1771 vero
280 1747 306 1770 et
317 1748 345 1770 tu
354 1742 487 1777 ipse,.lob,
500 1745 571 1770 sedes
580 1743 609 1770 in
620 1743 758 1778 putredine
769 1752 824 1771 ver-

57 1785 124 1812 utirnit
143 1794 296 1821 pernoctant
311 1789 322 1805 ⁸
335 1793 361 1816 et
381 1788 557 1823 pervigilans,
587 1795 649 1815 cum
675 1788 822 1816 vehemens

57 1830 120 1857 dolor
133 1836 199 1866 tuus,
213 1838 296 1870 atque
310 1834 472 1862 miserabilis
491 1838 535 1861 tua
548 1834 640 1868 passio
664 1832 792 1861 auferens
806 1840 822 1861 a

57 1879 78 1902 te
92 1877 198 1911 requiem
212 1883 240 1906 et
260 1879 366 1914 vigilias
390 1879 438 1906 tibi
459 1885 610 1913 procurans
636 1877 744 1906 dolores
758 1883 822 1906 tuos

57 1919 286 1952 eﬁicitamariores.
309 1924 347 1951 Tu
361 1925 428 1958 ipse,
444 1924 542 1959 inquit,
555 1925 584 1951 in
605 1923 746 1959 putredine
767 1931 823 1950 ver-

58 1967 123 1994 mium
142 1970 222 1997 sedes.
248 1970 328 2004 Quod
351 1970 424 1998 enim
454 1969 610 1998 eﬁiciuntur
638 1977 734 1998 omnes
761 1973 822 2005 post

59 2019 163 2046 mortem,
180 2015 231 2043 hoc
252 2017 382 2043 nimirum
398 2015 512 2043 eﬂ‘ectus
535 2023 565 2044 es
601 2016 628 2043 tu
658 2015 734 2042 solus
757 2019 822 2042 ante

59 2065 163 2088 mortem.
181 2062 255 2095 Quod
268 2063 341 2090 enim
354 2061 510 2089 efﬁciuntur
522 2069 618 2089 omnes
634 2062 682 2097 qui
698 2061 820 2088 moriun-

60 2108 93 2131 tur
105 2105 127 2132 iu
140 2108 269 2142 sepulcro,
284 2108 337 2136 hoc
349 2108 477 2136 videlicet
493 2107 604 2135 effectus
618 2115 648 2135 es
666 2112 692 2133 Itt
707 2106 783 2134 solus
793 2107 819 2134 in

61 2158 163 2180 nmrana.
174 2153 242 2187 Quid
258 2155 286 2183 in
302 2154 475 2182 multitudine
498 2153 624 2189 gloriaris
645 2153 821 2188 justilicatio-

60 2198 129 2225 num?
144 2199 180 2227 Tu
193 2206 283 2229 autem
303 2199 401 2230 sedens
418 2202 446 2228 in
458 2199 602 2235 putredine
611 2199 743 2228 vermium
756 2207 820 2233 per-

881 269 1015 301 animum,
1029 272 1058 296 ut
1068 267 1210 305 perturbet
1229 267 1391 302 praecordia,
1410 271 1439 294 ut
1462 267 1588 296 itumutet
1602 276 1672 297 con-

881 315 1034 347 scientiam,
1052 320 1082 342 ut
1095 314 1259 342 delassando
1285 317 1367 349 atque
1384 313 1533 348 fatigando,
1550 319 1578 342 et
1592 315 1671 343 debi-

880 361 933 388 lem
949 366 1031 396 atque
1041 360 1233 396 desperantem
1255 359 1405 392 efﬁciendo,
1421 360 1454 386 ad
1469 360 1669 396 blasphemiam

879 415 942 435 eum
954 412 1118 443 provocaret
1144 412 1226 442 atque
1242 410 1425 434 converteret.
1438 406 1505 434 Nam
1521 407 1545 434 is
1558 407 1605 442 qui
1617 407 1669 434 ali-

879 461 961 489 quem
975 461 1073 489 passus
1085 453 1165 480 fuerit
1177 453 1310 484 dolorem,
1321 460 1383 480 cum
1398 454 1598 488 consumpserit
1608 453 1670 488 ejus

880 500 1012 531 dolorem,
1029 500 1174 527 verborum
1189 499 1276 534 magis
1298 504 1462 533 provocatur
1485 499 1670 528 admonitione

880 553 961 580 quam
983 545 1157 581 improperiis
1170 553 1177 572 :
1196 549 1223 572 et
1235 545 1439 579 increpationes
1453 545 1575 573 minores
1588 549 1670 580 atque

880 591 1004 619 mitiores
1019 598 1080 619 esse
1094 591 1221 619 videntur
1235 590 1323 625 magis
1338 598 1420 625 quam
1432 598 1495 618 cum
1518 598 1670 626 provocan-

880 642 925 664 tur
939 637 1041 669 verbis,
1059 643 1140 672 atque
1155 637 1337 664 admonentur
1351 637 1479 672 eloquiis,
1508 641 1536 664 et
1563 638 1669 665 subtili-

880 686 935 711 tate
951 684 1097 710 verborum
1122 682 1299 710 exulceratur
1327 683 1417 710 anima
1442 682 1585 718 patientis.
1611 683 1669 712 Hoc

878 729 984 757 scilicet
1010 729 1101 757 sciens
1127 728 1312 764 nequissimus
1338 729 1472 762 diabolus,
1499 735 1611 758 versute
1635 736 1669 758 ac

877 774 975 802 callide
984 782 1033 810 per
1042 783 1073 803 os
1083 775 1176 803 uxoris
1192 775 1316 811 loquens.
1331 775 1453 803 onmium
1465 783 1528 803 eum
1541 776 1575 803 ab
1590 776 1669 804 initio

877 819 1089 848 commonefecit
1101 820 1238 848 dolorum.
1255 819 1357 848 Uxoris
1372 827 1472 848 nomen
1503 828 1566 849 cum
1587 821 1668 849 audio

880 866 947 900 eris,
958 866 1013 894 noli
1024 871 1121 902 putare
1131 866 1204 902 quod
1215 874 1284 894 uxor
1292 866 1349 894 haec
1360 866 1449 894 locuta
1461 866 1554 900 fuerit,
1564 867 1611 895 sed
1619 875 1669 895 ore

843 906 865 934 Β
879 913 973 940 uxoris
979 912 1150 940 deserviente
1163 912 1270 940 locutus
1284 917 1326 940 est
1336 920 1386 948 per
1395 920 1427 939 os
1438 913 1498 947 ejus
1508 913 1670 948 malignissi-

876 965 952 991 mus,
968 959 1014 994 qui
1028 959 1112 986 etiam
1127 963 1153 986 et
1169 959 1268 994 impias
1281 959 1461 994 cogitationes
1477 959 1623 986 seminavit
1640 959 1667 986 in

878 1006 968 1032 anima
982 1005 1066 1034 illius.
1078 1005 1295 1032 Animadvertite
1308 1005 1447 1040 quomodo
1468 1012 1565 1032 omnes
1590 1004 1668 1040 ipsos

876 1055 1020 1079 enumerat
1031 1051 1151 1083 dolores,
1175 1051 1313 1086 quomodo
1328 1051 1362 1079 de
1377 1051 1505 1079 omnibus
1517 1058 1579 1078 eum
1590 1059 1667 1078 com-

876 1095 1036 1124 monefacil.
1056 1096 1204 1131 Quousque
1233 1096 1353 1124 sustines
1379 1100 1579 1131 paupertatem.
1604 1095 1668 1123 ino—

877 1143 962 1179 piam,
975 1144 1138 1176 nuditatem,
1154 1143 1367 1175 deformitatem,
1388 1143 1564 1178 improperia,
1581 1142 1667 1170 male-

876 1188 1030 1216 dictiones?
1042 1187 1143 1216 Deinde
1158 1188 1206 1216 lilii
1222 1189 1259 1216 tui
1277 1193 1305 1216 et
1322 1188 1384 1216 ﬁliae
1399 1188 1551 1224 perierunt,
1579 1188 1666 1216 inter-

877 1235 976 1267 ierunt,
998 1235 1142 1270 intercepti
1170 1238 1254 1268 sunt,
1275 1234 1355 1262 deleti
1376 1239 1451 1263 sunt.
1473 1233 1541 1262 item
1555 1242 1621 1262 vero
1637 1239 1665 1262 tu

876 1281 955 1310 sedes
976 1282 1004 1309 in
1021 1282 1164 1316 putredine
1177 1281 1310 1309 vermium
1321 1281 1449 1310 omnibus
1473 1281 1665 1314 exsecrabilis.

875 1327 1003 1355 Omnibus
1021 1327 1225 1359 abominabilis,
1241 1328 1368 1355 omnibus
1382 1327 1552 1355 detestabilis
1568 1327 1602 1354 ad
1622 1328 1666 1355 vi.

875 1373 1005 1407 dendum,
1020 1374 1262 1409 approximandum
1288 1378 1371 1409 atque
1394 1373 1569 1406 audiendum,
1590 1378 1618 1401 et
1630 1373 1665 1401 ad

876 1419 962 1454 ipsam
977 1419 1149 1455 putredinern
1169 1419 1296 1447 omnibtts
1316 1420 1438 1447 odiosam
1458 1419 1663 1448 moderandam.

869 1465 977 1492 -Deinde
994 1470 1054 1500 post
1070 1465 1128 1493 haec
1141 1465 1265 1493 universa
1280 1474 1287 1493 :
1300 1465 1335 1492 Et
1357 1474 1418 1501 ego,
1436 1466 1533 1501 inquit,
1554 1470 1583 1493 ut
1597 1474 1664 1501 uago

868 1514 901 1538 ἰι
915 1510 1005 1538 habitu
1022 1510 1128 1538 ancilla:
1143 1511 1302 1538 circumiens
1315 1511 1348 1538 de
1363 1511 1419 1538 loco
1442 1512 1470 1539 in
1489 1511 1575 1539 locum
1592 1516 1617 1539 et
1630 1512 1664 1539 de

875 1555 992 1583 domoin
1004 1555 1122 1589 domum,
1136 1560 1164 1584 et
1177 1561 1274 1584 caetera
1289 1565 1296 1584 :
1313 1557 1412 1592 quibus
1421 1557 1567 1584 subtiliora
1582 1562 1665 1592 atque

874 1602 1014 1631 callidiora
1026 1602 1053 1630 in
1067 1603 1246 1631 subversione
1258 1603 1329 1638 loqui
1340 1610 1393 1631 non
1403 1607 1517 1638 poterat.
1534 1602 1664 1639 Postqua.

875 1649 1002 1684 universa
1018 1656 1068 1683 pro
1082 1649 1205 1676 omnium
1220 1649 1407 1681 conclusione,
1428 1653 1570 1684 postquam
1599 1656 1662 1685 per-

875 1694 1010 1721 turbatum
1020 1698 1047 1722 et
1054 1699 1240 1730 provocatum.
1249 1700 1330 1730 atque
1337 1694 1409 1722 circa
1417 1693 1501 1722 Deum
1513 1694 1661 1722 excitatum

873 1741 979 1775 putavit
992 1748 1053 1768 esse
1069 1748 1117 1768 cor
1125 1740 1195 1775 ejus,
1208 1741 1234 1768 in
1243 1741 1431 1776 supplemento
1441 1740 1562 1769 omnium
1575 1741 1661 1769 dixit:

876 1785 923 1813 Dic
948 1787 1058 1822 aliquod
1078 1788 1184 1814 verbum
1207 1786 1236 1813 in
1258 1782 1400 1814 Dominum
1415 1791 1438 1814 et
1452 1795 1554 1814 morere
1570 1786 1603 1815 “.
1619 1787 1661 1814 Ad

873 1832 926 1860 hoc
944 1833 1017 1860 enim
1031 1832 1106 1860 illum
1127 1832 1279 1860 adducebat
1294 1837 1375 1868 atque
1391 1833 1555 1867 attrahebat,
1577 1837 1607 1861 et
1626 1834 1662 1861 ad

874 1877 927 1905 hoc
939 1877 1094 1913 ﬂagellabat
1107 1885 1169 1905 cum
1187 1877 1247 1905 haec
1265 1877 1391 1906 universa
1409 1878 1568 1913 loqueretur
1581 1877 1662 1906 ntali-

872 1924 1017 1957 gnissimus
1026 1923 1158 1952 diabolus.
1166 1922 1232 1951 Nam
1241 1931 1303 1952 cum
1313 1931 1366 1951 non
1375 1923 1530 1959 valeretper
1539 1924 1660 1958 dolores.

857 1970 859 1975 '
872 1970 947 1998 nisus
953 1973 1080 2004 estatque
1088 1971 1191 2005 putavit
1197 1969 1268 2005 quod
1277 1977 1325 2005 per
1331 1970 1588 1998 seductionemeum
1595 1971 1662 1998 sub-

872 2021 1001 2044 verteret.
1013 2017 1066 2044 Sed
1077 2017 1131 2045 illic
1143 2024 1207 2045 vere
1216 2017 1391 2051 adimpletum
1403 2019 1446 2044 est
1457 2016 1528 2051 quod
1537 2021 1598 2051 post
1606 2016 1661 2044 hoc

871 2064 971 2091 dictum
987 2068 1030 2091 est
1044 2072 1053 2092 :
1069 2062 1191 2091 Firmum
1208 2064 1409 2099 fundamentum
1431 2062 1480 2090 Dei
1496 2063 1588 2090 stabit.
1603 2062 1661 2091 illic

871 2115 935 2138 Veto
950 2110 1094 2145 adimpleta
1109 2114 1137 2138 et
1148 2110 1275 2145 parabdla
1288 2109 1344 2142 illa,
1354 2116 1415 2145 quae
1427 2117 1441 2136 a
1456 2109 1571 2137 Domino
1586 2109 1659 2137 dicta

870 2161 913 2184 est
923 2157 955 2184 de
967 2157 1048 2184 domo
1058 2155 1100 2184 illa
1110 2156 1199 2188 ﬁrma,
1213 2162 1273 2190 quae
1282 2162 1364 2190 super
1374 2160 1477 2190 petram
1490 2155 1600 2182 fundata
1615 2159 1658 2182 at—

870 2209 923 2237 que
941 2201 1073 2228 aediﬁcata
1096 2205 1150 2232 est,
1172 2208 1254 2235 quam
1268 2198 1364 2226 o‘mnes
1383 2199 1454 2227 venti
1479 2203 1507 2226 et
1526 2205 1614 2233 aqttte,
1630 2202 1660 2226 et

61 2248 154 2273 noctans
169 2254 199 2274 ac
210 2247 374 2282 pervigilans
391 2247 524 2281 plurimos
548 2246 633 2273 habes
663 2245 710 2280 qui
729 2249 757 2272 te
773 2253 821 2273 ex-
835 2250 859 2280 υ
872 2254 968 2275 omnes
988 2249 1103 2282 impetus
1120 2246 1218 2274 diaboli
1234 2245 1406 2274 commisere
1424 2253 1477 2273 non
1500 2249 1657 2280 potuerunt.

61 2287 129 2316 cileut
146 2299 255 2321 vermes.
276 2293 336 2320 Non
356 2293 429 2320 enim
448 2290 535 2327 gallus
562 2292 607 2319 ille
620 2291 665 2326 qui
682 2295 743 2327 post
768 2291 819 2318 hoc

61 2333 148 2363 Petrum
161 2339 273 2372 vocabit,
293 2339 331 2366 ita
348 2339 470 2366 excitare
485 2338 562 2365 illum
578 2338 691 2373 poterit,
712 2337 782 2365 sicut
794 2341 820 2364 te

61 2382 157 2410 excitant
182 2392 295 2419 vermes,
324 2385 370 2421 qui
397 2386 525 2413 devorant
550 2392 646 2412 carnes
671 2389 743 2412 tuas.
760 2383 819 2411 Non

63 2428 146 2455 tantum
160 2429 297 2466 Egyptios
313 2430 366 2458 illae
381 2430 504 2466 plurimae
518 2430 708 2457 excitaverunt
722 2428 819 2464 plagae,

61 2471 117 2500 sicut
128 2480 151 2502 te
168 2478 303 2512 multiplex
328 2478 444 2505 suscitat
461 2477 586 2512 putredo.
602 2475 667 2504 Post
680 2484 741 2511 quae
757 2475 817 2503 uni-

62 2524 134 2553 versa,
145 2527 164 2548 st
177 2531 231 2558 ego,
243 2524 342 2560 inquit,
358 2529 385 2551 ut
400 2532 475 2559 vaga,
488 2526 512 2550 et
524 2523 616 2550 habitu
637 2521 742 2549 ancilla
759 2530 818 2549 am-

65 2563 136 2594 bulant
148 2569 176 2596 de
187 2570 240 2598 loco
251 2571 280 2598 in
294 2571 379 2598 locum
391 2576 414 2598 et
430 2571 463 2598 de
472 2571 548 2597 domo
568 2571 596 2597 in
613 2570 719 2597 domum
731 2568 817 2604 operis

65 2617 135 2645 εαιια.
147 2622 288 2650 exspectans
301 2618 407 2653 quando
421 2617 462 2645 sol
481 2616 572 2644 subeat
592 2621 615 2643 et
636 2616 750 2650 requiem
764 2614 815 2642 Im-

66 2654 120 2684 beam
133 2658 239 2690 laborum
259 2668 282 2690 et
296 2663 450 2698 gemituum,
466 2662 511 2698 qui
528 2669 597 2689 nunc
619 2669 659 2688 me
671 2660 816 2694 apprehen-

66 2702 138 2730 derunt
149 2705 167 2733 '.
179 2707 199 2734 0
215 2709 368 2744 malignitas
392 2708 553 2741 adversarii,
568 2715 585 2734 0
598 2706 733 2734 calliditas
756 2706 814 2733 dia-

66 2744 115 2778 boli.
130 2757 143 2776 ο
157 2748 254 2781 fallacia
268 2753 443 2789 nequissimi,
471 2761 551 2790 quam
569 2752 667 2779 blande
682 2751 812 2786 loquitur,

67 2798 128 2825 illum
142 2799 231 2827 callide
246 2799 362 2835 decipit,
381 2807 462 2834 quam
479 2797 674 2826 miserabiliter
687 2795 769 2828 fatur,
784 2801 813 2824 ut

101 2895 109 2902 ·
121 2887 149 2914 ob
163 2895 188 2922 ll,
201 2890 225 2917 9.
261 2891 272 2907 '
282 2890 347 2919 ibid.
393 2890 403 2906 '
419 2889 482 2917 ibid.
521 2887 543 2903 '°
557 2886 620 2915 ibid.

868 2293 941 2323 Talis
947 2301 1012 2321 vero
1023 2293 1072 2320 fuit
1080 2292 1246 2320 admirabilis
1252 2291 1312 2322 Job.
1322 2287 1401 2327 quetii
1409 2298 1489 2319 omne
1496 2290 1658 2326 supplicium

874 2340 977 2369 diaboli
992 2338 1123 2374 compulit
1137 2337 1221 2365 Deum
1235 2337 1426 2372 derelinquere
1442 2343 1450 2362 ι
1467 2342 1547 2371 quem
1562 2335 1657 2364 omnia

871 2390 1032 2421 argmnenta
1042 2384 1189 2412 adversarii
1206 2392 1259 2412 non
1274 2383 1490 2414 seduxerunt,ut
1499 2389 1513 2409 a
1524 2381 1657 2409 Creatore

869 2432 1032 2460 discederet.
1042 2432 1097 2459 Sed
1112 2430 1201 2458 adhuc
1215 2430 1287 2457 velut
1296 2437 1329 2456 ex
1342 2435 1456 2464 persona
1468 2428 1561 2456 uxoris
1575 2427 1657 2462 hujus

855 2476 858 2479 ’
871 2479 944 2507 ’verbi
962 2478 1126 2505 mentionem
1141 2476 1288 2504 faciamus:
1303 2475 1336 2502 Et
1351 2482 1409 2510 ego,
1424 2475 1522 2510 inquit,
1542 2479 1571 2501 tu
1588 2481 1656 2508 uaga

868 2528 894 2551 et
908 2523 999 2550 habitu
1014 2522 1131 2550 ancilla.
1155 2521 1187 2550 Et
1201 2529 1253 2556 ego
1265 2520 1337 2548 mnia
1361 2525 1424 2552 tua,
1446 2519 1548 2554 inquit,
1567 2524 1655 2547 tecum

868 2569 971 2604 baiulo,
991 2573 1052 2597 tuos
1074 2568 1182 2596 dolores
1197 2573 1285 2595 tecum
1297 2569 1430 2598 sustineo,
1454 2569 1515 2593 tuas
1530 2565 1656 2593 miserias

869 2620 957 2643 tecum
970 2615 1068 2651 patior,
1083 2619 1111 2642 et
1127 2622 1189 2649 ego,
1202 2614 1300 2648 inquit,
1313 2612 1453 2639 discedere
1467 2618 1521 2639 non
1533 2618 1654 2646 possum,

870 2660 1060 2695 derelinquere
1073 2663 1100 2686 te
1114 2666 1166 2686 nou
1182 2658 1279 2685 tolero.
1300 2656 1335 2684 Et
1346 2664 1394 2692 ego
1408 2661 1436 2683 at
1448 2664 1513 2690 saga
1521 2660 1545 2682 et
1560 2655 1653 2682 habitu

868 2705 984 2733 ancillis.
1008 2706 1081 2741 Vaga
1107 2704 1180 2732 velut
1203 2702 1354 2739 peregrina,
1386 2702 1508 2734 latitans,
1527 2701 1652 2732 misera.

852 2751 1000 2785 solitaria,
1026 2750 1134 2783 infelix,
1163 2750 1249 2785 inops.
1266 2748 1300 2776 Et
1314 2756 1366 2784 ego
1388 2755 1466 2783 vaga,
1483 2746 1566 2774 Veluti
1579 2753 1644 2774 erro

868 2801 932 2830 nea,
951 2801 1079 2824 tanouam
1098 2795 1202 2824 viarum
1223 2799 1251 2823 et
1277 2799 1447 2830 egressuum,
1464 2796 1545 2829 atque
1570 2791 1653 2821 totius
