1909 3080
933 79 947 87 ς

251 168 304 195 »283

793 169 983 198 ANONYMUS
1003 169 1036 197 I'N
1055 169 1124 198 JOB.
1141 184 1174 190 —-
1193 169 1258 198 LIB.
1278 171 1312 198 11.
1826 173 1870 202 illi

252 229 373 256 civitatis
387 229 517 256 transitus
528 229 631 264 ignara.
646 228 713 257 Nam
727 229 799 257 intra
810 230 909 266 palatia
924 231 1038 265 nutrita,
1052 232 1076 262 Α
1089 230 1306 263 mearum._Nam
1321 238 1385 259 cum
1410 230 1460 261 sol.
1485 231 1581 266 .rtquit.
1595 230 1739 263 ceciderit,
1751 237 1805 257 nox
1833 237 1868 264 ιιι.-

252 279 281 302 et
293 274 319 301 in
334 281 417 309 regno
431 274 535 306 vivens,
549 278 577 301 et
591 274 616 301 in
632 274 785 310 principatu
804 281 886 310 atque
899 276 1037 311 opulentia

253 321 364 354 degens,
390 320 511 347 omnitnn
527 320 593 347 foris
616 328 693 348 eram
712 321 817 356 ignara.
847 321 887 350 0b
905 322 955 350 hoc
975 329 1036 357 ego,

252 365 349 398 inquit,
365 369 394 391 ut
409 373 474 400 vaga
504 366 653 399 circumeo,
679 370 760 401 atque
780 374 854 400 erro,
870 373 963 402 utpote
978 376 1037 396 om-

251 412 325 438 nium
339 412 425 438 inscia
440 417 468 439 et
485 412 591 439 viarum
606 417 634 440 et
651 413 776 441 itinerttnt
791 418 818 441 et
839 414 994 442 incessuum
1009 419 1037 442 et

250 457 459 492 colloqttiorttm,
476 463 504 485 et
521 466 573 485 non
589 459 675 486 solum
699 467 779 495 vaga.
801 461 847 487 sed
866 461 959 487 habitu
985 469 1036 488 an-

251 502 321 530 cillte
345 507 474 538 tanquant
504 505 688 538 mercenaria,
718 511 800 540 atque
815 505 877 533 aliis
902 506 1035 540 indicens,

250 554 380 583 tanquam
421 549 514 576 infelix
547 554 575 578 et
612 552 767 579 ontnimode
803 551 891 585 inops.
937 551 1035 580 Habitu

250 595 365 627 ancillae,
382 600 473 630 utpote
484 604 599 631 operatts
619 604 652 624 ac
675 597 801 625 laborans
817 603 844 625 et
861 605 1034 626 mercennum

251 641 371 674 faciens;
400 647 427 669 et
452 643 579 670 omnilms
604 643 772 679 supplicans,
798 649 882 679 atque
909 646 1035 675 omnibus

251 687 372 721 humilis,
390 693 482 723 utpote
507 689 635 717 omnibus
659 690 791 725 subjecta,
823 691 863 719 sic
888 692 978 726 itaque
1005 696 1036 721 ut

247 739 329 767 vaga.
351 733 458 768 inquit,
480 738 508 761 et
531 734 624 762 habitu
651 736 770 763 ancillae.
790 735 927 765 Innumeri
951 738 1034 772 servi,

250 785 331 814 atque
357 779 508 807 innumera:
529 780 636 808 ancillae
661 781 725 808 olim
746 783 902 811 servierunt
920 783 986 811 mihi
1008 788 1036 813 et

250 825 471 852 ministraverunt
490 830 518 853 et
535 826 689 854 detulerunt
708 832 735 855 et
754 829 873 862 requiem
890 829 1034 862 dederunt,

249 877 276 899 et
290 871 410 906 undique
425 880 487 899 cum
503 873 658 901 reverentia
683 873 865 903 adoraverunt
879 882 921 903 nte
937 883 945 904 :
963 884 1034 905 nunc

249 927 314 946 vero
327 919 361 945 ad
378 923 479 946 tantam
497 919 684 947 infelicitatem
697 921 822 948 devoluta
840 929 912 955 sum,
928 922 961 949 ad
973 927 1033 950 tan-

247 968 302 990 tam
324 964 460 991 miseriam
480 965 602 999 perveni,
622 967 651 992 ut
666 966 725 1000 ipsa
747 973 797 1001 ego
819 973 884 1001 vaga
902 966 962 994 aliis
979 975 1035 995 ser-

247 1009 356 1041 vierim,
375 1009 501 1037 omnibus
519 1010 654 1045 indigens,
667 1011 793 1039 omnibus
806 1012 941 1047 subjecta.
965 1013 1032 1049 Ego,

248 1055 346 1090 inquit,
357 1063 418 1090 quae
429 1057 588 1085 immensum
599 1065 740 1086 numerum
754 1058 864 1094 inopum
879 1063 961 1094 atque
968 1067 1033 1094 pau—

247 1109 353 1136 perum.
365 1101 639 1138 infeliciutnquoque,
647 1111 680 1131 ac
689 1104 820 1132 nudorum
832 1105 1035 1141 sitientiumque

246 1147 311 1174 olim
324 1154 357 1174 ex
378 1148 430 1175 tuis
452 1152 479 1175 et
494 1149 562 1176 meis
583 1149 722 1177 laboribus
744 1154 828 1185 atque
854 1150 1032 1183 facultatibus

247 1192 378 1224 saturavi,
387 1192 494 1225 vestiri,
507 1193 640 1227 benefeci,
651 1194 783 1228 requievi,
794 1195 965 1230 refrigeravi,
973 1203 1034 1230 ego,

248 1238 346 1273 inquit,
360 1239 394 1266 ad
411 1243 502 1266 tantos
516 1239 624 1267 dolores
638 1244 665 1267 et
689 1240 824 1273 miserias,
842 1246 923 1276 atque
947 1241 1036 1270 infeli-

248 1285 357 1312 citatem
371 1285 493 1319 perveni,
514 1290 543 1312 ut
557 1290 685 1321 tanquam
703 1293 771 1322 vaga
787 1287 961 1322 circumiens,
973 1288 1034 1316 aliis

249 1336 359 1365 propter
383 1331 501 1366 inopiam
523 1331 653 1366 serviam,
667 1336 697 1359 ut
720 1332 783 1365 tibi,
810 1333 908 1368 inquit,
930 1341 948 1361 ο
972 1333 1033 1366 Job.

250 1375 437 1410 quotidianam
462 1384 555 1405 escam
581 1385 727 1406 mercenno
754 1379 905 1413 acquirant,
930 1384 960 1406 ut
987 1379 1034 1412 tibi

248 1422 436 1457 quotidianum
456 1423 558 1450 victum
578 1423 727 1451 inveniam.
742 1423 783 1455 01)
803 1425 868 1456 ltoc,
891 1425 989 1459 inquit,
1005 1429 1035 1452 ut

249 1475 316 1503 vaga
326 1472 354 1496 et
369 1468 462 1496 habitu
476 1468 583 1496 ancillae
597 1468 631 1496 de
649 1469 709 1496 loco
727 1470 760 1497 ad
781 1469 868 1497 locum
885 1470 1034 1504 circumeo,

248 1517 275 1541 et
291 1514 325 1541 de
335 1514 415 1541 domo
437 1514 463 1541 in
480 1514 601 1546 domum,
617 1514 702 1542 sicubi
717 1521 875 1550 exposcam,
888 1520 915 1544 et
929 1516 1035 1549 mendi-

236 1567 319 1593 'cem,
342 1564 482 1594 expetam,
500 1559 542 1587 vel
557 1564 587 1588 ut
602 1560 685 1590 etiam
708 1566 853 1589 mercenno
867 1561 984 1597 exigam,
1003 1562 1035 1589 de

247 1605 307 1633 loco
325 1606 358 1633 ad
374 1606 474 1637 locum,
499 1606 532 1634 de
546 1607 626 1633 domo
647 1606 674 1634 in
689 1606 797 1634 domum
816 1608 963 1635 circumeo.
978 1607 1032 1634 Ali-

242 1652 320 1684 culti,
331 1652 586 1687 inquit,suscipior,
602 1651 701 1680 alicubi
719 1657 809 1681 autent
823 1661 877 1680 non
888 1654 1034 1689 suscipior,

236 1697 346 1728 alicubi
362 1697 484 1724 defertur
507 1697 585 1730 mihi,
600 1697 699 1725 alicubi
715 1701 806 1725 autem
821 1705 876 1726 non
900 1697 1035 1726 defertur.

246 1743 353 1771 Alicubi
376 1743 555 1774 houorillcor,
579 1743 678 1772 alicubi
702 1743 879 1772 nihilominus
899 1751 1035 1772 exsecror.

238 1787 315 1817 .Natn
331 1793 428 1821 praeter
446 1788 471 1815 id
491 1787 563 1822 quod
586 1795 639 1816 non
653 1789 816 1824 suscipiunt,
833 1790 943 1824 insuper
956 1796 1036 1818 exse-

236 1838 373 1865 .crantur,
391 1833 539 1866 declinant,
556 1834 749 1862 abominantur
760 1841 881 1864 nostram
894 1836 1036 1864 infelicita-

251 1884 317 1910 tem,
336 1879 522 1914 unusquisque
536 1879 587 1908 sibi
602 1885 736 1915 metuens,
753 1886 780 1909 et
795 1886 924 1917 tanquam
941 1883 975 1910 ab
988 1891 1037 1910 au-

235 1923 328 1958 ,gurio
343 1931 432 1953 meum
447 1932 584 1952 accessum
598 1930 680 1961 atqtte
702 1927 840 1955 introitum
867 1935 923 1963 pra:
939 1928 1037 1955 timore

247 1969 375 2002 declinat,
393 1977 426 1997 tte
439 1968 509 1997 forte
526 1977 588 1997 cum
601 1977 695 1998 nostra
715 1971 826 1999 miseria
841 1977 979 2008 tangatur.
996 1971 1036 2000 0b

247 2014 310 2048 hoc,
329 2015 426 2050 inquit,
443 2024 460 2042 ο
481 2016 543 2051 Job,
558 2017 591 2044 de
612 2017 674 2045 loco
687 2016 714 2044 in
731 2017 819 2044 locum
839 2017 987 2050 circumeo,
1010 2023 1038 2048 et

247 2062 281 2088 de
307 2061 427 2090 domoin
441 2063 561 2091 domum.
574 2063 639 2098 Ego,
657 2063 707 2096 ait,
721 2071 781 2099 qua:
801 2063 865 2091 olim
877 2063 950 2091 foras
968 2071 1037 2092 nun-

231 2115 330 2142 .quam
347 2109 432 2142 exivi,
444 2117 504 2143 quia
518 2109 592 2137 foras
607 2117 744 2145 nunquam
757 2111 875 2146 respexi,
889 2119 960 2139 nunc
973 2119 1037 2140 vero

231 2155 280 2182 -ιιε
292 2154 351 2182 loco
367 2156 394 2182 in
410 2155 499 2187 locum
516 2156 690 2190 circumiens,
704 2161 733 2184 et
748 2157 781 2185 de
795 2158 875 2185 domo
891 2158 915 2185 iu
927 2158 1036 2187 domum

231 2199 280 2227 .ab
296 2201 421 2229 omnibus
440 2201 603 2236 conspicior,
619 2202 653 2230 ab
663 2202 791 2231 omnibus
812 2204 990 2239 contemplor.
1010 2209 1037 2233 et

1088 275 1262 310 propinquat,
1268 280 1295 315 et
1314 275 1433 304 tenebrae
1443 275 1580 308 oriuntur,
1594 281 1622 303 et
1634 276 1794 311 supervenit
1805 283 1871 302 soru-

1087 327 1149 352 nus.
1168 321 1214 357 qui
1230 329 1324 350 utnnes
1347 322 1454 350 dolores
1471 322 1587 358 mitigat,
1610 323 1657 357 qui
1673 329 1757 349 omne
1779 322 1872 350 vulnus

1087 367 1174 399 sedat,
1197 368 1243 402 qui
1260 375 1367 396 omnem
1398 368 1535 395 tristitiam
1552 368 1632 402 sopit.
1651 367 1692 395 0b
1716 368 1771 395 hoc
1792 376 1872 403 ergo,

1086 413 1133 445 ait,
1151 418 1279 448 tanquam
1295 414 1416 449 requiem
1430 418 1457 440 et
1471 414 1593 440 omnittm
1609 414 1818 451 tribulationum
1830 415 1872 442 de-

1086 458 1247 492 positionem
1261 459 1299 486 sic
1307 463 1436 494 exspecto
1447 459 1554 494 quando
1567 459 1607 486 sol
1620 461 1728 492 subeat,
1740 463 1770 486 ut
1780 460 1871 487 saltem

1086 502 1128 529 vel
1146 503 1220 530 brevi
1233 503 1321 530 noctis
1337 508 1458 538 tempore
1475 511 1490 530 a
1510 503 1740 534 tribulationibus,
1753 512 1817 539 qua:
1835 513 1872 531 me

1087 555 1158 574 nunc
1173 549 1411 586 apprehenderth
1427 542 1605 584 requiescam.
1621 549 1783 578 Sicutenim
1803 550 1873 578 locus

1086 594 1145 622 loco
1154 602 1196 622 tne
1210 594 1309 628 reddit,
1325 599 1352 623 et
1365 595 1462 623 domus
1481 595 1585 627 domui,
1596 596 1692 630 stipem
1706 602 1872 631 qumrenteiu

1086 645 1111 667 et
1135 640 1350 675 elecmosynant,
1366 645 1448 675 atque
1475 641 1674 669 humanitatem
1698 649 1800 675 vagam
1828 642 1873 669 cir-

1086 676 1269 718 cumeuntem,
1283 686 1324 713 sic
1344 686 1470 718 similiter
1480 686 1538 713 dies
1556 687 1608 714 diei
1622 694 1666 714 tne
1682 688 1767 714 tradit
1785 693 1813 714 et
1826 696 1872 715 ttox

1087 732 1170 763 nocti.
1186 733 1306 768 requiem
1321 733 1528 764 tribulationum
1545 738 1626 768 atque
1639 733 1767 761 dolorum
1777 741 1871 761 conso-

1087 777 1212 806 lationem
1224 784 1391 814 quterentem
1401 780 1584 814 exspectando
1592 780 1702 814 quando
1717 779 1759 807 sol
1770 781 1870 811 subeat,

1086 830 1116 853 ut
1132 825 1252 860 rcquient
1280 826 1394 854 habeant
1424 826 1629 853 tribulationum
1645 833 1707 861 quae
1735 834 1781 853 me
1807 835 1872 854 nunc

1087 872 1331 906 apprehenderunt.
1345 871 1413 899 Nam
1428 871 1494 899 solis
1506 879 1619 900 occasus
1633 871 1764 899 omnibus
1782 872 1871 899 ιιιιιιιτι-

1090 918 1132 945 nis
1145 917 1281 945 laboribus
1293 925 1325 944 ac
1346 917 1552 953 fatigationibus
1567 918 1647 945 linem
1665 917 1795 953 imponit,
1813 918 1873 945 solis

1087 971 1201 995 occasus
1212 963 1347 991 universis
1362 964 1486 991 humanis
1498 964 1601 991 naturis
1615 963 1738 1000 requiem
1755 970 1872 999 praestat,

1087 1012 1114 1036 et
1128 1009 1302 1043 pauperibus,
1319 1014 1346 1036 et
1361 1017 1414 1036 non
1433 1008 1606 1040 habentibus,
1617 1013 1645 1036 et
1658 1009 1748 1036 servis
1765 1015 1793 1036 et
1810 1009 1872 1036 Iibe-

1088 1055 1126 1083 ris
1141 1063 1147 1082 :
1163 1060 1190 1083 et
1207 1062 1303 1082 omnes
1317 1063 1460 1090 vesperum
1473 1059 1555 1090 atque
1571 1055 1636 1082 solis
1647 1063 1791 1088 occasum,
1809 1056 1874 1082 velut

1088 1101 1240 1128 libertatem
1263 1106 1289 1129 et
1310 1101 1506 1136 indulgentiam
1533 1106 1614 1137 atque
1632 1102 1756 1135 requiem
1781 1110 1874 1136 exspo-

1087 1152 1173 1176 ctant.
1187 1147 1254 1174 Cum
1267 1147 1365 1182 quibus
1379 1147 1506 1174 omnibus
1519 1167 1526 1179 ,
1546 1147 1643 1182 inquit,
1660 1155 1710 1182 ego
1729 1147 1816 1175 etiam
1831 1155 1874 1175 ex—

1089 1199 1184 1229 specto
1200 1195 1310 1230 quando
1328 1193 1367 1221 sol
1383 1195 1491 1225 subeat,
1509 1198 1540 1220 ut
1561 1194 1683 1229 requiem
1698 1193 1819 1220 habeam
1832 1194 1876 1220 tri<

1088 1239 1273 1274 bulatiOnum,
1291 1247 1352 1274 qua:
1373 1247 1416 1266 me
1442 1247 1514 1266 nunc
1543 1239 1800 1274 apprehenderuut.
1828 1240 1875 1265 Vo-

1088 1285 1198 1312 luerunt
1224 1285 1336 1320 quidam
1361 1289 1389 1312 et
1416 1284 1495 1312 aliter
1517 1285 1573 1312 haec
1597 1285 1699 1317 dicere,
1718 1285 1804 1321 quasi
1828 1293 1874 1312 non

1088 1331 1175 1366 possit
1190 1338 1239 1365 per
1254 1331 1324 1370 diem
1344 1338 1399 1366 pm
1426 1331 1587 1358 verecundia
1609 1336 1692 1366 atque
1713 1330 1876 1358 confusione

1088 1385 1138 1412 per
1148 1377 1243 1405 domos
1259 1377 1310 1409 ire,
1327 1382 1354 1405 et
1371 1377 1468 1412 stipem
1487 1377 1608 1412 recipere
1629 1385 1679 1412 pro
1694 1377 1875 1404 cernentibus

1088 1428 1116 1451 et
1140 1423 1339 1451 declinantibus
1359 1427 1471 1458 propter
1489 1423 1633 1457 augurium
1658 1429 1693 1450 ne
1707 1422 1734 1450 ei
1750 1429 1876 1449 occurre-

1089 1473 1159 1502 rent,
1169 1469 1210 1497 vel
1220 1470 1245 1496 in
1257 1468 1366 1496 domum
1378 1469 1558 1503 susciperent,
1566 1473 1720 1496 metuentes
1738 1475 1774 1495 ne
1785 1468 1875 1496 eadem

1089 1519 1246 1549 paterentur
1270 1514 1351 1542 etiam
1368 1521 1462 1541 omnes
1475 1514 1508 1541 ad
1524 1522 1594 1548 quos
1615 1514 1802 1547 accessisset,
1834 1514 1870 1541 vel

1089 1560 1186 1595 quibus
1194 1559 1419 1594 approximasset.
1435 1558 1475 1587 01)
1485 1559 1537 1587 hoc
1548 1567 1612 1595 ergo
1625 1559 1701 1591 dicit,
1713 1565 1875 1594 exspectans

1086 1607 1194 1641 quando
1209 1605 1249 1634 sol
1265 1607 1370 1638 subeat,
1384 1611 1414 1634 ut
1428 1607 1453 1634 in
1470 1604 1587 1634 tenebris
1599 1608 1742 1634 nocturnis
1757 1607 1872 1642 τειιυίωει

1087 1645 1231 1679 inveniam.
1251 1651 1304 1679 Sed
1320 1659 1384 1680 vere
1412 1652 1536 1687 superior
1552 1651 1688 1686 expositio
1713 1659 1782 1679 vera
1799 1657 1873 1686 atque

1086 1697 1262 1726 irrel‘nlabilis
1276 1702 1327 1726 est.
1353 1698 1406 1726 Sed
1425 1703 1485 1733 post
1505 1698 1562 1725 haec
1588 1697 1717 1725 universa
1742 1698 1778 1725 ad
1802 1698 1872 1725 illum

1086 1750 1238 1771 sermonem
1263 1740 1455 1771 convertamus
1470 1764 1478 1777 ,
1503 1743 1580 1781 cujus
1605 1743 1686 1771 etiam
1713 1743 1774 1771 haec
1796 1745 1872 1771 verba

1086 1783 1207 1822 fuerunt,
1222 1790 1249 1816 id
1261 1793 1303 1817 est
1318 1789 1351 1816 ad
1366 1789 1512 1817 diabolum.
1529 1788 1595 1816 Nam
1607 1789 1651 1816 hic
1660 1789 1796 1824 gloriatur
1808 1789 1872 1823 quod

1086 1835 1119 1862 de
1131 1835 1191 1862 loco
1208 1835 1234 1863 in
1251 1835 1338 1863 locum
1353 1835 1501 1863 circumeat
1517 1840 1545 1862 et
1559 1837 1593 1862 de
1610 1835 1691 1862 domo
1707 1836 1735 1862 in
1754 1836 1871 1866 domum,

1086 1886 1113 1916 ut
1128 1881 1250 1915 seducal,
1262 1886 1291 1909 ut
1302 1881 1451 1916 perturbet,
1467 1885 1496 1909 ut
1509 1882 1696 1914 commisceat,
1706 1886 1737 1908 ιιι
1748 1881 1871 1916 decipiat.

1086 1931 1155 1955 utea
1169 1935 1229 1960 quae.
1244 1927 1383 1955 contraria
1396 1933 1461 1954 sunt
1475 1932 1589 1954 ClllIClOS
1602 1928 1710 1958 doceat.
1733 1932 1761 1954 et
1780 1935 1870 1962 exspe-

1086 1977 1141 2001 ctat
1153 1973 1260 2008 quando
1276 1973 1316 2001 sol
1328 1974 1433 2007 subeat,
1449 1977 1479 2000 ut
1495 1974 1614 2006 requiem
1631 1973 1732 2000 haheat
1751 1973 1871 2001 laborant

1086 2027 1119 2047 ac
1133 2020 1346 2048 tribulationum.
1366 2020 1434 2047 Nam
1444 2020 1488 2048 ubi
1500 2019 1668 2054 Soljustitiaa
1685 2027 1738 2046 non
1750 2020 1872 2051 subierit,

1087 2066 1131 2093 ubi
1151 2066 1194 2092 lux
1208 2066 1331 2094 veritatis
1347 2073 1400 2094 non
1416 2066 1525 2099 luxerit,
1544 2066 1589 2093 ubi
1615 2065 1771 2093 obscuritas
1788 2065 1875 2092 inieli-

1087 2112 1177 2139 citatis
1191 2117 1218 2139 et
1240 2113 1342 2140 erroris
1357 2118 1439 2147 atque
1464 2112 1613 2148 impietatis
1628 2111 1723 2146 fuerit,
1741 2112 1798 2140 illic
1815 2119 1872 2138 ma-

1089 2155 1179 2191 lignus
1195 2157 1350 2191 requiescit,
1371 2157 1427 2185 illic
1447 2165 1555 2185 omnem
1576 2157 1685 2192 iniqutts
1701 2165 1779 2185 suum
1803 2157 1875 2184 labo-

1087 2210 1144 2230 rem
1162 2203 1286 2238 deponit.
1301 2203 1405 2232 Idcirco
1423 2204 1456 2231 de
1470 2203 1528 2231 loco
1553 2203 1580 2230 in
1605 2203 1694 2231 locum
1711 2197 1821 2235 circuit;
1849 2208 1874 2230 rt

232 2253 261 2272 .a
274 2245 352 2274 malis
364 2250 392 2274 et
403 2254 418 2276 a
430 2246 518 2279 hortis,
531 2248 705 2283 etacognitis
716 2249 784 2276 etab
799 2249 952 2284 incognitis.
970 2249 1037 2277 Nam
1053 2253 1076 2283 ι)
1090 2249 1122 2276 de
1136 2249 1216 2276 donto
1229 2249 1255 2276 in
1273 2249 1396 2283 dotnum,
1412 2255 1505 2285 tttpote
1528 2257 1624 2277 aereus
1640 2249 1755 2284 spiritus
1776 2255 1872 2277 cuncta

247 2291 276 2324 ii,
297 2292 397 2327 inquit,
420 2293 466 2327 qui
483 2293 548 2321 olim
571 2302 623 2323 nec
648 2294 772 2323 viderunt
796 2303 850 2328 me,
871 2303 921 2323 ttec
940 2296 1035 2324 videre

246 2342 405 2373 potuerunt,
434 2339 480 2367 isti
502 2347 578 2368 nunc
592 2345 622 2368 ut
638 2348 731 2376 vagam
758 2347 802 2376 tne
817 2341 1033 2369 circumeuntem

231 2391 307 2411 vcum
324 2384 475 2419 ignominia
491 2386 595 2418 vident,
624 2390 706 2422 atque
725 2389 882 2422 contemptu
910 2393 1034 2414 contem-

246 2429 365 2464 plantur.
385 2429 427 2457 0b
445 2430 507 2465 hoc,
525 2431 623 2465 inquit,
641 2431 675 2459 de
691 2431 749 2459 loco
760 2431 794 2458 ad
807 2432 898 2459 locuut
913 2432 1032 2467 circum-

246 2484 280 2504 eo
300 2479 330 2501 et
353 2476 389 2503 de
410 2475 490 2504 domo
509 2476 536 2503 in
551 2476 659 2503 dotnutn
672 2477 762 2511 operis
778 2477 878 2511 gratia,
896 2483 1032 2512 ctexspe-

246 2528 324 2550 etans
339 2523 448 2558 quando
462 2521 507 2552 sol
530 2522 636 2554 subeat,
651 2527 680 2549 ut
695 2523 814 2558 requiem
830 2523 944 2550 habeam
962 2522 1034 2564 labo-

247 2578 308 2598 rum
319 2575 401 2605 atque
410 2569 568 2605 gemituum,
579 2568 625 2603 qui
639 2577 710 2597 nunc
721 2576 764 2597 me
774 2569 1009 2604 apprehenderuut
1024 2578 1031 2596 :

246 2618 292 2652 qtti
310 2625 383 2644 nunc
392 2619 596 2651 occupaverunt
611 2619 666 2642 tam
683 2623 731 2650 pro
742 2620 787 2643 tua
802 2616 940 2651 passione,
952 2623 1032 2650 quam

246 2663 328 2691 etiarn
345 2669 393 2698 pro
412 2669 474 2689 mea
497 2661 650 2696 vagatione,
677 2666 730 2688 tam
747 2669 796 2696 pro
816 2661 870 2689 tuis
895 2661 1033 2688 laboribus

245 2716 327 2743 qtlt‘m
349 2708 432 2735 etiam
453 2714 503 2742 pro
518 2707 585 2734 meis
611 2706 843 2740 tribulationibus,
870 2711 1032 2742 exspectans

247 2755 354 2789 quando
367 2755 407 2782 sol
421 2755 526 2783 subeat.
541 2752 583 2782 Ob
603 2762 685 2790 quam
697 2754 777 2787 rem?
793 2753 835 2782 0b
852 2754 915 2785 hoc,
932 2754 1029 2788 inquit,

228 2806 276 2827 ~ut
305 2801 425 2835 requiem
454 2801 566 2828 habeam
594 2801 717 2830 laborum
756 2807 788 2829 ac
826 2799 1030 2828 tribulationum

284 2888 304 2902 “
321 2887 413 2914 Matth.
429 2894 479 2919 xtl,
495 2886 540 2914 45.

1088 2300 1236 2330 penetrans
1247 2300 1328 2332 atque
1336 2296 1489 2332 pervolans,
1500 2301 1528 2324 et
1538 2296 1629 2324 omnia
1640 2296 1872 2330 circumspiciens.

1089 2345 1116 2368 et
1132 2341 1232 2376 ubique
1249 2342 1339 2369 omnia
1354 2342 1507 2377 inquirens,
1525 2341 1616 2369 sicubi
1635 2348 1690 2368 suae
1706 2340 1816 2368 malitia:
1831 2348 1874 2368 nc-

1087 2387 1201 2424 qttttiant
1231 2388 1406 2420 requiescere
1432 2388 1525 2415 faciat.
1542 2387 1619 2421 Quod
1647 2392 1739 2414 autem
1765 2386 1803 2413 ita
1827 2387 1873 2418 sit,

1085 2434 1167 2461 etiant
1181 2435 1237 2470 ipse
1249 2433 1378 2461 Dominus
1390 2434 1417 2460 in
1431 2433 1586 2469 Evangeliis
1595 2433 1785 2460 demonstrans
1796 2432 1870 2459 dicit.

1067 2469 1152 2512 :Cum
1171 2480 1321 2507 immundus
1348 2479 1456 2514 spiritus
1483 2479 1576 2506 exierit
1594 2479 1625 2505 ab
1650 2478 1756 2505 homine
1781 2478 1871 2504 circuit

1085 2534 1206 2562 quwrem
1223 2526 1336 2561 requiem
1350 2526 1382 2552 “.
1400 2525 1445 2553 Sic
1461 2525 1552 2561 itaque
1580 2530 1608 2552 et
1630 2525 1690 2552 istic
1714 2525 1813 2551 circuit
1840 2526 1872 2551 de

1086 2572 1180 2600 locoin
1194 2571 1327 2604 loctnn,et
1337 2571 1370 2598 de
1385 2570 1467 2597 dotno
1477 2569 1502 2596 in
1517 2570 1637 2602 domum,
1651 2569 1738 2597 sicubi
1754 2569 1870 2596 subeun-

1067 2648 1069 2650 _
1087 2621 1142 2644 tem
1159 2616 1278 2643 inveniat
1292 2615 1376 2642 solent
1392 2618 1419 2641 ct
1439 2614 1566 2641 tenebras
1581 2618 1608 2640 et
1631 2614 1829 2642 obscuritatem
1844 2620 1870 2642 et

1065 2693 1069 2697 ,
1087 2666 1204 2694 noctem,
1222 2659 1416 2695 impudicitias,
1445 2662 1472 2686 et
1494 2658 1628 2686 adulteria
1650 2665 1678 2686 et
1693 2660 1867 2694 pertinacias.

1068 2739 1071 2742 ⁴
1086 2711 1116 2734 ιιι
1131 2707 1185 2734 illic
1198 2707 1369 2741 requiescere
1380 2705 1503 2740 perﬁciat
1513 2705 1667 2732 universam
1679 2713 1757 2732 suam
1772 2706 1869 2740 iniqui-

1086 2757 1178 2786 tatem,
1196 2757 1277 2787 atque
1297 2759 1405 2779 omnem
1428 2751 1549 2779 laborem
1564 2758 1652 2778 suum.
1683 2750 1730 2778 Sic
1756 2759 1867 2785 namque

1086 2798 1233 2835 requiescit
1250 2803 1332 2834 caput
1348 2798 1501 2834 hujusmodi
1518 2802 1548 2825 ut
1561 2797 1630 2825 ultra
1646 2804 1716 2832 opus
1739 2804 1793 2825 non
1819 2796 1862 2823 ha-
