1909 3080
61 177 110 204 ιιὸὄ

603 173 794 202 ΑΝΟΝῘΜΗΞ
813 173 845 201 IN
865 173 936 202 JOB.
949 189 982 194 —
1001 172 1065 201 LIB.
1086 172 1119 202 II.

1635 175 1699 211 ιεεὲ

60 234 118 260 beat
142 231 270 259 laborare
294 235 323 258 ut
347 236 396 259 eos
421 231 546 259 seducat.
561 230 706 266 -Proprios
729 239 846 266 namque
860 233 884 262 Α
898 231 1054 259 mutabilem
1076 236 1150 258 tuam
1170 231 1324 266 passionem
1337 235 1365 259 et
1381 236 1474 259 noctes
1492 232 1616 260 dolorum
1629 241 1688 268 perv.

61 278 137 306 habet
151 276 224 309 illos,
240 281 267 304 et
278 276 304 303 in
315 276 368 304 illis
380 277 539 312 requiescit.
558 276 630 304 Idem
646 284 712 312 ergo
722 277 845 304 diabolus

61 329 123 350 sane
138 321 226 348 dixit:
241 321 471 348 Circuiui'omnem
487 327 597 354 terram,
611 327 637 349 et
653 323 793 358 peragraoi
813 330 845 349 ea

60 376 115 403 qua!
130 367 176 394 sub
192 367 258 393 calo
272 371 332 393 sunt
343 367 376 394 ".
404 366 476 394 Idem
492 366 551 401 ipse
563 366 646 394 etiam
671 375 744 395 nunc
763 368 844 399 dixit,

61 414 127 447 quod
137 413 169 439 de
179 412 241 439 loco
249 411 275 438 in
286 412 387 444 locum,
398 417 425 439 et
435 413 469 439 de
481 412 563 440 domo
573 412 600 440 in
609 414 718 440 domum
727 413 845 441 circum-

61 458 126 485 ierit.
156 457 230 484 Idem
254 457 312 493 ipse
328 458 411 485 etiam
438 457 528 485 adhuc
560 458 726 486 circumiens
747 459 845 494 quaerit

63 504 188 538 requiem.
206 503 260 531 Sed
275 511 337 531 cum
352 504 507 531 universam
522 504 652 532 malitiam
664 512 740 532 suam
755 505 845 539 peric-

61 550 123 578 cerit
135 550 274 583 diabolus.
285 555 367 585 atque
389 558 497 578 omnem
514 550 685 586 iniquitatem
701 559 778 579 suam
796 551 844 578 de-

61 596 258 627 monstraverit,
275 595 393 623 ostendit
408 596 435 623 in
448 596 501 623 line
513 596 578 631 quid
595 597 765 632 cogitaverit,
777 597 843 632 quid

61 642 202 676 quaesierit,
221 642 321 677 quidve
341 642 457 677 cupierit
472 643 570 670 dicens
584 652 592 670 :
614 643 779 679 Diculiqnod
791 652 844 671 ver-

60 689 114 715 ltum
130 689 157 715 in
177 688 321 715 Dominum
343 694 367 716 et
386 697 487 716 morere
496 689 527 716 ¹³.
544 688 567 716 0
582 690 712 724 iniquitas
726 695 753 718 et
766 690 844 717 mali-

60 736 103 767 tia,
115 734 221 762 fallacia
240 743 349 771 quoque
366 743 398 763 ac
414 735 535 763 versutia
551 741 608 769 tua,
624 736 741 768 diabole,
756 745 844 771 quan-

62 787 112 808 tum
127 781 300 816 percnrristi,
325 786 352 809 et
367 786 501 816 quantum
518 781 652 814 circuisti,
670 787 697 809 et
709 787 841 818 quantum

65 827 114 854 tuis
136 826 309 854 sermonibus
332 831 415 862 atque
429 827 536 856 callidis
561 828 742 857 locationibus
765 837 842 856 com-

59 873 145 906 plexus
158 880 198 905 es,
217 880 281 900 cum
293 873 507 901 eommonel‘acis
523 882 585 902 eum
602 873 736 907 dolorum.
751 875 842 910 plaga-

61 925 122 950 rum,
136 917 284 951 vermium,
304 918 489 952 pnlredinum,
515 919 632 946 ﬁliorum
648 923 731 952 atque
747 919 840 947 uxoris

59 963 213 998 vagationis.
239 963 275 990 Et
293 968 438 999 postquam
456 971 505 999 per
519 964 575 992 haec
591 965 719 992 universa
733 970 839 1000 raptum

60 1009 137 1042 illum,
147 1014 231 1044 atque
245 1013 307 1044 post
322 1016 353 1037 se
372 1017 534 1037 conversum
549 1011 651 1038 habere
664 1016 753 1046 putat,
780 1017 843 1046 post

61 1055 110 1082 haec
122 1055 298 1082 nihilominus
311 1055 402 1083 omnia
419 1056 495 1091 quasi
514 1057 631 1090 gratiam
647 1062 730 1092 atque
751 1057 840 1085 since-

60 1100 158 1127 ritatem
189 1101 228 1128 illi
255 1101 436 1134 demonstret,
462 1107 490 1129 et
514 1105 642 1137 tanquaut
659 1102 776 1130 sollicite
802 1104 839 1132 illi

59 1145 190 1173 consilium
205 1146 339 1181 praebeat,
355 1146 394 1174 ait
409 1156 415 1174 :
428 1146 476 1174 Dio
496 1147 606 1183 aliquod
621 1149 726 1176 uerbum
745 1150 771 1176 iu
787 1149 840 1177 Do-

59 1191 148 1217 minum
171 1196 194 1218 et
212 1200 327 1219 morere.
348 1191 455 1226 Melior,
468 1193 566 1228 inquit,
581 1198 623 1221 est
646 1201 732 1226 mors,
747 1202 764 1222 o
776 1194 838 1229 Job,

59 1243 129 1270 quam
142 1237 196 1264 vita
211 1245 319 1270 amara,
334 1242 361 1265 et
379 1238 489 1273 requies
503 1244 606 1266 aeterna
620 1248 700 1275 quam
713 1248 841 1276 perseve-

60 1290 114 1310 rans
126 1283 277 1312 inﬁrmitas.
291 1285 352 1312 Ideo
360 1286 403 1312 dic
418 1286 526 1321 aliquod
541 1287 646 1314 verbum
655 1288 684 1314 in
696 1287 838 1316 Dominum

59 1333 80 1355 et
89 1337 192 1363 morere,
205 1335 235 1357 ut
248 1329 358 1358 inanem
368 1331 528 1359 vitamhanc
541 1332 668 1366 ﬁnias,ut
683 1333 838 1361 hmcamara

60 1379 180 1403 tormenta
195 1377 345 1411 relinquas,
363 1382 392 1405 ut
402 1378 437 1405 ab
454 1377 514 1405 istis
526 1378 775 1407 vehementioribus
787 1379 835 1406 do-

60 1419 151 1448 loribus
171 1425 306 1449 transeas.
324 1421 364 1449 0b
378 1422 429 1450 hoc
445 1429 511 1458 ergo
529 1423 574 1450 dic
598 1423 710 1458 aliquod
725 1424 837 1453 verbum

59 1465 82 1491 in
96 1465 232 1494 Dominum
247 1472 276 1495 et
301 1475 418 1495 morere.
439 1467 487 1495 Dic
498 1468 608 1504 aliquod
624 1470 737 1498 verbum
763 1471 837 1506 quod

58 1511 145 1545 irritet,
155 1513 225 1548 quod
238 1514 396 1547 exacerbet,
412 1514 485 1549 quod
497 1520 651 1550 exasperet.
668 1515 715 1544 Dic
729 1516 836 1550 aliquod

59 1559 160 1585 verbum
174 1559 202 1586 in
225 1559 382 1586 Dominum.
397 1560 503 1588 Accusa
526 1560 559 1588 de
573 1561 715 1595 iniustitia,
739 1563 835 1590 critni-
849 1577 871 1607 α

59 1607 221 1638 nare.irride
238 1607 273 1635 de
297 1607 409 1640 malitia,
431 1608 601 1643 reprehendo
624 1608 660 1636 de
686 1609 834 1644 impietate.

61 1652 102 1679 Dic
114 1652 219 1688 aliquod
233 1653 348 1680 verbum
363 1654 435 1688 quod
449 1659 532 1689 neget
547 1654 634 1687 illum,
650 1659 678 1682 et
691 1655 833 1690 provident

61 1697 116 1725 tiam
126 1699 182 1734 ejus
198 1704 283 1734 atque
300 1700 497 1732 provisionem,
512 1701 713 1735 praescientiam
728 1709 836 1737 quoque

60 1751 88 1772 ac
102 1746 223 1773 virtutem
236 1751 319 1780 atque
330 1746 542 1780 magnitudinem
558 1746 641 1774 illius.
658 1747 702 1774 Sic
712 1755 778 1783 ergo
792 1748 835 1776 dic

60 1789 155 1824 aliquod
177 1792 290 1819 verbum
313 1792 340 1819 in
363 1791 506 1819 Dominum
533 1798 560 1820 et
573 1800 689 1820 morere.
713 1788 742 1820 Si
761 1793 834 1821 eiiim

59 1835 149 1870 aliquid
163 1837 317 1872 hujus-nodi
334 1838 448 1870 dixeris,
465 1838 596 1865 continuo
610 1839 746 1873 morieris,
769 1847 836 1866 con-

61 1881 129 1909 tinuo
144 1882 176 1910 de
200 1883 329 1911 omnibus
354 1884 536 1918 prazsentibus
556 1883 697 1912 laboribus
721 1892 835 1914 securus

60 1930 131 1960 atque
151 1927 256 1955 alienus
281 1928 413 1960 redderis,
439 1928 568 1956 continuo
593 1937 681 1964 neque
695 1929 835 1958 conlusio-

61 1979 125 2004 nem,
140 1973 236 2008 inquit,
263 1974 421 2006 sustinebis,
436 1981 525 2009 neque
542 1974 704 2010 improperia
727 1977 832 2010 audies,

62 2024 138 2052 neque
159 2019 281 2046 dolorem
309 2018 434 2053 patieris,
463 2027 552 2054 neque
571 2027 679 2054 pmuatn
707 2020 833 2054 sull‘eres,

61 2064 101 2090 sed
120 2069 214 2091 cuncta
241 2064 364 2099 protinus
389 2064 530 2099 deponens
560 2065 631 2092 inter
654 2071 777 2093 mortuos
792 2074 835 2093 re-

61 2110 182 2143 quiesces.
203 2109 264 2142 Dic,
278 2110 376 2144 inquit,
392 2110 503 2142 aliquod
515 2111 620 2138 uerbum
636 2111 663 2138 in
680 2110 832 2145 Dominum,

61 2159 81 2180 et
91 2163 192 2183 morere.
206 2155 274 2188 Hoc,
290 2156 389 2190 inquit,
400 2161 539 2190 exspecto,
558 2157 609 2184 hoc
626 2158 756 2189 sustineo,
782 2156 834 2185 hoc

62 2200 182 2236 desidero,
199 2203 251 2230 hoc
273 2210 376 2238 quaero,
394 2206 423 2230 ut
438 2203 514 2230 dicas
536 2203 646 2238 aliquod
670 2203 783 2231 verbum
806 2204 833 2230 in

63 2244 192 2275 Doluinum
216 2253 244 2275 et
271 2249 410 2276 moriaris.
428 2247 469 2276 ου
497 2249 560 2281 hoc,
589 2249 689 2284 inquit,
716 2250 833 2284 plurimo
850 2247 871 2276 D

57 2294 171 2327 tempore
185 2294 329 2329 advigilavi
344 2295 404 2328 tibi,
416 2295 567 2324 observans
581 2300 663 2330 atque
674 2296 701 2322 in
717 2295 834 2331 speculis

63 2338 147 2365 sedens
168 2340 277 2374 quando
304 2341 511 2373 suceumberes,
541 2341 650 2375 quando
673 2340 833 2374 ﬂectereris,

63 2384 158 2416 quando
165 2385 302 2417 deticeres.
309 2385 418 2418 quando
430 2385 457 2412 in
467 2385 509 2412 his
521 2385 662 2413 doloribus
670 2384 834 2420 defatigatus

64 2432 133 2462 atque
144 2429 170 2456 in
186 2430 251 2465 ipsis
266 2431 410 2458 tormentis
421 2431 576 2460 delassatus
591 2432 624 2459 ad
640 2431 834 2466 reprehensio-

64 2479 116 2500 nem
124 2474 258 2504 Creatoris
270 2475 430 2509 ﬂectercris,
439 2481 522 2511 atque
531 2477 556 2505 in
570 2476 651 2504 lactis
661 2476 707 2503 Dei
717 2476 750 2504 ad
762 2476 835 2504 blas-

65 2519 186 2551 phemiam
202 2526 228 2548 te
238 2527 423 2549 converteres.
442 2522 508 2550 Cum
523 2531 583 2557 ego,
594 2522 692 2557 inquit,
706 2522 764 2550 haec
774 2523 836 2550 uni-

65 2569 133 2592 versa
145 2566 304 2600 perfecerim
318 2572 400 2602 atque
415 2569 580 2603 peregerim,
596 2575 679 2595 unum
695 2567 761 2594 mihi
775 2574 837 2595 ver-

66 2607 119 2636 bum
125 2611 340 2645 condona,unuln
349 2613 461 2640 verbum
469 2621 511 2640 me
518 2613 626 2647 exaudi,
634 2621 717 2641 unum
724 2613 836 2641 verbum

67 2654 138 2684 dicito
145 2657 170 2684 in
183 2657 371 2691 Dominum,et
382 2666 498 2687 morere.
508 2658 585 2692 Quod
594 2659 667 2686 enim
677 2663 705 2686 tu
714 2659 836 2687 dicturus

67 2708 92 2729 es
104 2709 158 2737 p031
172 2705 318 2740 paululum,
338 2713 355 2733 o
375 2705 436 2739 Job,
460 2713 568 2734 menses
583 2713 683 2734 vacuos
700 2711 728 2733 et
742 2710 836 2733 noctes

67 2747 175 2777 dolorum
195 2753 307 2780 sustinui
327 2762 334 2779 :
357 2753 427 2785 hoc.
450 2752 553 2787 inquit,
579 2759 627 2786 ego
648 2752 705 2787 jam
731 2760 764 2780 ex
785 2753 849 2786 boc_

67 2796 185 2830 sustineo,
206 2805 311 2826 menses
328 2805 428 2826 vacuos
449 2799 634 2833 pertransiens
654 2804 763 2834 propter
783 2799 835 2826 im-

99 2886 173 2915 “Job
189 2895 207 2921 ι,
221 2887 248 2915 7.
287 2887 367 2916 "Job
380 2888 450 2920 ",9.
490 2887 511 2905 “
531 2888 609 2916 Cant.
633 2896 693 2923 vm,
709 2889 734 2917 'l.
777 2889 798 2905 "
817 2885 869 2918 ιῦιι

895 284 979 311 agens
999 281 1110 311 propter
1126 276 1246 304 animam
1268 282 1341 304 tuam
1358 277 1384 304 in
1400 277 1539 305 doloribus
1554 285 1606 305 non
1625 286 1687 307 suc-

894 323 1078 350 cumbentem.
1091 322 1150 353 Non
1175 323 1248 350 enim
1275 328 1302 350 te
1326 323 1373 358 ita,
1394 331 1411 350 ο
1427 322 1494 355 Job,
1517 323 1561 351 isti
1580 317 1698 352 dolores.

895 366 1033 403 afﬂigunt,
1056 369 1129 396 sicut
1155 376 1197 396 me
1224 373 1268 396 tua
1297 368 1440 396 tolerantia
1473 374 1612 405 pernecat.
1635 370 1687 398 Pro

896 414 938 442 Itis
952 422 1018 449 ergo
1030 414 1156 442 omnibus
1171 414 1214 442 dic
1230 414 1339 448 aliquod
1355 415 1467 442 verbum
1484 415 1510 441 in
1530 415 1686 448 Dominum,

894 465 921 487 et
939 467 1054 487 morere.
1078 459 1130 487 Sed
1153 460 1205 487 tale
1223 459 1335 487 verbum
1353 461 1407 492 dic,
1434 465 1463 487 ιιι
1479 461 1609 489 continuo
1637 462 1685 489 tibi

894 510 1007 534 mortem
1026 511 1164 541 procuret,
1180 507 1228 533 sed
1245 506 1313 533 bene
1328 506 1397 533 dixit
1414 507 1586 541 postmodum
1603 507 1625 534 is
1638 507 1695 542 qui,

894 551 932 578 ait
947 558 955 578 :
974 552 1048 586 Aqua
1068 552 1151 578 multa
1168 560 1219 579 non
1239 553 1388 587 exstinguor
1406 552 1575 584 charitatem,
1591 557 1615 578 et
1632 553 1686 587 [Iu-

894 598 966 624 ntina
982 606 1034 624 non
1059 597 1225 625 inundabunt
1241 606 1311 626 eam.
1327 598 1349 613 “
1368 597 1464 625 Omnia
1485 599 1557 625 enim
1573 597 1685 626 ﬂumina

892 648 919 670 et
932 644 1022 672 omnis
1035 645 1162 678 impetus,
1176 648 1203 671 et
1215 644 1305 672 omnis
1320 644 1460 671 inundatio
1475 643 1585 678 maligni
1603 649 1686 679 atque

893 689 995 718 malitia
1019 689 1136 722 diaboli,
1159 690 1331 724 exstinguere
1356 689 1398 716 vel
1423 689 1559 717 inundare
1587 697 1683 723 puram

892 733 964 762 illius
980 735 1140 763 cbaritatem
1157 734 1207 763 Job
1227 743 1308 770 quam
1324 735 1397 763 circa
1426 735 1570 762 Dominum
1598 735 1684 763 Deum

893 780 986 809 habuit
1003 788 1055 808 non
1074 785 1230 815 potuerunt.
1254 781 1384 809 Indicium
1409 780 1489 815 hujus
1512 781 1549 808 rei
1574 788 1605 809 ea
1623 789 1685 817 quas

888 825 1050 861 jampridem
1073 827 1145 854 dicta
1171 832 1251 863 sunt,
1277 833 1305 855 et
1329 835 1362 854 ea
1387 835 1448 862 quae
1474 827 1562 854 adhuc
1586 828 1684 855 subse-

891 877 1005 906 quenter
1024 873 1208 907 proferuntur,
1231 874 1430 902 demonstrant.
1445 873 1512 901 Nam
1539 883 1599 902 mox
1622 874 1684 902 istic

893 918 919 946 in
945 918 1176 953 subsequentibus
1199 918 1264 946 dicit
1282 928 1289 947 :
1305 918 1368 952 Ipse
1394 928 1453 947 vero
1480 922 1622 954 respiciens
1647 920 1684 948 ad

890 972 948 992 eam
964 964 1028 991 dicit
1041 972 1050 991 :
1066 964 1156 997 Quare
1166 969 1194 991 ut
1210 973 1262 991 una
1278 973 1310 992 ea:
1325 965 1508 999 insipientibus
1528 966 1683 993 mulieribus

890 1011 927 1038 ita
944 1010 1032 1037 locuta
1051 1019 1078 1037 ea
1098 1010 1140 1038 “1
1157 1011 1214 1045 Ipse
1230 1018 1294 1038 vero
1312 1011 1459 1046 respiciens
1474 1012 1507 1038 ad
1523 1020 1594 1039 eam.
1612 1011 1681 1047 Ipse.

890 1055 973 1090 Quis!
991 1055 1117 1092 Job-ipse
1133 1056 1252 1091 respexit
1264 1064 1324 1084 eam
1345 1057 1389 1092 qui
1408 1062 1471 1085 ante
1486 1059 1519 1084 ad
1537 1058 1620 1085 Deum
1639 1065 1683 1085 re-

889 1102 1030 1136 spiciebat,
1053 1102 1100 1136 qui
1119 1103 1237 1137 primum
1266 1102 1409 1130 Dominum
1433 1103 1681 1138 contemplabatur,

889 1148 934 1182 qui
954 1148 1054 1175 dudum
1071 1147 1105 1174 ad
1128 1152 1258 1176 aiternam
1283 1148 1513 1183 incorruptionem
1537 1149 1685 1187 sinceriter

890 1193 1058 1221 intendebat.
1081 1193 1140 1228 Ipse
1153 1201 1219 1229 ergo
1234 1194 1364 1229 respexit.
1380 1193 1438 1228 Ipse
1458 1193 1503 1221 ille
1522 1194 1680 1227 immobilis,

889 1238 1102 1272 indeclinabilis,
1138 1239 1369 1271 insubvertibilis,
1391 1239 1599 1267 inseductibilis.
1623 1240 1682 1275 Ipse

888 1285 934 1320 qui
952 1285 1154 1313 circumventus
1167 1293 1219 1313 non
1237 1290 1289 1318 est,
1311 1286 1356 1320 qui
1374 1293 1388 1312 a
1410 1285 1466 1314 Deo
1489 1293 1542 1313 non
1561 1291 1602 1313 est
1619 1287 1682 1314 abs-

889 1335 1002 1359 tractus.
1027 1331 1086 1366 Ipse
1104 1331 1224 1366 respexit
1239 1332 1273 1358 ad
1293 1339 1363 1360 eam.
1381 1331 1421 1359 Ad
1441 1339 1522 1366 quam
1538 1332 1617 1359 eam?
1640 1332 1682 1360 Ad

888 1383 1011 1410 uxorem,
1027 1377 1062 1404 ad
1084 1377 1208 1408 insidias,
1232 1378 1266 1404 ad
1292 1377 1487 1414 muscipulam,
1512 1377 1546 1404 ad
1567 1377 1682 1409 subver-

888 1423 1003 1455 sionem,
1025 1423 1059 1450 ad
1084 1423 1201 1457 ruinam,
1227 1423 1294 1450 Nam
1319 1423 1364 1450 illa
1389 1431 1469 1458 quam
1495 1431 1606 1451 uxorem
1621 1431 1682 1452 esse

887 1469 1039 1503 oportebat,
1056 1473 1084 1496 et
1100 1470 1220 1496 omnium
1249 1469 1383 1497 bonorum
1408 1469 1616 1497 consiliatricem
1640 1475 1683 1497 at-

887 1521 941 1549 que
953 1514 1183 1550 suﬂragatricem,
1196 1514 1292 1542 ell'ecta
1309 1520 1352 1543 est
1371 1514 1409 1542 illi
1427 1515 1544 1547 insidias,
1562 1515 1629 1542 retia
1654 1519 1682 1550 et

887 1558 962 1588 I'raus
983 1567 1016 1587 ac
1031 1561 1114 1588 totius
1130 1561 1277 1596 impietatis
1301 1561 1472 1588 consiliatrix
1498 1561 1540 1588 vel
1564 1560 1681 1598 fautrix,

886 1612 1043 1640 quanquam
1058 1605 1150 1640 justus
1172 1605 1223 1634 Job
1247 1606 1320 1634 illam
1345 1615 1396 1634 non
1413 1607 1542 1634 audierit.
1566 1607 1619 1634 Sed
1641 1608 1681 1635 in-

887 1652 966 1680 terim
984 1660 1045 1680 cum
1064 1659 1094 1680 se
1108 1652 1161 1680 ista
1178 1653 1332 1680 ministram
1349 1653 1468 1688 maligno
1481 1652 1581 1686 ellecit,
1598 1661 1682 1688 quan-

886 1702 997 1732 tumquc
1017 1698 1051 1725 ad
1067 1698 1152 1733 ipsam
1176 1698 1378 1726 circumvenire
1403 1704 1485 1733 atque
1503 1698 1679 1733 supplantare

886 1742 994 1771 beatum
1019 1743 1070 1772 Job
1092 1745 1212 1776 studuit,
1233 1745 1328 1772 tnerito
1343 1743 1434 1778 justus
1462 1744 1506 1772 ille
1527 1745 1680 1780 respiciens

885 1789 918 1817 ad
932 1796 1008 1822 eam,
1026 1788 1145 1824 primum
1165 1789 1199 1817 ad
1221 1797 1283 1817 eum
1301 1790 1347 1825 qui
1364 1790 1390 1817 in
1414 1797 1445 1818 ea
1464 1790 1635 1825 loquebatur,
1655 1792 1681 1818 id

885 1839 927 1862 est
945 1835 977 1862 ad
998 1835 1144 1869 diabolum,
1159 1835 1297 1870 respexit:
1311 1835 1428 1870 primum
1445 1835 1585 1863 inimicum
1605 1836 1679 1863 illum

884 1880 930 1915 qui
945 1888 992 1916 per
1007 1888 1037 1908 os
1051 1880 1110 1915 ejus
1123 1880 1302 1909 insidiabatur
1316 1881 1458 1911 intellexit.
1472 1887 1553 1916 atque
1567 1881 1679 1909 malitiae

885 1925 943 1961 ejus
965 1933 1112 1954 occurrens
1128 1925 1242 1960 restitit,
1264 1930 1292 1954 et
1310 1929 1360 1961 pe'r
1378 1926 1450 1954 illam
1477 1935 1540 1962 quae
1563 1927 1597 1954 ad
1618 1919 1680 1955 eum

886 1972 974 2000 locuta
990 1977 1032 2001 est
1049 1973 1338 2010 diaboliiniquitatem
1366 1973 1506 2008 redarguit
1524 1979 1607 2008 atque
1629 1974 1680 2000 de-

883 2018 957 2053 jecit.
971 2018 1047 2052 Quod
1062 2018 1252 2047 demonstrans
1269 2018 1409 2054 Scriptura
1428 2017 1510 2052 dicit;
1540 2019 1597 2054 ipse
1616 2026 1680 2046 vero

886 2065 1004 2099 respexit
1020 2065 1053 2091 ad
1070 2072 1129 2091 eam
1157 2064 1266 2092 turbido
1285 2069 1396 2099 aspectu
1409 2084 1416 2096 ,
1441 2065 1580 2092 immutata
1599 2064 1678 2099 facie,

884 2109 1009 2138 frementi
1024 2111 1172 2144 locutione,
1190 2111 1351 2146 perturbato
1367 2111 1452 2138 vultu.
1473 2109 1533 2150 Ipse
1555 2118 1618 2138 vero
1634 2118 1678 2137 re-
1722 2134 1724 2137 .

884 2155 1001 2190 spiciens
1024 2156 1056 2184 ad
1077 2164 1136 2184 eam
1159 2164 1221 2194 cum
1244 2156 1283 2183 ira
1300 2164 1332 2184 ac
1349 2155 1453 2189 furore,
1475 2164 1536 2183 cum
1555 2156 1679 2191 indigna-

886 2201 957 2228 tione
984 2207 1066 2236 atque
1094 2206 1262 2237 contemptu.
1290 2201 1426 2237 Cognovit
1459 2210 1577 2237 namque
1605 2203 1678 2237 quod

887 2246 993 2280 maligni
1010 2253 1088 2274 erant
1103 2248 1161 2275 haec
1173 2248 1332 2280 seminaria,
1347 2248 1410 2282 quia
1428 2247 1564 2275 maledicti
1585 2255 1677 2274 semen

887 2292 938 2319 hoc
953 2291 1049 2326 fuerat,
1065 2294 1127 2328 quia
1150 2293 1240 2328 injusti
1263 2299 1323 2321 erat
1339 2293 1384 2320 ille
1407 2293 1526 2326 fructus,
1543 2293 1606 2328 quia
1629 2301 1678 2320 ne-

886 2338 1009 2373 quissimi
1031 2338 1081 2366 fuit
1098 2339 1155 2367 haec
1171 2339 1328 2366 concitatio.
1350 2339 1453 2367 Idcirco
1475 2339 1623 2374 respiciens
1644 2339 1677 2366 ad

886 2392 945 2412 eam
963 2384 1070 2419 quidem
1098 2385 1234 2419 respexit,
1257 2378 1306 2411 Sed
1331 2386 1364 2414 ad
1383 2385 1518 2413 diabolum
1538 2385 1626 2425 dixit,
1643 2384 1678 2412 ad

887 2430 1022 2458 diabolum
1041 2431 1147 2468 locutus
1165 2434 1217 2458 est.
1237 2429 1304 2462 Cur,
1330 2429 1429 2464 inquit,
1446 2438 1463 2458 o
1483 2430 1601 2464 diabole,
1627 2430 1677 2457 ini-

887 2477 956 2504 mice
971 2476 1085 2512 iustitiae
1104 2482 1185 2512 atque
1210 2476 1332 2504 omnium
1351 2475 1484 2503 bonorum
1508 2475 1677 2509 adversarie,

886 2530 936 2550 cur
958 2529 1126 2558 supervacue
1151 2516 1266 2556 speras?
1300 2529 1349 2548 cur
1371 2520 1453 2548 stulte
1479 2521 1604 2556 cogitas?
1630 2529 1679 2548 cur

887 2568 1059 2595 humiliatum
1083 2568 1254 2603 temetipsum
1279 2566 1339 2603 plus
1360 2567 1499 2599 humilius,
1515 2575 1576 2594 cum
1599 2571 1679 2602 putas

880 2615 960 2651 ‘quod
986 2614 1071 2642 Adam
1100 2614 1253 2646 inveneris,
1279 2612 1404 2640 nesciens
1434 2611 1506 2648 quod
1532 2608 1678 2640 adversum

887 2659 939 2688 Job
961 2667 1016 2687 rem
1042 2659 1165 2688 habeas?
1199 2659 1291 2694 Neque
1315 2663 1339 2686 te
1367 2659 1419 2686 hoc
1449 2657 1586 2686 revocavit
1606 2653 1678 2693 quod

887 2706 1017 2740 praescius
1041 2705 1162 2734 omnium
1192 2706 1320 2733 Dominus
1354 2705 1423 2732 dixit
1448 2711 1456 2732 :
1484 2702 1546 2731 Non
1572 2708 1611 2731 est
1639 2703 1677 2731 illi

886 2753 1024 2788 quisquam
1047 2752 1141 2780 similia
1165 2760 1245 2787 super
1269 2757 1367 2779 terram
1387 2751 1435 2778 “1‘
1455 2749 1548 2786 Neque
1574 2749 1624 2777 huc
1653 2744 1679 2776 te

875 2799 1034 2835 revocavit.
1055 2798 1128 2834 quod
1146 2799 1302 2826 universam
1319 2798 1488 2834 iniquitatem
1510 2801 1583 2825 tuam
1608 2802 1695 2824 nunc.

890 2897 926 2922 ιι,
954 2889 997 2917 10.
1053 2889 1074 2904 ’⁸
1094 2888 1143 2924 Job
1164 2896 1192 2922 ι,
1218 2888 1244 2916 8.
