1909 3080
230 170 285 198 437

231 227 389 258 ostendens.
403 231 430 253 et
445 225 535 254 munia
547 224 621 253 bella
641 229 686 253 tua
701 229 729 253 et
749 226 841 254 omnia
864 225 956 261 pradia
979 230 1024 253 tua
1038 230 1062 258 Α

232 275 375 302 adversum
396 279 440 300 me
459 272 608 304 suscitans,
632 271 764 300 confusus
786 272 814 299 in
833 271 961 300 omnibus
981 280 1026 300 re-

232 327 338 351 versus,
358 318 525 346 deformatus
538 318 574 361 in.
585 318 715 346 omnibus
736 318 878 346 convictus
897 319 944 346 es?
959 317 1025 346 Post

232 365 276 393 illa
291 364 379 391 omnia
398 364 469 392 sicut
485 364 549 391 Olim
565 363 649 391 etiam
675 364 709 391 ad
728 364 814 391 Adam
826 384 835 396 ,
857 364 893 391 ita
920 364 954 391 ad
980 371 1024 392 me

232 418 343 438 uxorem
361 417 448 437 meam
470 409 580 443 misisti,
601 417 715 444 sperans
738 410 844 444 infelix,
865 411 930 446 quia
952 411 1023 446 quod

231 456 272 484 vel
292 457 334 484 his
347 456 492 484 tormentis
518 464 573 483 non
591 455 748 491 perfecisti,
773 458 825 485 hoc
845 456 1023 485 nihilominus

229 503 320 531 verbis
343 502 511 530 seductionls
539 503 703 536 perficeres,
728 503 845 539 teipsum
872 503 1021 536 deludens,

229 554 312 585 atque
331 548 564 577 circumveniens.
589 548 651 576 Evzn
673 549 745 576 enim
775 549 914 584 exemplar
943 549 1021 577 inve-

228 595 312 628 nisti,
335 595 383 622 sed
406 595 512 622 ruinam
535 603 588 622 non
613 595 758 628 invenisti,
778 596 826 624 sed
844 595 870 623 in
892 603 953 624 eum
975 595 1021 631 qui

229 649 257 668 In
275 645 301 668 te
321 641 384 668 Adae
400 640 524 668 fraudem
544 640 692 669 ulciscatur
711 641 877 674 occurristi,
901 641 949 669 sed
971 642 1020 668 ad-

227 695 325 715 versus
356 695 418 715 eum
451 687 621 715 insurrexisti
648 687 694 723 qui
725 693 817 724 typum
843 687 915 723 gerit
947 687 1021 715 illius

227 733 274 769 qni
306 733 333 760 in
362 733 512 760 novissimo
540 733 654 761 veniens
691 737 815 769 tempore
849 734 1020 762 conculcabit

228 784 310 814 caput
329 784 417 812 tuum,
434 779 601 807 comminuet
616 779 744 808 virtutem
768 784 853 812 tuam,
869 779 1020 808 confundet

228 825 414 853 fortitudinem
440 830 532 859 tuam,
554 825 706 853 bumiliabit
730 825 903 853 altitudinem
925 831 1017 859 tuam,

227 876 256 898 et
274 871 382 906 dejiciet
394 871 539 899 elationem
554 876 639 902 tuam.
656 871 806 899 vindicabit
818 871 884 898 Adae
898 871 1016 905 priorem

226 905 474 952 supplantationem
499 917 563 944 vitae
587 916 660 944 illius
684 917 792 944 ruinam
813 916 970 951 excitando,
991 921 1020 945 et
1034 905 1056 934 Β

228 967 301 990 tuam
319 962 463 990 elationem
489 963 652 998 dcjiciendo.
677 961 740 990 Haec
762 962 854 997 itaque
879 963 1018 996 universa,

226 1014 308 1044 atque
322 1009 375 1036 alia
393 1009 440 1036 bis
461 1008 537 1044 plura
561 1009 594 1036 ad
612 1015 755 1044 personam
778 1006 882 1043 'nxoris,
905 1009 938 1037 ad
962 1009 1020 1036 dia-

226 1053 318 1084 bolum
337 1054 413 1082 iilum
428 1055 535 1082 locutus
549 1059 602 1088 est,
622 1055 767 1090 increpans
784 1054 862 1082 illum
876 1059 959 1090 atque
975 1056 1021 1084 de-

227 1101 357 1129 formans.
372 1100 439 1128 Nam
462 1101 535 1129 sicut
558 1100 682 1129 diabolus
702 1108 751 1135 per
765 1108 879 1129 uxorem
895 1108 957 1129 eum
980 1109 1020 1129 se-

226 1147 318 1180 duxit,
341 1147 377 1174 ita
402 1147 485 1174 etiam
503 1146 562 1182 ipse
587 1154 636 1181 per
661 1154 722 1174 eam
747 1147 855 1174 demum
882 1146 1018 1175 diabolum

226 1193 388 1222 deformavit
401 1199 482 1227 atque
496 1192 645 1227 redarguit.
660 1191 714 1220 Sed
729 1196 820 1220 tamen
833 1197 861 1220 et
879 1194 913 1221 ad
931 1193 1018 1229 ipsam

226 1247 341 1267 uxorem
355 1239 424 1266 dixit
437 1247 445 1266 :
461 1238 551 1271 Quare
562 1239 630 1265 sicut
647 1246 698 1265 una
713 1246 746 1266 ea:
765 1238 948 1273 insipientibus
964 1247 1021 1266 mur-

226 1285 334 1313 lieribus
365 1286 404 1312 ita
436 1285 525 1312 locuta
550 1285 603 1313 es?
627 1284 701 1317 Cur,
737 1284 824 1320 inquit
834 1284 850 1320 ,|
873 1285 1021 1313 maximam

226 1331 410 1366 insipientiam
438 1330 575 1365 arripuisti
598 1335 682 1365 atque
699 1338 826 1365 aggressa
850 1331 900 1358 es?
914 1337 964 1359 cur
978 1335 1019 1358 te-

226 1377 313 1412 ipsam
331 1385 380 1404 vas
398 1377 496 1404 diaboli
515 1375 646 1404 ell'ecistil
673 1384 723 1403 cur
739 1376 853 1411 teipsam
873 1376 1020 1404 habitatio;

225 1431 289 1451 nem
312 1423 422 1459 maligni
440 1422 619 1458 praeparasti?
633 1430 682 1450 cur
701 1422 827 1450 diabolus
849 1422 956 1450 locutus
976 1428 1020 1451 est

224 1477 275 1506 per
300 1477 333 1497 os
361 1475 458 1501 tuum,
486 1468 624 1496 infatuans
651 1468 768 1504 primum
797 1473 914 1496 mentem
945 1473 1019 1496 tuam

225 1521 309 1551 atque
331 1516 430 1543 ani-nte
448 1519 500 1542 tua:
517 1514 707 1542 intellectum?
732 1513 819 1542 Tanta
844 1514 924 1549 digna
945 1522 1019 1547 eras,

225 1563 243 1589 ὸ
262 1561 370 1594 mulier,
391 1560 583 1589 maledictione
601 1567 634 1588 ac
654 1559 836 1593 devotatione,
860 1561 898 1588 ita
912 1568 1019 1596 quoque
1032 1577 1054 1606 ο

224 1613 307 1643 atque
334 1607 518 1642 indignatione
542 1606 585 1635 vel
612 1606 805 1640 deformitate,
831 1611 962 1642 quantum
989 1613 1019 1634 ut

224 1653 310 1682 Deum
325 1653 544 1688 blasphemarem
558 1659 592 1680 ac
606 1651 848 1688 reprehenderem.
870 1658 954 1687 atque
965 1652 1018 1681 cri-

224 1700 345 1728 minarer
368 1699 436 1727 mibi
456 1698 580 1732 suasisti,
596 1704 624 1726 et
643 1706 693 1733 per
715 1699 801 1734 ipsam
820 1698 1016 1734 blasphemiam

223 1751 338 1774 mortem
355 1753 437 1779 super
457 1752 501 1772 me
515 1745 645 1773 inducere
656 1752 767 1780 operam
781 1744 880 1773 dedisti
895 1755 902 1773 :
918 1745 1017 1780 quibus

223 1799 274 1820 nec
289 1791 436 1827 quidquam
448 1795 491 1818 est
507 1790 667 1819 sceleratius
680 1798 713 1819 ac
725 1791 876 1827 nequities,
894 1791 1017 1820 illicitius

222 1845 331 1873 quoque
351 1842 434 1873 atque
462 1836 673 1872 imprudentius,
688 1836 714 1864 id
727 1841 767 1865 est
782 1837 829 1865 Dei
845 1837 1015 1873 blasphemia

222 1890 252 1912 et
266 1889 354 1912 morte
374 1887 536 1918 spontaneo.
554 1882 643 1916 Quare
659 1888 687 1910 ut
707 1891 761 1910 una
781 1891 814 1911 ea:
833 1884 1015 1919 insipientibus

166 1943 167 1946 π
222 1929 378 1957 ntulieribus
392 1930 430 1956 ita
443 1929 533 1956 locutu
556 1929 604 1956 es!
623 1928 730 1963 Quare,
753 1929 862 1965 inquit,
886 1937 942 1958 non
957 1937 1015 1958 tne-

222 1975 324 2004 ministi
342 1983 410 2003 meze
433 1975 576 2006 doctrinae.
598 1982 615 2002 o
631 1974 748 2003 mulier!
763 1975 857 2009 Quare
879 1975 962 2004 oblita
985 1983 1015 2005 es

217 2015 283 2049 'mea
305 2021 442 2054 mandat,
455 2028 472 2049 ο
487 2020 606 2048 feminal
628 2020 747 2049 Hoccine
769 2021 868 2049 audisti
883 2030 898 2050 a
919 2030 963 2051 me
985 2027 1016 2050 ut

219 2067 339 2095 ‘Creator
360 2067 582 2102 blasphemetur‘i
608 2066 727 2095 Iioccine
754 2067 852 2096 audisti
876 2075 892 2095 a
918 2076 962 2096 me
985 2073 1014 2096 ut

223 2113 295 2142 Deus
317 2113 496 2141 criminetur?
518 2112 617 2140 Vocem
637 2117 727 2146 tuam,
744 2113 849 2148 inquit,
868 2121 1012 2149 cognosco,

222 2167 240 2188 o
259 2159 368 2193 mulier,
385 2160 455 2188 sicut
468 2163 496 2188 et
514 2159 579 2187 olim
595 2158 672 2187 Isaac
699 2159 794 2193 lacob,
815 2160 862 2188 sed
879 2161 1015 2189 seductio—

223 2214 286 2234 nem
308 2211 381 2233 tuam
405 2213 459 2233 non
475 2213 621 2242 cogitesco,
644 2210 673 2233 ct
686 2206 837 2234 doctrinam
860 2211 933 2234 tuam
959 2214 1012 2234 non

223 2251 354 2286 suscipio.
369 2251 473 2286 Agnovi
495 2252 568 2279 enim
583 2253 656 2287 quod
679 2252 838 2287 nequissimi
865 2252 1013 2280 adversarii
1030 2249 1052 2277 Ι)

224 2297 306 2324 letale
321 2304 457 2325 venenum
471 2303 524 2325 est.
538 2298 627 2331 Quare
639 2299 706 2326 sicut
718 2306 770 2325 una
783 2306 817 2325 ex
830 2299 1014 2334 insipientibus

224 2342 380 2370 ntulieribus
408 2343 446 2370 ita
462 2342 550 2370 locutu
564 2344 611 2372 es?
624 2344 648 2371 Α
661 2351 715 2379 quo
736 2351 846 2372 sensum
863 2349 891 2372 et
907 2345 1016 2380 sapien-

215 2388 290 2427 tiam
313 2388 460 2423 accepisti,
484 2389 557 2417 hunc
574 2389 714 2418 criminari
741 2398 794 2417 non
820 2391 976 2426 perpecisti.
990 2391 1012 2418 A

225 2441 280 2470 quo
306 2434 478 2470 prudentiain
509 2440 537 2462 et
569 2435 733 2464 intellectum
766 2437 912 2472 accepisti,
943 2431 1019 2464 hunc'

224 2481 414 2516 blasphemare
437 2488 490 2509 non
515 2481 642 2510 timuisti.
667 2482 722 2511 Cur
744 2489 872 2518 tanquam
902 2492 956 2510 una
981 2490 1015 2510 es

210 2527 408 2566 insipientibus
421 2527 575 2555 mulieribus
587 2527 676 2555 loeuta
696 2528 744 2556 es?
760 2528 898 2562 Plurimae,
915 2529 1013 2564 inquit,

223 2581 242 2600 o
256 2573 365 2606 mulier,
383 2581 398 2600 a
417 2573 687 2608 sarculo-insipientes
700 2575 882 2602 ostenduntur
894 2575 1012 2608 femina,

223 2624 252 2647 et
266 2620 417 2648 innumera
431 2620 466 2648 ab
481 2619 560 2648 initio
576 2620 779 2649 irrationabiles
792 2621 1015 2649 demonstrantur

223 2665 365 2700 mulieres,
385 2666 446 2694 alia
462 2666 573 2700 minus,
595 2666 656 2694 alite
672 2671 763 2694 autem
787 2667 865 2702 plus,
890 2667 1012 2702 quaedam

207 2711 380 2744 ,carnaliter,
396 2712 521 2746 quaedam
546 2718 635 2741 autem
661 2713 850 2749 spiritualiter.
875 2713 1011 2748 lnsipiens

224 2757 274 2785 fuit
287 2757 390 2786 Rachel
402 2759 511 2794 quando
525 2759 589 2786 dicit
603 2759 636 2786 ad
647 2757 730 2786 Jacob
742 2768 749 2786 :
763 2758 805 2786 Du
820 2758 884 2786 mihi
897 2758 966 2793 [ilics
976 2758 1010 2786 ".

224 2801 282 2830 Non
296 2803 368 2831 enim
385 2804 413 2831 in
432 2809 565 2839 potcsme
585 2803 671 2832 Jacob
685 2809 747 2832 erat
769 2805 831 2838 boc,
848 2805 894 2832 sed
917 2804 944 2832 in
961 2804 1010 2832 Dei

779 166 972 198 ANDNYHUS
990 169 1024 197 ΙΝ
1043 169 1113 198 JUB.
1134 185 1166 190 —
1186 169 1249 198 LIB.
1268 171 1302 198 ii.
1320 179 1322 182 '

1824 172 1875 200 tes

1076 231 1210 262 potestate
1235 232 1318 262 utque
1341 226 1511 262 operatione.
1533 225 1587 254 Sed
1621 226 1803 263 insipientior
1825 227 1874 254 fuit

1077 273 1129 301 bac
1141 273 1259 301 obscena
1277 273 1321 300 illa
1338 272 1464 308 Egyptia
1482 273 1622 303 meretrix.
1637 280 1699 307 quae
1719 272 1870 300 maximam

1075 319 1243 354 impietatem
1263 325 1401 354 aggressa,
1423 319 1457 346 ad
1479 319 1664 347 castissimum
1687 318 1768 346 illum
1796 323 1874 353 atque

1071 365 1257 400 justissimum
1278 364 1377 400 Joseplt
1404 365 1493 393 dicit:
1515 365 1595 392 Μαηι
1615 373 1717 392 mecum
1740 365 1777 392 ".
1810 365 1875 391 Ιηδί-

1075 411 1152 446 piens
1177 412 1228 439 fuit
1244 420 1314 440 uxor
1339 411 1443 444 Tobiae,
1466 419 1527 446 qua:
1550 410 1651 445 injuste
1675 411 1745 438 dicit
1767 411 1805 436 ad
1824 410 1875 436 τυ-

1075 457 1146 485 biam
1161 466 1168 485 :
1185 457 1237 485 Ubi
1262 462 1324 485 sunt
1343 457 1458 492 justitire
1483 462 1536 485 tute
1553 462 1579 484 et
1597 456 1774 491 eleemosyna:
1800 455 1876 482 tum}

1074 503 1142 531 Ecce
1155 512 1214 540 qua
1234 504 1332 539 poteris
1353 503 1475 530 omnibus
1496 502 1602 538 cognita
1619 502 1729 530 suist".
1746 501 1807 529 Sed
1833 501 1875 528 in-

1073 550 1216 586 sipientior
1241 550 1293 578 bac
1317 550 1388 582 fuit,
1406 549 1471 585 quia
1493 555 1522 577 et
1538 548 1664 582 nequior,
1687 547 1875 576 exsecrabilis

1073 596 1117 624 illa
1130 601 1160 624 et
1176 596 1315 624 imtnunda
1339 602 1422 632 atque
1443 595 1583 623 luxuriosa
1607 594 1705 626 Dalila,
1721 602 1787 629 qua
1801 593 1873 621 clan-

1072 642 1134 670 culo
1154 643 1288 671 seducens
1309 642 1425 670 Samson
1449 649 1517 677 pure
1539 649 1568 670 se
1581 641 1754 675 diligentem,
1778 640 1809 667 in
1826 639 1873 667 de-

1073 690 1203 716 risionem
1225 693 1311 724 atque
1326 689 1352 717 in
1368 693 1482 717 mortem
1502 688 1688 722 impareenter
1705 686 1872 714 tradidit".

1070 734 1138 761 Alia:
1153 735 1282 762 nimirum
1300 735 1451 763 innumera
1469 743 1501 763 ex
1518 734 1662 770 Scriptura
1683 732 1798 761 ostendi
1813 740 1872 768 pos-

1070 786 1134 808 sunt
1160 780 1320 816 insipientes
1345 781 1487 814 mulieres,
1505 788 1575 816 quas
1596 787 1694 808 omnes
1713 786 1791 806 nunc
1813 779 1872 806 istic

1070 833 1125 854 uno
1145 827 1227 854 verbo
1245 827 1431 862 perstringens
1452 825 1503 854 Job
1522 826 1610 854 dicit:
1626 825 1717 859 Quare
1740 830 1870 860 tanquam

1070 880 1124 899 una
1136 879 1170 899 es:
1191 872 1377 908 insipientibus
1395 872 1549 900 mulieribus
1568 872 1657 899 locuta
1674 872 1724 899 es?
1745 870 1787 899 Ex
1806 871 1869 898 insi-

1071 918 1226 953 pientibus,
1252 918 1358 953 inquit,
1387 917 1552 950 inutilibus,
1583 918 1695 950 stultis,
1721 917 1868 953 imperitis,

1070 963 1313 998 irrationabilibus,
1329 964 1421 1000 impiis
1436 969 1518 999 atque
1535 963 1656 1000 iniustis.
1671 964 1740 997 Cur,
1762 964 1866 1000 inquit,

1071 1014 1202 1046 tanquam
1226 1017 1281 1037 una
1306 1017 1340 1038 ex
1367 1009 1560 1044 insipientibus
1591 1009 1749 1044 bujusmodl
1778 1009 1867 1037 locuta

1069 1056 1119 1084 es?
1134 1056 1188 1084 Sed
1209 1056 1273 1092 quia
1296 1063 1350 1083 non
1369 1055 1434 1084 dicit
1451 1060 1582 1090 tanquam
1599 1056 1725 1091 quaedam
1742 1063 1779 1083 ex
1802 1055 1868 1084 insi-

1069 1102 1207 1138 pientibus
1228 1102 1398 1135 mulieribus,
1419 1102 1467 1130 sed
1491 1107 1619 1137 tauquam
1640 1108 1706 1135 una,
1722 1106 1867 1136 propterea

1069 1149 1245 1183 querendum
1261 1153 1315 1181 est,
1330 1156 1391 1184 qua:
1405 1147 1448 1176 vel
1467 1148 1558 1184 qualis
1581 1147 1617 1176 sit
1642 1148 1701 1175 haec
1725 1155 1781 1174 una
1801 1147 1868 1175 insi-

1069 1195 1156 1230 piens.
1177 1193 1289 1229 Oportet
1308 1194 1383 1222 enim
1407 1200 1469 1222 esse
1493 1193 1567 1221 illam
1594 1192 1775 1228 singulariter
1801 1192 1868 1220 insi-

1069 1241 1199 1276 pientem,
1217 1246 1246 1268 et
1261 1248 1344 1276 super
1363 1247 1470 1272 omnes,
1489 1245 1572 1275 atque
1587 1239 1649 1275 plus
1663 1239 1809 1272 omnibus,
1825 1243 1866 1266 ut-

1070 1291 1132 1322 pote
1152 1287 1258 1314 cateris
1281 1287 1409 1314 erunibus
1434 1285 1597 1314 mulieribus
1614 1285 1792 1321 insipientior
1808 1285 1866 1312 istc

1069 1333 1125 1360 sola
1156 1337 1267 1360 ostensa
1298 1338 1379 1367 atque
1400 1332 1599 1359 demonstrata.
1621 1330 1687 1363 Quae
1709 1335 1755 1358 est
1788 1329 1867 1358 banti

1069 1377 1125 1406 Eva
1140 1379 1227 1414 prima
1250 1377 1349 1406 mulier
1363 1378 1451 1413 prima
1468 1378 1494 1405 in
1513 1377 1684 1412 insipientis,
1700 1377 1821 1404 maxima
1839 1376 1866 1403 in

1070 1424 1315 1458 lrrationabilitate,
1330 1425 1408 1460 inops
1422 1431 1504 1452 sensu
1521 1429 1605 1460 atque
1621 1423 1749 1453 scientia.
1769 1429 1865 1450 exsors

1069 1472 1220 1508 prudentiae
1236 1477 1264 1500 et
1284 1472 1452 1505 intellectus,
1473 1479 1534 1507 quae
1559 1471 1706 1499 maximam
1732 1470 1866 1505 insipien-

1070 1519 1135 1546 tiam
1151 1518 1199 1546 toti
1214 1518 1314 1546 mundo
1329 1518 1448 1550 invexit.
1462 1525 1522 1554 qua:
1535 1517 1701 1552 singularem
1720 1516 1866 1544 irrationa-

1070 1564 1201 1592 bilitatem
1221 1565 1344 1592 omnium
1369 1563 1522 1592 mortalium
1545 1563 1646 1592 sarculo
1662 1563 1787 1596 induxit,
1809 1567 1864 1589 tum

1069 1616 1179 1647 peccata
1194 1615 1277 1646 atque
1295 1616 1399 1638 mortes
1419 1618 1529 1646 semper
1543 1618 1591 1645 per
1606 1609 1820 1638 inobedientiam
1838 1610 1863 1636 in

1068 1657 1170 1685 mundo
1185 1657 1324 1693 produxit.
1340 1655 1424 1691 Hujus
1438 1664 1510 1684 nunc
1524 1656 1666 1684 evidenter
1680 1663 1788 1683 memor
1801 1654 1862 1687 Job,

1067 1708 1095 1732 et
1108 1704 1143 1732 de
1156 1705 1206 1732 bac
1218 1703 1296 1732 uxori
1309 1710 1526 1731 commemorans
1540 1703 1609 1730 dixit
1625 1702 1659 1730 ad
1675 1709 1736 1729 eam
1750 1711 1757 1729 :
1775 1701 1864 1734 Quare

1067 1755 1192 1783 tanquam
1208 1758 1261 1777 una
1275 1758 1309 1777 ea:
1321 1749 1504 1785 insipientibus
1523 1748 1679 1776 mulieribus
1695 1747 1789 1775 locutu
1813 1747 1862 1774 es!

1067 1795 1101 1823 Et
1115 1803 1169 1823 non
1185 1796 1233 1828 ita,
1245 1796 1292 1824 sed
1307 1796 1369 1832 plus
1381 1803 1416 1823 ac
1429 1795 1549 1823 deterius
1559 1798 1642 1830 atque
1655 1793 1778 1830 gravius.
1794 1791 1861 1819 Nam

1066 1846 1216 1870 memorata
1231 1842 1287 1870 Eva
1306 1850 1368 1870 cum
1394 1842 1476 1876 olim,
1499 1841 1605 1877 inquit,
1629 1840 1656 1868 in
1674 1839 1811 1875 principio
1827 1839 1861 1866 ad

1065 1888 1151 1916 Adam
1172 1888 1262 1917 locuta
1279 1893 1362 1922 esset,
1379 1892 1407 1916 et.
1421 1888 1577 1916 mandatum
1600 1886 1647 1914 Dei
1667 1884 1862 1920 derelinquere
1881 1913 1890 1923 ,

1065 1941 1126 1961 eum
1147 1935 1258 1963 doceret
1279 1939 1361 1970 atque
1377 1934 1539 1967 seduceret,
1556 1932 1744 1968 persuasionis
1765 1938 1861 1963 una,

1065 1979 1130 2016 ligni
1159 1981 1277 2016 speciem
1303 1985 1332 2008 et.
1358 1980 1464 2008 fructus
1489 1978 1659 2007 dulcedinem
1686 1977 1797 2013 protulit
1823 1977 1860 2004 illi

1064 2031 1147 2062 atque
1161 2026 1290 2054 ostendit.
1306 2026 1346 2053 Tu
1369 2033 1449 2058 vero,
1465 2032 1482 2053 o
1504 2024 1614 2058 mulier,
1637 2024 1705 2052 foris
1727 2023 1763 2051 ab
1785 2022 1861 2051 omni

1064 2072 1217 2104 occasione,
1239 2073 1345 2099 detecta
1367 2070 1519 2105 impietate,
1544 2070 1628 2098 Deum
1651 2074 1779 2097 sanctum
1802 2067 1861 2095 bla-

1065 2117 1210 2153 sphemare
1222 2122 1250 2144 et
1269 2117 1335 2144 mihi
1355 2117 1404 2152 ipsi
1429 2121 1545 2145 mortem
1561 2115 1662 2143 inferre
1669 2115 1762 2147 doces,
1777 2119 1860 2148 atque

1065 2168 1127 2191 ante
1141 2170 1236 2191 omnes
1250 2163 1346 2190 merito
1359 2162 1440 2198 digne
1453 2169 1470 2189 a
1485 2169 1528 2189 me
1543 2162 1620 2189 audis
1634 2170 1641 2188 :
1659 2160 1714 2188 Cur
1732 2165 1860 2195 tauquam

1065 2217 1118 2236 una
1140 2216 1172 2236 ea:
1191 2208 1373 2243 insipientibus
1395 2207 1552 2235 mulieribus
1567 2207 1656 2243 locutu
1671 2206 1721 2234 es.’
1739 2205 1797 2239 Tu,
1815 2205 1859 2232 in-

1065 2255 1136 2290 quit,
1149 2261 1166 2280 ο
1179 2253 1287 2288 mulier,
1301 2252 1373 2282 facta
1389 2260 1420 2281 es
1433 2253 1552 2281 deterior
1567 2252 1624 2280 Eva
1642 2252 1669 2279 in
1688 2251 1859 2286 insipientia,

1067 2300 1114 2328 sed
1124 2307 1185 2335 ego,
1204 2300 1253 2333 ait,
1268 2306 1321 2326 non
1334 2298 1446 2326 effectus
1460 2306 1520 2326 sum
1534 2301 1565 2326 ut
1579 2297 1665 2325 Adam
1683 2296 1710 2324 in
1728 2295 1858 2324 stultitia.

1066 2345 1213 2381 Propterea
1229 2345 1282 2373 luis
1296 2344 1502 2373 seductionibus
1521 2351 1574 2371 non
1586 2342 1697 2374 obedio,
1712 2347 1859 2377 propterea

1067 2399 1120 2420 non
1146 2392 1261 2419 seducor
1286 2391 1320 2418 ab
1345 2399 1379 2419 eo
1397 2390 1443 2426 qui
1469 2390 1496 2417 in
1523 2393 1550 2417 te
1574 2389 1695 2424 loquitur
1719 2388 1859 2416 diabolus.

1067 2439 1156 2471 Quare
1170 2443 1296 2473 tanquam
1316 2445 1370 2464 una
1388 2445 1422 2464 επ
1444 2436 1629 2472 insipientibus
1644 2434 1801 2462 mulieribus
1818 2434 1859 2460 lo-

1065 2488 1127 2511 cutu
1141 2483 1190 2511 es.’
1203 2483 1320 2511 Fortiori
1341 2483 1434 2519 praelio
1447 2482 1503 2517 jam
1517 2481 1652 2513 confecto,
1677 2480 1859 2515 periculosio-

1067 2530 1143 2557 ribus
1162 2529 1304 2557 doloribus
1317 2529 1373 2564 jam
1388 2528 1572 2564 supportatis,
1595 2526 1782 2554 amarioribus
1802 2531 1857 2554 tor-

1067 2576 1165 2603 mentis
1178 2575 1234 2610 jam
1249 2575 1388 2610 bajulatis,
1402 2574 1515 2602 terribili
1535 2573 1629 2609 pelago
1643 2574 1699 2608 jam
1713 2577 1856 2608 superato.

1064 2621 1313 2649 vehementioribus
1335 2620 1464 2656 periculis
1483 2621 1540 2656 jam
1561 2619 1776 2651 consummatis,
1794 2626 1855 2646 cum

1061 2666 1120 2702 iam
1144 2667 1240 2695 salutis
1257 2674 1319 2702 spes
1335 2668 1424 2702 palam
1440 2667 1492 2699 sit,
1515 2673 1576 2693 cum
1597 2665 1654 2700 jam
1669 2664 1857 2692 immareesci—

1064 2713 1132 2741 biles
1144 2721 1252 2742 coronae
1265 2713 1408 2741 evidenter
1425 2712 1614 2744 ostendantur,
1631 2718 1704 2738 nunc
1719 2718 1764 2737 me
1780 2717 1855 2739 com-

1065 2759 1156 2794 pellis,
1175 2767 1192 2787 o
1209 2759 1317 2792 mulier,
1343 2759 1426 2787 Deum
1451 2758 1639 2793 blasphemare
1660 2762 1688 2784 et
1707 2756 1801 2784 mori:
1825 2760 1855 2787 ut

1064 2811 1124 2840 post
1138 2812 1169 2833 ea
1181 2806 1272 2833 omnia
1286 2805 1456 2833 amarissima
1470 2812 1503 2833 ac
1519 2803 1699 2837 miserabilia,
1711 2807 1796 2838 atque
1812 2802 1852 2836 la-

261 2880 320 2902 "-'°
339 2880 406 2908 Gen.
420 2889 485 2917 xxx,
499 2881 525 2909 Ι.
564 2882 585 2899 ⁸³
605 2881 675 2911 Gen.
691 2889 786 2916 xxxix,
808 2882 835 2909 7.
873 2882 896 2899 '°
915 2882 984 2911 Tob.
999 2881 1103 2919 it,"22.
1151 2884 1171 2900 "
1191 2883 1276 2912 Judic.
1292 2891 1347 2916 xvi,
1367 2882 1461 2912 17-21.
