1909 3080
71 139 118 166 489
617 141 806 170 ANONYMUS
825 142 859 170 IN

878 142 946 170 JOB.
965 159 1000 164 -—
1019 143 1082 170 LIB.
1104 144 1135 172 II.
1628 153 1679 180 490

71 199 218 227 meutabilia
242 199 370 234 supplicia
390 207 449 234 qua:
473 201 606 234 sustinui,
621 203 784 230 beatissiutis
799 212 842 231 re-
857 209 880 237 Α
896 204 981 239 Super
997 206 1053 232 haec
1071 210 1163 232 autent
1188 207 1278 234 omnia
1305 216 1393 243 neque
1410 210 1461 238 hoc
1482 212 1676 244 considerasti.

70 245 295 272 munerationibus
320 251 379 280 post
404 247 461 274 haec
481 247 585 274 alit-nus
609 249 764 281 elﬁciar,et
787 258 839 276 noti

69 291 145 318 solum
161 291 221 323 hoc,
244 291 292 318 sed
313 296 339 318 et
360 296 420 326 post
436 297 548 319 mortem
569 294 728 321 terribilium
748 302 841 329 poena-

69 345 120 363 rum
138 336 206 371 apud
226 337 328 364 inferos
345 343 474 372 perpetuo
491 339 576 366 haeres
599 340 661 371 sim,
678 345 771 375 utpote
794 342 838 376 qui

68 382 165 417 indigne
188 386 271 416 atque
295 383 390 417 injuste
414 389 536 411 sanctum
554 385 637 412 Deum
664 387 837 420 blasphema-

67 428 153 454 verim.
168 427 230 454 Post
247 428 302 455 haec
319 429 455 459 universa.
470 437 487 456 ο
503 430 609 461 tuttlier,
629 431 791 459 maledicere
805 440 838 460 ac

66 481 155 508 negare
169 477 249 508 atque
269 473 455 508 blasphemare
472 482 514 502 me
529 475 610 502 Deum
627 477 784 511 compellis?
797 477 838 505 0b

64 527 135 554 quam
148 519 224 546 rem?
240 519 336 546 Dicito.
351 519 391 547 0b
408 519 468 552 hoc,
492 520 588 555 inquit,
605 526 632 548 ut
655 523 789 554 moriaris,
807 529 837 551 ut

64 565 123 593 mala
141 572 199 600 qua:
220 569 247 592 te
273 572 340 592 nunc
368 565 622 597 circumdederunt,
650 568 834 603 derelinquas.

63 611 133 637 Bene.
146 610 214 637 Audi
232 610 338 637 iterum.
360 611 443 638 Porro
460 612 482 639 si
500 620 550 640 non
568 613 699 647 placuerit
716 613 770 641 Deo
787 616 833 650 qui

62 656 131 684 habet
149 657 209 684 viL'e
226 664 258 683 ac
278 657 372 684 mortis
396 662 568 692 potestatem,
584 663 612 685 ut
631 664 772 693 postquam
793 668 834 688 re-

61 709 180 737 ncgavero
197 702 272 729 illum
286 710 318 730 ac
334 703 500 731 maledixero
512 709 593 738 atque
611 705 834 739 blasphemavero

60 748 173 774 continuo
192 749 303 779 moriar.
328 749 374 776 sed
399 749 479 776 etiam
509 750 553 777 hic
579 752 605 777 in
630 751 690 780 istis
716 753 833 780 terrenis

60 793 182 821 doIoribtts
196 794 300 821 diutius
323 793 438 829 alliigat,
461 800 551 830 utpote
577 805 654 824 suum
682 803 831 833 apostatam

60 844 82 867 et
100 839 149 866 illis
172 840 283 867 :eternis
308 841 396 875 prenis
413 841 513 873 tradat,
535 847 628 877 utpote
651 851 680 871 se
703 845 830 879 blasphe-

892 258 925 277 ne
950 250 1018 277 forte
1035 254 1094 285 post
1115 251 1311 286 blasphemiam
1336 255 1358 281 si
1382 255 1422 283 sic
1448 256 1678 292 blaspltemaveri-

892 304 960 328 mus,
975 297 1108 324 deteriora
1129 299 1183 330 pati
1201 299 1373 334 incipiamus.
1387 301 1475 334 Quare
1488 307 1611 338 tanquam
1624 314 1677 333 una

889 349 922 367 ex
935 342 1115 376 insipientibus
1130 344 1282 372 mulieribus
1298 345 1385 373 locuta
1400 356 1426 374 es
1436 348 1449 375 7
1462 349 1519 382 Ego
1536 351 1635 384 patior,
1650 357 1678 378 et

888 392 916 414 tu
939 395 981 414 mc
1004 388 1193 423 blasphemare
1215 392 1365 425 compeIIis.
1390 393 1445 429 Ego
1464 395 1578 430 alIligor,
1597 403 1625 424 et
1648 402 1675 424 tu

890 438 919 460 ut
936 439 1048 462 mortem
1074 439 1162 470 petam
1183 444 1224 464 me
1242 439 1325 473 cogis.
1341 439 1395 474 Ego
1412 440 1479 468 tales
1493 442 1600 470 dolores
1615 451 1676 472 sus-

888 479 975 511 tineo,
1001 485 1028 507 et
1063 485 1090 507 tu
1128 489 1170 508 me
1194 489 1282 510 meutn
1307 485 1462 513 Creatorem
1489 488 1675 523 blasphemare

887 524 980 558 doces,
995 531 1024 553 ut
1040 527 1108 554 mala
1129 528 1217 560 malis,
1232 534 1312 564 atque
1326 531 1434 560 dolores
1450 533 1590 562 doloribus
1605 537 1673 564 meis

887 570 1009 604 adiicias,
1023 579 1039 599 o
1055 572 1161 606 mulier,
1178 574 1219 601 vel
1245 577 1334 609 potius
1350 577 1372 604 is
1395 579 1438 612 qui
1465 580 1490 606 in
1514 585 1551 612 te,
1566 581 1608 607 vel
1625 589 1674 616 per

887 620 913 642 te
930 616 1048 651 loquitur
1073 619 1198 647 inimicus
1216 620 1349 650 diabolus.
1364 622 1453 656 Quare
1467 632 1532 660 ergo
1549 631 1672 662 tanquam

885 669 937 688 una
966 671 999 689 ea:
1027 664 1210 697 insipientibus
1236 667 1390 696 mulieribus
1415 670 1502 696 locuta
1540 673 1592 698 es.’
1629 673 1674 701 Sie

885 707 973 735 locuta
998 715 1040 737 est
1063 716 1123 746 post
1142 712 1208 744 haec,
1222 713 1269 746 ait,
1292 713 1401 742 Jezabel
1426 716 1459 743 ad
1475 717 1568 745 Achab
1582 719 1616 752 ",
1634 720 1673 747 sic

883 753 970 781 locuta
991 760 1032 782 est
1048 755 1179 785 IIerodias
1201 759 1234 786 ad
1260 759 1392 788 Herodem
1408 762 1442 794 ",
1462 770 1521 790 cum
1539 764 1582 791 illa
1607 773 1673 793 sane

884 798 970 827 Etiam
987 801 1150 835 interficere,
1167 805 1218 831 ista
1238 813 1302 833 vero
1315 805 1445 834 Joannem
1464 809 1589 838 occidere
1610 819 1673 838 sua-

883 846 974 878 deret.
996 852 1024 875 et
1046 854 1158 878 ceteras
1174 859 1268 879 omnes
1294 853 1447 888 impietates
1464 863 1510 883 eos
1528 857 1668 886 docerent.

59 890 173 912 mantem.
199 885 228 912 Si
255 886 337 920 igitur
361 887 485 915 serviens
511 887 548 914 illi
575 893 603 915 et
629 889 722 917 colens
748 895 832 925 atque
848 888 869 916 Β
885 891 944 926 Sic,
960 893 1057 929 inquit,
1070 900 1096 922 et
1111 900 1150 929 tu,
1165 904 1181 923 ο
1199 898 1428 931 mulier,mortem
1448 902 1512 929 mihi
1528 908 1610 938 atque
1628 905 1671 932 itt-

59 931 146 966 gratias
161 939 254 966 agens,
272 932 338 959 tales
354 933 474 959 sustineo
491 933 609 966 dolores,
633 935 723 969 qualia
749 937 833 963 susti-

59 984 123 1004 neam
136 978 205 1012 apud
223 978 326 1005 inferos
341 979 482 1012 supplicia,
496 986 512 1006 o
529 980 635 1011 mulier,
649 981 670 1007 si
690 982 831 1009 discedens

59 1022 138 1050 abillo
155 1031 289 1058 negavero
311 1030 335 1050 et
356 1031 471 1051 renuero
486 1029 567 1059 atque
587 1026 830 1060 blasphemavero?

57 1067 112 1095 Tiam
127 1069 235 1095 istorum
255 1070 476 1097 brevissimorum
493 1070 617 1097 dolorum
644 1079 711 1106 quos
727 1072 752 1099 in
770 1080 831 1099 cor-

56 1115 165 1149 ruptione
185 1115 310 1142 sustineo
322 1115 374 1142 erit
393 1116 470 1147 linis,
491 1122 518 1143 et
535 1124 595 1143 cum
619 1118 765 1152 gratiarum
782 1125 828 1146 ac-

56 1160 160 1187 tionibus
175 1161 223 1188 hos
240 1168 329 1195 usque
344 1161 369 1188 in
387 1162 466 1188 linem
485 1163 623 1189 sustinens
639 1167 748 1190 πίει-ηιξ
767 1164 828 1191 hea-

56 1206 162 1234 litudinis
183 1214 197 1233 a
220 1207 279 1234 Deo
303 1214 380 1241 spero
401 1207 466 1234 tuihi
493 1209 751 1236 remunerationem.
775 1209 828 1238 Illis

55 1258 130 1279 autem
146 1253 187 1286 qui
216 1252 302 1280 Deum
331 1252 573 1287 blasphemaverint
605 1254 704 1282 diutius
734 1255 825 1283 viven—

55 1298 114 1324 tibus
127 1298 151 1325 in
164 1307 298 1337 .corpore,
314 1306 353 1326 va:
367 1298 432 1326 erit.
457 1299 518 1327 Plus
536 1306 625 1327 autent
648 1301 702 1328 erit
717 1309 756 1328 va:
774 1302 826 1330 illis

54 1345 112 1378 apud
137 1344 245 1375 inferos,
274 1353 335 1372 cum
363 1344 390 1372 in
419 1350 546 1379 perpetua
576 1345 772 1380 torquebuntur
798 1348 824 1374 in

54 1389 144 1417 lamina
159 1391 228 1426 ignis
251 1391 493 1424 incxstinguibilis.
509 1391 598 1424 Quare
616 1399 682 1427 ergo
699 1397 823 1428 tanquam

52 1444 96 1462 una
121 1443 150 1463 εει
171 1437 357 1471 insipientibus
384 1436 537 1463 mulieribus
550 1437 637 1464 locuta
649 1447 675 1464 es
687 1438 700 1464 .9
716 1446 775 1465 cum
798 1443 824 1466 et

52 1481 121 1508 Deum
142 1482 333 1517 btasphemare
357 1483 466 1515 suades,
486 1488 513 1510 et
537 1484 602 1510 mihi
632 1484 681 1518 ipsi
707 1490 822 1512 mortem

51 1533 119 1562 atque
141 1529 353 1556 internecionem
378 1534 407 1556 ut
435 1536 575 1563 procrtrem
603 1530 701 1563 doces,
725 1531 822 1565 quibus

50 1575 148 1608 nequius
171 1580 253 1610 atque
284 1576 445 1603 sceleratius
473 1575 540 1602 nihil
566 1580 616 1603 est.
638 1575 724 1604 Omne
748 1578 821 1605 enim

50 1625 172 1653 peccatum
190 1629 238 1655 per
255 1621 445 1655 paenitentiam
473 1621 668 1656 indulgentiam
687 1623 819 1657 accipiet,

51 1670 72 1691 et
91 1674 175 1693 omnes
189 1667 233 1701 qui
253 1666 399 1694 sinceriter
424 1667 617 1701 pmnituerint,
635 1668 819 1696 remissionem

51 1716 72 1738 et
86 1707 292 1740 misericordiam
317 1720 332 1739 a
350 1712 404 1740 Deo
429 1718 629 1748 consequentur
645 1719 727 1748 atque
744 1715 821 1741 inve-

50 1757 122 1784 nient.
144 1759 173 1785 IIi
198 1766 264 1786 Vero
286 1759 333 1793 qui
367 1759 526 1793 semetipsos
557 1758 755 1793 interfecerint,
770 1761 818 1795 qui

50 1804 207 1840 sibimetipsis
227 1810 342 1832 mortem
359 1804 514 1838 intulerint,
542 1812 680 1839 nunquam
697 1807 818 1840 requiem

49 1849 169 1877 habebunt
192 1851 236 1878 isti
266 1851 292 1877 in
320 1851 423 1877 inliuita
444 1850 559 1883 saecula,
580 1858 718 1885 nunquatn
742 1851 818 1878 inve-

49 1895 110 1922 nient
133 1897 319 1932 refrigerium,
343 1897 388 1924 sed
412 1897 508 1923 animae
535 1904 628 1923 eorutn
647 1904 708 1923 mox
733 1901 761 1923 ut
785 1897 818 1924 de

48 1948 144 1976 corpore
173 1943 310 1972 exierint.
337 1943 361 1969 in
389 1943 517 1969 tenebras
551 1942 747 1969 deducentur:
772 1942 816 1968 ubi

48 1995 97 2014 cum
112 1987 175 2015 Iuda
201 1993 228 2015 et
255 1987 416 2022 Acltitophel
443 1993 574 2022 perpetuo
608 1987 815 2022 torquebantur,

48 2033 83 2066 qui
102 2038 157 2067 post
180 2034 247 2061 alias
273 2033 427 2067 impietates
452 2033 628 2068 sibimetipsis
653 2041 748 2061 manus
771 2035 815 2060 ln-

47 2077 106 2106 lerre
123 2080 177 2107 ausi
204 2079 325 2107 (tierunt.
350 2078 443 2106 Nullus
469 2086 535 2114 ergo
564 2086 597 2106 ex
622 2079 690 2106 bene
717 2079 815 2106 intelli-

48 2125 153 2158 gentibus
174 2126 215 2153 vel
241 2126 325 2153 Deum
353 2125 512 2152 timentibus
540 2125 694 2152 hominibus
720 2125 815 2152 tnortis

47 2177 138 2198 causam
154 2172 204 2199 sibi
229 2172 312 2199 debet
327 2171 457 2201 invenire,
473 2178 525 2197 non
541 2170 620 2197 debet
637 2171 812 2205 semetipsum

48 2215 190 2249 interﬁcere,
215 2224 304 2252 neque
326 2217 436 2244 omnino
460 2216 528 2242 ullus
554 2216 636 2242 Deum
663 2216 812 2243 timentium

47 2258 111 2286 debet
122 2261 257 2294 semetipsi
276 2266 390 2288 mortem
408 2265 512 2294 optare.
527 2259 602 2293 Quod
617 2261 639 2287 si
660 2261 743 2287 verbo
759 2268 814 2288 om-

46 2303 98 2331 nino
119 2313 188 2333 mors
212 2307 331 2341 optanda
352 2314 406 2333 non
424 2310 476 2338 est,
493 2306 578 2332 multo
596 2305 683 2340 magis
700 2311 814 2333 mortem

47 2347 111 2378 lactis
131 2353 219 2379 nullus
241 2352 293 2379 sibi
317 2352 396 2379 debet
417 2351 532 2386 inferre,
555 2359 588 2378 ne
611 2359 672 2379 cum
697 2352 816 2386 przelatis

46 2398 139 2424 internis
159 2398 229 2432 apud
256 2397 359 2425 inferos
378 2398 501 2425 tradatur
526 2398 679 2424 tormentis.
700 2397 740 2425 0b
765 2400 815 2426 hoc

46 2447 98 2476 ergo
114 2443 175 2470 dicit
196 2443 248 2472 Job
271 2445 303 2471 ad
322 2444 470 2475 diaboltttn,
504 2444 548 2478 qui
575 2444 671 2471 mortis
695 2444 731 2470 illi
756 2444 815 2471 bla-

46 2487 177 2521 sphemiam
201 2490 333 2517 suadebat
352 2499 358 2517 :
376 2490 464 2522 Quare
480 2494 604 2524 tanquam
618 2498 670 2516 una
693 2498 725 2516 ea;
746 2490 811 2516 insi-

45 2533 155 2565 pientibus
169 2536 324 2562 mulieribus
345 2536 434 2562 locuta
451 2536 495 2563 es?
518 2536 555 2563 Ac
580 2536 661 2563 veluti
685 2537 810 2564 diceret:

45 2577 118 2609 Quare
135 2586 261 2616 tanquam
285 2589 318 2609 ex
344 2582 534 2617 insipientibus
552 2583 695 2609 animabus
720 2581 810 2613 fatuis,

44 2624 173 2659 sceleratis,
187 2628 286 2661 impiis,
303 2627 359 2655 Deo
374 2629 530 2662 odibilibus,
547 2629 602 2655 Deo
617 2628 807 2655 resistentibus

45 2668 74 2696 ita
86 2670 164 2699 locuta
181 2674 226 2701 es?
249 2674 314 2707 Quia
332 2682 383 2702 nec
399 2675 482 2702 Deutn
501 2675 590 2707 times,
611 2682 698 2709 neque
720 2676 806 2701 virum

44 2718 139 2746 vereris.
160 2726 247 2753 neque
272 2720 384 2755 teipsam
411 2719 570 2747 confusione
591 2720 698 2751 induis,
721 2726 808 2754 neque

43 2760 281 2797 vehementioribus,
306 2770 352 2792 aut
379 2766 446 2793 meis
471 2766 608 2793 doloribus
632 2765 806 2800 compateris.

830 2246 852 2274 D

71 2841 90 2858 ¹¹
105 2843 135 2872 111
152 2844 217 2880 Reg.
234 2854 287 2873 χιιι.
326 2848 349 2863 ’³
369 2847 463 2874 Matth.
478 2855 532 2876 xlv.
571 2848 594 2864 ’³
614 2847 685 2876 Psal.
702 2854 762 2880 xui,
781 2847 806 2874 I.

186 2893 318 2924 ΡΑτιιοι.
341 2894 398 2925 GR.
415 2895 516 2926 XVII.

883 939 1062 967 terneciouem
1078 949 1126 976 per
1142 942 1187 970 Dei
1220 943 1415 978 blasphemiam
1438 948 1546 981 suades,
1562 954 1591 975 ut
1607 957 1668 978 cum

881 983 931 1010 hoc
947 986 1017 1019 quod
1034 986 1104 1014 male
1120 988 1230 1021 morior,
1252 997 1312 1016 cum
1328 991 1377 1019 hoc
1394 992 1452 1026 ipso
1475 993 1575 1028 injuste
1609 995 1667 1022 bla-

883 1029 1034 1062 sphemem.
1050 1031 1102 1058 Sed
1112 1033 1202 1067 vigilo,
1218 1034 1316 1070 inquit,
1334 1036 1359 1063 in
1374 1038 1467 1071 praelio
1483 1041 1554 1073 quod
1570 1041 1666 1068 adver-

879 1080 936 1100 sum
953 1079 978 1102 te
994 1084 1070 1111 gero,
1083 1085 1100 1104 ο
1113 1078 1230 1111 diabole,
1245 1081 1292 1108 sed
1308 1089 1359 1109 non
1378 1083 1519 1111 obdormio
1535 1085 1560 1112 in
1577 1086 1665 1113 stadio

878 1121 950 1154 quod
967 1121 1037 1148 circa
1056 1127 1081 1149 te
1097 1123 1194 1156 habeo,
1210 1132 1226 1151 o
1244 1127 1408 1160 nequissime
1423 1130 1588 1158 adversario.
1605 1131 1663 1159 Non

876 1165 949 1191 euitn
971 1166 1194 1196 obdormitantem
1211 1170 1344 1204 invenies,
1364 1175 1591 1207 quemadmodum
1609 1177 1664 1211 jam

878 1216 1050 1245 memoratos,
1066 1220 1152 1248 neque
1166 1215 1347 1245 dormientem
1363 1219 1433 1246 sicut
1451 1221 1509 1248 illos
1525 1222 1550 1249 in
1567 1225 1666 1258 quibus

877 1259 936 1288 post
955 1256 1004 1283 hoc
1028 1256 1108 1285 facile
1127 1258 1230 1286 zizauia
1258 1261 1437 1290 iuseminasti.
1463 1264 1510 1298 Te,
1528 1256 1624 1300 inquit,
1649 1275 1666 1296 ο

877 1301 996 1336 inimice,
1019 1310 1067 1337 per
1083 1305 1174 1332 uxoris
1189 1313 1330 1340 personam
1347 1308 1465 1344 increpo.
1482 1311 1520 1337 Tu
1538 1312 1609 1339 enim
1625 1314 1665 1340 ln-

875 1346 978 1381 sipiens
992 1355 1022 1375 cs
1039 1353 1120 1383 atque
1137 1351 1222 1378 totius
1246 1352 1395 1386 impietatis
1417 1361 1512 1383 auctor
1527 1361 1555 1384 et
1577 1363 1662 1391 pater,

876 1397 902 1419 te
916 1394 1000 1420 etiam
1015 1401 1062 1428 per
1076 1395 1126 1422 hoc
1142 1397 1228 1424 sancti
1244 1398 1316 1426 velut
1330 1399 1502 1434 insipientem
1518 1409 1663 1438 arguentes

875 1439 964 1466 dicent
977 1449 983 1467 :
998 1440 1068 1468 Dixit
1080 1442 1206 1477 insipiens
1219 1444 1245 1470 in
1259 1445 1336 1472 corde
1349 1454 1414 1474 suo:
1426 1447 1485 1475 Non
1496 1454 1535 1475 est
1549 1449 1618 1477 Deus
1628 1450 1658 1478 ".

873 1485 925 1518 Tu,
948 1486 1044 1520 inquit,
1059 1495 1076 1514 ο
1093 1487 1208 1520 diabole,
1226 1490 1251 1516 in
1271 1491 1459 1526 antiquissima
1484 1494 1530 1521 illa
1547 1496 1660 1524 muliere

875 1533 1022 1560 maximam
1040 1534 1223 1568 insipientiam
1239 1537 1418 1570 insemiuasti,
1435 1544 1461 1566 et
1482 1540 1508 1567 in
1525 1541 1576 1568 ista
1591 1550 1663 1570 nunc

876 1577 990 1605 muliere
1018 1579 1128 1615 impiam
1163 1580 1345 1615 insipientiam
1380 1584 1541 1618 produxisti.
1567 1587 1663 1615 Merito

875 1624 935 1652 dice
952 1624 985 1651 ad
1002 1624 1073 1651 illam
1087 1634 1094 1652 :
1112 1626 1201 1659 Quare
1222 1632 1348 1663 tanquam
1363 1638 1415 1656 una
1431 1639 1463 1658 ea:
1479 1632 1661 1665 insipientibus

874 1669 1028 1697 mulieribus
1041 1671 1128 1698 locuta
1144 1674 1191 1701 es?
1209 1673 1246 1701 Te
1263 1674 1426 1707 recolentes,
1441 1684 1458 1703 ο
1475 1679 1581 1712 mulier,
1600 1684 1661 1714 post

875 1715 925 1742 hoc
941 1716 1088 1750 prophetas,
1105 1722 1131 1745 et
1150 1719 1248 1746 malum
1263 1725 1343 1755 atque
1359 1721 1491 1756 insipiens
1505 1728 1579 1751 tuum
1593 1733 1659 1753 con-

873 1760 962 1788 silium
975 1761 1079 1789 duriter
1096 1763 1261 1792 detestantes
1278 1765 1405 1793 dixeruut
1419 1776 1425 1794 :
1442 1768 1462 1793 ι1
1485 1770 1596 1804 conjuge
1613 1776 1659 1798 tua

872 1810 897 1832 te
913 1807 1028 1839 observa,
1049 1815 1080 1834 ne
1098 1809 1162 1843 quid
1185 1809 1282 1836 dixeris
1306 1811 1346 1838 illi
1359 1812 1394 1844 ",
1420 1818 1446 1840 et
1462 1813 1516 1841 alia
1543 1816 1658 1850 plurima

872 1851 914 1879 his
935 1853 1042 1879 similia.
1060 1853 1124 1880 Post
1146 1863 1205 1889 quae
1228 1856 1353 1883 universa
1377 1858 1477 1892 adjecit
1495 1861 1587 1889 dicens
1605 1872 1611 1889 :
1628 1861 1658 1890 Si

871 1898 938 1924 bona
958 1900 1119 1932 suscepimus
1133 1901 1165 1927 de
1181 1909 1262 1927 manu
1285 1901 1400 1936 Domini,
1417 1905 1487 1931 mala
1508 1915 1589 1942 quare
1605 1916 1656 1934 non

871 1944 1011 1970 toleremus
1024 1945 1063 1971 ’⁸2
1083 1945 1209 1979 Advertc,
1235 1947 1336 1982 inquit,
1361 1957 1377 1976 ο
1400 1951 1540 1985 insipiens,
1568 1955 1660 1980 consi—

871 1989 934 2015 dera
963 1989 1082 2023 deposita
1107 1990 1232 2022 stultitia,
1251 2001 1267 2019 ο
1293 1993 1399 2022 mulier.
1426 1994 1456 2022 Si
1477 1996 1544 2023 bona
1568 2006 1655 2026 susce-

868 2034 953 2068 pimus
982 2035 1013 2061 de
1034 2044 1113 2062 munit
1139 2036 1257 2068 Domini,
1285 2039 1355 2066 mala
1381 2046 1469 2067 autem
1495 2050 1577 2076 quare
1604 2053 1657 2071 non

869 2080 1032 2108 toleremus?
1056 2081 1171 2114 Gloriae,
1196 2083 1308 2116 divitiae,
1335 2085 1512 2120 jucunditas,
1540 2089 1653 2121 deliciae.

868 2126 1031 2158 sublimitas,
1049 2127 1143 2160 honor,
1160 2128 1235 2162 regni
1259 2129 1348 2161 sedes,
1371 2132 1540 2166 principatus
1556 2139 1582 2161 et
1608 2143 1655 2170 po-

869 2175 988 2209 testates,
1008 2177 1132 2199 natorum
1150 2174 1276 2208 gaudium
1290 2179 1372 2210 atque
1394 2177 1542 2205 amicorum
1565 2181 1656 2208 multi-

868 2217 940 2247 tudo.
966 2217 1022 2244 haec
1046 2218 1155 2245 luerunt
1169 2219 1249 2253 bona,
1264 2228 1324 2254 qua:
1337 2222 1370 2248 de
1390 2230 1469 2249 manu
1488 2225 1591 2252 Domini
1610 2235 1655 2254 ac-

866 2262 996 2295 cepimus,
1019 2270 1078 2296 quae
1101 2264 1134 2290 de
1160 2272 1241 2291 manu
1268 2265 1372 2292 Domini
1392 2268 1452 2293 data
1478 2275 1541 2295 sunt
1564 2270 1651 2298 nobis.

864 2306 931 2333 Mala
950 2311 1040 2334 autem
1060 2308 1185 2341 luerunt,
1207 2310 1246 2336 rei
1262 2309 1407 2339 familiaris
1423 2314 1556 2347 perditio,
1583 2315 1651 2343 libe-

865 2360 955 2379 rorum
984 2354 1107 2386 amissio,
1136 2356 1283 2388 putredinis
1312 2356 1496 2392 abundantia,
1521 2362 1651 2388 vermium

865 2399 1018 2431 multitudo,
1044 2406 1124 2434 paena
1142 2401 1375 2436 insupportabilis,
1403 2405 1589 2434 intolerabiles
1603 2407 1652 2434 do-

869 2443 952 2476 lores,
974 2444 1096 2472 seduclio
1119 2451 1201 2480 atque
1227 2448 1369 2475 subversio
1397 2450 1522 2485 maligni,
1547 2451 1652 2479 insidia:

867 2495 949 2524 atque
967 2491 1130 2518 teutationes
1156 2493 1269 2520 inimici.
1297 2494 1360 2521 Ilaec
1379 2496 1503 2523 universa
1522 2498 1589 2524 mala
1611 2499 1650 2525 vi-

864 2535 960 2561 dentur
974 2540 1001 2561 et
1018 2535 1087 2562 mala
1103 2536 1242 2570 dicuntur,
1259 2543 1340 2573 atque
1357 2540 1426 2566 mala
1440 2541 1474 2568 ab
1490 2541 1647 2570 hominibus

863 2580 1047 2614 aestimantur,
1070 2590 1122 2609 nott
1141 2584 1212 2617 quod
1238 2584 1307 2611 mala
1334 2587 1390 2612 sint
1417 2587 1484 2620 haec,
1508 2589 1555 2615 sed
1584 2594 1648 2616 sunt

861 2629 960 2652 aeterna
991 2625 1060 2652 bona
1094 2630 1283 2661 procurantia,
1311 2636 1445 2666 perpetuae
1472 2633 1648 2661 nihilominus

861 2671 953 2706 gloriae
986 2672 1012 2699 in
1040 2680 1122 2708 regno
1145 2673 1333 2703 hwreditatem
1369 2679 1559 2712 praeparantia.
1590 2679 1648 2707 Hoc

860 2718 965 2744 sciebat
987 2718 1048 2751 Job,
1071 2724 1098 2746 et
1119 2722 1218 2747 merito
1234 2728 1294 2747 cum
1319 2722 1467 2757 gratiarum
1494 2725 1645 2752 actionibus

861 2770 892 2791 ea
907 2765 1041 2793 sustinere
1062 2773 1170 2801 operam
1191 2768 1284 2795 dabat.
1300 2768 1355 2797 Hoc
1374 2771 1646 2813 scierungprophew

846 2847 868 2864 ”
888 2847 969 2876 Mich.
991 2856 1040 2883 vn,
1058 2849 1084 2877 5.
1133 2850 1155 2866 "
1174 2849 1224 2878 Job
1239 2859 1269 2884 ll,
1284 2850 1327 2879 IO.

1471 2901 1505 2930 16
