1909 3080
250 123 298 151 191

796 120 987 148 ANONYMUS
1007 119 1040 146 IN
1059 119 1130 147 JOB.
1151 135 1184 140 —
1203 119 1268 147 LIB.
1290 118 1323 146 ll.

1805 122 1845 149 ωε

251 188 279 211 et
292 183 407 218 apostoli
424 187 506 217 atque
525 181 616 210 cuncti
643 186 788 217 martyres.
804 181 950 215 Propterea
967 183 1075 211 ama-A
1090 184 1132 207 est
1155 180 1200 215 qui
1226 181 1296 207 hanc
1327 187 1431 213 poenam
1457 178 1582 213 ingessit.
1607 179 1794 207 satisfaciamus
1816 181 1845 208 illi

252 229 413 259 rain,vitam
431 228 456 254 in
472 228 522 254 hoc
549 227 649 254 mundo
667 231 873 260 transegerunt,
896 231 1038 260 propterea

251 275 341 302 omnia
363 279 497 301 tormenta
522 274 591 308 ignis
606 278 634 301 et
656 273 738 308 gladii
762 273 960 300 sustinuerunt.
982 272 1037 298 Hn-

251 329 330 348 mana
344 328 408 354 ergo
427 320 623 348 consuetudine
644 320 715 347 horia
737 324 764 346 et
787 319 857 346 mala
872 327 902 346 ea
921 319 1037 354 appellat

250 367 362 394 dicens:
381 365 412 393 Si
430 366 496 392 bona
512 366 660 399 accepimus
676 366 707 391 de
727 373 806 392 manu
828 364 942 396 Domini.
963 364 1036 391 mala

249 416 336 437 autem
350 419 431 445 quare
451 420 501 438 non
520 411 680 438 toleremus?
693 410 770 443 Cum,
788 410 886 444 inquit,
900 411 948 437 tibi
965 414 1036 438 esset

249 457 360 484 honoris
384 457 546 488 sublimitas,
568 464 630 484 cum
657 457 741 491 gloria
764 456 906 490 laetareris,
929 464 989 484 cum
1008 457 1034 484 in

248 502 353 529 deliciis
369 502 501 536 (legeres,
524 509 585 529 cum
602 502 745 530 multitudo
769 507 795 529 te
817 507 880 529 ante
902 508 930 529 et
949 507 1033 534 retro,

251 553 345 582 utpote
360 548 393 574 de
413 548 513 582 palatio
527 553 682 579 exeuntem,
707 552 733 574 et
757 548 901 575 identidem
921 548 966 575 illo
992 555 1034 574 re-

247 598 397 620 vortentem
423 601 483 620 cum
501 593 602 620 honore
627 594 749 620 exaltans
764 594 954 626 circumdaret,
971 601 1031 621 cum

250 637 296 664 lilii
324 642 387 664 ante
413 638 505 665 oeulos
539 638 636 672 gaudio
660 642 686 664 te
712 639 861 673 replerent,
889 643 951 666 tunc
979 646 1031 666 non

248 683 356 714 dixisti,
374 691 390 710 o
410 683 504 710 mulier
518 695 523 711 :
540 684 586 710 Dic
603 684 709 715 aliquod
733 686 853 717 verbum,
868 688 894 711 et
907 693 1008 712 morere
1022 691 1031 710 :

248 732 312 755 tunc
332 733 444 755 mortem
471 729 580 756 omnino
615 737 664 757 nec
691 730 847 761 nominare,
869 737 918 757 nec
938 730 1031 757 audire

247 781 326 808 passa
350 782 389 802 es.
416 774 491 803 Nunc
514 780 601 803 autem
618 776 680 810 quia
697 783 740 802 res
757 776 896 804 familiaris
912 777 1027 810 interiit,

246 825 274 846 et
301 820 346 845 ﬁlii
380 821 541 854 perierunt,
568 821 629 855 quia
657 821 742 856 gloria
769 822 853 857 fugit.
881 826 909 849 et
931 822 1030 850 divitiae

248 865 383 898 abierunt,
398 867 460 901 quia
480 866 549 893 mala
566 875 616 894 nos
637 867 806 900 invenerunt,
822 873 849 894 et
865 867 970 895 dolores
987 875 1030 903 ap-
1045 856 1065 883 Β

245 911 461 945 prehenderunt,
488 913 570 939 Deum
590 919 638 940 nos
663 913 851 947 blasphemare
871 913 1028 948 compellis,

245 958 279 984 ob
307 957 357 984 hoc
384 965 433 985 nos
462 958 659 992 reprehendere
686 959 786 992 doces,
812 964 953 994 propterea
981 966 1029 987 nos

244 1007 358 1030 mortem
377 1009 469 1038 petere
483 1004 567 1038 cogis,
588 1008 615 1031 et
631 1004 682 1031 hoc
706 1011 758 1031 non
772 1005 843 1038 juste
858 1006 906 1032 sed
932 1005 1030 1039 injuste

244 1057 293 1084 per
310 1050 354 1077 Dei
378 1050 572 1084 blasphemiam
588 1059 595 1078 ;
613 1055 640 1077 et
655 1051 727 1085 quod
743 1056 784 1078 est
798 1052 957 1084 maximum,
975 1060 1027 1079 non

246 1095 292 1121 tibi
316 1102 435 1122 amaram
461 1101 576 1122 mortem
592 1096 690 1130 poscis,
716 1096 763 1123 sed
788 1096 872 1123 mihi:
892 1101 919 1123 nt
942 1097 1029 1129 possis

243 1144 306 1174 post
325 1141 430 1167 obitum
449 1141 475 1167 in
493 1141 585 1176 requie
602 1142 703 1174 vivere,
725 1141 794 1168 sicut
812 1147 838 1168 tu
861 1149 964 1176 speras,
982 1150 1029 1170 ne-

243 1186 331 1213 sciens
346 1194 435 1220 neque
459 1187 572 1213 credens
594 1185 640 1213 Dei
659 1187 789 1214 bonorum
807 1188 1029 1221 promissionibus

243 1239 304 1266 qua:
312 1231 345 1259 de
359 1232 437 1266 longe
445 1232 516 1259 videt
529 1232 586 1266 ejus
597 1234 745 1259 aeternitas.
755 1231 784 1260 Si
803 1233 868 1260 bona
883 1234 1028 1264 accepimus
1044 1244 1046 1246 -

243 1278 275 1304 de
291 1286 371 1304 manu
388 1278 503 1309 Domini,
520 1278 590 1304 mula
605 1283 691 1304 autem
706 1287 788 1313 quare
803 1286 855 1305 non
870 1279 1029 1306 toleremus?

244 1322 273 1350 Si
298 1323 428 1350 bonorum
458 1324 540 1351 etiam
567 1323 704 1351 fastidium
731 1332 867 1359 nunquam
897 1326 1026 1360 cepimus,

243 1376 331 1403 neque
352 1369 433 1396 ﬁnem
457 1377 550 1397 eorum
572 1377 689 1404 unquam
714 1370 770 1397 ﬁeri
797 1371 929 1403 volumus,
956 1370 1025 1399 mala

243 1420 332 1442 autem
359 1423 444 1449 quare
468 1423 520 1442 non
552 1415 717 1443 toleremus?
742 1415 941 1444 Tribuiationes
966 1425 1027 1444 cum

242 1461 394 1494 gratiarum
430 1461 583 1488 actionibui:
616 1468 699 1495 quare
731 1469 784 1488 non
824 1463 1027 1491 sustineamus?

242 1505 394 1533 Praesertim
405 1514 466 1533 cum
481 1507 648 1537 noverimus,
660 1507 722 1540 quia
735 1507 805 1533 sicut
818 1507 950 1534 bonorum
966 1509 1026 1536 ﬁnis
1040 1524 1061 1553 ο

241 1551 305 1583 erit,
321 1552 355 1577 ita
369 1557 396 1578 et
417 1551 548 1579 malorum
564 1551 696 1579 citissime
710 1553 906 1580 consummatio
927 1553 1024 1581 aderit.

242 1597 276 1624 Et
298 1597 406 1632 quidem
431 1598 581 1629 bonorum,
607 1599 658 1625 hoc
683 1603 742 1631 est,
768 1598 924 1626 divitiarum
947 1605 1028 1635 atque

241 1642 385 1677 opulentia;
410 1643 472 1670 finis
498 1643 601 1670 inutilis
624 1644 694 1675 erit,
720 1643 771 1671 nisi
797 1643 893 1678 aliquis
918 1649 1027 1680 propter

240 1688 372 1723 justitiam
388 1695 471 1723 atque
494 1689 694 1724 eleemosynam
715 1696 862 1724 pauperum
884 1689 958 1724 juste
981 1698 1027 1718 eas

239 1736 417 1770 expenderit:
435 1735 638 1763 tribulationum
655 1741 744 1763 autem
762 1736 902 1764 tolerantia
918 1737 944 1764 in
963 1737 1024 1770 ﬁde,

240 1787 323 1816 atque
343 1781 466 1808 dolorum
490 1781 659 1816 supportatio
675 1789 736 1809 cum
764 1782 913 1816 gratiarum
939 1783 1025 1811 actio-

239 1827 320 1854 nibus
346 1831 454 1854 azternac
479 1826 571 1861 gloria:
601 1827 787 1854 lmreditatem
817 1833 970 1862 przeparant
997 1829 1024 1856 in

239 1879 322 1907 rogito
334 1872 473 1900 cwlnrnm.
486 1872 515 1899 Si
528 1873 596 1899 bona
612 1873 758 1907 accepimus
768 1873 800 1900 de
814 1882 893 1900 manu
907 1874 1022 1907 Domini,

239 1917 311 1944 malo
323 1923 409 1944 autem
419 1926 501 1953 quare
512 1926 564 1944 non
576 1918 735 1944 toleremus?
747 1917 873 1953 Nunquid
887 1919 1024 1947 fastidium

239 1963 371 1990 bonorum
385 1971 462 1998 passa
475 1971 515 1996 es,
524 1970 541 1990 ο
551 1962 665 1990 mulier?
677 1962 803 1997 Nunquid
817 1969 1025 1992 consternanter

239 2006 324 2033 tulisti
339 2007 457 2041 requiem
470 2011 497 2034 et
510 2006 633 2041 gloriam,
651 2015 667 2033 υ
682 2006 784 2033 femina
799 2008 810 2034 ?
831 2007 907 2040 Quod
923 2009 944 2035 si
961 2008 1023 2036 illo-

239 2059 299 2079 rum
313 2052 427 2087 plnrimo
444 2057 565 2086 tempore
587 2052 725 2084 fastidium
752 2061 806 2080 non
830 2054 938 2088 cepisti,
957 2061 1024 2088 quo-

240 2097 320 2123 modo
336 2104 409 2124 nunc
424 2096 536 2123 modica:
559 2096 749 2124 tribulationes
769 2102 794 2124 te
819 2099 935 2125 deﬁcere
949 2098 1023 2126 fece-

239 2147 302 2169 runt
315 2142 327 2168 ?
344 2143 483 2174 Quomodo
494 2142 593 2169 uberes
607 2142 715 2170 dolores
728 2147 754 2169 te
770 2150 842 2169 nunc
857 2143 1023 2179 dcl‘atigave-

239 2193 313 2220 runt,
337 2188 382 2223 qui
408 2195 452 2215 me
476 2193 595 2215 atterunt
618 2193 646 2215 et
672 2196 723 2215 non
743 2188 794 2216 te?
815 2188 856 2216 Me
879 2190 1022 2217 comedunt

238 2241 357 2264 vermes,
373 2237 400 2259 et
417 2239 444 2259 tu
463 2233 597 2260 delassata
616 2240 656 2260 es.
671 2232 737 2259 Mem
751 2240 846 2259 carnes
862 2238 1022 2267 putrescunt

238 2282 266 2304 et
281 2283 308 2304 tu
326 2278 443 2305 delibata
458 2285 497 2304 es.
514 2278 543 2305 Si
561 2278 629 2304 bona
654 2279 801 2313 accepimus
818 2278 849 2305 de
866 2287 945 2305 manu
966 2278 1022 2305 Do-

239 2323 315 2355 mini,
331 2323 402 2350 mola
421 2328 508 2350 autem
524 2331 605 2358 quare
617 2332 670 2350 non
684 2324 847 2351 toleremus?
875 2323 920 2351 Sic
933 2329 1021 2358 putas,

239 2369 338 2403 inquit,
358 2377 374 2395 ο
392 2369 499 2399 mulier,
517 2369 589 2403 quod
615 2376 668 2395 non
697 2376 710 2394 a
735 2369 788 2395 Deo
814 2368 891 2395 nobis
914 2370 950 2395 sit
966 2369 1022 2395 hinc

238 2420 331 2448 pmna,
350 2413 396 2441 sed
413 2414 447 2440 ab
463 2413 515 2440 alio
532 2413 632 2446 aliquo.
664 2413 691 2440 Si
710 2421 775 2448 ergo
800 2421 853 2441 non
869 2418 911 2440 est
925 2421 939 2439 a
957 2414 1022 2445 Deo,

239 2459 287 2486 sed
305 2458 339 2485 ab
353 2458 415 2489 alio,
442 2457 506 2492 quid
531 2457 647 2483 ulciscar
677 2456 760 2483 Deum
788 2461 824 2496 ut‘
842 2457 1023 2491 blaspheinem

241 2504 328 2536 illum,
347 2511 408 2530 cum
425 2504 495 2530 alius
507 2503 542 2530 sit
555 2504 652 2537 quilne
669 2503 856 2529 tribulaverit?
871 2502 947 2535 Quod
961 2502 982 2529 si
1000 2509 1014 2528 a

240 2549 297 2577 Deo
310 2554 353 2576 est
370 2554 487 2580 certum,
514 2549 585 2583 quod
614 2548 731 2576 forsitan
756 2554 807 2582 est,
835 2556 884 2583 pro
906 2549 1023 2583 peccatis

240 2597 341 2623 nostris
353 2601 405 2623 est.
425 2596 494 2628 Quid
511 2596 602 2629 itaque
615 2600 657 2621 est
671 2595 778 2626 melius,
793 2602 872 2622 orare
883 2602 916 2621 ac
928 2596 1024 2628 depre-

239 2643 296 2670 cari
316 2642 467 2669 terribilem
483 2642 579 2669 faciem
597 2641 656 2673 Dei,
670 2649 703 2667 an
720 2641 911 2674 blasplieinare
928 2645 955 2666 et
968 2640 1024 2666 cri-

241 2688 337 2714 minari
354 2695 395 2714 ‘ac
414 2688 568 2720 detrahere,
591 2691 621 2713 ut
648 2687 881 2713 vehementiorem
899 2686 965 2711 iram
981 2689 1023 2711 at-

241 2740 293 2768 que
308 2733 517 2768 indignationem
530 2734 557 2760 in
573 2741 625 2760 nos
643 2732 814 2760 excitemus?
829 2731 857 2758 Si
870 2731 951 2765 igitur
966 2731 1023 2765 ipSc

276 2822 297 2837 "'
310 2821 358 2847 Job
375 2829 403 2851 ll,
422 2821 461 2848 l0.

1089 231 1217 260 tanquam
1244 226 1426 253 misericonli.
1454 225 1482 252 Si
1508 230 1598 253 autem
1623 225 1690 252 aliu
1714 226 1802 260 aliquis
1814 233 1846 255 est

1087 273 1132 306 qui
1146 273 1198 299 hoc
1213 272 1311 298 bellum
1328 272 1471 299 adversum
1493 279 1542 299 nos
1558 271 1697 304 excitavit,
1723 271 1760 298 sic
1780 273 1844 300 etiam

1086 318 1266 353 deprecemur
1283 317 1357 344 illum
1375 318 1565 344 auxiliatorem
1591 323 1672 352 atque
1688 323 1846 352 propugnato-

1087 371 1154 396 rem,
1172 369 1263 398 utpote
1276 362 1454 390 fortissimum
1467 370 1498 390 ac
1512 363 1736 400 potentissimum.
1749 362 1775 390 Si
1788 364 1845 390 enim

1086 411 1153 437 bona
1166 410 1314 444 accepimus
1329 410 1361 436 de
1376 417 1456 435 manu
1472 409 1588 441 Domini,
1607 408 1679 435 mala
1690 413 1772 435 autem
1782 417 1846 443 quare

1085 465 1136 483 non
1149 456 1311 483 toleremus?
1327 456 1376 483 Ubi
1392 455 1464 482 enim
1477 455 1580 482 fuerint
1591 455 1700 487 laetitiae,
1719 454 1770 481 illic
1780 455 1845 481 etiam

1084 502 1272 530 tribulationis
1289 501 1465 535 exspectatio.
1478 501 1529 529 Ubi
1542 499 1770 534 jucunditas,i|lic
1779 501 1846 527 etiam

1084 547 1201 574 miseriae
1216 551 1374 582 sperantur.
1391 546 1459 573 Nam
1474 546 1538 581 quid
1553 545 1662 573 obvenit
1677 545 1761 577 nobis,
1776 553 1791 572 ο
1803 553 1846 571 mu-

1083 593 1142 625 lier,
1157 600 1189 620 ex
1205 593 1249 620 his
1264 600 1324 627 quae
1340 592 1367 620 in
1388 593 1437 620 hoc
1453 592 1555 620 sarculo
1575 599 1627 618 non
1649 591 1748 618 fuerint
1763 592 1847 626 gesta?

1082 637 1177 666 Nonne
1191 639 1279 666 omnis
1293 646 1357 666 caro
1375 638 1520 672 aliquando
1534 637 1643 672 quidem
1672 644 1738 664 sana
1751 641 1796 670 est,
1808 636 1846 663 ali-

1081 682 1193 718 quando
1204 687 1391 717 paupertatem
1410 682 1521 716 patitur,
1546 681 1692 716 aliquando
1710 686 1794 708 autem
1809 682 1843 709 di-

1082 729 1161 756 vitias
1177 729 1256 755 habet
1267 729 1278 755 Ἰ
1291 729 1356 762 Quae
1370 729 1451 764 igitur
1465 732 1528 755 sunt
1544 728 1614 762 apud
1631 735 1726 755 omnes
1743 728 1846 755 homines

1082 775 1107 802 in
1124 775 1234 808 mundo,
1250 775 1320 807 haec,
1336 775 1436 809 inquit,
1450 775 1532 802 etiam
1548 774 1620 809 apud
1633 781 1683 801 nos
1697 779 1768 808 gesta
1779 779 1844 800 sunt:

1081 825 1107 847 et
1124 828 1178 848 non
1192 820 1281 848 solum
1298 821 1324 848 in
1339 821 1466 848 omnibus
1482 820 1654 851 hominibus,
1666 819 1714 846 sed
1728 823 1752 846 et
1767 819 1791 845 in
1803 827 1846 845 om«

1082 867 1160 894 nibus
1177 867 1258 902 hujus
1273 867 1364 894 mundi
1383 866 1525 894 elementis
1553 867 1621 893 ﬁunt
1644 865 1801 899 aliquando;
1814 865 1845 891 sic

1081 912 1228 947 aliquando
1261 920 1324 944 ver,
1356 912 1396 939 sic
1420 911 1565 946 aliquando
1596 915 1688 942 aestas,
1720 910 1846 945 aliquando

1080 959 1177 990 hiems,
1191 959 1337 993 aliquando
1352 958 1448 993 frigus,
1465 957 1610 991 aliquando
1625 964 1692 984 vero
1707 962 1794 987 mstus,
1808 955 1847 982 ali-

1080 1005 1188 1039 quando
1202 1005 1338 1036 viriditas,
1356 1004 1502 1039 aliquando
1517 1010 1582 1031 vero
1595 1003 1721 1030 siccitas.
1744 1002 1771 1030 Si
1791 1009 1845 1036 ergo

1080 1050 1116 1077 ita
1133 1054 1176 1077 est
1199 1049 1268 1084 apud
1292 1050 1384 1077 omnia
1398 1048 1597 1084 corruptibilia,
1611 1049 1676 1083 quid
1701 1056 1817 1084 magnum
1828 1049 1846 1075 si

1079 1099 1106 1122 et
1122 1102 1172 1122 nos
1188 1095 1244 1129 qui,
1256 1095 1326 1122 sicut
1339 1095 1430 1122 omnia
1444 1094 1790 1131 corruptibilia,lloruimns
1803 1094 1847 1129 pri-

1079 1141 1138 1168 dem
1151 1148 1217 1168 sane
1231 1141 1333 1167 divitiis
1349 1145 1376 1167 et
1391 1140 1498 1168 caneris
1514 1141 1602 1173 bonis,
1622 1148 1694 1167 nunc
1714 1147 1777 1167 vero
1788 1139 1847 1166 arui-

1079 1193 1138 1213 mus
1149 1187 1237 1220 inopia
1255 1191 1336 1221 atque
1348 1186 1534 1214 concaluimus
1548 1186 1573 1213 in
1589 1186 1770 1213 inﬁrmitate?
1784 1186 1847 1213 Sicut

1078 1239 1142 1266 ergo
1154 1231 1179 1258 in
1197 1231 1250 1258 illis
1266 1231 1390 1258 delectati
1409 1239 1514 1263 sumus,
1533 1239 1604 1258 nunc
1618 1235 1645 1258 et
1660 1231 1713 1259 ista
1726 1232 1847 1259 sustinea-

1079 1285 1147 1304 nius.
1161 1277 1238 1305 Sicut
1253 1277 1298 1304 illa
1316 1277 1432 1305 libenter
1447 1278 1613 1312 accepimus,
1637 1278 1676 1304 ita
1695 1282 1724 1304 et
1736 1277 1784 1304 ista
1798 1283 1846 1303 cum

1077 1323 1225 1358 gratiarum
1238 1323 1390 1350 actionibus
1405 1327 1608 1357 supportemus.
1621 1322 1652 1349 Si
1673 1322 1742 1348 bona
1762 1321 1847 1354 accepi-

1077 1376 1134 1395 mus
1148 1369 1179 1395 de
1192 1377 1272 1396 manu
1282 1368 1398 1401 Domini,
1411 1369 1483 1395 mala
1498 1373 1586 1395 autem
1605 1376 1688 1402 quare
1706 1376 1758 1395 non
1770 1366 1848 1394 tolere‘

1077 1422 1134 1441 mus
1145 1415 1157 1441 Ξ)
1168 1414 1226 1441 Non
1239 1415 1309 1448 quod
1323 1414 1356 1441 de
1373 1421 1453 1440 manu
1468 1414 1574 1441 Domini
1591 1414 1742 1448 procedant
1755 1413 1816 1440 bona
1826 1416 1848 1438 et

1078 1460 1159 1492 mala,
1175 1461 1220 1487 sed
1233 1461 1326 1487 omnia
1343 1460 1425 1487 bona.
1443 1460 1481 1486 Ex
1498 1460 1569 1486 bono
1592 1460 1665 1487 enim
1681 1459 1770 1486 omnia
1790 1459 1848 1485 bona

1079 1506 1238 1541 procedunt.
1253 1505 1319 1532 Nam
1334 1506 1405 1533 sicut
1420 1506 1458 1533 sol
1486 1506 1613 1533 tenebras
1637 1512 1774 1540 nunquam
1795 1511 1847 1538 pro-

1079 1551 1142 1584 fert,
1158 1551 1198 1578 sic
1215 1551 1340 1578 similiter
1357 1551 1443 1578 bonus
1462 1550 1534 1578 Deus
1559 1557 1699 1585 nunquam
1719 1550 1786 1577 mala
1797 1556 1850 1585 pro-

1078 1596 1165 1628 ducit,
1192 1595 1241 1623 sed
1263 1595 1354 1622 omnia
1381 1596 1451 1622 bona
1470 1600 1552 1630 atque
1571 1595 1684 1630 optima.
1702 1595 1848 1628 Quanquam

1077 1644 1151 1670 enim
1164 1644 1198 1671 ab
1213 1643 1302 1678 impiis
1322 1647 1405 1677 atque
1421 1642 1633 1677 indisciplinatis
1655 1642 1807 1669 hominibus
1823 1648 1849 1668 ea

1078 1697 1138 1724 qua:
1152 1697 1202 1724 pro
1219 1689 1338 1716 vindicta
1355 1694 1382 1715 et
1396 1687 1577 1717 conversione
1593 1693 1675 1722 atque
1699 1687 1850 1723 pcenilentia:

1078 1735 1338 1764 commemoratione
1351 1742 1366 1761 a
1378 1734 1433 1762 Deo
1447 1735 1621 1769 ingeruntur,
1644 1741 1699 1760 non
1714 1734 1793 1764 bona,
1810 1732 1850 1759 sed

1077 1781 1147 1809 mala
1173 1781 1375 1813 existimantur,
1407 1785 1496 1807 tamen
1520 1780 1589 1807 bona
1619 1784 1685 1806 sum
1708 1786 1782 1809 vere,
1796 1778 1849 1812 quia

1075 1835 1137 1856 cum
1153 1828 1186 1855 ad
1202 1827 1391 1863 paenitentiam
1409 1826 1606 1858 converterint,
1620 1830 1722 1853 aeterna
1748 1825 1813 1852 bona
1828 1823 1849 1849 in

1075 1881 1158 1910 regno
1175 1874 1305 1901 ccelorum
1321 1879 1469 1908 procurare
1489 1872 1673 1907 reperiuntur.
1700 1871 1746 1898 Sic
1764 1876 1850 1903 nempe

1075 1925 1103 1947 et
1115 1920 1204 1947 omnis
1219 1919 1344 1946 doctrina
1367 1923 1449 1954 atque
1461 1918 1603 1953 disciplina
1619 1918 1653 1945 ab
1666 1914 1850 1944 irrationabili-

1074 1965 1125 1993 bus
1138 1964 1287 1992 infantibus
1309 1971 1363 1991 non
1388 1965 1414 1991 in
1438 1964 1549 1996 bonum,
1572 1964 1618 1991 sed
1633 1964 1659 1990 in
1677 1963 1777 1990 malum
1789 1960 1850 1988 aastio

1074 2015 1164 2037 matur
1187 2010 1229 2037 vel
1255 2010 1386 2036 ducitur:
1410 2008 1457 2036 sed
1478 2016 1572 2036 revera
1598 2011 1766 2042 cognoscunt
1779 2007 1804 2033 in
1816 2003 1851 2032 ul-

1074 2056 1149 2088 timo,
1167 2056 1230 2090 quia
1245 2055 1328 2082 totius
1347 2055 1420 2087 boni,
1434 2054 1476 2081 vel
1495 2054 1589 2087 gratiae
1605 2053 1658 2080 illis
1678 2059 1762 2080 causa
1775 2050 1850 2079 exsti-

1075 2101 1105 2127 tit
1120 2100 1272 2135 disciplina,
1298 2107 1358 2134 quae
1381 2100 1407 2125 in
1430 2099 1581 2133 primordio
1606 2099 1656 2126 fuit
1672 2095 1848 2126 exsecrabilis.

1073 2144 1199 2172 Humano
1224 2145 1315 2179 itaque
1336 2152 1418 2176 more
1437 2149 1518 2179 atque
1543 2144 1754 2175 consuetudine,
1767 2147 1792 2169 et
1809 2142 1850 2168 hu.

1075 2197 1156 2216 mano
1170 2188 1220 2216 Job
1237 2197 1301 2216 usus
1322 2188 1476 2224 proverbio,
1497 2189 1565 2215 mala
1592 2193 1619 2215 et
1635 2188 1707 2214 bona
1729 2189 1852 2214 memorat

1075 2237 1187 2263 dicens:
1203 2235 1234 2262 Si
1251 2235 1318 2262 bona
1336 2236 1485 2268 accepimus
1503 2235 1535 2261 de
1549 2243 1629 2261 manu
1651 2233 1768 2265 Domini,
1789 2231 1852 2259 mala

1075 2288 1162 2308 autem
1186 2289 1267 2314 quare
1293 2289 1345 2308 non
1368 2281 1536 2308 toleremus?
1560 2280 1623 2307 Post
1646 2287 1706 2315 qua:
1737 2279 1852 2306 universa

1077 2325 1238 2360 praecipuam
1255 2329 1336 2359 atque
1351 2324 1499 2359 perfectura
1514 2325 1607 2359 gloria:
1624 2331 1758 2351 coronam
1772 2321 1854 2350 confe-

1077 2377 1140 2397 rens
1153 2369 1241 2396 Moses
1259 2370 1337 2396 beato
1361 2368 1422 2402 Job,
1435 2370 1503 2396 dicit
1520 2369 1546 2396 in
1564 2369 1810 2403 subsequentibus:
1824 2365 1852 2392 lu

1076 2415 1130 2442 illis
1143 2420 1230 2442 uittam
1244 2415 1362 2441 omnibus
1374 2423 1433 2449 qua:
1449 2415 1488 2441 illi
1508 2416 1672 2447 acciderunt,
1689 2415 1756 2441 nihil
1770 2420 1854 2448 pecca-

1076 2461 1111 2487 vit
1127 2460 1178 2487 Job
1194 2461 1222 2487 in
1236 2459 1310 2487 labiis
1324 2461 1390 2491 suis,
1409 2468 1491 2494 neque
1504 2461 1531 2487 in
1549 2465 1687 2495 conspectu
1709 2458 1812 2486 Domini
1824 2456 1853 2482 ’⁷.

1076 2505 1098 2532 Ο
1113 2505 1180 2537 laus,
1195 2513 1210 2532 ο
1224 2506 1321 2538 honor,
1333 2513 1350 2532 ο
1362 2505 1448 2540 gloria
1461 2510 1488 2533 et
1504 2504 1672 2540 sulfragium,
1687 2513 1702 2532 o
1718 2502 1855 2531 delectatio

1077 2556 1158 2585 atque
1174 2551 1297 2585 praelatio
1311 2552 1382 2578 beati
1398 2550 1465 2578 Job!
1486 2551 1555 2583 Quid
1573 2551 1689 2585 primum
1705 2548 1853 2585 magnifice-

1076 2602 1120 2624 tur
1132 2597 1198 2631 justi
1213 2597 1303 2624 illius?
1318 2597 1358 2624 An
1375 2603 1447 2631 justa
1463 2605 1493 2624 ac
1509 2599 1552 2632 pia
1567 2598 1621 2624 vita
1639 2596 1699 2631 ejus
1720 2596 1755 2622 ab
1772 2594 1852 2624 initio,

1075 2647 1103 2670 et
1116 2644 1273 2671 misericors
1289 2649 1369 2678 atque
1381 2645 1450 2671 bona
1464 2643 1476 2670 ‘l
1490 2645 1530 2670 An
1550 2642 1695 2670 tolerantia
1709 2641 1852 2668 vehemen—

1074 2689 1141 2716 tium
1167 2689 1293 2716 dolorttm
1317 2698 1376 2716 cum
1408 2690 1556 2724 gratiarum
1581 2687 1740 2715 actionibus
1762 2686 1773 2711 Ἰ
1806 2683 1853 2710 Διιι

1075 2732 1156 2759 etiam
1172 2732 1222 2760 hoc
1236 2733 1307 2767 quod
1329 2741 1390 2760 cum
1407 2733 1503 2760 callide
1529 2733 1705 2760 seduceretur
1722 2738 1739 2757 a
1753 2727 1854 2757 diabolo
