1909 3080
62 131 108 161 F5

591 128 780 157 ANONYMUS
799 129 832 156 IN
851 129 921 157 JOB.
940 144 972 149 ——-
992 129 1054 156 LIB.
1076 129 1108 156 ll.
1374 124 1390 136 ¹’

1609 132 1661 160 494

63 199 104 228 per
117 197 146 218 os
158 189 260 222 uxoris,
277 188 418 222 sapienter
446 187 556 221 restitit,
571 193 598 215 et
613 190 639 215 in
654 189 694 216 bis
705 190 829 217 omnibus
845 193 866 220 Α
882 190 986 217 biorum
1003 194 1100 217 cuncta
1124 189 1150 216 in
1175 190 1323 225 gratiarum
1348 191 1481 218 actionem
1499 195 1579 227 atqtte
1593 199 1659 220 con-

61 239 150 271 justum
163 243 194 262 ac
210 235 307 262 bonum
324 235 405 261 Deum
419 234 585 261 existimavit
598 236 644 269 qui
661 236 718 262 lucc
732 236 756 263 ei
774 237 830 263 uni-

63 290 129 310 versa
145 282 210 309 bene
223 281 357 316 ingessit?
383 280 445 308 Hmc
464 281 554 316 itaque
580 281 771 310 demonstrans
790 283 830 310 di-

62 330 110 357 cit:
124 327 154 355 In
166 327 205 354 Itis
221 327 339 354 omnibus
355 335 414 362 quia
426 327 449 352 ei
464 328 615 353 acciderunt
635 328 701 354 nillil
713 328 829 361 peccauit

62 374 106 401 Job
123 374 147 400 in
164 373 240 399 labiis
263 373 328 404 suis,
347 380 428 407 neque
456 373 484 399 in
509 376 647 406 conspectu
663 372 780 400 Domini.
799 373 827 400 In

62 421 107 452 his,
123 419 214 453 inquit,
229 417 356 445 omnibus
372 417 505 452 plurimis,
522 418 625 452 magnis
640 425 672 445 ac
695 419 828 446 mirabili-

63 467 106 493 bus
128 470 205 499 atque
235 464 413 493 terribilibus.
441 463 658 492 lamentabilibus
672 472 779 499 quoque
795 473 828 492 ac

63 510 247 538 miserabilibus
260 510 357 544 quibus
373 510 473 537 similia
485 515 561 546 gesta
579 518 631 537 non
649 514 723 543 sunt,
740 511 765 538 in
780 511 831 538 mi-

62 557 129 585 seriis
152 562 230 591 atque
254 557 280 583 in
306 556 521 588 infelicitatibus,
543 558 569 584 in
586 557 712 585 omnibus
735 565 794 592 quse
814 565 829 584 a

62 603 147 630 sreculo
157 607 218 629 sunt
232 601 317 634 facta,
335 606 362 629 et
378 603 442 629 flent
457 610 542 637 usque
557 603 583 629 in
603 607 746 635 asternum,
766 603 828 638 qui-

62 647 103 674 bus
121 646 214 674 similia
245 646 302 673 visa
331 653 384 673 non
399 650 473 679 sunt,
494 654 581 681 neque
599 647 690 674 audita
706 647 756 674 sub
773 647 829 675 sole

62 693 89 718 ab
107 692 176 718 initio
190 690 282 718 saeculi
298 696 325 719 et
337 699 420 726 usque
447 692 474 719 in
499 692 760 719 consummationem
779 700 829 720 sm-

62 737 177 764 eulorum.
191 735 218 762 in
233 735 293 763 istis
311 743 375 771 ergo
393 736 522 763 omnibus
537 736 604 764 nihil
621 737 744 770 peccavit
766 736 828 770 Job,

64 783 174 818 neque-in
190 782 283 810 verbis
307 782 450 816 labiorum,
472 790 558 817 neque
578 783 604 809 in
627 783 682 810 oris
703 783 828 818 eloquiis,

62 829 169 864 nequein
185 829 276 856 cordis
294 829 514 864 cogitationibus,
531 836 617 864 neque
635 829 662 856 in
673 829 756 857 animi
774 837 829 856 me-

62 874 230 902 ditalionibus.
258 873 336 907 Quod
361 879 450 900 autem
469 874 505 901 ita
530 875 577 906 sit,
594 875 712 902 ostendit
724 882 784 902 mox
801 875 826 902 in

61 920 272 954 subsequentibus
285 921 378 948 dicens
391 929 398 947 :
416 919 508 955 Neque
521 921 548 948 in
562 921 640 948 labiis
660 921 728 955 suis,
747 930 828 956 neque

62 967 83 992 in
94 970 223 1000 conspectu
241 965 358 998 Domini,
369 970 396 993 et
412 973 464 993 non
479 962 623 994 suti’ecerat
659 973 688 994 ut
714 968 826 1000 diceret,

62 1020 128 1046 neque
137 1012 162 1038 in
179 1016 318 1046 conspectu
333 1011 451 1045 Domini,
465 1012 511 1039 sed
528 1017 555 1039 et
579 1012 631 1040 hoc
648 1013 725 1046 dixit,
747 1021 828 1047 neque

62 1057 161 1084 inlabiia
172 1059 237 1084 suis.
254 1057 325 1090 Quid
351 1062 390 1084 est
419 1058 480 1091 hoc,
502 1066 582 1094 neque
607 1059 635 1084 in
658 1058 736 1085 labiis
752 1059 829 1086 suis?

61 1103 95 1129 vel
105 1103 163 1137 quid
178 1104 226 1130 hoc
242 1107 295 1135 est,
320 1111 401 1137 neque
413 1104 441 1130 in
464 1109 602 1138 conspectu
633 1103 758 1131 Domini?
772 1105 827 1132 Au-

62 1149 115 1181 dite,
131 1157 146 1176 o
163 1149 253 1181 amici,
272 1150 420 1176 veridicum
438 1150 649 1184 expositionem.
661 1150 737 1183 Quod
753 1151 826 1182 dicit,

61 1195 83 1220 in
93 1200 220 1228 compecto
235 1195 355 1227 Domini,
371 1195 423 1222 hoc
437 1200 488 1227 est,
508 1196 598 1223 cordis
613 1196 787 1230 cogitatione,
801 1201 829 1223 et

62 1240 144 1266 anima:
159 1239 293 1274 profundo
312 1245 428 1268 tractatu
444 1241 574 1269 adversus
599 1241 683 1268 Deum
702 1241 767 1268 nihil
781 1249 828 1268 co-

62 1285 135 1318 gilaus
149 1285 174 1311 in
189 1286 402 1320 reprehensione
416 1291 443 1313 et
458 1288 483 1314 in
498 1287 664 1322 blasphemia
680 1292 763 1322 atque
776 1288 829 1315 cri-

62 1330 191 1358 minatione
215 1339 278 1366 qua:
301 1332 328 1358 in
351 1336 499 1366 conspectu
527 1332 574 1360 Dei
600 1333 764 1367 deprimunt,
782 1333 828 1367 qui

63 1375 159 1410 inquirit
170 1384 246 1404 renes
275 1381 302 1404 et
321 1377 414 1408 corda,
441 1378 485 1411 qui
510 1377 586 1405 novit
605 1378 710 1405 occulta
726 1378 827 1412 cordis,

62 1421 121 1448 sicut
137 1422 197 1449 dicit
222 1423 376 1457 Scriptura.
400 1423 487 1450 Verba
514 1428 604 1450 autem
629 1423 761 1451 labiorum
777 1423 829 1450 ali-

62 1468 154 1500 quando
168 1476 199 1495 ex
213 1469 296 1495 corde
311 1469 448 1502 dicuntur,
463 1469 607 1503 aliquando
626 1473 716 1496 autem
732 1469 828 1496 incon-

63 1514 197 1542 sideranter
207 1515 382 1549 proferuntur
396 1523 430 1542 ex
454 1515 600 1548 incautela,
616 1519 643 1542 et
658 1523 711 1542 non
722 1523 756 1542 ex
774 1516 828 1542 ini-

63 1560 160 1593 quitate,
183 1568 270 1596 neque
290 1568 324 1587 ex
350 1561 538 1589 malevolentia
560 1570 566 1588 :
593 1562 640 1589 sed
673 1561 829 1596 frequenter

63 1612 102 1633 ore
115 1605 226 1640 loquitur
241 1608 336 1639 homo,
352 1608 422 1642 quod
443 1608 554 1635 omnino
581 1607 663 1635 corde
682 1614 769 1642 neque
785 1615 830 1635 co-

63 1652 154 1685 gitavit,
168 1661 216 1681 nec
233 1654 346 1689 cogitat.
361 1654 433 1688 Ergo
453 1654 515 1688 quia
539 1653 709 1680 admirabilis
729 1660 760 1680 ac
779 1660 827 1687 pa-

64 1697 223 1726 tientissimus
233 1699 296 1732 Job,
312 1707 372 1727 cum
388 1700 416 1727 in
436 1704 524 1727 tantas
541 1699 728 1727 tribulatioues
741 1704 829 1726 trans-

63 1744 114 1777 iret,
125 1750 150 1772 et
163 1750 251 1773 tantos
266 1746 375 1774 dolores
403 1745 533 1773 nefandos
546 1746 705 1778 sustineret,
725 1750 826 1772 tantas-

63 1795 106 1823 que
117 1792 281 1819 seductiones
297 1797 456 1826 superaret:
474 1799 565 1826 neque
576 1791 604 1818 iu
622 1791 702 1818 corde
729 1791 827 1818 malum

63 1835 90 1861 de
104 1835 164 1868 Deo,
182 1845 270 1872 neque
285 1839 415 1864 adversus
437 1838 521 1864 Deum
544 1837 683 1872 cogitavit,
702 1844 788 1871 neque
801 1837 827 1862 in

65 1880 131 1908 labiis
146 1884 199 1910 suis
213 1891 262 1918 per
281 1884 413 1911 incuriam
438 1883 521 1910 ullum
548 1890 660 1918 parvum
675 1889 828 1910 sermonem

63 1929 168 1960 protulit,
191 1935 334 1964 propterea
362 1929 538 1962 magniﬁcans
568 1928 644 1955 illum
666 1933 693 1954 et
718 1928 829 1955 laudans

63 1978 131 2008 atque
166 1974 305 2008 perferens
331 1974 412 2001 dicit:
433 1974 466 2000 1n
487 1974 528 2001 his
567 1973 688 2000 omnibus
725 1981 784 2008 qua:
805 1974 829 2000 ei

64 2020 198 2047 occiderunt
217 2028 268 2046 non
291 2020 404 2054 peccavit
425 2019 487 2052 Job,
508 2027 590 2053 neque
616 2020 643 2046 in
666 2019 742 2045 labiis
762 2019 828 2052 suis,

64 2072 130 2098 neque
145 2066 170 2092 in
181 2071 318 2100 conspectu
336 2066 449 2092 Domini.
467 2066 507 2093 Ac
521 2066 543 2092 si
561 2065 680 2092 diceret:
697 2065 718 2092 0
733 2072 828 2099 magna

64 2110 132 2144 atque
143 2111 287 2138 vehemens
305 2111 458 2144 admiratio,
480 2118 496 2138 ο
510 2118 605 2145 magna
626 2115 709 2145 atque
735 2111 829 2146 ingens

64 2157 176 2189 patientia
193 2157 256 2189 viri,
271 2161 301 2183 ut
320 2157 346 2183 in
363 2156 489 2183 omnibus
503 2161 556 2183 tam
584 2155 680 2183 validis
692 2156 829 2183 doloribus

64 2205 131 2235 atque
143 2202 168 2228 in
181 2203 304 2229 omnibus
318 2201 425 2235 iugibus
442 2202 540 2236 pinnis,
564 2201 600 2228 ita
622 2209 652 2228 se
669 2202 765 2229 beatus
784 2201 828 2228 ille

64 2246 213 2280 observaret,
241 2253 270 2275 ut
292 2249 403 2275 omnino
425 2255 475 2275 nec
499 2248 526 2274 in
549 2248 626 2275 labiis
645 2248 702 2275 suis
724 2255 774 2274 nec
800 2247 826 2274 in

64 2292 132 2320 corde
141 2301 188 2320 suo
207 2295 280 2321 circa
295 2294 377 2321 Deum
397 2294 574 2328 delinqueret.
588 2293 655 2321 Nam
673 2294 744 2321 sicut
765 2300 826 2320 eor-

64 2336 99 2364 dis
110 2339 145 2365 sui
158 2339 334 2374 cogitationes
357 2344 440 2374 atque
463 2339 545 2366 animi
574 2340 615 2366 sui
637 2339 825 2366 meditationes

65 2389 142 2412 castas
153 2393 245 2412 omnes
256 2393 288 2412 ac
303 2386 419 2412 mundas
433 2386 616 2418 οοιιεειινθνίι,
631 2390 659 2412 et
673 2393 726 2413 non
747 2392 827 2420 prave

64 2430 124 2458 circa
135 2431 214 2459 Deum
232 2432 380 2466 cogitavit:
396 2432 431 2459 ita
445 2440 459 2458 a
476 2432 566 2459 verbis
592 2432 725 2459 labiorum
744 2436 825 2466 atque

65 2476 111 2504 oris
127 2477 236 2513 eloquiis
252 2478 416 2511 observavit,
432 2483 461 2505 ut
477 2484 526 2505 nec
544 2478 625 2506 corde
640 2478 828 2511 delinqueret,

66 2529 139 2556 neque
151 2524 176 2551 in
193 2532 318 2552 sermone
334 2529 468 2559 peccaret,
483 2524 533 2561 sed
546 2528 630 2551 totum
653 2523 826 2557 semetipsum

65 2571 87 2594 et
97 2570 178 2597 cordis
189 2570 299 2598 consilia
317 2575 343 2598 et
364 2577 498 2599 sermonis
520 2569 625 2606 eloquia
639 2574 667 2598 et
688 2568 770 2596 verba
784 2568 824 2595 la-

94 2656 127 2672 ¹⁷⁹
138 2657 149 2686 l
160 2659 221 2687 Cor.
244 2667 280 2693 rt,
295 2659 341 2688 20.

881 235 1024 263 fessionem
1041 236 1085 263 Dei
1099 240 1280 263 converteret.
1299 236 1444 264 Evidenter
1461 237 1578 272 implevit
1599 237 1658 264 bea-

879 285 924 308 tus
942 281 985 307 ille
1002 281 1082 308 homo
1103 282 1175 316 quod
1190 286 1252 316 post
1274 283 1325 309 hoc
1351 282 1385 309 ab
1408 283 1535 316 Apostolo
1556 283 1656 310 dictum

880 333 939 354 est:
958 327 1109 361 Clori/icate
1122 327 1205 356 Deum
1224 329 1250 355 in
1266 337 1375 363 corpore
1386 334 1470 356 uestro
1485 335 1508 356 et
1523 331 1550 356 iu
1564 331 1658 365 spiritu

880 378 964 399 vestro
987 373 1036 401 ‘7'.
1056 373 1129 408 Ergo
1146 374 1208 407 quia
1226 381 1241 400 a
1256 375 1345 402 verbis
1360 374 1492 402 labiorum
1517 383 1602 410 usque
1628 376 1660 402 ad

880 419 969 446 cordis
981 419 1160 454 cogitationes
1176 419 1376 446 immaculatum
1403 427 1432 446 se
1457 425 1485 446 et
1502 420 1658 447 inviolatum

880 469 961 498 atque
989 464 1229 491 incontaminatum
1256 465 1428 492 conservavit
1456 465 1482 492 in
1509 469 1657 500 conspectu

882 509 999 542 Domini,
1019 514 1146 544 tanquam
1160 510 1183 537 si
1202 510 1316 542 diceret,
1329 517 1416 544 neque
1432 510 1483 538 hoc
1495 511 1579 545 gessit
1589 512 1659 546 quod

881 554 1004 589 plurimis
1018 555 1128 587 accidit,
1155 559 1185 582 ut
1211 555 1354 583 labascaut
1375 557 1402 583 in
1420 556 1501 583 verbo
1514 562 1540 583 et
1557 564 1608 584 non
1626 565 1658 584 ex

880 601 972 628 corde.
992 599 1050 627 Non
1073 600 1144 627 enim
1170 600 1260 635 lapsus
1278 606 1320 628 est
1333 600 1360 627 in
1378 608 1503 627 sermone
1518 601 1658 634 labiorum,

877 647 955 681 juxta
971 647 1022 673 hoc
1035 646 1106 680 quod
1121 646 1222 673 dictum
1234 650 1274 673 est
1288 646 1402 680 quodam
1419 646 1444 672 in
1463 646 1522 674 loco
1536 647 1563 674 in
1585 646 1659 674 Scri-

879 696 958 727 ptura
973 699 980 719 :
995 692 1043 719 Est
1060 692 1105 726 qui
1118 691 1230 718 labascit
1245 691 1273 717 in
1281 691 1366 724 verbo,
1383 691 1419 717 vel
1433 692 1461 719 in
1469 700 1512 718 ore
1525 697 1547 718 et
1565 701 1615 719 non
1628 701 1659 720 ex

879 737 966 764 corde.
991 737 1061 772 Ergo
1085 737 1147 771 quia
1175 737 1269 764 beatus
1295 736 1345 764 Job
1369 737 1442 764 nullo
1467 737 1546 764 modo
1569 738 1660 772 lapsus

880 787 933 816 est,
951 791 1038 818 neque
1062 783 1088 809 in
1110 789 1168 815 ore,
1185 790 1272 817 neque
1285 783 1310 809 in
1325 791 1462 816 sermone,
1477 790 1563 818 neque
1576 783 1602 810 in
1619 783 1657 811 la-

880 829 943 860 biis,
959 837 1046 863 neque
1069 829 1094 856 in
1120 829 1211 860 corde,
1229 833 1371 864 propterea
1388 829 1564 865 magniﬁcans
1583 829 1656 857 illum

844 864 865 893 Β
883 882 996 910 magnus
1015 875 1059 902 ille
1072 875 1153 902 homo
1172 875 1218 902 Dei
1233 875 1331 906 Meses,
1352 875 1488 902 admirans
1505 882 1610 910 quoque
1628 883 1660 903 ac

881 921 992 947 laudans
1006 927 1067 947 eum
1081 920 1165 947 dicit:
1182 919 1216 946 In
1228 920 1268 946 liis
1288 920 1417 954 omnibus,
1433 929 1491 956 qua:
1509 922 1659 948 acciderunt

880 968 914 1000 ei,
925 976 976 994 non
989 968 1103 1002 peccauit
1115 967 1165 994 Job
1176 968 1204 994 in
1219 967 1295 994 labiis
1309 968 1374 999 suis,
1390 975 1469 1002 neque
1480 969 1507 994 in
1524 974 1660 1001 conspectu

882 1013 997 1040 Domini.
1021 1013 1077 1046 Sic,
1098 1013 1196 1048 inquit,
1221 1013 1345 1040 transivit
1366 1013 1532 1041 admirabilis
1547 1015 1598 1041 Job
1610 1022 1661 1041 Ste-

883 1059 1023 1086 vissimum
1050 1059 1115 1085 illud
1141 1058 1261 1086 dolorum
1279 1058 1399 1093 pelagus,
1416 1059 1456 1086 sic
1469 1060 1607 1092 superavit
1619 1060 1660 1086 in-

882 1105 1076 1139 explorabilem
1101 1112 1177 1132 suam
1202 1105 1381 1132 tentationum
1405 1105 1614 1137 multitudinem,
1631 1109 1660 1132 ut

883 1151 950 1178 nihil
968 1155 1103 1185 peccaret,
1117 1157 1204 1185 neque
1219 1150 1246 1177 in
1263 1149 1342 1177 labiis
1363 1150 1428 1180 suis,
1447 1157 1535 1185 neque
1551 1151 1576 1177 in
1597 1158 1660 1178 con-

882 1200 974 1231 spectu
995 1196 1111 1223 Domini.
1129 1196 1200 1223 Ante
1225 1195 1388 1223 tentationes
1412 1203 1463 1223 non
1485 1197 1616 1230 peccavit,
1633 1196 1660 1225 in

885 1241 1078 1268 tentationibus
1098 1249 1151 1269 non
1166 1242 1300 1276 peccavit.
1314 1241 1336 1269 0
1349 1242 1426 1269 beate
1442 1240 1502 1275 Job,
1515 1242 1575 1277 quis
1590 1242 1660 1269 sinti-

883 1287 917 1314 lis
933 1286 980 1314 tibi
1001 1287 1164 1322 gloriabitur
1188 1291 1299 1322 propter
1311 1286 1466 1321 justitiam?
1485 1287 1605 1315 Mortuus
1620 1293 1661 1315 est

883 1332 959 1366 Abel,
976 1333 1023 1360 sed
1039 1332 1122 1360 semel
1136 1337 1162 1360 et
1178 1333 1305 1360 celeriter
1320 1339 1361 1360 est
1372 1339 1494 1360 mortuus
1511 1340 1518 1360 :
1544 1334 1661 1361 admira-

882 1378 943 1405 btlis
958 1386 1022 1405 vero
1035 1377 1085 1406 Job
1099 1386 1159 1406 cum
1176 1378 1248 1406 mille
1264 1383 1367 1406 mortes
1375 1379 1533 1412 sustineret,
1546 1385 1659 1406 mortem

882 1424 1030 1458 superavit,
1048 1428 1164 1452 mortem
1176 1424 1253 1458 vicit,
1270 1424 1297 1450 in
1313 1429 1400 1452 morte
1421 1425 1563 1452 victoriam
1589 1432 1661 1452 sum-

882 1469 947 1503 psit.
964 1469 1045 1498 Solus
1061 1477 1093 1498 ex
1111 1470 1237 1497 omnibus
1251 1470 1381 1504 antiquis,
1395 1477 1454 1497 cum
1473 1475 1606 1498 mortuum
1618 1478 1661 1499 se-

882 1516 1025 1551 metipsum
1042 1516 1197 1551 inspiceret,
1214 1523 1229 1543 a
1249 1521 1337 1543 morte
1353 1524 1404 1544 non
1421 1516 1581 1551 trepidavit:
1596 1524 1658 1543 nam

880 1561 948 1588 vidit
966 1561 1033 1588 eilici
1067 1566 1202 1594 mortuos,
1229 1569 1289 1589 cum
1311 1561 1437 1588 nimirum
1461 1562 1528 1589 vidit
1561 1567 1661 1590 semet-

882 1606 969 1641 ipsum
981 1607 1039 1634 lieri
1050 1607 1218 1641 putredinem
1232 1611 1259 1634 ct
1270 1613 1385 1638 vermes,
1398 1607 1443 1634 sed
1458 1615 1510 1635 non
1528 1607 1587 1634 ideo
1598 1613 1661 1635 ante

882 1657 994 1680 mortem
1013 1653 1130 1687 expavit,
1148 1653 1195 1680 sed
1211 1657 1323 1679 mortem
1344 1653 1372 1680 in
1394 1652 1483 1688 fugam
1499 1653 1579 1680 vertit
1596 1661 1657 1680 cura

880 1697 1008 1725 omnibus
1035 1699 1094 1733 ejus
1117 1698 1282 1733 argumentis
1305 1703 1385 1732 atque
1404 1699 1531 1726 versutiis
1545 1703 1572 1726 et
1595 1706 1657 1726 cum

880 1744 981 1779 iniquis
995 1744 1054 1779 ejus
1066 1744 1242 1771 exercitibus.
1259 1743 1326 1770 Nam
1341 1752 1401 1770 cum
1417 1752 1524 1770 omnem
1540 1748 1659 1779 potesta-

881 1793 934 1816 tem
956 1790 982 1816 in
1009 1797 1071 1816 eum
1087 1790 1222 1823 acciperet
1238 1798 1311 1816 mors
1327 1789 1389 1824 (hoc
1403 1795 1444 1816 est
1457 1789 1658 1823 diabolus)abs-

880 1842 932 1868 que
951 1836 1041 1862 anima
1066 1835 1134 1868 sola,
1150 1839 1177 1862 et
1193 1840 1222 1862 ut
1239 1840 1393 1870 percuteret
1404 1840 1432 1863 et
1450 1840 1479 1862 ut
1491 1835 1660 1863 cxulceraret

880 1885 907 1907 et
923 1885 952 1907 ιιι
967 1884 1104 1914 torqueret
1115 1886 1142 1908 et
1155 1885 1183 1908 ut
1198 1882 1349 1914 seduceret,
1369 1889 1429 1908 cum
1449 1886 1546 1909 cuncta
1560 1889 1660 1909 secun—

880 1925 943 1953 dum
967 1925 1092 1953 virtutem
1118 1933 1195 1953 suam
1220 1926 1383 1954 insatiabilis
1408 1934 1485 1954 mors
1506 1932 1658 1961 exerceret,

881 1978 1050 2006 nequaquam
1078 1972 1224 2007 quidquam
1249 1972 1361 2007 justitia:
1382 1972 1410 1999 in
1434 1972 1479 1999 illo
1497 1973 1575 2000 beato
1591 1964 1676 2001 mori.

880 2017 977 2051 potuit.
995 2016 1098 2044 idcirco
1113 2025 1185 2045 mors
1199 2018 1268 2052 apud
1282 2016 1333 2045 Job
1353 2022 1457 2045 mortua
1471 2023 1511 2046 est
1522 2026 1584 2046 cum
1598 2026 1657 2046 om—

879 2063 958 2090 nibus
970 2062 1121 2091 elIicientiis
1135 2063 1192 2091 suis
1204 2071 1211 2091 :
1222 2064 1326 2098 justitia
1345 2071 1410 2091 vero
1427 2072 1486 2098 qua:
1508 2065 1534 2091 in
1546 2072 1590 2092 eeo
1607 2065 1659 2096 pri-

879 2109 939 2135 dem
954 2109 1072 2143 vigebat,
1088 2110 1173 2143 magis
1189 2117 1220 2136 ac
1232 2108 1317 2144 magis
1332 2110 1359 2137 in
1373 2110 1419 2137 illo
1434 2110 1533 2137 divinis
1547 2110 1661 2137 visioni-

879 2154 929 2181 bus
953 2159 1036 2189 atquc
1060 2155 1150 2182 divino
1173 2155 1308 2190 colloquio
1335 2156 1442 2182 revixit.
1468 2154 1490 2183 Ο
1518 2156 1595 2182 beate
1606 2155 1657 2183 .‘ob

880 2200 974 2227 vivens
988 2202 1015 2226 in
1028 2205 1186 2234 perpetuum
1202 2201 1272 2236 apud
1289 2201 1382 2232 Deum.
1405 2205 1432 2228 et
1453 2200 1538 2228 victor
1554 2208 1661 2236 perma-

881 2252 947 2272 nens
974 2245 1000 2272 in
1026 2250 1172 2280 conspectu
1198 2247 1269 2281 regis
1292 2246 1409 2280 Domini,
1432 2254 1480 2273 ora
1505 2254 1554 2281 pro
1578 2247 1658 2274 nobis

881 2291 1000 2323 miseris,
1022 2296 1053 2318 ut
1069 2292 1150 2319 etiam
1178 2299 1227 2319 nos
1250 2292 1378 2319 terribilis
1403 2291 1450 2319 Dei
1473 2291 1659 2319 misericordia

881 2342 1003 2372 protegat
1016 2338 1040 2365 in
1056 2338 1181 2365 omnibus
1202 2338 1432 2371 tribulationibus,
1456 2343 1485 2366 et
1507 2338 1605 2372 eripiat
1625 2337 1659 2364 ab

881 2383 1005 2410 omnibus
1027 2383 1250 2418 oppressionibus
1276 2383 1405 2418 maligni;
1429 2387 1456 2410 et
1485 2387 1660 2411 connumeret

882 2437 931 2457 nos
943 2437 1003 2457 cum
1018 2429 1109 2464 iustis,
1122 2433 1149 2456 et
1161 2428 1318 2456 conscribat
1330 2436 1379 2455 nos
1392 2436 1452 2456 cum
1473 2429 1517 2456 itis
1531 2428 1574 2462 qui
1587 2428 1660 2455 salvi

882 2476 959 2507 iiunt,
975 2480 1002 2502 et
1014 2475 1185 2510 requiescere
1211 2481 1260 2501 nos
1275 2473 1358 2501 faciat
1377 2481 1440 2501 cum
1458 2474 1513 2501 illis
1528 2474 1554 2502 in
1575 2481 1659 2509 regno

879 2528 940 2553 suo,
967 2521 1012 2548 ubi
1046 2525 1176 2556 perpetuo
1212 2527 1273 2547 cum
1316 2523 1418 2548 sanctis
1451 2519 1657 2554 magniﬁcentius

876 2567 962 2595 illum.
