1909 3080
248 125 302 154 495

788 123 977 153 ANONYMUS
993 125 1027 152 IN
1046 125 1114 153 JOB.
1135 141 1168 146 —
1187 126 1251 154 LIB.
1271 124 1314 153 Ill.
1806 124 1847 152 496

820 277 992 322 LIBER
1031 254 1312 322 TERTIUS.

282 459 392 494 Magnos
413 465 445 486 ac
459 457 588 492 plurimos
602 456 748 491 stupendos
759 462 867 491 quoque
890 462 924 482 ac
951 454 1028 481 lerri-
1047 456 1068 484 Α
1084 455 1154 487 nias,
1177 454 1243 481 alios
1263 453 1296 481 ad
1313 453 1445 489 rapinas,‘
1459 452 1527 480 alios
1549 452 1583 479 ad
1607 451 1676 479 alias
1693 449 1849 486 iniquitates,

252 505 320 533 biles
340 505 391 532 Job
407 505 513 532 dolores
528 505 554 531 in
573 502 693 538 praefatis
707 501 960 532 demonstravimus,
974 507 1026 526 non

251 551 329 586 juxta
346 552 473 578 meritum
486 550 551 585 justi
570 549 653 583 illius,
676 548 724 575 sed
736 547 813 582 juxta
831 547 957 573 virtutem
977 553 1027 571 no-

252 603 317 625 strae
334 597 521 628 humanitatis,
546 599 574 622 et
594 594 740 622 secundum
765 593 865 620 donum
881 591 938 618 Dei.
963 590 1031 624 Quis

255 644 327 670 enim
343 643 419 678 juxta
434 643 559 669 meritum
575 640 675 676 poterit
689 639 791 673 jusmm
808 638 882 665 illum
905 636 1028 672 magnifi-

250 696 323 721 care,
339 696 417 723 quem
432 688 490 723 ipse
505 687 646 718 Dominus,
661 686 706 720 qui
717 685 798 713 corda
812 683 961 719 cognoscit,
972 690 1030 710 rna-

249 735 381 770 gnificans
395 734 461 761 dicit
474 743 480 760 :
499 734 558 760 Non
573 737 610 760 ert
622 731 712 758 simili:
737 730 776 757 illi
799 730 936 766 quisquam
951 737 1030 763 super

252 786 350 808 terram
368 779 414 806 ’5?
434 779 462 806 Si
481 779 564 813 igitur
587 783 651 805 ante
676 777 828 812 passionem
852 783 904 803 non
923 775 973 802 fuit
992 775 1029 802 illi

249 827 347 855 similis
363 828 503 861 quisquam
517 831 599 859 super
614 828 728 856 terram,
748 824 770 850 si
785 827 874 849 autem
896 829 945 848 nec
967 825 1029 848 ante

248 881 299 901 nec
312 878 403 908 postea
415 872 465 899 fuit
481 871 520 898 illi
540 870 636 898 similis
654 869 797 904 quisquam
816 876 896 903 super
916 872 1026 900 terram,

249 919 309 955 quis
320 927 351 946 ex
374 918 415 946 Itis
431 918 476 953 qui
492 922 554 945 sunt
573 924 654 952 super
673 922 786 948 terram,
803 914 882 950 juxta
901 914 1027 941 meritum

247 966 429 993 narrationem
449 964 490 992 vel
504 963 609 991 laudem
628 962 664 989 illi
682 962 811 989 exhibere
827 960 936 995 potest?
967 959 1024 987 Non

248 1012 332 1040 solum
349 1012 419 1038 enim
433 1017 527 1037 omnes
539 1009 674 1040 homines,
698 1007 745 1035 sed
771 1012 835 1042 pulo
849 1006 920 1041 quod
934 1011 961 1033 et
978 1013 1026 1032 au-

245 1058 296 1086 deo
313 1058 412 1089 dicere,
430 1057 512 1084 etiam
542 1055 614 1090 ipsos
640 1054 760 1089 angelos.
776 1058 855 1087 atque
868 1059 962 1080 omnes
974 1052 1027 1078 da:-

245 1110 339 1130 tnones
354 1102 497 1136 perterruit
515 1100 565 1128 Job
582 1099 724 1127 tolerantia
742 1104 768 1126 et
780 1098 931 1126 constantia
946 1102 1027 1131 atque

244 1149 323 1180 fides,
343 1156 402 1175 cum
425 1148 506 1174 ilerra
524 1149 551 1173 et
571 1146 655 1172 lutum
668 1145 804 1179 superavit
816 1151 922 1171 omnem
940 1144 1024 1170 virtu-
1041 1137 1061 1164 Β

245 1201 298 1223 tem
313 1203 345 1221 ac
357 1192 542 1221 fortitudinem
559 1195 639 1226 atque
663 1197 770 1218 omnem
787 1192 932 1217 versutiam
948 1190 1024 1216 mali-

245 1240 366 1277 gnissiuti
381 1238 500 1270 diaboli,
516 1238 561 1272 qui
577 1245 638 1264 cum
665 1236 803 1270 acceperit
818 1236 844 1262 in
854 1242 922 1262 ‘eum
953 1239 1027 1269 pote—

244 1291 353 1317 statem,
380 1288 477 1311 cuncta
505 1283 563 1310 haec
589 1282 616 1309 in
641 1289 674 1309 eo
695 1281 828 1315 exercuit,
854 1289 913 1315 quae
936 1281 1026 1308 omnia

245 1331 327 1360 corda
354 1331 379 1357 in
404 1336 528 1364 pavorem
551 1329 698 1361 deducunt,
726 1332 753 1355 et
779 1335 885 1355 omnem
907 1327 1025 1354 animam

243 1381 352 1412 stupere
382 1377 494 1403 faciunt.
520 1375 602 1410 Cujus
626 1375 697 1402 enim
719 1374 831 1400 alterius
862 1377 1024 1408 potestatem

243 1423 347 1458 accepit
361 1422 505 1457 aliquando
518 1420 648 1453 diabolus,
661 1420 714 1447 nisi
726 1419 810 1447 solius
825 1419 895 1446 Job?
909 1419 937 1445 Si
952 1418 1024 1446 enim

243 1469 354 1497 alterius
375 1468 519 1503 cujuslibet
536 1471 695 1501 potestatem
720 1465 871 1499 accepisset
892 1464 1024 1496 diabolus,

243 1513 365 1550 profecto
393 1522 444 1541 non
466 1513 574 1545 lateret,
591 1513 638 1540 sed
656 1512 700 1539 ille
721 1511 791 1539 ineo
806 1511 875 1546 quod
888 1511 971 1538 etiam
998 1510 1024 1536 in

244 1560 295 1588 Job
322 1560 442 1588 exercuit
468 1559 646 1594 perfecisset:
677 1558 754 1592 cujus
773 1565 830 1584 rcm
865 1556 1023 1583 familiarem

245 1606 380 1642 perdidit.
397 1605 472 1640 cujus
496 1611 594 1638 corpus
616 1603 758 1639 putredine
778 1610 809 1630 ac
825 1603 960 1628 vermibus
983 1609 1025 1628 re-

245 1652 348 1688 plevit,
365 1651 408 1678 cui
427 1651 554 1685 reliquias
579 1658 627 1685 pro
652 1648 836 1677 consolatione
853 1655 904 1674 non
928 1647 1024 1674 dereli-

243 1700 310 1734 quit,
334 1698 376 1726 cni
393 1705 467 1732 spem
485 1697 579 1725 salutis
594 1704 645 1723 non
665 1695 778 1727 dimisit,
802 1694 848 1722 sed
864 1694 947 1721 solam
963 1701 1025 1720 uxo-

242 1754 299 1774 rem
312 1753 361 1781 pro
378 1743 593 1779 supplantatione
613 1741 650 1768 illi
675 1740 798 1775 reliquit,
814 1747 861 1774 per
876 1746 956 1774 quam
978 1746 1024 1765 no-

242 1792 379 1819 vissimam
410 1797 439 1817 ac
456 1789 629 1816 saevissimam
650 1787 723 1814 illam
747 1786 871 1820 sagittam
890 1785 1024 1812 seductio—

243 1838 286 1866 nis
300 1841 379 1871 atque
393 1834 617 1870 supplantationis
633 1834 659 1860 in
672 1839 732 1860 etim
745 1832 855 1860 dimisit.
870 1830 922 1858 Sed
935 1838 1025 1865 quem-

243 1883 388 1911 admodum
417 1881 463 1916 qui
489 1881 521 1908 ad
538 1885 642 1912 petram
660 1878 839 1914 sagittaverit.
867 1882 949 1912 petrae
965 1876 1024 1911 qui-

242 1931 302 1957 dem
324 1928 389 1956 nihil
405 1927 480 1958 facit,
494 1934 588 1953 omnes
605 1932 669 1951 vero
685 1924 795 1959 sagittas
807 1924 832 1950 in
850 1923 1022 1958 semetipsum

245 1975 398 2003 convertit:
414 1974 450 2000 ita
467 1972 648 2007 nequissimus
662 1970 786 1998 diabolus
805 1976 865 1996 cum
881 1968 1022 1996 inviolabi-

238 2021 293 2049 lem
323 2025 426 2056 petram
440 2018 501 2051 Job,
515 2023 595 2052 atque
614 2015 855 2044 iucontaminatum
882 2015 1023 2049 sagittaret

242 2067 428 2097 adamantem,
443 2064 617 2098 semetipsum
632 2061 785 2088 vulneravit
800 2067 833 2087 ac
847 2059 954 2094 dejecit,
969 2058 1020 2086 Job

240 2120 308 2140 vero
325 2111 392 2139 nihil
408 2111 482 2138 fecit.
503 2110 564 2136 Περ
588 2107 728 2136 audientes
748 2105 838 2133 cuncti
865 2105 1020 2136 credentes,

237 2159 388 2187 observent
410 2164 439 2184 se
469 2155 613 2190 diligenter
640 2162 654 2180 a
681 2152 759 2180 malis
781 2151 934 2186 colloquiis,
957 2150 1019 2185 quia

240 2207 412 2237 corrumpunt
440 2209 523 2228 mores
549 2201 628 2227 bona:
649 2199 779 2233 colloquia
802 2197 873 2224 mala
893 2196 929 2229 ",
952 2196 1022 2224 sicut

242 2255 304 2284 post
320 2249 379 2276 haec
394 2247 459 2274 dicit
478 2246 634 2280 Apostolus.
651 2245 802 2272 Observent
814 2251 844 2270 se
858 2247 936 2270 caute
949 2247 976 2269 et
988 2241 1022 2269 ab

245 2295 340 2322 amicis
351 2298 378 2320 et
396 2292 533 2320 sodalibus
546 2296 572 2318 et
588 2299 602 2317 a
618 2290 774 2318 domesticis
793 2293 822 2316 et
841 2296 855 2316 a
870 2289 1022 2323 persuasio-

242 2340 323 2369 nibus
351 2344 428 2373 atque
449 2337 676 2365 concitationibus
698 2344 792 2364 eorum
814 2345 821 2363 :
845 2336 907 2370 quia
934 2335 1021 2362 omnis

242 2387 348 2414 amicus
360 2383 536 2419 supplantans
551 2383 718 2417 supplantat,
736 2387 817 2416 atque
831 2381 964 2409 fallaciter
979 2380 1020 2406 in-

240 2433 322 2461 cedit.
337 2431 453 2459 Maxime
477 2435 566 2456 autem
583 2429 729 2456 observate
752 2436 810 2461 vos,
833 2432 914 2462 atque
930 2431 1020 2453 atten-

241 2481 297 2508 dite
312 2478 454 2506 animabus
467 2474 578 2507 vestris,
588 2482 605 2501 ο
615 2474 679 2506 viri,
697 2475 730 2501 ab
749 2473 842 2501 uxoris
857 2472 1017 2500 concitatio-
1033 2481 1058 2509 ι)

240 2525 319 2554 nibus
337 2529 418 2559 atque
432 2522 509 2549 malis
526 2520 754 2556 instigationibus.
776 2519 832 2546 Per
852 2519 922 2545 hanc
943 2520 1014 2544 enim

239 2574 266 2600 itt
279 2572 373 2600 ultimo
387 2570 561 2606 supplantare
578 2566 628 2594 Job
645 2566 723 2592 nisus
744 2570 787 2592 est
813 2564 945 2594 diabolus.
969 2569 1016 2597 per

240 2623 313 2649 hanc
328 2625 458 2653 superare
474 2614 593 2651 speravit
611 2612 697 2645 illum,
714 2619 792 2646 quem
810 2618 858 2645 per
884 2609 1014 2644 plurimos

237 2673 319 2701 atque
344 2666 466 2700 ingentes
497 2661 602 2689 dolores
622 2665 750 2692 superare
776 2664 827 2684 non
850 2655 946 2689 potuit.
963 2653 1015 2679 Per

239 2700 304 2741 istas
322 2712 404 2739 etiam
421 2717 492 2737 nunc
503 2708 631 2744 plurimos
643 2704 784 2735 subvertit,
800 2709 847 2736 per
859 2702 924 2728 istas
934 2700 1014 2726 etiaut

243 2766 313 2785 nunc
325 2757 456 2792 pluritnos
471 2755 503 2781 ad
526 2753 594 2780 maia
608 2750 761 2786 persuadet,
781 2747 847 2773 alios
862 2747 894 2772 ad
909 2745 1012 2772 calum-

761 2841 782 2857 "
793 2839 843 2868 Job
854 2847 885 2872 tt,
900 2837 940 2865 ll.

273 2850 296 2865 ²¹¹
307 2849 357 2876 Job
375 2855 404 2877 tt.
417 2847 445 2874 5.
484 2845 507 2861 ¹⁹
518 2846 530 2872 1
543 2845 604 2872 Cor.
618 2851 663 2876 xv,
678 2843 723 2870 35.

1083 501 1149 528 alios
1167 500 1342 527 nihilominus
1360 498 1394 526 Μ
1419 498 1511 525 odium
1532 498 1662 525 adversus
1686 497 1808 529 invicem,
1822 498 1849 524 ad

1081 546 1280 575 contentionem
1301 553 1408 580 quoque
1425 549 1452 571 et
1463 544 1594 579 jurgium.
1606 543 1652 570 Sic
1669 542 1742 569 enirn
1759 550 1812 568 cum
1823 542 1850 569 ad

1081 592 1197 620 invicem
1223 591 1402 626 liligavcrint,
1421 589 1448 617 in
1463 589 1516 616 hoc
1533 596 1562 616 se
1578 588 1732 615 defensum
1747 592 1813 620 sunt,
1827 592 1850 613 ut

1080 640 1152 666 viros
1164 644 1228 665 suos
1255 637 1386 664 adversus
1407 636 1524 663 invicem
1545 635 1688 663 concitent
1704 634 1738 661 ad
1753 633 1848 665 bellum,

1080 684 1112 711 ad
1126 683 1297 711 inimicitiam
1316 689 1423 717 quoque
1440 686 1522 717 atque
1538 681 1727 716 iniquitatem.
1748 678 1800 706 Hoc
1819 678 1849 705 ni-

1080 730 1179 757 mirum
1202 733 1333 763 operatur
1358 735 1406 762 per
1428 735 1475 755 cas
1501 726 1716 761 malignissitnus
1731 724 1848 757 diabolus,

1080 777 1246 805 succendens
1262 782 1344 810 atque
1371 775 1541 803 inflammans
1552 774 1637 802 corda
1654 781 1751 801 eorum
1768 772 1849 800 zeloet

1080 824 1120 851 ira
1140 833 1146 851 :
1170 829 1197 850 et
1220 823 1256 850 ita
1278 822 1402 849 infelices
1415 822 1489 849 viros
1500 829 1563 848 suos
1583 824 1610 848 et
1633 821 1707 848 circa
1725 820 1813 851 Deum,
1828 823 1850 846 et

1079 867 1153 895 circa
1169 867 1285 893 invicem
1300 866 1416 894 odibiles
1431 866 1558 897 reddunt,
1576 871 1603 892 ut
1617 866 1663 892 Dei
1682 865 1749 892 irant
1767 864 1848 899 acqui-

1079 918 1155 950 rant,
1182 918 1208 940 et
1238 913 1311 940 circa
1337 913 1451 940 invicem
1477 912 1581 939 inimici
1607 915 1807 946 permaneant:
1828 915 1849 938 et

1079 961 1149 995 quod
1166 965 1206 988 est
1221 960 1367 987 maximum
1383 967 1442 986 cum
1458 959 1608 986 debuerant
1632 957 1796 993 unanimiter
1808 964 1846 991 pro

1080 1006 1192 1033 invicem
1221 1006 1350 1033 adversus
1371 1004 1495 1031 inimicos
1511 1011 1575 1030 suns
1593 1008 1677 1038 atque
1693 1003 1848 1030 adversarios

1078 1056 1161 1084 stare,
1187 1051 1244 1077 sive
1268 1051 1350 1082 intus,
1376 1049 1435 1076 sive
1453 1049 1530 1080 foris,
1553 1049 1608 1076 sive
1623 1049 1648 1074 in
1665 1047 1747 1080 bello,
1762 1049 1813 1074 sive
1827 1047 1847 1074 in

1079 1099 1189 1134 praeliis,
1218 1097 1315 1126 et~sibi
1339 1097 1453 1124 invicem
1475 1095 1613 1122 intendere
1636 1100 1720 1129 atque
1744 1094 1847 1131 invicem.

1079 1144 1215 1179 adjuvare,
1227 1150 1254 1172 et
1268 1150 1362 1171 mutuo
1386 1150 1478 1171 amore
1502 1146 1576 1176 terga
1598 1141 1764 1172 defendere,
1786 1148 1848 1174 repe-

1080 1192 1184 1218 riuntur
1194 1191 1243 1218 sibi
1259 1191 1373 1218 invicem
1386 1189 1486 1216 inimici
1503 1195 1534 1215 ac
1553 1187 1719 1222 proditores,
1733 1191 1808 1220 atque
1826 1185 1846 1212 in

1078 1237 1194 1272 propriis
1209 1237 1294 1264 ruinis
1308 1237 1466 1272 gaudentes.
1491 1234 1558 1262 Haec
1578 1233 1709 1260 nimirum
1734 1232 1845 1259 universa

1078 1283 1204 1310 oriuntur
1215 1291 1248 1310 ex
1266 1283 1445 1318 maligoarum
1467 1286 1549 1315 atque
1573 1279 1772 1307 contrariarum
1797 1283 1848 1304 uto-

1080 1336 1138 1355 rum
1156 1328 1330 1362 instigatione
1345 1335 1376 1354 ac
1392 1328 1569 1362 persuasione
1584 1335 1591 1353 :
1607 1331 1675 1359 quas
1691 1331 1744 1351 non
1764 1322 1847 1349 debent

1078 1376 1172 1403 audire
1186 1375 1223 1402 illi
1241 1375 1286 1408 qui
1300 1375 1371 1402 bene
1386 1374 1542 1408 intelligunt
1566 1372 1629 1404 viri,
1645 1371 1717 1397 sicut
1732 1377 1779 1397 nec
1794 1368 1847 1395 bea-

1076 1426 1119 1448 tus
1138 1421 1189 1448 Job
1208 1420 1323 1447 audivit.
1343 1419 1488 1453 Propterea
1505 1423 1547 1445 est
1563 1417 1618 1443 Deo
1631 1413 1815 1449 acccplabilis,
1826 1415 1847 1438 et

1078 1467 1137 1494 ideo
1152 1467 1221 1493 inter
1236 1465 1335 1492 choros
1349 1469 1506 1491 sanctorttm
1522 1461 1713 1497 niagnificatur
1725 1460 1751 1487 in
1768 1465 1847 1493 perpe-

1077 1517 1162 1538 tuum.
1183 1509 1217 1537 Ut
1242 1515 1328 1536 autent
1359 1509 1497 1535 audierunt
1516 1512 1566 1533 (res
1591 1505 1671 1532 amiri
1695 1504 1753 1539 ejus
1772 1502 1847 1529 omnia

1076 1555 1153 1590 mala}
1168 1563 1225 1590 quw
1240 1555 1262 1581 ei
1276 1555 1426 1580 acciderunt
1448 1553 1480 1579 “.
1503 1551 1538 1579 Ut
1575 1552 1734 1582 audierunt,
1763 1547 1845 1581 inquit.

1076 1602 1096 1628 A
1112 1609 1165 1636 quo
1178 1600 1337 1628 audierunt?
1350 1599 1471 1626 Primum
1493 1598 1600 1633 quidem
1613 1604 1627 1623 a
1646 1595 1846 1622 transeuntibus.

1076 1646 1142 1681 Quis
1158 1647 1228 1674 enim
1245 1651 1304 1674 erat
1315 1646 1359 1681 qui
1377 1653 1427 1672 non
1446 1644 1604 1680 praedicaret
1617 1643 1653 1678 {ea
1668 1650 1730 1676 qute
1747 1640 1794 1668 Job
1812 1646 1848 1665 ac-

1076 1691 1217 1719 ciderunt?
1235 1691 1300 1717 Puto
1316 1690 1385 1725 quod
1401 1694 1427 1716 et
1446 1689 1531 1723 ipsum
1561 1687 1670 1721 pelagus
1685 1691 1715 1713 et
1728 1693 1783 1718 aer,
1794 1690 1848 1710 ven-

1077 1743 1164 1765 torum
1182 1737 1356 1764 nihilominus
1381 1735 1540 1770 spirantium
1560 1734 1655 1766 ﬂabra,
1677 1731 1845 1760 miserabilem

1078 1785 1149 1812 illam
1167 1784 1265 1810 fatuam
1281 1788 1362 1817 atque
1379 1781 1552 1810 lamentabile
1570 1780 1634 1807 illud
1658 1779 1791 1808 nuntium,
1806 1783 1845 1812 per

1076 1837 1171 1857 omnes
1188 1829 1339 1864 provincias
1355 1827 1554 1855 ventilaveriut.
1579 1826 1666 1860 Super
1684 1824 1744 1852 hac
1767 1828 1845 1850 autem

1074 1883 1166 1903 omnes
1188 1875 1309 1902 homines
1333 1874 1378 1908 qui
1395 1874 1520 1900 viderunt
1544 1873 1613 1899 hanc
1637 1878 1691 1897 rem
1706 1875 1733 1896 et
1747 1870 1790 1904 qui
1804 1875 1845 1894 au-

1074 1923 1193 1953 dierunt,
1217 1921 1390 1948 audientibus
1414 1920 1471 1947 hmo
1495 1919 1678 1953 divulgabant,
1697 1917 1754 1944 haec
1768 1915 1845 1943 nomi-

1074 1969 1184 2000 nabant,
1200 1968 1232 1995 de
1250 1968 1291 1994 his
1305 1967 1523 1999 sciscitabantur,
1536 1966 1568 1992 de
1586 1965 1628 1992 his
1643 1963 1845 1998 interrogabant,

1074 2018 1100 2041 et
1113 2014 1139 2041 in
1155 2014 1233 2044 vicis,
1254 2018 1280 2040 et
1297 2013 1323 2039 in
1343 2012 1429 2039 triviis
1448 2016 1474 2039 et
1497 2012 1523 2037 in
1543 2010 1637 2045 plateis
1649 2009 1776 2039 civitatis,
1788 2005 1844 2034 etin

1073 2060 1222 2094 porticibus
1247 2059 1401 2091 domorum,
1427 2063 1454 2084 et
1483 2057 1528 2091 qui
1554 2057 1604 2083 iter
1624 2055 1751 2090 agebant,
1776 2057 1845 2087 atque

1073 2109 1166 2129 omnes
1179 2102 1222 2136 qui
1237 2102 1288 2129 sibi
1301 2102 1415 2128 invicem
1432 2101 1534 2135 ubique
1547 2100 1738 2131 occttrrebant,
1754 2098 1806 2125 hac
1815 2095 1843 2122 ad

1073 2148 1232 2174 alterutrum
1252 2147 1442 2182 loquebantur,
1461 2146 1547 2174 dehis
1563 2152 1591 2172 se
1610 2143 1726 2172 invicem
1744 2143 1843 2170 interro-

1072 2194 1190 2227 gabant:
1206 2193 1325 2220 maxime
1349 2193 1366 2219 ii
1392 2192 1437 2226 qui
1463 2193 1496 2219 de
1513 2190 1658 2225 longinquo
1671 2188 1810 2216 veniebant
1821 2188 1844 2212 et

1072 2240 1162 2274 aliquo
1178 2238 1429 2274 proficiscebantur,
1444 2244 1538 2265 omnes
1555 2236 1654 2272 quibus
1663 2234 1841 2264 occurrebant,

1072 2284 1105 2311 de
1130 2284 1172 2311 bis
1198 2283 1411 2318 interrogabant,
1434 2282 1555 2309 dicentes
1575 2291 1582 2308 :
1605 2280 1633 2308 Si
1658 2288 1751 2308 verum
1768 2283 1814 2309 est.
1828 2284 1842 2304 ο

1071 2330 1133 2362 viri,
1159 2329 1210 2356 boc
1235 2329 1305 2363 quod
1324 2329 1356 2356 de
1377 2327 1427 2355 Job
1452 2327 1561 2360 dicitur,
1585 2327 1607 2354 si
1630 2333 1724 2354 verum
1740 2331 1781 2352 est
1799 2325 1843 2350 hoc

1071 2376 1141 2411 quod
1157 2376 1189 2403 de
1199 2375 1272 2410 justo
1288 2374 1331 2401 illo
1347 2373 1519 2409 praedicatur,
1532 2371 1609 2406 cujus
1625 2371 1739 2406 justitiis
1752 2369 1840 2397 caelum

1071 2427 1098 2449 et
1115 2427 1186 2448 terra
1211 2425 1294 2455 atque
1318 2426 1413 2446 omnes
1439 2419 1563 2446 homines
1590 2421 1762 2448 attestantur,
1779 2413 1841 2450 quod

1072 2473 1125 2494 tam
1143 2474 1235 2494 amare
1250 2465 1368 2493 miseriis
1380 2464 1496 2492 aﬂiictus
1510 2464 1554 2496 sit,
1580 2463 1652 2498 quod
1668 2467 1721 2489 tam
1739 2462 1841 2488 misera-

1071 2513 1160 2540 biliter
1174 2519 1318 2547 percussus
1334 2511 1396 2538 sit?
1417 2510 1480 2537 llaec
1502 2514 1583 2544 atque
1608 2509 1650 2536 his
1672 2507 1769 2535 similia
1787 2511 1839 2533 cum

1070 2559 1228 2593 loquuntur,
1243 2557 1386 2584 veritatem
1405 2556 1439 2582 ab
1452 2556 1492 2583 eis
1511 2555 1545 2582 de
1559 2555 1592 2582 iis
1605 2561 1663 2589 quae
1674 2555 1839 2587 provenerant

1071 2606 1192 2637 audiuttt,
1210 2612 1290 2640 quant
1321 2605 1347 2630 in
1375 2603 1531 2636 longinquo,
1549 2601 1574 2628 in
1590 2607 1696 2628 omnem
1714 2599 1837 2633 regionem

1071 2659 1104 2679 ac
1127 2650 1293 2686 provinciam
1319 2650 1537 2683 deportaverunt.
1567 2646 1734 2680 Quocunque
1757 2644 1837 2677 itaque

1072 2697 1252 2732 pervenerint,
1269 2703 1363 2723 omnes
1378 2695 1501 2728 regiones
1520 2701 1552 2720 ac
1566 2691 1732 2728 provincias,
1753 2688 1837 2716 civita-

1069 2748 1111 2771 tes
1121 2749 1227 2777 quoque
1241 2747 1321 2776 atque
1340 2740 1463 2772 castella,
1475 2737 1624 2767 miserabili
1643 2737 1694 2764 hoc
1715 2734 1803 2764 nuntio
1812 2735 1836 2759 ei
