1909 3080
67 169 111 197 597
600 164 792 193 ΔΝΟΝἸΜυΞ
812 163 844 192 ΙΝ
861 163 931 192 JOB.
953 179 986 184 —
1004 164 1068 192 LIB.
1088 164 1130 193 ΙΙΙ.

1621 164 1673 192 498

67 223 222 252 lamentabili
239 223 308 250 fama
327 223 510 258 repleverunt.
536 223 687 250 Audiernnt
706 230 772 257 ergo
786 227 840 249 tres
854 224 877 253 Α
891 222 1012 249 omnium
1025 222 1140 249 Iiliorum
1153 228 1264 249 suorum
1275 217 1475 249 lamentabilem
1483 221 1673 254 perditionem,

67 270 163 299 sodales
181 270 222 295 vel
244 269 322 296 amici
335 269 394 304 ejtts
414 269 464 296 hoc
484 269 554 304 quod
569 268 624 302 jaut
641 268 766 296 omnibus
780 274 838 308 erat

66 321 159 345 certum
175 321 257 349 atque
278 316 426 350 cognitum,
450 316 595 342 audierunt
609 315 690 342 etiam
705 315 760 341 isti.
773 313 839 341 Nam

67 361 127 389 nihil
152 363 191 386 est
220 360 255 386 ita
286 359 473 394 pnedicabile,
503 360 574 387 sicut
603 359 692 395 magni
723 359 840 386 hominis

67 407 144 434 ruina.
160 405 225 433 Cum
239 407 309 432 enim
326 405 439 440 quilibet
459 414 491 432 ex
508 405 657 432 humilibus
672 405 705 432 ad
721 405 840 432 sublimi-

67 458 138 480 tatem
156 452 319 486 pervenerit,
341 459 394 478 tton
415 452 451 478 ita
472 452 571 486 ubique
587 452 647 486 ejus
672 451 776 478 auditio
798 451 838 483 lit,

66 499 126 526 sicut
143 506 201 525 eum
227 498 287 532 quis
312 505 345 525 ex
367 497 529 526 sublimibus
560 497 718 525 humiliatus
747 496 838 529 fuerit,

64 545 126 573 sicut
138 552 197 571 cunt
218 545 278 579 quis
295 552 409 580 magnus
426 545 573 577 interierit,
592 544 755 580 quantocius
775 551 840 571 ven-

66 595 144 617 torum
167 589 262 616 [lahris
288 589 358 616 fama
383 588 441 622 ejus
466 597 574 617 onmem
602 589 739 625 regionem
757 594 839 624 atque

67 643 163 664 omnem
181 635 302 662 auditum
326 639 460 668 penetrat.
482 634 554 670 Ergo
574 636 636 670 quia
663 636 697 662 ita
717 636 839 670 provenit

64 681 170 715 dejusto
182 680 245 712 Job,
265 680 381 715 ideoque
401 688 463 706 cum
485 688 579 708 omnes
603 686 630 708 et
653 681 698 714 qui
712 688 795 715 prope
811 684 839 708 et

64 728 102 763 qui
123 727 198 760 longe
223 731 303 753 erant
330 726 479 757 audissent.
504 727 649 754 audierunt
675 727 757 754 etiam
782 731 838 754 tres

64 774 131 801 amici
147 774 204 807 ejus
225 772 318 799 omnia
341 773 409 800 mala
426 781 485 808 quae
507 773 531 800 ei
550 773 717 800 acciderunt.
741 771 836 799 Volue-

63 825 116 846 runt
133 820 253 846 nonnulli
280 819 372 846 dicere
397 820 467 854 quod
489 819 625 846 darmones
649 819 690 845 eis
706 818 838 852 praedica-

63 866 154 896 verint,
176 866 247 898 quod
267 865 358 893 nullus
385 873 418 892 ex
446 865 613 900 sapientibus
641 865 747 899 recipit.
776 864 836 891 Bla-

893 274 952 302 qute
969 268 1020 294 sub
1035 275 1089 294 uno
1111 267 1163 294 ictu
1181 267 1302 294 omnium
1319 266 1389 294 facta
1406 271 1447 294 est
1465 267 1583 301 pariter?
1602 265 1671 299 Quo-

891 313 970 340 modo
985 314 1120 340 sustineat
1140 313 1178 339 rei
1200 312 1343 340 familiaris
1367 313 1564 346 przecedentetn
1586 312 1675 347 jactu-

891 359 966 385 ratn?
980 357 1120 391 Quomodo
1137 358 1272 384 sustineat
1296 357 1444 383 terribilem
1465 362 1545 390 atque
1558 357 1674 383 saevissi-

891 412 960 431 mam
969 404 1089 438 corporis
1100 403 1224 438 pingant?
1236 403 1287 430 Pro
1299 403 1351 435 Itis,
1368 403 1645 436 inquiunt,ontnibus,
1658 411 1675 429 ο

890 451 951 481 viri.
961 449 1062 484 justum
1077 455 1118 476 est
1131 448 1267 476 civnsolari
1283 449 1498 475 consolationem
1514 456 1565 475 nou
1577 448 1675 476 baben-

890 500 954 528 tem,
968 495 1019 522 ttisi
1036 495 1122 522 solam
1139 495 1165 522 in
1180 495 1234 522 Deo
1245 502 1321 528 spem
1335 493 1491 521 habentem.
1505 494 1566 521 llaec
1585 495 1674 529 itaque

890 542 1013 568 uttiversa
1034 541 1067 567 ad
1086 541 1203 568 inviretn
1225 540 1383 575 loquentes,
1404 540 1460 566 sive
1481 548 1528 574 per
1554 540 1672 573 nuntios,

889 587 946 614 sive
956 594 1004 622 per
1012 587 1175 621 scripturam
1188 587 1250 613 boui
1258 586 1297 613 illi
1307 594 1338 613 ac
1349 585 1467 620 religiosi
1482 586 1530 612 viri
1543 591 1674 613 venerunt

889 632 968 660 simul
981 633 1013 659 ad
1029 639 1090 660 eum
1111 632 1295 666 unusquisque
1313 631 1346 658 de
1371 631 1478 658 civitate
1495 638 1541 657 sua
1552 651 1559 663 ,
1572 636 1602 657 nt
1613 638 1674 657 eon-

889 677 1043 705 solarentur
1056 684 1084 704 et
1098 677 1240 704 visitareut
1261 676 1347 703 illttnt.
1372 676 1405 709 Ο,
1424 676 1557 711 inquiunt,
1576 675 1617 703 ille
1627 676 1671 710 qui

890 725 916 751 in
933 724 1059 751 omnibus
1075 724 1189 757 justitiis
1204 723 1392 751 testintoniuut
1413 723 1520 753 ltahttit,
1544 728 1672 757 tanquam

889 777 959 797 unus
978 770 1137 805 specialiter
1153 778 1185 797 ex
1201 769 1312 804 injustis
1329 770 1451 804 punitur.
1471 769 1516 795 llle
1533 770 1593 806 sine
1607 776 1672 803 qne-

890 816 944 843 rela
961 824 1062 847 verus,
1079 807 1245 848 misericors,
1275 820 1401 849 tanquam
1428 822 1497 841 unus
1524 822 1557 840 ex
1583 814 1673 848 impiis

890 869 1034 897 percussus
1049 861 1189 897 allligitur.
1212 861 1258 888 Ille
1272 862 1317 896 qui
1334 866 1395 889 erat
1412 860 1458 888 Dei
1479 861 1579 893 cultor,
1591 865 1672 895 atque

63 910 180 944 spbemia:
193 911 267 937 enim
284 919 375 938 sermo
386 917 429 938 est
446 911 500 938 hic.
518 910 583 937 Nam
600 910 636 937 illi
653 898 705 937 viri
717 911 763 937 Dei
779 911 837 937 cul-
853 898 874 927 Β
890 908 1005 935 ﬁliorum
1034 916 1145 935 suorum
1171 907 1305 935 sollicitus
1327 908 1402 935 circa
1427 908 1509 935 Dettm
1531 907 1672 939 sacerdos,

65 960 127 984 tores
148 956 267 991 fuerunt,
289 963 381 993 utpote
395 957 445 986 Job
473 958 579 985 sodales
598 963 678 993 atque
691 959 782 990 amici,
800 959 836 993 pii

65 1011 92 1030 ac
110 1003 161 1030 Dco
174 1005 326 1032 credentes.
344 1005 401 1032 Non
415 1006 488 1032 enim
508 1005 714 1039 amplexabatur
728 1003 779 1033 Job
794 1005 837 1039 ju—

66 1054 124 1082 stus,
140 1048 255 1084 injustos
271 1051 312 1077 vel
343 1051 440 1086 impios
466 1051 540 1078 viros
556 1051 658 1077 amicos
674 1058 705 1077 ac
729 1050 834 1078 sodales

65 1099 160 1128 habere.
174 1099 280 1127 Idcirco
293 1100 329 1126 ita
345 1100 527 1135 percipiamus
547 1107 597 1127 nos
609 1099 654 1134 qui
666 1099 748 1126 Deum
760 1099 837 1126 time-

64 1152 124 1176 mus,
139 1145 206 1180 qttod
229 1146 316 1172 sancti
339 1145 427 1180 angeli
453 1146 486 1172 ad
499 1153 546 1172 eos
570 1146 718 1178 venientes,
735 1145 793 1172 sive
809 1145 834 1172 in

63 1197 154 1223 somno,
167 1191 260 1218 sivein
270 1191 381 1226 vigiliis,
400 1191 599 1218 admonuerunt
610 1198 656 1218 eos
671 1195 700 1218 ul
711 1191 837 1218 celeriter

63 1237 185 1268 venirent,
211 1241 238 1263 et
263 1237 363 1272 justum
384 1236 458 1264 illum
478 1236 595 1263 atnicum
617 1237 833 1264 consolarentur.

63 1273 329 1309 Venientibtisautem
346 1282 397 1309 illis
409 1282 481 1315 illuc,
496 1286 524 1308 ut
535 1281 664 1316 putabant
677 1281 837 1317 insipienter

64 1335 88 1355 sc
103 1336 147 1363 pro
163 1329 217 1355 Deo
238 1333 324 1359 stare,
350 1328 459 1354 inventa
481 1328 626 1355 occasione
652 1326 836 1362 nequissimus

65 1374 158 1402 daemon
178 1376 210 1401 ad
234 1374 429 1409 blasphemiam
442 1374 507 1407 justi
537 1373 589 1401 Job
614 1373 675 1401 illos
689 1375 834 1402 convertit.

63 1417 119 1445 Nam
133 1419 199 1446 sicut
215 1426 329 1446 uxorem
342 1418 415 1453 ejus,
428 1418 532 1454 pridem
549 1426 611 1445 cttnt
623 1424 695 1446 esset
711 1419 835 1454 religiosa

63 1465 274 1502 atqne_omnibus
289 1464 403 1498 justitiis
424 1465 448 1491 ei
468 1465 652 1497 consentiens,
667 1465 694 1492 in
709 1465 836 1500 blasphe-

64 1503 134 1536 miam
147 1510 310 1541 itntnutavit,
322 1509 362 1536 sic
374 1513 402 1537 et
414 1514 580 1537 memoratos
590 1510 675 1537 viros.
689 1509 727 1537 De
737 1510 835 1545 quibus

64 1555 120 1582 dicit
130 1556 187 1583 istic
203 1563 211 1582 :
224 1556 368 1582 Audientes
380 1561 432 1582 tres
447 1555 525 1582 amici
533 1555 590 1590 ejus
601 1556 688 1582 omnia
699 1564 756 1590 quae
766 1557 836 1582 acci-

64 1601 142 1627 derant
156 1601 188 1634 ei,
213 1601 327 1628 ﬁliorum
355 1601 504 1632 interitum,
536 1601 573 1628 rei
588 1601 730 1629 familiaris
742 1602 832 1636 perdi-

66 1647 162 1678 tionem,
181 1647 306 1682 corporis
325 1646 509 1680 putredinem,
529 1647 664 1674 vermium
686 1648 834 1675 comestio-

65 1699 125 1723 nent,
141 1693 289 1719 liberorum
309 1693 428 1727 iniquam
440 1693 687 1727 consumptionem,
710 1701 763 1721 non
776 1701 834 1721 me-

67 1735 191 1770 diocriter,
215 1738 265 1764 sed
287 1737 434 1764 miserabili
460 1742 542 1771 atque
559 1737 726 1765 lamentabili
744 1738 833 1769 modo,

66 1786 89 1807 ut
104 1783 222 1816 superius
245 1784 462 1810 demonstratum
481 1787 533 1814 est.
547 1783 756 1812 condoluerunt.
772 1784 836 1811 Haec

65 1827 144 1862 itaque
157 1829 280 1856 universa
296 1829 439 1856 audientes
456 1833 512 1855 tres
532 1828 638 1856 sodales
659 1829 729 1864 ejus,
745 1830 835 1856 obstu-

64 1877 178 1906 puerunt,
200 1878 227 1900 et
249 1874 403 1912 putatisne,
420 1873 593 1908 inquientes,
608 1874 679 1901 unde
698 1874 755 1902 haec
771 1875 833 1902 uni-

64 1923 132 1944 versa
150 1919 346 1946 obvenerunt?
370 1919 405 1946 Et
423 1925 512 1946 utrunt
534 1920 569 1946 sit
582 1919 660 1946 nobis
674 1920 795 1954 gravius,
818 1928 835 1947 o

63 1962 119 1994 viri,
138 1964 247 1992 hoccine
269 1965 341 2000 quod
361 1966 465 1992 amicus
485 1969 578 1992 noster
603 1965 673 1993 tales
691 1966 835 2000 pertulerit

64 2009 186 2042 miserias,
208 2019 241 2037 an
264 2012 337 2045 quod
358 2011 463 2038 Domini
487 2012 591 2038 anticus
614 2011 676 2038 talia
703 2013 835 2040 sustineat

65 2054 134 2087 mala,
148 2055 473 2090 eujusjustillcationibus
485 2065 517 2084 ac
528 2057 722 2085 misericordiis
735 2058 833 2086 malum

65 2104 87 2126 et
100 2105 165 2128 terra
185 2103 373 2130 attestantur?
392 2103 453 2131 llaec
470 2104 575 2132 scilicet
595 2103 720 2131 universa
737 2109 765 2130 ut
786 2112 834 2130 au-

65 2144 169 2179 dierunt,
186 2152 268 2182 atque
285 2148 341 2175 haec
356 2149 388 2175 ad
401 2149 517 2176 invicem
537 2149 600 2177 boni
621 2149 658 2177 illi
676 2150 782 2177 sodales
799 2150 835 2176 lo-

65 2191 110 2217 culi
123 2197 198 2220 sunt:
215 2193 348 2220 Venerunt
363 2196 450 2221 statim
461 2196 539 2222 simul
552 2197 586 2222 ad
601 2204 659 2223 eum
671 2202 698 2223 ut
711 2199 831 2224 consola-

66 2241 144 2264 rentur
154 2246 212 2266 eum
223 2245 247 2266 et
261 2241 396 2267 uisitareut
415 2241 491 2268 illum
504 2241 536 2268 ³¹,
551 2242 572 2268 Α
589 2242 734 2276 prioribus,
746 2243 834 2276 aiunt,

65 2283 174 2314 patribus
199 2286 300 2313 nostris
321 2286 484 2319 audivimus,
499 2294 516 2313 ο
538 2287 598 2318 viri,
612 2288 683 2322 quod
704 2289 834 2322 antiquus

66 2326 102 2354 ille
123 2329 202 2357 frater
225 2331 268 2358 avi
297 2332 382 2359 nostri
410 2332 478 2359 Esau
501 2332 583 2360 Jaeob
605 2334 745 2360 duodecim
767 2334 836 2361 ﬁlios

68 2371 189 2408 habuerit,
210 2382 235 2403 et
257 2377 338 2404 ﬂltam
355 2385 434 2404 unam
450 2385 458 2405 :
477 2386 536 2405 cum
551 2386 634 2406 unum
650 2387 681 2406 ex
697 2381 834 2411 omnibus.

67 2422 91 2443 ut
103 2421 217 2454 putabat,
236 2422 408 2456 perdidisset,
425 2428 528 2450 tantum
547 2423 621 2450 illutn
647 2431 729 2450 uttunt
755 2425 834 2456 luxit,

67 2468 90 2490 el
107 2473 195 2494 omnes
220 2467 268 2494 lilii
291 2467 348 2502 ejus
365 2474 392 2495 et
410 2469 473 2496 (ilia:
494 2469 586 2504 proeul
611 2469 693 2496 dubio
713 2475 740 2496 et
756 2470 833 2497 ntulti

67 2509 169 2538 aliorum
185 2513 336 2540 anticorum
352 2515 547 2542 convenientes
570 2519 682 2549 propter
701 2523 783 2542 uuuut
804 2515 835 2542 li-

71 2553 125 2583 lium
138 2558 268 2586 consolati
282 2564 345 2586 sunt
358 2567 420 2587 eunt
434 2569 441 2586 :
459 2565 487 2587 et
503 2560 590 2587 noluit
604 2561 738 2588 consolari
751 2561 834 2588 etiam

69 2600 180 2630 incolumi
193 2611 221 2630 re
234 2604 373 2637 familiari,
382 2610 410 2632 et
419 2607 526 2633 creteris
535 2606 661 2634 ontnibus
683 2607 835 2634 vivetttibns

69 2651 137 2681 atque
151 2650 267 2678 sanitate
285 2653 407 2686 corporis
428 2657 607 2686 permanente
621 2661 628 2679 :
645 2657 671 2679 et
685 2661 746 2679 cnttt
763 2653 834 2679 nulla

69 2698 105 2718 res
123 2699 192 2722 esset
216 2696 268 2722 alia
293 2704 353 2731 quae
378 2705 439 2724 eum
466 2698 649 2728 coutristarct,
677 2706 728 2724 tton
749 2700 837 2732 potuit
857 2715 859 2717 ›

70 2735 210 2764 exltilarari.
235 2738 263 2765 Si
281 2744 369 2766 autem
395 2739 439 2766 ille
470 2739 549 2767 Iacob
577 2739 612 2765 ita
636 2740 754 2773 graviter
774 2740 835 2766 tulit

72 2780 140 2809 unius
157 2782 202 2810 lilii
220 2783 449 2818 desperationem,
475 2785 609 2819 quomodo
632 2785 764 2812 sustineat
789 2784 836 2812 Job

102 2871 120 2888 "
135 2873 180 2902 Job
194 2882 222 2902 tt.

889 959 1019 987 tattquaut
1053 962 1124 981 ttnus
1154 961 1187 980 ex
1219 953 1326 987 injustis
1353 958 1506 987 torquetur.
1542 951 1672 979 Venerunt

887 1000 966 1027 simul
982 1000 1016 1026 ad
1035 1007 1105 1026 eum.
1132 999 1295 1032 Quomodo?
1315 999 1476 1026 Statuerunt
1497 1003 1614 1032 tempus,
1631 998 1672 1024 di-

887 1045 973 1073 mensi
988 1050 1050 1072 sttttt
1071 1045 1153 1072 diem.
1179 1045 1318 1078 Quomodo
1327 1044 1407 1072 simul
1420 1045 1520 1078 pariter
1529 1049 1670 1076 venerunt,

887 1095 914 1118 et
930 1099 982 1117 non
996 1091 1181 1125 unusquisque
1197 1098 1210 1117 a
1228 1099 1266 1124 se,
1284 1098 1371 1126 neque
1387 1098 1434 1125 per
1456 1098 1484 1117 se
1499 1091 1586 1125 ipsum
1600 1090 1611 1117 ?
1623 1090 1669 1117 Dei

887 1135 1055 1171 providentia
1085 1141 1166 1170 atque
1192 1135 1239 1162 Dei
1265 1136 1423 1170 operatione
1445 1135 1481 1162 ita
1512 1136 1671 1170 disponente

887 1186 968 1215 atque
983 1181 1152 1215 providente,
1167 1186 1195 1207 ut
1216 1188 1268 1216 non
1284 1181 1383 1216 singuli
1399 1186 1459 1215 post
1477 1187 1583 1216 tempus
1596 1183 1670 1209 veni-

887 1232 948 1254 rent
960 1227 994 1253 ad
1008 1231 1126 1261 tempus,
1153 1226 1200 1254 sed
1222 1235 1316 1254 omnes
1335 1228 1441 1259 statim,
1456 1234 1551 1254 omnes
1566 1227 1670 1262 pariter

887 1279 940 1299 uno
961 1277 1095 1305 tempore,
1111 1279 1164 1298 uno
1176 1272 1230 1303 die,
1248 1280 1299 1299 una
1313 1272 1390 1304 ltora,
1410 1277 1502 1307 utpote
1517 1267 1669 1306 unanimes,

887 1319 978 1350 utpote
994 1323 1075 1342 uttutn
1097 1317 1257 1347 sentientes.
1279 1321 1369 1351 utpote
1386 1317 1544 1344 concordes.
1560 1317 1670 1344 Sic've-

887 1365 985 1388 nerttttt
995 1362 1027 1388 ad
1040 1369 1099 1388 eum
1117 1362 1197 1388 simul
1218 1362 1318 1394 subito,
1341 1367 1465 1397 tanquaut
1485 1371 1567 1389 uttuut
1583 1362 1669 1390 Deum

886 1408 1022 1438 colentes,
1049 1411 1178 1442 tattquattt
1201 1406 1325 1434 Creatori
1348 1408 1509 1440 servientes,
1535 1413 1664 1442 tanquam
1700 1419 1703 1422 ν

886 1460 968 1480 unuut
983 1452 1033 1480 Job
1058 1453 1212 1488 plenissime
1235 1453 1388 1487 diligentes.
1416 1452 1463 1480 Sic
1481 1454 1571 1488 itaque
1588 1460 1669 1480 vene-

886 1504 948 1525 ruttt
978 1499 1079 1533 pariter
1110 1499 1143 1525 ad
1178 1498 1271 1525 Deum.
1293 1497 1370 1525 Unde
1400 1503 1490 1525 autent
1512 1498 1669 1525 venerunt?

886 1543 944 1572 Non
959 1552 993 1572 ex
1006 1552 1058 1572 una
1073 1544 1185 1571 civitate
1198 1551 1285 1578 neque
1300 1551 1354 1571 uno
1367 1544 1437 1577 loco,
1455 1551 1543 1578 neque
1554 1552 1586 1571 ex
1605 1552 1668 1579 pro-

887 1589 988 1622 vincia,
1005 1589 1047 1617 vel
1064 1590 1183 1624 regione,
1210 1597 1244 1616 ex
1261 1596 1311 1616 suo
1331 1589 1507 1616 nihilominus
1527 1597 1609 1623 regno
1624 1598 1670 1617 vc-

889 1641 991 1664 neruttt
1001 1635 1084 1662 simul
1094 1636 1128 1662 ad
1141 1643 1213 1664 euttt.
1226 1635 1292 1662 Cum
1302 1635 1427 1662 omnibus
1438 1636 1509 1662 enittt
1519 1635 1668 1667 miraculis.

887 1686 929 1709 est
944 1682 1025 1708 etiam
1043 1681 1095 1708 hoc
1110 1681 1206 1716 ingens
1223 1680 1397 1712 miraculum,
1416 1685 1446 1707 ut
1459 1687 1520 1707 cum
1536 1681 1571 1707 ita
1589 1679 1668 1715 longe

887 1735 918 1755 ac
938 1728 990 1754 late
1004 1726 1038 1754 ab
1054 1727 1169 1753 invicem
1185 1732 1358 1754 morarentur
1371 1745 1378 1757 ,
1398 1726 1500 1760 pariter
1511 1726 1544 1752 ad
1559 1726 1667 1753 beatum

886 1773 936 1801 Job
952 1774 1089 1805 venirent,
1109 1773 1296 1807 unusquisque
1316 1780 1349 1799 ex
1366 1780 1415 1800 sua
1436 1772 1547 1799 civitate
1566 1772 1594 1798 iu
1613 1779 1666 1806 qua

887 1820 1054 1851 morabatur,
1075 1819 1102 1846 itt
1121 1827 1174 1853 qtta
1191 1819 1332 1854 regnabat,
1355 1819 1381 1846 in
1399 1826 1452 1854 qua
1468 1818 1667 1846 dominabatur.

887 1865 1080 1900 Unusquisque
1099 1872 1164 1898 ergo
1180 1872 1214 1892 ex
1236 1872 1284 1892 sua
1302 1865 1412 1892 civitate
1438 1865 1531 1897 venit,
1555 1864 1605 1892 hoc
1627 1870 1669 1892 est

885 1919 918 1939 ex
932 1911 1042 1938 civitate
1059 1911 1132 1945 regni
1145 1910 1197 1937 sui.
1210 1910 1242 1937 Et
1254 1911 1288 1937 ob
1302 1917 1384 1945 quam
1398 1916 1454 1937 rem
1467 1909 1616 1937 venerunt?
1628 1909 1668 1936 Ad

886 1957 1081 1984 consolandum
1095 1961 1177 1991 atque
1189 1957 1356 1984 visitandum
1368 1955 1454 1983 illum.
1476 1955 1509 1982 Et
1525 1963 1589 1982 vere
1602 1957 1666 1990 quia

886 2003 936 2037 ipsi
951 2003 1060 2037 quidem
1080 2002 1114 2029 ob
1133 2002 1184 2029 hoc
1203 2006 1337 2029 venerunt
1357 2006 1387 2028 ut
1406 2001 1613 2029 consolarentur
1637 2005 1668 2028 ac

885 2048 1028 2076 visitarcnt
1051 2048 1125 2075 illum
1143 2056 1150 2074 :
1175 2048 1222 2075 sed
1241 2048 1426 2082 nequissimus
1444 2047 1566 2074 diabolus
1582 2046 1668 2074 bono-

886 2101 946 2120 rutn
961 2101 993 2120 ac
1003 2093 1137 2128 justoruut
1156 2093 1285 2121 mimicus
1302 2094 1364 2120 odio
1377 2093 1479 2120 habens
1493 2092 1583 2119 omnia
1606 2100 1668 2127 quae

886 2140 973 2175 dihgtt
987 2142 1128 2171 Donttnus,
1138 2145 1249 2175 accepta
1264 2139 1408 2167 occasione
1422 2146 1474 2173 qua
1489 2140 1570 2166 Deuttt
1581 2137 1667 2165 oll‘en-

886 2185 983 2212 derant
996 2189 1077 2219 atque
1102 2184 1147 2213 Dei
1159 2185 1305 2219 justitiam,
1320 2189 1348 2212 et
1362 2184 1412 2212 Job
1426 2186 1460 2213 de
1481 2185 1622 2220 injustitiis
1641 2190 1669 2212 et

851 2236 872 2263 ι)
887 2232 1007 2266 peccatis
1018 2238 1188 2264 accusarent,
1208 2237 1312 2259 tatttum
1329 2231 1390 2259 illos
1414 2231 1565 2259 intmutavit
1588 2236 1669 2265 atque

886 2279 1026 2313 pervertit,
1043 2285 1074 2306 ut
1087 2279 1203 2314 amplius
1223 2279 1396 2306 exulceraret
1410 2286 1458 2306 cor
1477 2277 1527 2305 Job
1546 2285 1593 2312 per
1612 2277 1669 2304 haec

885 2332 944 2360 quae
957 2325 1039 2352 locuti
1056 2331 1128 2357 sunt,
1145 2333 1225 2360 quam
1241 2333 1288 2360 per
1299 2332 1393 2352 omnes
1409 2325 1517 2352 dolores
1529 2332 1595 2358 quos
1611 2323 1668 2358 pri-

885 2371 946 2397 dem
962 2371 1085 2398 exercuit
1099 2372 1216 2403 incum.
1241 2371 1306 2399 Nam
1331 2371 1396 2405 quid
1416 2375 1489 2398 esset
1511 2369 1669 2397 castissimus

885 2415 981 2442 animae
991 2414 1042 2443 Job
1052 2415 1190 2443 crudelius
1204 2424 1285 2451 quant
1301 2421 1330 2443 ut
1343 2417 1377 2444 ab
1391 2416 1489 2442 amicis
1503 2415 1537 2442 de
1550 2413 1669 2449 peccatis

887 2461 982 2488 luisset
1006 2462 1165 2489 criminatus
1188 2469 1250 2489 cum
1271 2461 1383 2488 minime
1406 2461 1574 2496 deliquisset,
1593 2459 1669 2486 etde

888 2507 1071 2541 impietatibus
1092 2508 1282 2541 reprehensus,
1296 2508 1341 2542 qui
1354 2512 1414 2534 erat
1429 2507 1463 2534 ab
1473 2507 1600 2534 omnibus
1612 2507 1664 2533 int-

889 2553 1035 2588 pietatibus
1048 2553 1162 2583 ahenus,
1176 2558 1202 2579 et
1215 2553 1285 2588 quod
1296 2560 1346 2588 pro
1360 2552 1479 2586 peccatis
1495 2552 1670 2579 sustinuisset

888 2608 982 2628 omnes
1005 2600 1123 2632 dolores,
1146 2606 1173 2627 et
1192 2601 1263 2635 quod
1287 2607 1335 2634 pro
1355 2599 1485 2633 injustitia
1508 2598 1670 2625 obvenerittt

889 2647 927 2674 illi
952 2647 1009 2674 haec
1035 2647 1161 2673 universa
1187 2646 1277 2673 mala?
1302 2645 1379 2679 Quod
1401 2649 1488 2672 autem
1509 2644 1541 2671 ad
1566 2648 1668 2670 tantum

890 2692 1086 2726 blasphetniatn
1103 2694 1235 2718 adversus
1253 2691 1304 2719 Job
1324 2691 1496 2725 pervenerint
1511 2690 1555 2716 isti
1569 2689 1631 2721 viri,
1643 2693 1670 2716 et

890 2747 941 2765 Il0ll
958 2738 1107 2770 timuerint,
1126 2737 1225 2764 diaboli
1247 2737 1331 2763 livore
1349 2741 1429 2770 atque
1453 2735 1510 2762 zelo
1532 2735 1669 2766 succensi,

870 2790 873 2794 '
889 2792 921 2811 cx
938 2784 1053 2818 propriis
1073 2791 1164 2811 coruttt
1175 2782 1344 2810 sermonibus
1368 2781 1671 2816 comprobatur,quem«
