1909 3080
255 152 308 182 499

799 153 988 182 ANONYMUS
1008 153 1036 181 ll‘

1089 153 1129 181 )B.
1150 168 1183 173 —
1203 153 1265 181 LIB.
1286 153 1329 181 lll.
1815 156 1855 185 500

257 216 401 244 admodum
428 215 520 243 dicunt
543 215 758 250 blasphemautes
787 220 869 250 atque
893 216 1039 243 detrahen-
1054 217 1078 245 Α
1092 213 1219 242 arbitrati
1233 219 1295 241 sunt
1313 219 1340 241 et
1359 215 1410 241 hoc
1422 214 1551 242 dixerunt
1563 214 1600 241 illi
1615 214 1676 245 viri.
1690 214 1752 249 quia
1765 221 1818 242 eum
1830 216 1856 242 sit

258 267 298 290 tes
331 262 366 289 illi
391 270 398 288 :
421 261 460 288 'l‘u
481 262 542 296 quis
569 262 621 289 es?
651 262 713 296 quia
742 261 826 294 dicis,
851 269 903 289 non
933 261 1040 297 peccavi

258 308 347 335 factis.
365 307 441 340 Quod
460 307 482 334 si
503 315 556 334 non
576 308 730 342 peccasti,o
748 307 809 341 Job,
822 314 958 335 memento
978 308 1040 342 quia

258 360 336 380 nemo
349 352 441 388 justus
452 353 543 387 periit,
556 357 603 380 aut
620 353 728 388 quando
741 353 788 381 Dei
809 361 903 381 servus
916 354 1040 381 eradica-

257 399 349 426 bilur?
363 399 413 426 hoc
435 405 477 426 est
491 399 560 427 sicut
576 405 615 428 tu.
633 399 734 427 Deinde
746 407 808 427 cum
824 400 925 435 ingenti
942 401 1040 435 impro-

257 444 332 478 perio
345 449 373 471 et
391 445 575 480 increpatione
590 450 671 480 atque
682 446 805 474 convicio
819 455 825 474 :
838 445 988 481 Quousque
999 447 1039 473 lo-

256 491 348 524 queris
359 491 472 525 spiritus
485 492 660 526 multiloquax
677 499 726 519 ore
742 492 807 520 tuo?
825 492 952 528 Nunquid
971 492 1040 520 Deus

258 534 356 567 injuste
371 535 485 568 judicat,
507 536 557 562 hoc
571 541 613 563 est
627 536 698 563 sicut
717 542 742 564 te
756 538 936 571 peccantem?
951 538 1003 565 Aut
1017 538 1040 565 is

257 579 302 614 qui
317 581 409 607 omnia
429 582 544 614 creavit,
569 582 739 616 perturbavit
756 583 892 617 justitiam
906 584 918 611 ?
931 584 986 611 lloc
997 590 1039 611 est

258 625 280 652 si
293 625 319 652 in
338 631 363 654 te
376 631 448 654 esset
459 626 575 661 justitia,
589 635 643 655 non
657 629 748 663 utique
764 630 935 664 perturbaret
949 629 1039 662 justus

255 669 339 706 judex
350 671 479 706 judicium
494 679 576 708 atque
591 674 671 700 vitam
699 680 782 702 tuam.
803 675 871 702 Nam
888 683 949 710 spes
963 676 1038 710 impii

259 718 356 752 peribit
372 719 441 745 sicut
458 724 485 746 et
504 724 560 752 tua,
577 721 639 754 quia
658 721 757 755 impius
780 729 829 749 es:
854 721 1038 749 inhabitabilis

258 766 347 788 autem
362 763 414 789 crit
425 770 485 797 quae
495 765 544 791 sub
557 765 624 791 coelo
635 770 675 792 est
688 766 793 799 domus,
810 766 861 793 hoc
874 771 917 794 est
927 767 997 793 sicut
1012 772 1039 794 et

257 811 319 833 tua:
336 807 441 842 aliaque
454 809 594 837 innumera
609 810 652 837 his
668 812 791 845 graviora
804 817 884 846 atque
903 813 1037 840 amariora

255 853 475 887 blasphemantes
498 856 530 882 de
549 855 625 890 justo
647 857 693 884 illo
718 858 802 884 locuti
826 863 898 885 sunt.
925 859 1037 892 Propter

1088 261 1178 295 justus
1196 261 1266 288 Deus
1280 268 1312 287 ac
1323 260 1421 293 bonus,
1433 259 1515 294 justis
1528 265 1609 295 atque
1622 260 1805 288 innocentibus
1814 269 1855 288 non

1092 307 1190 342 ingerit
1207 306 1286 333 mala.
1312 306 1388 340 Quod
1409 307 1431 334 si
1455 306 1646 334 innocentibus
1668 307 1738 333 mala
1761 307 1855 342 ingerit,

1091 353 1228 388 quomodo
1254 353 1342 380 bonus
1367 352 1410 380 vel
1435 352 1526 386 justus
1554 353 1787 387 comprobabitur,
1808 360 1855 380 cum

1092 397 1246 432 bujusmodi
1264 398 1333 424 mala
1355 396 1406 425 Job
1418 398 1561 432 ingesserit
1580 397 1673 432 justo?
1688 397 1806 430 Oportet,
1826 399 1857 424 in—

1091 445 1198 478 quitmt,
1216 447 1266 470 aut
1287 441 1336 469 Job
1352 448 1461 478 propter
1478 441 1636 476 injustitiam
1654 449 1765 477 passutn
1779 442 1857 473 fuisse,

1091 494 1220 516 autcerte
1232 489 1301 515 Deus
1313 487 1413 523 injuste
1424 488 1494 514 mala
1509 487 1533 514 ei
1549 487 1683 522 irrogasse
1704 488 1856 522 reperiatur:

1090 535 1199 563 autJob
1219 543 1267 570 pro
1283 536 1401 569 peccatis
1423 535 1505 561 fuisse
1529 541 1648 568 passum,
1663 539 1711 561 aut
1731 534 1808 562 Deum
1825 535 1857 560 in-

1087 581 1159 617 juste
1177 583 1201 609 ei
1220 581 1289 608 mala
1306 581 1462 616 ingessisse.
1474 581 1549 608 llanc
1563 581 1668 608 scilicet
1682 581 1857 615 cogitationem

1093 629 1191 656 malam
1210 633 1291 662 atque
1316 628 1438 654 illicitam
1457 628 1483 654 in
1510 628 1568 655 istis
1592 628 1658 655 viris
1681 628 1749 655 oriri
1774 627 1858 654 iaciens

1090 674 1227 706 diabolus,
1244 673 1385 701 succendit
1400 681 1447 700 cor
1462 681 1557 700 eorum
1574 673 1607 700 ad
1627 681 1737 700 omnem
1762 674 1821 700 iram
1839 679 1857 700 et

1090 720 1304 755 indignationem
1323 719 1466 746 adversum
1491 719 1560 752 Job,
1585 726 1647 746 cum
1669 719 1790 746 studeret
1806 727 1857 746 con-

1090 763 1200 790 firmare.
1220 764 1291 798 quod
1306 763 1475 797 Deusjustus
1494 763 1584 797 fuerit,
1609 763 1659 792 Job
1678 772 1744 791 vero
1761 763 1857 798 iniustus

1089 813 1116 836 et
1132 809 1230 843 impius
1255 814 1338 843 atque
1363 815 1502 843 peccator.
1526 811 1662 837 Adversus
1677 811 1750 845 quod
1771 811 1858 837 fortiter

1089 860 1164 882 stans
1181 854 1232 882 Job
1245 862 1296 882 non
1310 855 1434 890 permisit
1450 862 1479 882 se
1499 856 1593 882 audire
1609 856 1771 890 vaniloquos
1787 856 1856 882 illas:

255 900 326 934 quod
354 905 382 927 et
407 900 512 928 duriter
539 902 564 929 in
589 904 737 932 novissimo
757 912 772 931 ει
798 904 852 932 Deo
877 891 1035 939 reprehensi
1052 891 1073 919 Β
1090 900 1195 928 diabolo
1211 907 1370 933 succenses,
1387 901 1433 928 sed
1446 906 1474 928 et
1490 901 1588 928 bonum
1603 901 1687 928 Deum
1706 902 1857 933 ostendit.et

254 949 327 978 sunt,
353 951 447 980 utpote
471 946 516 981 qui
540 948 606 975 nihil
631 949 757 977 veritatis
780 950 863 977 locuti
887 950 987 978 fut-rint
1005 953 1038 980 de

254 989 313 1017 Job.
330 990 376 1018 Sic
393 992 483 1026 itaque
499 1000 558 1019 cum
580 994 693 1022 visitare
714 1001 796 1031 atque
817 997 951 1024 consulari
976 1005 1038 1025 eum

255 1035 400 1068 venissent,
419 1037 452 1064 ad
475 1037 644 1066 inimicitiam
667 1042 793 1069 conversi
811 1047 884 1075 sunt,
899 1043 931 1070 ad
945 1044 1038 1070 crimi-

254 1081 391 1109 nationem
418 1087 445 1110 et
469 1084 502 1110 ad
521 1085 783 1120 reprehensionem,
806 1088 839 1115 ad
865 1088 1036 1117 maledictum

253 1134 360 1163 quoque
378 1133 459 1163 atque
480 1130 688 1165 blasphemiam.
704 1132 849 1169 Postquam
867 1142 930 1162 vero
946 1137 1037 1163 omnia

254 1175 368 1201 tentavit
395 1174 578 1209 nequissimus
603 1178 787 1212 adversarius,
816 1180 898 1207 etiam
925 1181 959 1208 ad
987 1183 1037 1210 hoc

251 1221 386 1255 pervenit,
404 1225 433 1247 ut
454 1221 556 1249 amicos
576 1223 602 1250 in
623 1224 747 1252 inimicos
763 1232 942 1260 converteret,
956 1233 1037 1263 atque

253 1266 374 1295 sinceros
392 1269 497 1296 sodales
510 1270 680 1299 adversarios
695 1271 815 1299 eliiceret
830 1292 837 1304 ,
862 1274 961 1302 callide
982 1280 1036 1302 tra-

253 1316 330 1341 ctans
341 1315 410 1348 apud
424 1316 610 1351 semetipsum,
630 1325 661 1344 ac
674 1318 766 1346 dicens
777 1328 784 1346 ι
794 1318 821 1346 Si
837 1327 886 1354 per
899 1328 929 1348 os
945 1322 1037 1349 uxoris

253 1366 314 1386 eum
329 1362 460 1389 seducere
475 1370 527 1390 non
544 1364 628 1395 valui,
645 1372 675 1392 os
691 1366 841 1393 amicorum
859 1367 893 1394 ad
916 1367 1035 1395 inimici-

254 1406 317 1432 tiam
331 1413 550 1439 permutatorum
566 1410 717 1444 perficiam,
735 1411 851 1444 irritem,
863 1420 1035 1448 exaggerem,

252 1453 424 1484 cxacerbem,
448 1454 631 1487 succendam,
649 1459 676 1482 ut
700 1462 779 1489 supra
798 1457 909 1484 modum
931 1457 1036 1484 inﬂam-

253 1500 344 1523 matus
355 1502 436 1532 atque
449 1503 640 1533 exaggeratus,
655 1499 688 1525 ad
704 1498 750 1527 Dei
764 1500 959 1534 blasphemiam
969 1511 1035 1530 cou-

252 1547 384 1569 t'ertatur.
407 1543 508 1571 Novem
534 1545 727 1579 responsiones
748 1545 920 1581 blasphemiae
942 1548 1035 1584 plenas

253 1588 385 1616 adversus
401 1589 452 1617 Job
468 1598 515 1617 eos
528 1590 619 1618 dicere
644 1592 788 1627 compulit,
815 1601 1036 1629 unumquemque

252 1640 346 1661 eorum
365 1638 429 1661 tres.
453 1635 506 1662 Sed
534 1636 631 1664 beatus
652 1637 703 1665 Job
726 1639 881 1666 nullatenus
905 1645 967 1667 ante
990 1648 1036 1668 eos

255 1680 398 1712 titubavit,
427 1681 474 1708 sed
508 1681 620 1709 totidem
652 1685 890 1718 responsionibus,
915 1686 1037 1720 quinitno

253 1725 343 1760 potius
357 1726 479 1760 pluribus
499 1735 530 1754 ac
555 1728 704 1762 majoribus
715 1730 840 1758 omnibus
855 1731 908 1759 illis
921 1740 1035 1766 respon-

252 1771 329 1804 deus,
349 1777 377 1799 et
395 1773 439 1799 Dci
459 1772 593 1806 juStitiam
619 1782 648 1802 ac
669 1776 818 1804 bonitatem
839 1778 1035 1813 manifestavit,

251 1822 276 1845 ct
294 1825 387 1845 eorum
406 1818 531 1853 injustam
548 1821 732 1849 causationem
755 1823 906 1851 confutavit
924 1832 972 1859 per
983 1826 1034 1852 alia

252 1863 360 1898 quidem
371 1864 497 1898 plurima,
510 1873 612 1892 necnon
627 1871 654 1894 et
669 1875 717 1902 per
726 1875 757 1894 ea
767 1876 828 1903 qua:
842 1869 867 1896 in
884 1869 954 1898 facie
971 1871 1036 1898 dicit

254 1909 286 1936 ad
302 1916 349 1936 eos
364 1920 370 1937 z
389 1910 444 1938 Vos
458 1912 525 1939 estis
542 1911 639 1939 medici
658 1912 762 1947 iujusti,
780 1920 807 1941 et
821 1920 964 1943 sanatorcs
977 1924 1037 1949 pes-

254 1956 316 1984 simi
341 1958 443 1984 cuucti.
459 1957 525 1991 Quia
543 1965 604 1985 cum
620 1966 716 1986 curare
733 1959 841 1987 dolores
858 1960 915 1995 ejus
929 1967 955 1988 et
970 1969 1035 1989 con-

255 2002 336 2030 solari
352 2004 469 2030 animam
485 2006 544 2037 ejus
557 2005 707 2038 venissent,
728 2005 754 2031 in
779 2006 988 2034 amaritudinem
1004 2015 1036 2033 ac

255 2048 385 2076 malitiam
401 2049 474 2077 circa
490 2050 538 2078 Joh
552 2051 678 2077 conversi
697 2055 768 2078 sunt.
787 2051 884 2079 Merito
903 2059 968 2087 ergo
991 2053 1036 2080 in-

252 2093 340 2128 justos
367 2095 486 2123 medicos
517 2095 588 2130 iuste
615 2103 662 2123 eos
691 2096 820 2131 appellat.
845 2097 887 2130 Si,
914 2097 1034 2133 inquam,

252 2145 387 2167 venerunt
404 2141 437 2168 ad
457 2149 519 2169 eum
536 2146 565 2169 ut
578 2142 783 2169 consolarentur
796 2148 877 2178 atque
891 2144 1036 2173 visitarent

253 2186 384 2224 illum,illi
398 2194 447 2214 suo
455 2188 594 2222 proposito
602 2187 637 2214 ob
647 2187 699 2215 hoc
714 2194 855 2221 venerunt,
868 2190 914 2218 sed
926 2191 1034 2226 nequis-

1089 953 1119 973 se
1136 946 1240 980 absque
1254 945 1330 980 culpa
1358 946 1483 974 universa
1506 946 1562 973 haec
1587 947 1642 981 pati
1667 945 1856 974 demonstravit.

1088 991 1146 1018 Non
1164 992 1236 1018 enim
1253 991 1326 1019 Deus
1339 991 1376 1018 illi
1392 992 1448 1018 inec
1464 991 1535 1018 mala
1555 992 1680 1026 ingessit,
1705 992 1753 1019 sed
1775 992 1856 1018 diaboli

1090 1037 1166 1065 zelus
1177 1042 1204 1065 et
1220 1037 1288 1064 livor
1310 1041 1391 1072 atque
1409 1037 1524 1064 invidia.
1541 1037 1636 1072 Neque
1649 1036 1702 1065 Job
1717 1044 1766 1072 pro
1777 1045 1856 1072 pecca-

1090 1083 1124 1110 tis
1145 1083 1272 1111 sustinuit
1290 1084 1380 1110 omnia
1403 1091 1463 1118 qua:
1486 1083 1626 1114 sustinuit,
1651 1083 1702 1110 sed
1729 1083 1789 1117 quia
1808 1090 1856 1109 cum

1089 1129 1273 1164 essetjusms,
1294 1128 1417 1156 diabolus
1444 1128 1480 1155 illi
1494 1128 1602 1160 invidit,
1618 1128 1692 1156 sicut
1708 1133 1734 1155 cl
1752 1127 1857 1155 omnibus

1086 1175 1166 1210 justis
1183 1175 1295 1208 invidet,
1308 1179 1335 1202 et
1348 1175 1536 1202 tribulatioues
1550 1174 1682 1202 adversus
1699 1182 1747 1201 eos
1763 1174 1856 1201 excitat.

1090 1220 1178 1247 Multa:
1190 1220 1381 1248 tribulationes
1398 1228 1451 1248 non
1471 1220 1647 1254 injustorum,
1665 1220 1715 1248 sed
1727 1220 1857 1255 justornm.

1090 1268 1178 1294 Testis
1196 1275 1261 1303 ergo
1273 1267 1388 1301 justitiaa
1407 1266 1458 1294 Job
1475 1267 1533 1302 ipse
1557 1267 1628 1295 Deus
1649 1267 1810 1298 ostenditur,
1828 1267 1856 1294 di-

1087 1322 1151 1341 cens
1167 1323 1174 1341 :
1193 1313 1298 1346 Justus,
1315 1321 1410 1346 verax,
1428 1313 1473 1341 Dei
1493 1314 1592 1340 cultor.
1612 1313 1692 1347 Quod
1712 1318 1799 1340 autem
1812 1313 1856 1339 dia-

1090 1360 1143 1386 boli
1163 1359 1247 1387 fuerit
1263 1359 1321 1387 hsce
1343 1359 1518 1386 inflammatio
1541 1364 1622 1392 atque
1643 1359 1820 1393 perturbatio,
1838 1363 1857 1384 ut

1087 1413 1121 1433 ex
1135 1407 1177 1433 his
1193 1414 1253 1440 qua}
1272 1413 1344 1434 nunc
1357 1406 1426 1433 fiunt
1441 1404 1561 1440 apparet.
1579 1405 1749 1440 Frequenter
1760 1412 1857 1438 namque

1087 1453 1168 1480 etiam
1189 1460 1261 1479 nunc
1276 1452 1355 1482 ,idem
1381 1452 1438 1486 ipse
1464 1451 1587 1478 diabolus
1606 1452 1752 1478 unanimes
1769 1450 1856 1478 sodales

1087 1500 1258 1532 commiscet,
1276 1504 1359 1534 atque
1374 1499 1519 1526 conturbat
1541 1506 1589 1533 per
1609 1498 1762 1532 quamlibet
1786 1497 1857 1524 modi-

1087 1554 1146 1573 cam
1159 1547 1302 1580 ratiouem,
1312 1550 1340 1573 et
1350 1547 1383 1573 ad
1393 1546 1550 1573 immensam
1565 1545 1735 1572 inimicitiam
1745 1545 1856 1571 adversus

1090 1593 1205 1620 invicem
1228 1593 1362 1625 imtnutat,
1390 1593 1425 1619 ila
1443 1598 1471 1619 ut
1487 1592 1636 1620 eliiciautur
1656 1592 1711 1618 sibi
1728 1600 1759 1618 ex
1779 1590 1857 1618 atuicls

1088 1638 1203 1671 inimici,
1219 1647 1252 1666 ex
1267 1639 1383 1666 sinceris
1398 1639 1522 1666 crudeles
1534 1639 1697 1665 adversarii.
1717 1637 1779 1665 unc
1795 1644 1856 1664 nam-

1088 1691 1141 1719 que
1166 1689 1208 1712 est
1224 1685 1346 1719 operatio
1369 1684 1490 1719 maligni.
1511 1684 1587 1711 Beati
1607 1685 1652 1719 qui
1678 1683 1857 1711 declinaverittt

1089 1734 1116 1757 et
1127 1730 1277 1757 restiterim
1290 1729 1433 1757 calliditati
1444 1735 1527 1764 atque
1539 1730 1664 1757 versutiaa
1681 1730 1752 1763 ejus,
1767 1736 1796 1756 ac
1810 1736 1856 1755 ma.

1088 1776 1194 1804 ledictis
1207 1776 1379 1804 suasionibus
1387 1776 1456 1812 ejus.
1469 1777 1531 1804 Post
1547 1784 1606 1811 quae
1622 1776 1752 1802 unitersa
1767 1775 1798 1802 ad
1808 1782 1857 1808 pro-

1087 1822 1203 1856 posittuu
1239 1827 1417 1850 revertamur.
1445 1822 1575 1856 Videntes,
1609 1823 1709 1856 inquit,
1736 1821 1806 1847 illum
1832 1820 1856 1845 de

1088 1869 1174 1902 longe.
1190 1868 1264 1901 Qui?
1278 1868 1347 1896 Tres
1360 1869 1467 1896 sodales
1489 1876 1560 1903 ejus,
1585 1869 1703 1896 necdum
1719 1869 1803 1896 adhuc
1819 1867 1857 1892 im-

1088 1916 1184 1942 mutati
1202 1923 1251 1942 nec
1266 1916 1446 1950 pravaricati,
1468 1917 1515 1943 sed
1538 1923 1599 1942 cum
1625 1922 1721 1942 essent
1747 1914 1802 1949 puri
1825 1913 1857 1938 vi-

1088 1960 1182 1988 dentes
1194 1968 1256 1988 eum
1269 1961 1303 1988 de
1313 1961 1402 1997 longe.
1423 1961 1460 1989 De
1471 1961 1550 1996 longe
1562 1961 1634 1988 enim
1652 1963 1824 1994 respexerunt
1837 1962 1857 1983 et

1088 2006 1263 2041 contemplati
1279 2013 1436 2042 suntatque
1463 2008 1592 2034 viderunt
1616 2014 1690 2033 eunt.
1717 2006 1782 2033 Nam
1806 2011 1854 2031 mox

1088 2053 1216 2087 utipsam
1228 2053 1367 2080 civitatem
1376 2054 1515 2085 viderunt,
1536 2061 1598 2080 mox
1624 2053 1797 2079 nihilominus
1815 2050 1856 2076 sic-

1087 2099 1131 2126 ubi
1147 2100 1234 2133 ipsum
1247 2099 1369 2126 viderent
1386 2099 1549 2126 ambierunt.
1562 2098 1659 2125 Totum
1685 2104 1798 2132 namque
1820 2101 1856 2121 cer

1086 2151 1179 2171 eorum
1194 2143 1289 2171 dolore
1300 2148 1381 2178 atque
1395 2145 1518 2179 angustia
1531 2143 1640 2178 plenum
1655 2143 1796 2177 pendebat,
1810 2140 1856 2166 ubi-

1088 2197 1150 2217 nam
1172 2189 1222 2217 Job
1248 2190 1466 2224 conquiesceret.
1495 2189 1590 2217 Meritc
1604 2189 1636 2216 tie
1652 2189 1733 2224 longe
1749 2187 1856 2214 viderunt

251 2231 337 2258 simus
353 2231 478 2259 inimicus
488 2233 869 2268 malignusqueadversarius,
882 2242 1035 2270 percuncta
1052 2232 1073 2259 D
1088 2243 1162 2267 eum.
1182 2235 1244 2270 quia
1271 2236 1305 2263 de
1319 2236 1398 2271 longe
1419 2236 1572 2269 cogitabant
1599 2235 1632 2262 de
1656 2242 1706 2267 eo,
1733 2238 1808 2267 atque
1830 2232 1856 2257 de

254 2278 403 2311 permansit
429 2278 558 2307 inimicus
586 2286 666 2315 atque
683 2288 731 2316 per
747 2282 837 2309 omnia
849 2290 896 2310 sua
915 2285 1037 2312 exercuit

254 2324 330 2357 odia,
346 2329 374 2351 et
389 2332 439 2359 per
450 2333 561 2353 uxorem
578 2333 606 2354 et
620 2335 667 2362 per
685 2328 789 2356 amicos
809 2334 837 2356 et
852 2337 899 2364 per
915 2330 1034 2358 sodales.

254 2369 398 2404 Propterea
412 2371 575 2399 visitationis
588 2377 668 2407 atque
684 2374 878 2402 consolationis
893 2377 1035 2410 adventus,

254 2417 335 2444 totius
360 2417 475 2444 tristitiae
500 2425 531 2444 ac
561 2419 706 2452 maeroris,
734 2420 892 2449 beatissimo
917 2421 968 2449 Job
995 2427 1037 2450 est.

254 2463 350 2490 factus.
379 2463 442 2490 Post
455 2471 515 2498 quae
529 2464 654 2492 universa
677 2466 762 2494 dicit:
795 2467 918 2495 Vidanlcs
947 2474 1034 2496 autem

250 2507 325 2534 illum
340 2509 372 2535 de
385 2508 469 2543 longe,
486 2517 538 2536 non
552 2517 710 2544 agnoverunt
730 2513 760 2540 ".
777 2512 830 2539 Sed
846 2519 908 2540 ante
931 2515 967 2541 ita
986 2523 1034 2549 per

251 2561 351 2588 paucos
374 2562 514 2583 sermones
544 2556 724 2591 inquiramus,
749 2558 783 2586 ob
799 2567 880 2593 quam
902 2568 958 2588 rem
981 2566 1034 2588 tam

250 2601 357 2628 duriter
377 2602 451 2629 circa
468 2601 530 2634 Job,
550 2603 593 2630 vel
619 2604 708 2638 potius
731 2605 863 2632 adversus
876 2604 926 2633 Job
944 2607 1035 2633 insur-

253 2652 390 2675 rexerunt.
417 2648 497 2681 Audi,
514 2648 585 2676 mala
599 2648 725 2683 opinione
746 2650 870 2677 succensi
887 2658 914 2677 et
930 2651 1036 2685 injuste

251 2693 411 2721 annillantes
437 2695 532 2728 Deum,
561 2699 590 2721 ut
615 2695 665 2729 ipsi
686 2696 828 2729 putabant,
853 2697 924 2730 quod
951 2698 1033 2725 Deum

253 2740 445 2766 aemularentur
459 2745 539 2774 atque
556 2740 746 2772 defenderent,
763 2742 895 2769 obcmcati
916 2748 979 2770 sunt
1000 2745 1034 2772 ab

252 2783 371 2816 inimico,
387 2791 416 2811 ut
428 2785 529 2818 judicia
544 2786 589 2814 Dei
605 2795 657 2814 non
669 2786 851 2821 inquirerent.
866 2788 921 2817 lloc
933 2790 1034 2818 scilicet

288 2883 309 2897 "
336 2883 428 2916 John.
448 2885 487 2912 l2.

1090 2282 1171 2316 longe
1183 2287 1261 2309 erant
1276 2281 1384 2309 solliciti
1399 2289 1448 2318 pro
1468 2281 1523 2308 illo.
1538 2281 1642 2308 ldcirco
1654 2281 1687 2307 de
1707 2281 1784 2314 longe
1802 2284 1855 2304 con-

1089 2333 1237 2363 spexerunt
1246 2335 1318 2355 eum.
1329 2327 1397 2358 Nam
1410 2328 1513 2354 amicus
1529 2327 1645 2354 amicum
1657 2334 1735 2353 suum
1751 2325 1781 2352 de
1792 2324 1856 2356 longe

1089 2375 1176 2406 videt,
1191 2375 1248 2402 sive
1259 2374 1380 2409 corporis
1389 2374 1504 2406 visione,
1519 2374 1577 2400 sive
1591 2372 1689 2399 anima:
1704 2370 1856 2400 sinceritate.

1089 2429 1152 2448 cum
1173 2428 1277 2448 memor
1295 2425 1337 2448 est
1355 2421 1414 2455 ejus
1427 2420 1453 2447 in
1471 2420 1549 2447 donis
1560 2423 1588 2446 et
1605 2419 1774 2449 muneribus,
1789 2421 1856 2450 atque

1090 2466 1117 2492 in
1135 2473 1190 2492 suae
1209 2466 1302 2500 gratiae
1316 2465 1491 2500 perfectione.
1510 2463 1637 2491 Videntes
1654 2464 1728 2490 illum
1740 2462 1854 2495 delonge.

1091 2512 1160 2540 Ubi?
1178 2513 1265 2546 Super
1280 2520 1404 2538 acervum
1419 2511 1559 2545 stercoris,
1578 2518 1659 2544 super
1682 2515 1816 2537 muranam
1835 2506 1854 2531 ill

1089 2559 1133 2585 via
1158 2559 1276 2592 publica.
1306 2558 1434 2585 Videntes
1459 2565 1520 2584 eum
1545 2557 1579 2584 de
1592 2557 1670 2592 longe
1697 2555 1789 2590 repleti
1804 2555 1853 2580 sunl

1088 2604 1182 2631 dolore
1201 2609 1228 2631 et
1244 2604 1344 2638 gemitu
1359 2608 1386 2630 et
1400 2603 1508 2637 planctu
1523 2610 1631 2637 quoque
1647 2608 1729 2636 atque
1741 2602 1852 2628 lamenta-

1090 2649 1173 2682 tione,
1195 2650 1264 2676 sicut
1284 2649 1399 2676 inferius
1418 2648 1660 2676 detnonstrabitur.
1682 2647 1798 2676 Videam
1807 2650 1853 2671 cum

1090 2696 1122 2722 de
1133 2696 1209 2730 longe
1227 2704 1276 2722 non
1294 2702 1465 2731 cognoverunt
1478 2705 1548 2723 eum.
1575 2695 1639 2722 Nam
1654 2702 1717 2722 vere
1738 2700 1787 2720 non
1806 2692 1853 2716 era|

1089 2749 1136 2776 per
1161 2743 1229 2775 quod
1251 2747 1454 2776 agnosceretur.
1488 2741 1576 2776 regale
1603 2741 1699 2768 solitttn
1727 2747 1776 2766 non
1797 2740 1852 2783 etalt

1091 2786 1213 2816 diadema
1232 2794 1284 2814 non
1300 2791 1369 2821 erat,
1385 2787 1470 2822 gloria
1489 2794 1575 2822 neque
1591 2786 1674 2814 vestis
1689 2785 1758 2820 regia
1771 2786 1796 2811 et
1810 2787 1851 2809 uu-
