1909 3080
70 149 114 180 5m

604 135 794 166 ANONYMUS
813 133 845 161 IN
865 131 934 160 JOB.
955 145 986 150 —
1005 127 1069 156 LIB.
1089 124 1134 153 ΙΙΙ.

1629 111 1681 139 502

72 207 145 234 nistri
160 205 206 240 qui
221 204 341 238 undique
353 201 555 230 circumdarent
573 206 625 226 non
646 198 764 224 fuerunt.
778 195 848 229 Ergo
861 197 884 224 Α
899 198 947 218 sua
964 189 1134 217 Ξοὶιὶίιεηειὶῑι
1150 188 1176 210 ei
1193 182 1313 209 emerem
1327 183 1410 212 imlue
1427 180 1524 202 ¹ε¹¹¹⁵³¹¹¹
1536 171 1615 206 “pm
1632 177 1681 197 ⁵¹¹⁰

1053 238 1057 240 .
1103 232 1128 240 -ιι
1150 231 1172 240 ε-
1191 226 1366 240 ..ειλιηηῑηηε
1383 222 1510 240 omni-mn
1524 227 1552 240 ιο
1569 218 1681 240 induen-

75 252 133 287 quia
150 250 216 278 nihil
238 249 344 276 illorum
371 247 397 274 in
420 253 452 273 eo
473 244 609 276 viderunt,
629 251 688 278 qua
702 243 803 277 pridem
822 240 848 266 in

74 307 104 326 eo
117 303 175 325 esse
191 295 329 327 sciebant,
345 299 406 328 quae
420 295 483 318 ante
500 291 527 317 in
542 289 588 317 illo
604 289 696 316 videre
710 287 781 315 soliti
795 286 850 313 fue-

75 348 141 375 rant,
156 341 257 369 merito
273 341 394 367 videntes
410 338 484 365 illum
497 344 549 364 non
565 338 741 370 agnoverunt.
757 333 785 359 ln
796 338 850 366 quo

77 397 134 417 eum
150 385 352 423 agnoscerent?
369 384 450 411 Coma
468 382 566 416 capitis
582 388 634 408 non
649 384 708 407 erat
727 379 762 405 ei.
782 377 849 404 Nam

78 434 186 462 tondens
201 438 308 459 comam
326 434 353 457 et
365 427 473 456 diabolo
500 434 559 454 eam
581 426 698 460 jactans,
716 428 788 450 terra
802 429 849 449 ca-

76 486 119 516 put
136 486 213 506 suum
235 476 359 511 replevit.
382 475 410 502 ln
434 480 488 508 quo
512 470 709 508 agnoscerent?
732 471 759 496 In
783 467 851 495 facie

75 532 148 560 atque
164 524 257 551 vultus
269 521 372 558 gloria?
387 520 445 547 Non
462 524 522 548 erat
539 525 589 545 nec
611 518 680 552 ipsa.
706 516 773 543 Nam
799 522 850 549 pu-

76 571 145 598 tredo
172 569 272 596 faciem
305 567 533 594 exlerminaverat
558 569 586 592 et
612 569 718 590 vermes
750 561 851 587 vultum

77 617 290 644 itnmutaverant.
304 613 357 640 Pro
372 612 414 639 his
426 618 490 646 ergo
505 609 631 637 omnibus
643 608 764 635 videntes
777 605 851 633 illum

75 669 122 688 non
136 663 314 695 agnoverunt.
328 658 436 685 Vultum
450 665 501 683 nun
515 658 700 690 agnoverunt,
720 652 767 679 sed
787 659 853 679 con-

75 706 211 734 scientiam
232 709 413 740 agnoverunt.
428 701 535 729 Faciem
548 709 600 728 non
616 701 793 734 agnoverunt,
807 697 853 723 sed

76 751 254 780 sinceritatem
270 753 450 784 agnoverunt.
464 748 530 774 Nam
545 754 605 773 cum
619 746 654 772 ita
670 742 852 772 miserabilem

76 805 149 833 atque
175 795 381 824 lamentabilem
409 794 483 821 illum
501 792 649 822 viderunt,
682 795 771 824 neque
789 795 854 815 con-

77 847 242 879 tempserunt
257 848 345 876 neque
357 843 528 875 spreverunt,
552 837 600 865 sed
622 837 781 863 immensam
795 835 852 861 sin-

80 890 215 917 ceritatem
231 887 424 916 ostendernut,
437 883 508 910 sicut
527 881 640 908 inferius
654 876 854 906 demonstrabi-

77 940 126 962 tur.
153 934 211 962 Non
239 932 313 961 enitn
333 934 412 958 erant
437 928 504 956 tales
524 927 595 954 beati
619 925 657 952 illi
681 924 742 956 viri,
760 922 854 958 quales

78 988 142 1008 nunc
157 979 285 1015 profecto
301 980 363 1005 sunt
377 974 502 1002 homines
516 971 652 1004 malevoli,
668 969 767 1005 ingrati
780 975 787 995 :
810 967 854 1002 qui

79 1034 134 1054 cum
149 1027 218 1053 bene
230 1027 275 1052 est
289 1023 411 1054 cuilibet,
432 1026 487 1047 tum
512 1019 548 1046 illi
572 1017 655 1045 amici
681 1022 744 1044 sttnt
757 1019 784 1042 et
798 1015 855 1042 sin-

79 1072 128 1100 ceri
143 1076 223 1106 atque
241 1070 303 1105 puri
317 1075 378 1096 esse
395 1066 534 1093 videntur.
555 1064 622 1092 Cum
641 1063 754 1091 cuilibet
772 1060 857 1088 tribu-

79 1118 136 1145 latio
148 1116 302 1148 advenerit,
320 1120 385 1141 tunc
402 1112 527 1140 videlicet
542 1111 580 1138 illi
596 1109 740 1137 discedunt
761 1111 788 1134 et
811 1105 857 1133 de-

79 1164 199 1198 spiciunt,
229 1161 441 1193 obliviscuntur,
460 1158 670 1193 derelinquunt,
694 1153 857 1181 oblivionem

79 1215 154 1245 atque
182 1208 444 1244 ingratificationern
470 1205 592 1233 omnium
622 1202 742 1237 priorum
766 1203 859 1227 osten-

81 1257 179 1283 dentes.
197 1254 251 1281 Sed
279 1253 342 1281 olim
366 1252 491 1280 homines
513 1258 566 1278 non
591 1249 698 1276 fuerunt
714 1245 791 1278 tales,
811 1245 858 1272 sed

82 1302 277 1332 sinceritatem,
289 1305 372 1334 atque
389 1297 562 1325 dilectionem
577 1293 767 1322 custodierunt
783 1291 858 1318 circa

83 1355 109 1374 se
119 1355 148 1374 ac
160 1354 209 1381 pro
225 1353 255 1373 se
273 1345 389 1372 invicem
406 1350 492 1377 usque
508 1341 541 1369 ad
558 1344 685 1370 mortem,
710 1338 781 1365 sicut
804 1336 860 1364 eri-

83 1394 172 1420 denter
181 1391 303 1419 ostendit
316 1390 362 1417 ille
376 1389 421 1424 qui
440 1388 496 1415 ait:
515 1386 623 1415 Sodalis
644 1385 732 1412 antica
751 1390 857 1417 compa-

84 1438 143 1464 titur
155 1445 236 1472 usque
252 1436 286 1462 ad
302 1438 412 1462 mortem
424 1453 432 1465 ,
454 1438 478 1460 et
503 1433 531 1459 in
557 1435 672 1464 tempore
690 1428 749 1456 belli
766 1427 861 1461 accipit

85 1492 154 1510 arma
169 1483 202 1511 ⁸³,
215 1481 298 1509 Tales
311 1480 420 1507 fuerunt
436 1477 473 1505 illi
489 1476 561 1505 beati
585 1476 636 1502 viri
661 1473 773 1506 sinceri,
798 1473 862 1499 abs-

85 1537 132 1564 que
151 1528 258 1556 fallacia
285 1526 336 1554 Job
361 1525 452 1556 amici,
476 1523 522 1558 qui
539 1523 572 1549 ad
598 1520 768 1548 inimicitiam
786 1517 859 1545 circa

85 1575 131 1603 Job
149 1582 291 1609 nunquam
307 1577 370 1601 sunt
383 1570 530 1602 immutati,
547 1575 634 1602 neque
649 1567 682 1594 ad
699 1567 750 1593 hoc
771 1569 800 1591 ιιι
816 1571 862 1590 re-

86 1621 238 1647 nuntiarent
255 1619 307 1651 illi,
330 1617 372 1644 vel
395 1614 613 1649 derelinquerent
635 1619 708 1642 eum,
734 1609 784 1636 nisi
815 1615 863 1642 pro

86 1667 227 1694 verborum
245 1663 442 1693 controversia,
461 1669 492 1688 ac
513 1659 680 1694 eloquiorum
698 1655 863 1686 certamine;

87 1717 111 1739 ut
124 1712 254 1747 putabant
280 1711 352 1745 quod
377 1708 424 1735 Dei
445 1706 579 1741 justitiam
601 1702 787 1730 defenderent.
813 1699 865 1726 Sed

88 1765 145 1785 vere
157 1757 282 1783 diabolus
293 1754 509 1782 inﬂammaverat
526 1750 606 1778 corda
617 1756 724 1780 eorum,
740 1754 792 1782 quo
810 1754 866 1772 ma-

89 1804 125 1838 gis
139 1802 186 1830 Job
199 1801 354 1829 molestiam
374 1800 538 1832 irrogarent,
555 1803 610 1831 quo
632 1794 717 1829 magis
737 1792 867 1826 multipli-

89 1850 171 1877 ciores
195 1847 362 1876 tentationes
387 1845 460 1879 justo
485 1843 521 1870 illi
549 1843 713 1877 ingererent.
736 1838 866 1870 Videmes,

90 1895 180 1929 inquit,
193 1902 254 1922 eum
271 1901 323 1920 non
339 1894 507 1927 agnoverunt.
532 1888 622 1915 Talem
651 1885 738 1920 qualis
764 1883 868 1919 pridem

90 1942 173 1970 fuerat
203 1949 256 1968 non
285 1941 453 1974 agnoverunt
474 1935 578 1962 :talem
606 1939 669 1960 vero
693 1930 781 1964 qualis
806 1933 869 1955 tunc

91 1987 191 2019 fuisset,
219 1988 411 2022 agnoverunt,
438 1980 631 2012 miserabilem,
658 1974 868 2005 latnentabilem,

92 2033 234 2064 infelicem,
257 2031 337 2061 malis
356 2029 482 2058 omnibus
495 2025 634 2054 refertum.
653 2023 757 2050 idcirco
772 2019 870 2054 singuli

92 2079 242 2106 sciudentes
261 2077 424 2104 vestimenta
446 2079 512 2105 sua,
538 2076 566 2098 et
592 2071 747 2104 spargentes
771 2070 871 2092 terram

92 2132 168 2159 super
192 2124 281 2158 capita
307 2129 354 2149 sua
366 2141 373 2153 ,
392 2118 552 2146 assederunt
564 2115 601 2142 illi
619 2118 722 2146 septem
737 2110 833 2137 diebus
845 2114 872 2135 et

93 2176 191 2205 septem
203 2168 342 2196 noctibus.
363 2164 535 2192 Admirantes
561 2160 612 2187 viri
636 2159 684 2191 illi,
711 2162 792 2192 atque
814 2161 872 2182 stu-

877 1550 897 1579 C

94 2220 182 2249 pentes
201 2214 389 2241 vehementem
415 2218 446 2236 ac
464 2206 613 2235 terribilem
637 2210 719 2238 atque
742 2202 873 2229 lamenta-
890 2223 912 2250 ι)

96 2261 170 2288 bilem
193 2260 254 2295 ejus
276 2256 504 2285 immutationem,
522 2252 682 2278 vestimenta
704 2256 751 2275 sua
768 2245 875 2274 consei-

96 2306 198 2334 det'unt.
211 2294 285 2337 Quae
310 2302 409 2333 fecisti,
425 2299 561 2334 inquiunt,
577 2305 593 2324 o
610 2295 671 2326 Job,
696 2294 819 2324 facimus,
848 2296 876 2318 et

97 2359 151 2386 quae
161 2350 269 2386 gessisti
280 2349 410 2384 gerimus,
427 2345 584 2373 vestitnenta
598 2346 688 2370 nostra
704 2339 873 2374 spargimus:

98 2398 134 2425 sic
159 2404 277 2430 namque
297 2401 324 2422 et
346 2400 373 2421 tu
398 2392 485 2420 fecisti
510 2395 574 2417 ante
595 2387 752 2424 paululum,
780 2389 808 2410 ut
835 2383 876 2409 in-

97 2443 198 2478 quiunt,
211 2441 288 2469 oJob
300 2450 307 2467 :
319 2445 346 2468 et
359 2440 461 2467 utinam
474 2442 586 2465 caeteros
598 2433 706 2461 dolores
718 2436 777 2457 tuos
789 2434 876 2456 tecum

99 2489 215 2516 dividere
241 2486 389 2523 possimus,
411 2488 515 2511 tantum
543 2485 572 2508 ut
598 2475 828 2514 apprehendentis
852 2478 878 2500 te

101 2541 182 2569 poena
204 2533 335 2561 revelatio
352 2530 408 2557 fiat.
436 2528 592 2557 Scindentes
616 2523 794 2558 unusquisque
807 2518 881 2546 vesti-

100 2587 181 2606 menta
195 2587 254 2609 sua,
263 2581 442 2611 etspargentes
453 2580 549 2602 terram
562 2579 640 2604 super
651 2569 737 2603 capita
750 2574 798 2593 sua
811 2563 880 2590 "-".

102 2624 269 2651 Consuetudo
285 2627 345 2649 erat
368 2620 493 2648 omnibus
518 2616 638 2651 antiquis
663 2614 761 2648 ubique
776 2616 804 2638 ut
817 2617 879 2637 cum

102 2678 180 2704 grave
206 2669 310 2704 aliquid
334 2671 416 2701 atque
441 2663 614 2692 lamentabile
637 2661 678 2688 vel
701 2657 879 2694 periculosum

104 2717 242 2744 audissent
267 2714 309 2741 vel
335 2712 541 2743 sustinuissent,
566 2707 695 2736 continuo
720 2704 880 2731 vestimenta

506 2809 565 2830 “-”
590 2807 640 2835 Job
664 2814 693 2837 ll,
718 2804 760 2831 12.

139 2817 161 2832 ³³
187 2816 268 2843 εἰς-(ιιι.
298 2822 400 2846 xxxvii,
428 2813 454 2840 5.
506 2813 565 2830 “-“
590 2813 640 2835 Job
664 2815 670 2832 l

140 2852 160 2868 ιο
177 2851 207 2872 tv
223 2852 286 2872 ιιρμ.
309 2857 386 2872 mn.
406 2850 435 2872 ι.
474 2847 494 2863 *ο
515 2844 574 2872 Jott.
599 2851 638 2872 ιιι.
658 2842 674 2868 ϋ

567 2864 574 2871 .
599 2862 638 2875 ιιι,
660 2862 684 2868 ν.

140 2852 160 2868 ³⁸
176 2851 207 2879 ιγ
223 2852 286 2886 ltcg.
309 2857 386 2883 svnt,
406 2850 435 2875 l.

816 2802 838 2817 ³⁸
853 2801 919 2828 Gen.

722 2841 743 2855 “
761 2838 852 2866 Matth.
880 2843 952 2866 xxvr,
970 2833 1013 2860 63.

900 238 1071 271 spargerent,
1085 231 1176 258 cilicio
1191 226 1368 255 nihilominus
1382 222 1510 250 continuo
1523 227 1552 247 se
1569 218 1682 245 induen-

902 288 951 310 tes.
966 281 1014 308 Sic
1026 276 1184 307 sciditolim
1201 273 1283 302 Jacob
1305 270 1463 298 vestimenta
1487 274 1545 297 sua,
1570 269 1598 291 et
1624 262 1682 290 cili-

901 329 971 355 cium
985 324 1112 360 imposuit
1126 320 1232 355 corpori
1252 325 1300 346 suo
1312 314 1420 351 quando
1443 312 1565 351 nuntiata
1592 313 1633 336 est
1656 307 1680 335 ei

902 371 1000 406 Joseph
1021 348 1138 397 i'nteritin
1158 366 1180 381 "
1194 373 1201 391 :
1216 368 1243 391 et
1258 368 1286 389 ut
1300 348 1333 388 de
1355 348 1561 394 qualnplurimis
1575 354 1681 383 sileam,

902 419 942 447 sic
960 417 1040 445 scidit
1064 413 1145 442 David
1163 418 1224 438 cuin
1252 405 1393 436 Sichelech
1414 404 1448 431 ab
1465 400 1620 430 Amalecitis
1638 406 1683 426 ca-

901 470 974 499 ptam
989 461 1092 489 invenit
1107 461 1142 490 ιτ,
1156 462 1183 484 et
1202 456 1302 482 iterum
1316 451 1422 487 quando
1440 448 1504 476 Saul
1518 452 1545 475 et
1559 445 1682 473 Jonatha:

902 489 1016 537 trnortem
1031 489 1178 533 audivit".
1196 501 1242 529 Sic
1266 497 1347 526 scidit
1365 494 1499 524 Ezechias
1511 491 1618 527 quando
1633 489 1683 516 mi-

903 563 951 583 nas
962 561 993 581 ac
1006 549 1190 586 blasphemias
1213 542 1400 573 Sennacherib
1419 545 1446 567 et
1465 537 1614 572 Rhapsacis
1634 543 1683 562 au-

903 601 971 628 divit
986 599 1019 631 ",
1034 598 1073 625 sic
1086 595 1166 623 scidit
1186 600 1232 619 rex
1250 589 1429 618 Ninivitarum
1447 584 1607 611 vestimenta
1623 589 1682 613 sua,

903 653 931 675 et
949 645 1037 673 cilicio
1053 651 1082 671 se
1095 641 1210 669 induens
1225 638 1251 665 in
1268 637 1359 663 cinere
1374 632 1454 663 sedit,
1469 628 1576 665 quando
1591 636 1605 654 a
1618 626 1684 654 Jona

904 693 1036 728 propheta
1059 689 1092 716 de
1112 686 1222 714 Ninives
1247 680 1425 710 subversione
1452 675 1555 703 audivit
1576 673 1610 699 ⁸ο.
1640 672 1686 699 Sic

1447 724 1453 728 -
1594 718 1668 728 μμ,

905 718 931 728 τ-
942 718 967 726 κ,

905 738 984 767 scidit
997 736 1108 763 ultitnus
1124 733 1150 759 iu
1163 731 1220 764 lege
1243 727 1396 756 Judaeorum
1415 724 1538 758 princeps
1558 718 1686 747 sacerdo-

907 790 974 816 tum,
992 789 1052 809 cum
1070 780 1198 806 adversus
1213 773 1358 801 Dominum
1372 766 1566 802 blasphemiam
1580 770 1685 798 quaere-

994 806 1033 809 __,

907 835 948 857 ret
959 828 993 860 “,
1009 834 1041 853 ex
1058 831 1111 860 quo
1121 822 1272 850 Judworum
1291 814 1479 844 sacerdotium,
1494 815 1520 837 et
1538 808 1625 836 omnis
1640 806 1687 833 .lu-

871 874 891 900 Β
907 877 1023 903 datorum
1038 871 1104 906 legis
1111 870 1180 896 ritus
1190 864 1346 894 conscissus
1360 865 1440 894 atque
1456 858 1599 885 distractus
1612 853 1688 888 peni-

907 927 950 949 tus
973 918 1088 947 interiit.
1111 915 1193 943 Juxta
1220 913 1288 939 hanc
1305 915 1369 944 ergo
1384 906 1556 940 antiquorum
1575 907 1688 928 Consue-

908 967 1028 996 tudinem
1048 963 1131 991 etiam
1146 959 1197 987 viri
1213 958 1251 985 illi
1264 956 1314 984 Job
1328 953 1407 982 amici
1422 959 1482 979 cum
1496 947 1630 976 terribiles
1638 944 1688 972 Job

907 1011 1112 1047 conspexissent
1137 1007 1245 1035 dolores
1258 1023 1267 1036 ,
1290 999 1445 1029 scindentes
1462 995 1621 1023 vestimenta
1639 997 1688 1019 sua

908 1065 935 1087 et
949 1060 1107 1093 spargentes
1123 1058 1222 1080 terram
1248 1055 1330 1083 super
1345 1045 1432 1081 capita
1451 1050 1508 1074 sua,
1529 1038 1689 1067 assederunt

909 1105 945 1132 illi
970 1084 1073 1138 sapient
1090 1099 1184 1128 diebus
1201 1102 1228 1124 et
1245 1099 1347 1129 septem
1368 1089 1503 1118 noctibus.
1523 1084 1689 1112 Assederunt

909 1151 946 1179 illi
957 1150 1028 1177 sicut
1042 1145 1138 1174 tuedici
1153 1144 1185 1171 ad
1198 1142 1343 1172 inﬁrmum,
1366 1136 1411 1165 sed
1436 1132 1558 1162 sanitatis
1571 1130 1690 1157 medica-

909 1198 981 1225 mina
1005 1192 1127 1222 invenire
1152 1197 1203 1216 non
1231 1187 1377 1222 potuerunt
1397 1185 1508 1216 rcgroto.
1525 1177 1691 1204 Assedernnt

910 1243 949 1270 illi
965 1245 1094 1275 tanquam
1109 1233 1297 1264 consolatores
1315 1227 1440 1258 dolentis,
1461 1224 1506 1251 sed
1531 1219 1691 1249 consolatio-

911 1296 971 1317 nem
986 1285 1109 1314 invenire
1120 1290 1173 1310 non
1191 1281 1338 1314 potuerunt
1354 1270 1511 1300 miserabili.
1524 1267 1692 1296 Asscderunt

910 1334 959 1362 illi.
980 1334 1013 1361 Et
1039 1331 1084 1358 ubi
1110 1323 1291 1355 assederunt?
1303 1320 1381 1348 Foris
1395 1319 1420 1345 in
1439 1323 1551 1343 murana
1569 1319 1650 1346 atque
1664 1311 1691 1337 in

911 1385 1010 1408 acervo
1039 1373 1170 1402 stercoris
1193 1376 1218 1398 et
1246 1370 1272 1396 in
1297 1364 1401 1394 strata?
1427 1362 1496 1392 Non,
1523 1357 1610 1386 absit!
1635 1354 1692 1382 Non

911 1427 983 1453 enim
999 1427 1071 1450 tanta
1095 1417 1240 1447 multitudo
1256 1416 1377 1442 dolorutn
1400 1408 1577 1437 inundaverat
1589 1403 1650 1435 Job,
1665 1405 1694 1428 ut.

913 1473 957 1499 ille
974 1471 1103 1497 honorent
1118 1465 1152 1492 ad
1176 1470 1206 1490 se
1220 1459 1384 1489 venientium
1401 1463 1452 1483 non
1475 1451 1644 1485 intelligeret,
1666 1450 1695 1473 ut

914 1514 1072 1550 dignitatem
1088 1507 1262 1545 praesentium
1285 1511 1338 1532 non
1351 1500 1547 1529 consideraret.
1569 1491 1694 1528 Quandiu

916 1568 980 1596 ergo
993 1559 1116 1586 venirent
1132 1555 1169 1582 illi
1186 1553 1246 1585 viri,
1263 1550 1306 1578 illo
1328 1554 1412 1582 usque
1434 1545 1500 1572 foris
1523 1543 1549 1569 in
1571 1545 1695 1570 murana,

918 1586 975 1596 νη.

916 1607 941 1634 in
966 1609 1051 1633 strata
1071 1601 1198 1629 omnibus
1222 1596 1362 1624 evidenter
1379 1589 1526 1619 ostendens
1540 1586 1695 1621 passionem

915 1659 1005 1683 suam,
1023 1654 1050 1676 et
1061 1647 1130 1683 quia
1148 1652 1208 1672 cum
1223 1645 1296 1669 esset
1308 1640 1398 1674 justus
1419 1635 1593 1662 vehementes
1615 1628 1698 1656 susti-

917 1696 1006 1724 nuerit
1025 1694 1142 1721 dolores.
1162 1690 1308 1722 Postquam
1325 1691 1390 1710 vero
1415 1678 1555 1708 memorati
1577 1675 1631 1703 viri
1654 1681 1699 1700 ve-

918 1746 1025 1771 nerunt,
1039 1739 1161 1767 deferens
1175 1735 1302 1762 honorem
1316 1726 1467 1758 sinceritati
1485 1730 1589 1753 eorum,
1603 1727 1631 1748 et
1648 1720 1698 1746 ho-

920 1787 1067 1815 noriticans
1091 1787 1220 1818 personas
1248 1783 1343 1804 eorum
1364 1772 1485 1801 introivit
1503 1770 1528 1796 in
1548 1767 1698 1798 civitatem,

919 1838 947 1862 et
960 1832 1030 1859 sedit
1050 1830 1076 1856 in
1091 1829 1170 1855 domo
1189 1834 1195 1851 :
1217 1829 1243 1851 et
1257 1823 1293 1850 ita
1311 1817 1482 1847 venerabiles
1497 1814 1541 1841 isti
1557 1812 1607 1840 viri
1624 1811 1699 1838 sede-

920 1882 984 1906 runt
1000 1877 1068 1912 apud
1082 1881 1143 1901 eum
1161 1875 1264 1905 septem
1291 1867 1384 1895 diebus
1402 1869 1429 1891 et
1442 1867 1544 1897 septem
1567 1858 1699 1886 noctibus.

922 1902 1095 1950 llebdoinada
1111 1902 1216 1946 dieruin
1236 1913 1259 1940 ei
1276 1912 1445 1939 assederunt,
1472 1914 1504 1934 ex
1528 1912 1581 1940 qua
1603 1902 1702 1930 hebdo-

921 1967 1000 1996 mada
1013 1971 1097 1993 totum
1109 1963 1161 1990 hoc
1172 1961 1374 1988 consummatur
1385 1952 1522 1981 srcculum.
1535 1948 1703 1976 Assederunt

922 2013 947 2040 ci
963 2016 1065 2046 septem
1080 2006 1175 2036 diebus
1189 2009 1216 2032 et
1233 2008 1333 2037 septem
1353 1998 1488 2028 noctibus,
1502 1992 1639 2023 indivulsi,
1661 1991 1704 2017 ln-

923 2039 1039 2092 scparati
1060 2058 1140 2086 atque
1158 2046 1336 2078 indissociati.
1362 2042 1530 2071 Assederuut
1551 2039 1574 2065 ei
1601 2040 1704 2071 septem

927 2101 1021 2128 diebus
1033 2104 1060 2126 et
1074 2101 1176 2131 septem
1202 2092 1337 2121 noctibus,
1366 2094 1496 2121 nusquam
1524 2083 1704 2112 discedentes,

926 2153 1058 2181 nusquam
1075 2143 1242 2172 recedentes,
1269 2143 1400 2171 nusquam
1420 2135 1589 2161 deserentes,
1617 2134 1706 2161 neque

928 2194 960 2220 ad
975 2198 1079 2222 escam,
1094 2195 1181 2222 neque
1198 2186 1231 2212 ad
1254 2189 1356 2219 potum,
1379 2185 1466 2213 neque
1482 2176 1514 2203 ad
1533 2175 1642 2204 lectum,
1661 2178 1707 2198 ne-

931 2247 983 2274 que
992 2237 1024 2264 ad
1039 2216 1112 2262 aliud
1125 2216 1306 2267 refrigerium.
1321 2227 1374 2254 Sed
1389 2223 1504 2251 forsitan
1512 2220 1577 2247 dicit
1593 2216 1706 2252 aliquis:

934 2265 948 2274 ι
1196 2265 1205 2267 ,

930 2285 963 2311 Ει
986 2279 1118 2316 quomodo
1142 2276 1326 2304 sustinuertmt
1350 2277 1403 2297 non
1430 2265 1605 2294 manducare,
1622 2267 1710 2293 neque

932 2308 1023 2356 bibere
1037 2329 1138 2359 septem
1149 2318 1262 2348 diebus?
1275 2316 1393 2343 Primum
1405 2311 1518 2347 quidem
1530 2308 1620 2334 divina
1632 2308 1711 2332 erant

933 2349 1022 2356 νων.-
1037 2349 1093 2359 ηπ

932 2374 1032 2400 virtute
1047 2366 1203 2397 confortati,
1231 2369 1284 2390 tam
1311 2367 1360 2396 pro
1377 2358 1426 2386 Job
1439 2363 1519 2390 quam
1534 2360 1581 2388 pro
1593 2359 1642 2378 sua
1653 2349 1710 2376 sin-

933 2419 1057 2446 ceritate.
1075 2415 1140 2441 Nam
1153 2410 1218 2447 justi
1240 2395 1318 2436 erant
1337 2405 1387 2431 viri
1410 2403 1454 2430 isti
1479 2405 1560 2435 atque
1579 2395 1710 2431 religiosi,

933 2445 1028 2491 merito
1041 2466 1069 2488 et
1085 2459 1133 2487 Dei
1147 2445 1280 2490 colloquio
1293 2456 1353 2487 post
1376 2451 1428 2477 hoc
1444 2447 1515 2482 digni
1533 2445 1616 2473 habiti
1638 2445 1710 2469 sunt.

934 2510 979 2537 Dei
1008 2509 1098 2541 itaque
1123 2505 1222 2531 virtute
1254 2486 1335 2534 atque
1369 2492 1537 2531 providentia
1565 2486 1713 2517 confortati

934 2555 1130 2583 sustinuerunt.
1153 2550 1216 2576 ltetn
1232 2547 1319 2573 adhuc
1337 2543 1419 2570 etiam
1444 2539 1488 2567 isti
1515 2536 1565 2563 viri
1581 2535 1659 2561 aliter
1671 2539 1714 2559 ve-

935 2606 1043 2633 nerunt,
1058 2603 1085 2626 et
1101 2598 1222 2624 videntes
1235 2592 1444 2625 obstupuerunt,
1469 2590 1496 2612 et
1517 2583 1650 2609 immenso
1664 2579 1714 2605 do«

937 2649 994 2676 lore
1011 2651 1090 2680 atque
1106 2641 1213 2669 tristitia
1226 2644 1306 2672 atque
1321 2633 1421 2671 gemitu
1439 2629 1532 2665 repleti
1551 2632 1623 2655 sunt.
1639 2625 1718 2652 Asse-

938 2671 1078 2722 deruntjci
1093 2692 1195 2723 septem
1215 2671 1310 2712 diebus
1330 2686 1357 2708 et
1382 2682 1484 2712 septem
1507 2674 1640 2704 noctibus,
1659 2671 1716 2705 ipsa

933 2805 1036 2827 xxvvlt,
1050 2794 1093 2823 54.
1149 2791 1169 2806 ³⁷
1185 2789 1195 2817 ι
1210 2789 1275 2825 Reg.
1292 2794 1355 2820 xxx,
1368 2785 1394 2812 ὦ.
1448 2784 1469 2799 ⁵⁵
1485 2782 1508 2809 il
1533 2780 1598 2815 lit-3.
1626 2785 1645 2810 I,
1673 2775 1718 2804 12.
