1909 3080
212 126 265 155 505

761 127 952 156 ANONYMUS
972 128 1004 155 IN
1023 128 1092 156 JOB.
1112 144 1145 149 —-
1165 128 1228 155 LIB.
1247 127 1291 154 ΙΙΙ,

1792 125 1841 153 5N

214 185 327 212 tristitia
342 191 423 219 atque
437 186 501 220 ipsis
513 185 652 213 doloribtts
668 187 793 217 saturati,
809 187 874 221 ipsis
886 187 998 213 vocibus
1013 189 1035 216 Α
1051 186 1079 213 Si
1095 186 1172 213 liberi
1190 185 1287 212 sublati
1302 188 1364 212 sunt
1379 183 1441 216 tibi,
1457 182 1589 216 transiges
1604 182 1638 210 de
1655 188 1684 208 re
1696 181 1841 208 tamtttari.

212 232 317 263 satiati,
345 232 410 266 ipsis
428 231 555 267 lacryutis
574 231 710 259 inebriati.
737 231 799 259 llaec
821 233 995 259 recordantes

213 282 273 311 post
284 277 338 303 hmc
350 269 448 308 sancti,
460 276 627 303 dixeruutea
643 277 745 308 verbis,
754 285 813 312 quae
824 278 862 304 illi
875 277 995 312 perfece-

213 326 274 347 rnnt
286 321 374 347 faelis.
392 319 510 346 Fuerunt
521 321 585 347 mihi
601 321 725 357 lacrymte
743 330 893 356 mewpanes
910 323 951 350 die
964 331 994 349 ac

210 369 285 392 nocte
292 364 313 380 δ’
324 373 331 397 ;
342 370 385 392 et;
400 363 504 392 Oblitus
514 373 570 392 sum
580 367 657 392 edere
666 375 750 393 meum
759 376 855 401 panem
863 376 878 394 η
885 375 944 395 voce
955 376 995 403 ge-

210 410 320 436 im'tnum
331 418 448 437 meorum
458 411 491 444 ⁸⁸,
504 417 530 438 et
541 420 548 439 :
561 412 717 439 Paluatinas
727 413 848 448 lacrynti:
857 415 884 440 in
894 423 994 441 mensu-

209 463 239 482 ra
253 455 287 483 “.
301 456 387 483 Tanta
405 463 471 491 ergo
486 457 595 484 tristitia
619 466 650 485 ac
670 459 774 490 dolore,
792 464 818 486 et
835 460 992 494 gemitibus.

207 500 332 534 suspiriis
353 507 460 534 quoque
475 505 501 528 et
530 501 667 537 lacrymis,
691 508 773 537 atque
799 502 993 530 lamentatione

210 545 303 579 repleti
321 551 383 572 sunt
408 546 459 572 viri
479 546 529 580 illi,
546 551 575 574 ut
594 547 716 574 omnium
737 549 886 575 carnalium
911 554 993 584 atque

207 591 382 626 prementium
398 592 643 625 obliviscerentur,
668 593 845 621 etalerentur
866 599 889 622 et
916 600 992 622 satu-

207 643 336 664 rareutur
356 642 384 664 et
401 638 570 672 replerentur
590 639 645 673 ipsa
664 639 773 666 tristitia
789 644 814 667 et
827 640 909 667 luctu.
924 639 990 667 Nam

206 685 278 712 sicut
295 684 345 712 Job
369 685 543 712 saturabatur
567 685 816 714 vehementioribus
838 686 990 719 doloribus,

206 731 332 757 similiter
345 731 417 758 beati
434 731 483 758 viri
507 731 543 758 illi
564 731 758 758 saturabantnr
784 733 915 759 immensa
940 733 991 759 tri-

206 775 279 802 stitia
296 781 375 811 atqne
392 776 549 804 ululatibus.
577 777 623 805 Sic
634 797 641 809 ,
656 778 754 812 inquit,
770 779 930 805 assederunt
953 779 990 805 illi

205 826 305 855 septem
318 822 414 849 diebus
429 827 455 849 et
468 828 570 858 septem
586 825 721 856 noctibus,
737 828 764 851 et
775 825 872 851 mortui
888 825 987 851 luctum

205 868 273 902 apud
292 868 423 895 viventem
438 868 489 897 .lob
513 869 705 904 impleverunt.
727 869 828 898 Luctus
857 871 929 898 enim
959 871 988 898 Iit
1005 861 1025 889 Β

204 913 301 939 mortui
320 918 422 947 septem
437 913 532 941 diebus
548 918 574 940 et
590 919 693 947 septem
715 915 851 942 noctihtts.
877 914 898 942 0
914 913 986 941 solli-

203 960 348 987 citudinem
376 960 516 988 beatorum
546 961 652 988 illorum
691 967 771 996 atque
806 962 986 994 devotionem,

202 1014 281 1040 quant
298 1007 370 1034 circa
388 1006 438 1034 Job
452 1008 621 1034 habuerunt!
637 1007 659 1035 0
671 1008 757 1034 virtus
773 1014 800 1034 et
813 1008 962 1034 constantia
977 1009 984 1034 !

200 1053 223 1080 0
253 1054 382 1088 patientia
413 1059 495 1089 atque
520 1055 603 1081 animi
636 1054 785 1081 fortitudo!
819 1054 985 1082 Commortui

200 1099 341 1133 suntjusto
359 1099 394 1126 illi
410 1099 461 1127 Job
475 1107 528 1127 non
541 1100 740 1132 manducando,
755 1107 842 1134 neque
859 1099 984 1131 bibendo,

201 1153 261 1179 quae
275 1146 401 1172 universa
423 1151 538 1173 tnortem
565 1146 730 1180 signiﬁcant.
747 1145 813 1172 Nam
839 1145 910 1172 sicut
933 1153 984 1172 non

200 1193 433 1218 manducaveruut
457 1199 547 1226 neque
574 1191 718 1224 biberunt,
746 1191 786 1219 sic
818 1199 868 1219 nec
904 1191 984 1218 locuti

200 1241 281 1268 sunt,
299 1240 326 1263 et
347 1237 419 1264 sicut
442 1244 494 1264 non
520 1241 585 1263 sunt
605 1237 687 1264 locuti
703 1242 805 1272 septem
821 1237 933 1270 diebus,
949 1237 984 1264 ita

200 1291 249 1311 nec
262 1284 492 1311 manducaverunt
507 1292 559 1312 nec
574 1284 709 1312 biberunt.
724 1285 800 1318 Quod
817 1290 906 1311 autem
930 1292 982 1312 nntt

199 1330 432 1357 manducavernnt
448 1335 550 1364 septem
571 1330 682 1361 dicbtts,
698 1330 817 1357 ostendit
840 1330 866 1356 in
889 1330 983 1357 subse—

199 1376 343 1410 quentibus
359 1376 452 1404 dicens
470 1385 476 1403 :
494 1377 655 1404 Assederunt
674 1378 698 1403 ei
720 1382 816 1411 septem
840 1377 931 1404 diebus
957 1382 981 1404 et

198 1426 293 1456 septem
309 1422 439 1453 noctibus,
456 1427 479 1448 et
501 1430 574 1448 nemo
591 1422 697 1448 illarum
712 1423 812 1448 loeutus
823 1426 861 1447 est
877 1422 911 1448 ad
924 1429 982 1448 eum

197 1467 302 1494 uerbum
315 1467 347 1494 ".
359 1467 541 1500 Quare?Quia
551 1468 674 1495 viderant
683 1467 788 1502 plagam
797 1467 855 1502 ejus
864 1467 981 1494 sanissi-

198 1521 269 1540 mam
290 1520 361 1544 esse,
389 1519 416 1540 ct
443 1521 569 1548 magnam
596 1513 682 1540 valde.
710 1513 818 1548 Septem
837 1513 931 1540 diebus
955 1518 982 1540 et

197 1563 300 1594 septem
313 1560 440 1587 noctibus
455 1567 506 1587 non
525 1559 631 1594 aperire
646 1566 687 1591 os,
704 1566 756 1586 non
770 1559 842 1593 loqui
859 1560 980 1593 verbum,

199 1613 252 1632 non
273 1605 395 1638 proferre
412 1612 581 1637 sermonem,
607 1605 696 1640 magni
726 1610 769 1632 est
793 1605 893 1632 doloris
909 1605 982 1632 indi-

197 1652 280 1678 cium.
294 1651 348 1678 Sed
361 1651 467 1678 interim
492 1651 558 1678 illud
586 1651 765 1685 impleverunt
791 1651 862 1678 beati
876 1651 913 1677 illi
929 1651 980 1677 viri

197 1704 249 1723 non
273 1697 444 1724 discedentes
456 1717 463 1730 ,
480 1705 566 1731 neque
590 1702 745 1725 avertentes
758 1697 854 1725 faciem
867 1719 875 1730 ,
894 1706 980 1733 neque

195 1742 283 1770 locum
300 1744 456 1771 dessrentes
468 1761 475 1775 ,
494 1744 541 1770 sed
562 1743 665 1778 jngiter
678 1750 884 1778 permanentes,
901 1750 981 1778 atque

195 1788 349 1816 assidentes
366 1788 402 1815 illi
423 1792 526 1823 septem
545 1789 640 1815 diebus
664 1794 691 1816 et
710 1793 811 1824 septem
841 1791 978 1823 noctibus,

194 1839 221 1861 et
247 1841 328 1862 nemo
353 1834 459 1861 illorum
484 1834 591 1862 locutus
623 1841 664 1863 est
687 1835 712 1862 ei
734 1836 857 1862 verbum.
879 1835 980 1871 Stupor

193 1878 265 1907 enim
289 1885 370 1915 atque
392 1888 476 1916 pavor
495 1886 676 1915 occupaverat
695 1881 754 1908 illos
778 1883 899 1910 videntes
916 1883 979 1909 talia

194 1925 248 1960 pati
265 1925 352 1952 virum
366 1930 489 1953 sanctum
505 1925 658 1960 acjustum,
681 1934 695 1953 a
721 1927 775 1954 Deo
795 1927 978 1954 testimonium

193 1976 382 1998 consecutum.
411 1971 521 1998 Certum
547 1976 588 1999 est
603 1972 674 2006 quod
688 1980 739 1999 oon
754 1972 840 1999 solum
858 1980 905 2007 pro
916 1973 978 2006 Job,

192 2015 238 2042 sed
253 2015 335 2042 ctiatn
351 2023 399 2050 pro
411 2023 440 2043 se
455 2017 640 2051 unusquisque
654 2025 747 2044 eorum
766 2017 897 2044 sollicitus
909 2023 976 2048 erat.

192 2067 316 2089 metuens
333 2062 397 2097 quid
412 2063 493 2089 etiam
511 2063 543 2089 de
559 2071 588 2090 se
600 2068 740 2098 gereretur
755 2084 763 2096 ,
776 2063 819 2091 vel
842 2064 906 2099 quid
931 2072 979 2091 ex-

191 2112 370 2142 spectaretur.
388 2108 454 2135 Nam
470 2108 492 2135 si
511 2109 613 2143 justum
635 2109 698 2136 talia
723 2110 975 2143 inveneruntmala,

190 2160 250 2186 nos,
276 2154 411 2188 inquiunt,
435 2155 481 2189 qui
498 2155 575 2190 longe
596 2163 688 2182 sutntts
708 2156 743 2182 ab
759 2155 836 2189 hujus
845 2155 976 2190 jnstilica-

190 2199 319 2229 tionibus.
347 2201 411 2234 quid
437 2201 662 2235 exspectabimus,
685 2202 724 2229 vel
745 2202 810 2237 quid
833 2203 977 2230 sustinebi-

193 2245 272 2271 mus?
286 2244 348 2272 Haec
365 2247 539 2274 recordantes
553 2248 653 2281 posteri
669 2248 797 2275 dixerunt
817 2257 822 2274 :
844 2248 873 2276 Si
885 2249 976 2283 justus

190 2291 233 2317 si:
245 2290 390 2317 salvabitur
400 2311 408 2323 ,
421 2297 541 2326 pereutor
560 2299 583 2320 et
595 2295 691 2329 impius
707 2294 749 2320 ubi
761 2295 919 2328 apparebunt
934 2295 977 2321 ‘5?

190 2335 324 2363 lmmensa
339 2344 404 2371 ergo
419 2337 527 2364 tristitia
544 2344 626 2374 atque
645 2339 722 2366 dolor
735 2339 836 2372 cordis,
853 2348 904 2366 non
917 2348 977 2374 per-

189 2381 265 2408 misit
280 2389 327 2408 cos
340 2383 477 2410 reminisci
494 2392 582 2418 ucqtte
597 2386 734 2417 ciborutn,
750 2392 837 2419 neque
853 2391 974 2417 potuum,

189 2434 276 2462 neque
287 2427 388 2462 aliquid
397 2429 507 2456 humani
519 2431 652 2458 recordari
663 2436 817 2466 potuerunt.
828 2431 974 2465 Propterea

183 2470 282 2507 jejuni,
295 2479 321 2500 et
336 2474 395 2500 sine
410 2480 486 2508 potu,
502 2480 529 2502 ct
544 2475 603 2502 sine
625 2484 750 2503 sermone
772 2478 932 2504 assederunt
948 2478 973 2504 ei

187 2524 290 2553 septem
328 2518 424 2547 diebus
463 2525 490 2547 et
526 2527 628 2555 septem
666 2523 801 2549 noctibus.
833 2523 973 2555 Quomodo

186 2565 298 2592 Omnino
320 2566 456 2593 reminisci
478 2572 603 2600 poterant
615 2567 730 2601 alicujus
755 2568 814 2600 rei,
828 2576 890 2595 cum
918 2574 971 2595 tam

186 2618 285 2638 seram
299 2617 380 2646 atque
391 2613 538 2640 terribilem
554 2613 678 2641 viderent
689 2614 793 2650 plagam
806 2614 973 2649 istiusjusti?

187 2657 327 2690 Quomodo
350 2659 476 2686 videlicet
503 2660 640 2688 consolari
669 2660 741 2687 illum
765 2666 907 2696 poterant,
930 2662 973 2688 vel

186 2704 251 2737 quid
268 2705 301 2730 ad
316 2713 377 2731 cum
394 2705 544 2733 dixissent?
565 2706 705 2733 Hoccine?
731 2706 759 2733 Si
781 2715 836 2733 rem
859 2707 975 2734 familia-

189 2752 244 2774 rem
260 2750 373 2776 amisisti
386 2770 392 2782 ,
422 2752 585 2785 reparabunt
605 2760 664 2779 earn
688 2753 736 2780 tibi
754 2753 813 2779 lilii.
829 2753 868 2780 An
890 2753 976 2780 illud?

224 2808 245 2823 δ’
263 2806 333 2836 Psal.
360 2816 414 2843 xta,
437 2810 459 2837 ί.
488 2812 509 2826 ⁸³
526 2812 595 2839 Psal.
621 2821 658 2844 ct,
674 2813 699 2840 5.

739 2813 761 2829 “
780 2813 849 2841 l'sal.
870 2822 960 2848 Lxxn,
976 2814 1002 2842 6.

1048 233 1100 258 Sed
1113 239 1166 258 non
1191 234 1317 266 poterant
1338 229 1395 257 haec
1409 223 1507 256 dicere.
1530 227 1626 256 Omnia
1651 227 1726 254 enim
1749 227 1841 254 subito

1048 284 1103 305 uno
1120 283 1240 311 tempore
1259 277 1431 304 interierunt.
1460 276 1500 303 An
1522 276 1574 302 hoc
1596 273 1755 301 dixissent?
1772 273 1840 299 Cor-

1046 323 1120 358 poris
1136 322 1312 350 incolumitas
1326 326 1353 348 et
1373 321 1557 349 membrorum
1582 320 1714 346 fortitudo
1727 339 1734 350 ,
1757 323 1841 352 atque

1046 369 1221 397 brachiorum
1236 369 1331 401 virtus,
1351 368 1478 403 rependet
1502 367 1550 394 tibi
1575 366 1665 394 omnia
1689 370 1775 398 atque
1798 372 1840 391 re-

1044 417 1148 443 stituet.
1174 415 1227 442 Sed
1244 415 1313 447 hoc,
1330 414 1474 448 inquittnt.
1499 413 1648 447 prasertim
1669 411 1764 438 dicere
1784 418 1838 437 non

1044 469 1200 498 possumus.
1219 461 1270 496 lpsi
1287 460 1357 487 enim
1374 460 1496 486 videmus
1509 466 1607 493 corpus
1625 458 1741 484 hutnore
1769 464 1839 484 eon-

1044 511 1194 540 snmptum,
1214 511 1241 532 et
1256 505 1345 532 omnia
1361 507 1481 532 membra
1497 509 1618 531 comesta
1632 511 1645 529 a
1659 502 1838 530 multitudine

1043 553 1187 579 vermium.
1215 552 1267 579 l’ro
1299 552 1357 579 istis
1388 559 1453 586 ergo
1478 551 1603 578 omnibus
1618 550 1777 585 quomodo,
1795 549 1838 575 itt-

1042 599 1155 633 quinnt,
1174 604 1198 626 te
1212 598 1385 625 consolemur
1407 597 1446 625 vel
1462 597 1598 631 quomodo
1612 604 1643 624 os
1660 596 1837 631 aperiamus,

1042 645 1084 670 vel
1100 645 1163 678 quid
1181 644 1303 671 dicamus
1321 652 1373 671 non
1390 644 1551 670 invenimus.
1573 643 1613 669 An
1638 643 1768 676 antiquas
1791 642 1836 668 lti-

1042 691 1140 718 storias
1163 690 1353 724 proferemus?
1377 689 1429 716 Sed
1451 697 1465 716 a
1483 680 1581 716 smculo
1600 689 1663 715 talia
1686 696 1742 714 non
1760 689 1835 714 acci-

1041 737 1153 768 derunt,
1181 738 1229 763 sed
1256 736 1290 762 ab
1307 736 1384 763 ittitio
1400 735 1463 763 talia
1492 742 1545 762 non
1572 739 1768 769 pr0venerunt.
1791 735 1833 760 An

1042 782 1214 817 antiquorum
1230 782 1336 809 dolores
1351 787 1434 816 atque
1448 782 1589 816 passiones
1611 781 1783 816 proferentes
1800 788 1834 808 ac

1042 827 1316 855 comttnortefacietttes
1332 827 1418 858 illum,
1436 827 1637 853 consolabimur
1656 826 1741 852 eum?
1760 826 1832 860 Ergo

1039 874 1102 907 quia
1125 881 1173 900 nec
1201 873 1348 908 quidquam
1370 878 1444 905 erat,
1472 880 1523 899 nec
1548 873 1574 899 in
1596 872 1676 899 factis
1701 880 1790 906 neque
1803 872 1830 897 in

1039 919 1130 946 verbis
1159 926 1207 953 per
1222 919 1293 953 quod
1315 918 1452 945 consolari
1475 925 1538 944 cum
1567 923 1695 950 possent,
1726 916 1830 943 idcirco

1038 964 1169 991 sedebant
1197 963 1383 990 taciturnitate
1404 970 1451 990 sua
1467 961 1517 996 ipsi
1545 963 1722 988 vehementia:
1749 962 1829 989 dolo-

1038 1018 1096 1037 rum
1108 1010 1165 1043 ejus
1181 1015 1352 1037 attestantes.
1369 1009 1434 1035 Nam
1454 1008 1597 1035 discedere
1618 1016 1670 1035 non
1687 1014 1826 1042 poterant,

1037 1063 1185 1093 prmsentes
1202 1057 1273 1092 loqui
1295 1065 1347 1083 non
1371 1056 1519 1083 audebant.
1546 1055 1692 1090 Propterea
1714 1055 1828 1082 assede-

1037 1109 1100 1132 runt
1118 1104 1156 1131 illi
1178 1109 1281 1138 septem
1300 1103 1412 1135 diebus,
1428 1107 1455 1129 et
1474 1106 1576 1135 septem
1591 1101 1727 1133 not-tibus,
1744 1101 1828 1127 incli-

1036 1150 1108 1177 natis
1122 1150 1250 1177 deorsum
1267 1148 1300 1175 ad
1324 1153 1423 1175 terram
1444 1146 1575 1174 faciebas.
1599 1147 1752 1180 Aliquando
1776 1154 1827 1172 au-

1037 1200 1091 1222 tem
1110 1195 1283 1221 intetnlentes
1300 1194 1326 1220 in
1343 1193 1418 1220 illum
1441 1198 1468 1220 et
1485 1192 1619 1220 visionem
1637 1193 1722 1227 plaga:
1750 1192 1826 1219 illius

1035 1245 1190 1276 stupentes,
1213 1240 1342 1267 continuo
1370 1239 1519 1267 identidem
1547 1238 1710 1273 dejiciebaut
1728 1237 1823 1264 facies.

1034 1287 1187 1322 Aliquando
1200 1294 1229 1313 se
1244 1285 1360 1321 genibus
1373 1286 1554 1320 imponentes,
1568 1285 1714 1318 aliquando
1729 1289 1823 1310 autem

1034 1340 1115 1367 super
1131 1339 1240 1359 manum
1264 1331 1468 1362 incumbentes,
1485 1337 1537 1357 non
1566 1330 1591 1356 in
1607 1329 1721 1360 lectulis,
1736 1335 1826 1362 neque

1035 1379 1060 1406 lo
1078 1378 1215 1413 grabatis,
1232 1385 1318 1412 neque
1348 1377 1375 1404 in
1399 1376 1578 1404 straminibns
1611 1375 1823 1409 requiescentes,

1034 1425 1079 1451 sed
1096 1424 1188 1458 procul
1206 1423 1287 1450 dubio
1306 1423 1332 1449 in
1350 1423 1441 1449 cinere
1456 1427 1483 1449 et
1499 1421 1607 1454 cilicio,
1622 1421 1649 1448 in
1678 1426 1749 1448 terra
1779 1427 1822 1447 se-

1033 1470 1137 1501 dentes,
1153 1473 1232 1503 atque
1251 1469 1276 1495 in
1292 1468 1343 1496 Job
1363 1468 1549 1500 intendentes,
1566 1467 1675 1502 quando
1697 1466 1822 1498 sedebat,

1033 1514 1174 1545 sedebant,
1194 1513 1218 1540 si
1235 1518 1323 1540 tamen
1335 1513 1446 1541 omnino
1459 1521 1514 1547 pra:
1523 1511 1660 1539 doloribus
1675 1511 1824 1545 aliquando

1031 1560 1122 1594 jacere
1133 1564 1246 1594 poterat.
1263 1559 1309 1586 Sic
1321 1567 1436 1593 namque
1451 1560 1476 1585 in
1510 1558 1655 1593 gemitibus
1676 1564 1708 1584 ac
1731 1555 1824 1590 suspi-

1034 1607 1082 1634 riis
1101 1606 1167 1633 istos
1183 1611 1284 1640 septem
1300 1605 1358 1631 dies
1376 1609 1534 1639 peragentes
1548 1603 1710 1631 assederunt
1724 1603 1776 1634 illi,
1789 1609 1820 1629 os

1033 1660 1087 1680 non
1101 1652 1266 1687 aperientes,
1280 1659 1368 1684 neqttc
1381 1650 1490 1677 verbum
1509 1649 1664 1683 loquentes,
1689 1648 1740 1675 nisi
1762 1653 1823 1674 tan-

1034 1705 1088 1726 tntu
1120 1699 1239 1733 graviter
1265 1697 1452 1731 suspirantes,
1478 1699 1559 1730 atque
1597 1695 1821 1729 ingemiscentes.

1033 1745 1227 1771 Veruttttatnen
1246 1751 1296 1770 nec
1312 1743 1345 1770 de
1359 1743 1409 1769 hoc
1421 1742 1561 1773 sileamus,
1584 1740 1630 1775 qui
1654 1740 1766 1767 fuerunt
1795 1740 1822 1767 bi

1031 1791 1092 1821 viri,
1110 1789 1151 1816 vel
1166 1789 1257 1823 quales
1281 1788 1322 1815 vel
1349 1788 1432 1815 unde.
1459 1786 1516 1814 Non
1540 1787 1649 1814 fuerunt
1666 1786 1750 1821 aliqui
1772 1786 1822 1813 mi-

1032 1836 1117 1868 nimi,
1135 1843 1222 1870 neque
1243 1834 1478 1870 contemptibiles,
1494 1834 1540 1861 sed
1568 1833 1671 1868 egregii
1699 1832 1819 1864 fuerunt,

1030 1888 1057 1909 et
1072 1882 1208 1917 principes
1222 1882 1375 1916 regionum,
1390 1885 1470 1915 atque
1484 1880 1685 1914 provinciarum
1707 1887 1820 1906 suarum

1031 1929 1148 1962 domini,
1165 1935 1197 1956 ac
1219 1929 1302 1955 duces
1329 1927 1416 1962 gentis
1435 1934 1501 1955 suae.
1517 1926 1552 1954 Et
1581 1933 1642 1953 cum
1667 1926 1703 1952 ita
1730 1925 1821 1960 magni

1030 1981 1111 2010 atque
1125 1980 1249 2009 potentes
1275 1973 1401 2005 fuissent,
1419 1979 1522 2000 tantum
1551 1980 1581 1999 se
1594 1971 1820 2004 bnntiliaverunt,

1029 2026 1110 2055 atque
1127 2020 1291 2052 alllixerunt,
1308 2023 1335 2045 ut
1361 2019 1387 2046 in
1415 2018 1508 2045 cinere
1527 2022 1555 2045 et
1577 2017 1667 2044 cilicio
1691 2017 1821 2043 sederent

1029 2071 1131 2100 septem
1148 2066 1245 2093 diebus
1259 2070 1369 2099 propter
1387 2064 1573 2092 sinceritatem
1590 2071 1622 2090 ac
1645 2063 1819 2090 dilectionem

1030 2120 1110 2147 quam
1130 2112 1204 2139 circa
1221 2111 1294 2138 illunt
1307 2110 1479 2142 habuerunt,
1494 2109 1566 2144 quod
1589 2116 1668 2136 nemo
1683 2117 1754 2136 ttunc
1769 2110 1819 2136 lto-

1030 2158 1133 2184 miuunt
1159 2156 1235 2190 facit,
1264 2163 1352 2190 neque
1367 2156 1480 2188 amicus,
1505 2163 1592 2189 neque
1610 2155 1713 2187 frater,
1732 2163 1820 2189 neque

995 2209 1015 2236 D
1031 2203 1157 2248 ﬁliusuut
1172 2201 1408 2236 assideatjcjunus
1422 2206 1468 2228 aut
1494 2201 1552 2227 sine
1567 2206 1632 2235 potu
1645 2209 1698 2227 una
1712 2201 1767 2232 die,
1787 2210 1819 2228 ne

1026 2249 1114 2276 dicam
1150 2253 1252 2282 septem
1270 2247 1366 2274 diebus
1396 2253 1422 2273 et
1455 2252 1557 2281 septem
1588 2247 1725 2274 noctibus.
1753 2248 1818 2279 Quae

1026 2300 1116 2321 autem
1133 2294 1242 2320 fuerunt
1270 2293 1382 2320 nomina
1408 2293 1506 2320 hortum
1527 2293 1670 2319 virorum?
1685 2292 1817 2327 llcliplraz

1026 2340 1248 2366 Tltemanitarum
1274 2340 1346 2372 dux,
1372 2338 1485 2366 Baldth
1509 2338 1648 2365 Suitarttnt
1669 2345 1816 2373 tyrannus,

1026 2386 1132 2420 Sopltar
1160 2385 1342 2413 Nomadarum
1373 2392 1433 2412 rex.
1460 2385 1493 2412 Et
1510 2392 1570 2419 qua:
1596 2385 1707 2411 fuerunt
1723 2391 1818 2419 gentes

1027 2433 1181 2466 quibusiin
1202 2432 1350 2465 regnabant
1368 2437 1450 2465 atque
1475 2430 1703 2458 dominabantur?
1724 2431 1817 2458 Genus

1028 2479 1133 2505 fuerunt
1152 2478 1221 2505 Esau
1237 2478 1282 2504 lilii
1297 2477 1372 2504 Isaac
1388 2477 1479 2504 fratris
1494 2476 1588 2508 Jacob,
1605 2485 1701 2511 genus,
1717 2478 1814 2510 tribus,

1027 2525 1179 2560 progenies.
1197 2524 1357 2558 proviueitu,
1387 2524 1519 2557 regiones.
1543 2523 1608 2549 Nam
1636 2523 1708 2550 sicut
1733 2523 1816 2550 Jacob

1028 2570 1227 2597 multitudinem
1258 2570 1351 2605 genuit
1380 2569 1468 2603 gentis
1505 2569 1685 2595 lsraelitarum
1713 2575 1741 2596 et
1770 2570 1814 2596 .lu-

1028 2617 1157 2647 datorum,
1185 2617 1220 2642 ita
1247 2615 1319 2642 Esau
1346 2615 1545 2642 multitudinem
1573 2615 1667 2649 genuit
1695 2617 1813 2650 gentium

1027 2663 1072 2698 qui
1090 2662 1294 2697 appellabantur
1311 2662 1432 2689 ldutltmi.
1450 2662 1502 2690 Sed
1516 2663 1542 2689 itt
1557 2663 1638 2689 Israel
1659 2663 1718 2690 sive
1732 2663 1811 2697 judth

1028 2712 1088 2734 erat
1103 2714 1182 2738 unus,
1194 2707 1239 2740 qui
1256 2711 1340 2733 totutn
1353 2706 1435 2733 lsracl
1447 2706 1597 2740 judicabat,
1612 2708 1670 2735 sive
1685 2716 1732 2735 rex
1747 2716 1813 2734 unus

1028 2757 1098 2785 erat,
1114 2761 1160 2787 qut
1172 2753 1297 2780 universo
1307 2753 1389 2780 Israel
1403 2753 1551 2788 imperabat
1563 2775 1569 2787 ,
1584 2755 1704 2789 quandiu
1722 2754 1760 2781 illi
1777 2761 1814 2781 se;

1041 2815 1062 2830 "
1078 2814 1127 2842 Job
1141 2823 1170 2846 ll,
1190 2815 1231 2842 15.
1271 2814 1292 2830 ⁵⁵
1307 2815 1314 2841 l
1328 2815 1398 2842 Pctr.
1415 2823 1451 2848 tv,
1467 2815 1509 2842 l8.
