1909 3080
45 137 92 166 $05

577 137 768 168 ANOlWMUS
786 137 821 166 IN
837 137 907 167 JOB.
927 154 961 160 —-
977 137 1041 166 LIB.
1061 136 1106 166 Ill.

1601 133 1653 163 506

45 198 149 226 cundum
166 197 310 226 consilium
332 197 380 226 Dei
403 198 621 227 ambulaverunt.
642 199 670 226 ln
689 197 812 226 ldumteis
825 198 951 229 Aversa,
974 196 1051 232 juxta
1065 196 1117 223 hoc
1132 195 1204 230 quod
1221 194 1324 222 dlctum
1342 197 1386 221 est
1413 200 1422 222 :
1445 191 1479 219 In
1502 191 1567 219 escis
1594 191 1654 226 plu:

44 249 122 272 autent
140 244 202 279 (hoc
213 244 294 272 estin
308 251 408 280 genere
428 243 510 281 Esau)
530 245 677 272 secundum
699 250 813 271 consue-

46 291 151 318 tudinem
167 291 286 318 omnium
299 291 418 325 gentium
434 299 483 326 per
498 290 619 325 singulas
639 290 764 318 civitates
786 293 814 317 et

46 337 157 371 regiones
176 344 255 372 reges
272 336 397 375 fuerunt,
409 342 490 372 alque
505 338 589 364 duces
600 336 813 372 provinciarum,

45 389 67 410 et
80 382 169 418 singuli
189 383 215 409 in
239 383 347 417 regione
368 390 415 411 sua
435 383 584 418 regnabant
607 387 687 417 atque
701 383 815 417 impera-

45 431 109 456 bant.
125 429 192 464 Ergo
204 430 268 464 quia
284 438 354 456 nunc
365 430 486 464 proxime
505 433 564 457 erat
581 429 667 456 adhuc
684 428 814 456 memoria

46 475 164 502 Abraham
175 495 183 506 ,
205 481 232 502 et
247 475 322 503 lsaac
340 476 475 511 justorum
491 475 597 503 illorum
609 495 617 508 ,
630 479 657 502 et
677 475 740 509 quia
757 475 815 509 ipse

45 522 103 548 Esau
119 522 162 548 Dei
182 522 271 549 cultor
285 526 343 548 erat
359 529 366 547 :
383 529 538 556 quanquam
553 522 625 549 enim
641 521 668 548 in
679 520 815 548 nonnullis

45 565 328 597 violaverit,*atlameu
358 567 482 593 eatndem
513 566 559 593 Dei
586 566 718 594 culturam
751 566 814 593 ﬁliis

44 613 91 638 suis
104 611 210 638 tradidit
226 619 233 637 :
253 613 349 639 merito
362 612 486 647 plerique
499 612 678 640 ldumteorum
696 611 815 638 cultores

45 655 83 682 Dei
99 654 218 687 inerunt,
237 661 265 683 et
286 657 418 692 aliquanti
432 657 509 685 valde
525 657 664 692 religiosi,
681 657 752 684 sicut
765 656 815 684 Job

45 700 161 727 Velamici
181 700 239 733 eius
253 702 298 736 qui
319 707 450 729 venerunt
469 703 502 729 ad
523 710 596 730 eum.
615 702 816 738 Cognominata':

45 753 144 780 namque
159 751 222 773 sunt
235 748 358 781 quaedam
375 747 552 776 ldumaeorum
567 749 690 784 regiones
704 748 814 782 Arabia,

45 792 66 818 in
78 792 146 826 cujus
160 792 265 820 Arabia
283 793 382 820 ﬁnibus
395 794 518 821 manebat
534 793 593 821 Job.
612 793 678 821 Nam
696 799 723 821 et
750 801 817 821 uxo-

46 844 92 864 rem
119 837 149 864 de
179 837 282 867 Arabia
312 839 416 873 accepit
430 859 437 870 ,
459 844 551 873 utpote
566 839 687 874 ejusdem
710 838 816 874 generis

44 883 222 911 exsistentibus
238 884 372 911 Arabitis.
387 884 443 911 Nisi
457 885 529 911 enim
548 884 628 911 unius
652 884 761 919 generis
773 892 815 911 es.
831 881 852 909 Β

44 935 100 961 seut,
115 937 249 964 nunquam
267 930 317 957 Job
334 938 366 957 ex
382 930 533 965 alienigena
557 935 637 966 gente
655 938 766 957 uxorem
786 937 815 958 se

45 976 148 1010 accipere
162 983 258 1010 passus
274 975 379 1004 fuisset.
398 977 474 1003 Nunc
491 984 557 1003 sane
580 976 661 1011 periit
686 975 817 1003 Idumaeo-

46 1028 92 1046 rum
107 1027 132 1048 et
144 1029 240 1049 nomen
255 1026 283 1048 et
299 1022 389 1057 lingua
400 1042 408 1054 ,
422 1027 449 1049 et
462 1029 557 1048 omnes
569 1021 652 1048 Arabi
673 1021 816 1048 nominan-

45 1070 81 1091 tur
94 1070 167 1100 atque
184 1074 282 1093 omnes
307 1066 418 1102 Syriace
435 1067 592 1102 loquuntur.
622 1066 699 1100 Quod
726 1071 816 1094 autem

44 1111 84 1138 Job
103 1120 132 1138 ex
148 1119 247 1146 genere
264 1112 344 1140 fuerit
362 1105 432 1140 Esau
446 1119 474 1140 et
485 1121 517 1140 ex
536 1113 606 1140 Esau
630 1113 704 1147 ﬁliis,
721 1112 817 1140 simili-

46 1159 78 1180 ter
102 1158 126 1181 et
140 1155 216 1182 amici
237 1155 298 1189 ejus
321 1156 366 1190 qui
393 1161 526 1183 venerunt
547 1156 581 1183 ad
599 1163 675 1188 eum,
697 1156 816 1192 religiosi

47 1200 82 1227 Dei
94 1201 206 1229 cultores
226 1201 351 1233 fuerunt.
374 1207 563 1229 verumtamen
586 1210 681 1230 omnes
707 1202 817 1229 fuerunt

45 1254 70 1273 ex
83 1255 172 1282 genere
191 1247 264 1275 Esau
276 1246 284 1279 ,
297 1248 417 1282 ejusdem
436 1249 545 1284 generis
559 1253 639 1284 atque
668 1248 766 1282 linguae
788 1252 818 1275 ut

44 1291 99 1323 Job.
113 1293 210 1321 idcirco
233 1294 273 1320 illi
301 1294 443 1321 unanimes
465 1294 575 1321 fuerunt
599 1301 631 1321 ac
654 1293 815 1321 concordes.

47 1338 156 1367 Similiter
180 1341 264 1367 etiam
282 1340 332 1367 illa:
351 1340 495 1375 provincia:
522 1348 554 1368 ac
569 1340 702 1375 regiones,
719 1341 817 1374 quibus

46 1385 85 1419 ipsi
102 1388 245 1421 regnabant
276 1392 356 1421 atque
371 1387 552 1422 imperabant,
568 1387 650 1413 etiam
668 1386 710 1413 hae
723 1394 818 1414 omnes

45 1438 129 1465 genere
143 1431 254 1459 fuerunt
273 1433 360 1464 Esau.
377 1437 405 1460 et
424 1432 622 1460 contribulibus
642 1432 699 1459 suis
721 1440 817 1467 regna-

45 1477 98 1505 bant
130 1484 208 1513 atque
234 1479 417 1514 imperabant.
449 1479 512 1506 Sive
539 1479 612 1506 enim
636 1478 816 1511 Tltemanitze,

45 1524 131 1557 quibus‘
143 1525 274 1560 lleliphaz
291 1525 430 1559 regnabat,
446 1525 504 1552 sive
520 1523 602 1551 Suitaa
617 1543 624 1556 ,
643 1524 742 1558 quibus
756 1523 818 1550 Bal-

45 1568 97 1595 dth
121 1569 301 1604 principatum
328 1570 451 1604 gerebat.
478 1569 537 1596 sive
566 1568 694 1596 Nomades
718 1568 817 1603 quibus

47 1613 134 1648 Sophar
150 1615 311 1650 imperabat.
323 1622 418 1643 omnes
433 1608 518 1650 genus
533 1615 602 1642 Esau
630 1621 712 1650 atque
730 1615 817 1642 tribus

48 1661 148 1687 luerunt.
162 1661 216 1688 lloc
230 1661 360 1688 nimirum
376 1661 530 1688 ostenditur
540 1669 573 1688 ex
595 1661 664 1688 libro
677 1660 818 1695 Paralipo-

47 1712 127 1732 menon
144 1707 185 1733 ubi
201 1707 268 1733 dicit
288 1714 296 1732 :
322 1705 453 1733 Venerunt
473 1711 560 1733 autem
577 1714 637 1732 cum
653 1705 706 1733 illis
719 1709 746 1732 et
761 1704 819 1732 No-

46 1751 117 1778 madte
139 1760 217 1787 genus
241 1751 326 1779 Esau.
354 1751 421 1779 Clllll
439 1752 474 1779 ita
500 1759 566 1786 ergo
587 1752 697 1786 gloriosi
724 1756 818 1779 essent

46 1797 87 1824 viri
102 1797 136 1826 illi
160 1806 249 1832 reges,
277 1806 310 1825 ac
338 1799 496 1833 principes,
512 1803 594 1830 atque
618 1798 817 1833 provinciarum

47 1843 125 1877 duces,
155 1846 315 1873 assederunt
342 1845 379 1871 illi
414 1849 517 1880 septem
542 1844 639 1872 diebus
666 1849 694 1871 et
715 1849 818 1879 septem

47 1890 162 1917 noctibus.
194 1890 248 1918 Sed
283 1891 444 1918 assederunt
476 1894 605 1925 tanquam
633 1889 753 1925 religiosi
771 1889 818 1917 Dei

47 1934 158 1968 cultores,
183 1944 235 1963 non
265 1940 419 1971 quaerentes
448 1943 536 1970 neque
565 1935 714 1967 maleﬁcia,
731 1942 820 1970 neque

48 1982 158 2015 auguria,
185 1990 275 2017 neque
297 1983 500 2016 divinationes,
527 1989 617 2018 neque
639 1982 818 2017 pbylacteria,

49 2033 120 2060 neque
134 2027 272 2061 lamellas,
299 2035 388 2063 neque
410 2028 612 2055 incantationes
637 2026 818 2054 damnabiles.

48 2071 111 2099 Scire
123 2081 235 2108 namque
247 2075 348 2102 debent
362 2074 479 2109 religiosi
496 2074 556 2106 viri,
574 2074 637 2109 quia
653 2074 711 2101 haec
728 2073 819 2101 omnia

49 2116 132 2145 diaboli
145 2125 205 2146 sunt
220 2120 405 2152 seductiones,
420 2120 572 2147 daemonum
590 2124 654 2146 sunt
667 2119 819 2151 irrisiones,

49 2163 189 2194 idololatria:
210 2172 274 2195 sunt
286 2166 355 2200 iter,
381 2167 533 2194 animarum
554 2165 716 2198 infatuatio,
740 2170 821 2200 atque

867 243 941 270 rimis
962 242 992 278 ﬁt
1008 241 1150 275 inﬁrmitas
1168 241 1189 256 "
1205 249 1213 268 :
1228 246 1291 268 tunc
1316 240 1444 266 nimirum
1469 238 1562 266 dicunt
1589 236 1654 263 insi-

866 289 983 324 pienter,
997 287 1069 322 quod
1081 286 1231 314 fascinatus
1246 287 1282 314 sit
1299 286 1422 321 quilibet.
1447 284 1561 318 Quando
1584 283 1656 319 jeju-

868 342 975 366 namus,
994 333 1073 361 oviri
1088 354 1096 366 ,
1119 333 1288 361 abstinemus
1311 340 1362 360 nos
1386 337 1417 359 ut
1441 339 1493 359 non
1514 336 1654 366 gustemus

867 389 964 409 carnes
979 388 1066 416 neque
1088 381 1180 408 vinum
1203 387 1289 415 neque
1309 379 1460 415 superﬂuas
1475 385 1568 409 escas.
1591 381 1654 404 lune

867 435 952 463 quare
966 435 1019 454 non
1035 427 1223 454 fascinamur?
1239 426 1299 453 Mox
1316 432 1407 453 autem
1419 431 1448 452 ut
1463 432 1559 452 rursus
1576 431 1654 451 mau-

867 474 969 501 dueare
984 479 1065 508 atque
1081 473 1175 500 bibere
1188 473 1369 508 eceperimus,
1386 473 1514 499 continuo
1541 475 1568 498 et
1590 478 1655 497 ven-

867 519 918 546 tris
932 519 1079 547 commotio
1097 524 1178 553 atque
1195 519 1330 546 viscerum
1349 517 1520 552 perturbatio
1540 517 1579 549 lit,
1602 516 1654 543 nisi

868 564 892 592 is
904 565 978 592 solus
993 564 1127 599 ell‘ugerit,
1145 564 1191 599 qui
1206 564 1285 591 valde
1310 563 1471 598 sibimetipsi
1496 562 1654 595 intenderit,

868 619 903 639 ne
928 615 1018 646 gustet
1045 611 1192 646 quidquam
1216 610 1393 645 superfluum.
1424 610 1471 636 Sic
1495 609 1586 643 itaque
1602 616 1655 635 non

867 658 1064 686 fascinationes
1087 658 1234 692 praevalent
1256 656 1422 692 quidquam,
1446 655 1494 682 sed
1517 655 1657 682 hominum

869 705 1075 733 iucuntiuentia.
1092 704 1125 731 Et
1144 703 1270 730 videliCet
1286 703 1337 730 hoc
1347 709 1454 733 verum.
1468 709 1529 728 cum
1543 701 1658 727 mandu-

869 758 965 779 camus
985 750 1026 777 vel
1044 749 1174 781 bibitnus,
1189 748 1213 776 si
1229 748 1288 775 ﬁdei
1317 754 1450 774 memores
1465 746 1613 778 fuerimus,
1633 745 1657 773 si

870 797 990 824 terribile
1005 803 1102 822 nomen
1114 795 1171 828 ejus
1185 793 1407 822 invocaverimus
1417 812 1425 825 ,
1440 793 1463 819 si
1475 791 1658 826 nosmetipsos

871 843 912 871 vel
931 843 1021 870 cibum
1036 848 1062 869 et
1079 846 1171 876 potmn
1186 846 1307 868 nostrum
1322 839 1400 873 signo
1416 837 1581 865 venerabilis
1594 845 1658 864 cru-

867 896 906 916 cis
929 888 1030 915 Christi
1056 887 1320 923 signiﬁcaverimus,
1339 886 1361 912 si
1393 884 1427 911 ad
1447 884 1548 911 collum
1565 884 1658 911 oculos

867 939 977 963 nostros
1003 935 1124 961 levantes
1153 935 1276 961 dicamus
1298 942 1306 959 :
1330 931 1383 964 Qui
1397 931 1444 957 dat
1470 939 1557 957 escam
1586 930 1657 956 omni

867 980 989 1012 carni",
1013 981 1058 1007 dat
1082 981 1164 1007 etiam
1192 979 1272 1006 nobis
1299 986 1360 1005 cum
1382 977 1570 1004 benedictione
1586 975 1659 1002 hunc
1696 975 1699 980 ‘

866 1027 957 1054 cibum
973 1035 1101 1059 sumere,
1127 1026 1149 1053 si
1174 1025 1323 1052 dixerimus
1346 1031 1408 1052 cum
1439 1022 1600 1051 sinceritate
1624 1023 1658 1048 ad

867 1074 1011 1101 Dominum
1030 1079 1153 1101 uostrutn
1177 1080 1184 1099 :
1207 1071 1246 1098 Tu
1268 1071 1373 1103 dixisti,
1396 1070 1519 1101 Domine,
1545 1069 1607 1103 quia
1635 1068 1658 1095 si

866 1121 969 1155 aliquid
984 1120 1156 1147 mortiferum
1174 1119 1324 1146 biberimus
1342 1122 1417 1144 tuum
1437 1118 1594 1144 invocantes
1610 1122 1658 1142 no-

867 1174 939 1198 men,
957 1174 1008 1193 non
1024 1166 1076 1193 erit
1092 1165 1169 1193 nobis
1184 1164 1324 1192 molestum
1341 1174 1348 1190 :
1369 1169 1396 1190 tu
1426 1156 1528 1197 itaque,
1548 1161 1659 1189 Domine

866 1212 975 1240 virtutis
998 1217 1026 1240 et
1050 1212 1159 1247 gloriae,
1184 1215 1278 1238 averte
1311 1209 1459 1238 veneﬁcam
1487 1213 1513 1236 et
1537 1208 1657 1242 iniquam

866 1259 1052 1293 operationem
1080 1265 1096 1285 a
1122 1257 1201 1284 nobis
1222 1257 1296 1284 etab
1310 1255 1437 1285 erunibus
1456 1255 1524 1282 cibis
1545 1253 1657 1281 nostris.

867 1302 925 1330 Nisi
947 1303 1019 1330 enim
1036 1307 1079 1328 tua
1100 1301 1285 1329 misericordia
1298 1299 1511 1330 conservaverit,
1525 1297 1659 1333 quomodo

868 1356 1011 1384 possumus
1022 1348 1142 1383 eﬂ‘ugere
1158 1353 1231 1375 tanta
1253 1347 1373 1382 pericula
1391 1347 1512 1373 ciborum
1537 1353 1605 1372 sane
1627 1352 1659 1372 ac

866 1401 990 1430 potuum,
1007 1402 1068 1430 qua:
1088 1394 1246 1429 frequenter
1271 1394 1330 1428 plus
1356 1396 1455 1426 repunt
1479 1399 1511 1418 ac
1534 1394 1658 1425 serpunt,

868 1448 948 1476 quam
961 1440 1082 1475 maligna!
1098 1447 1130 1467 ac
1146 1446 1288 1466 venenosa:
1302 1437 1395 1464 bestiae
1411 1436 1423 1463 ?
1437 1436 1552 1469 Quidam
1567 1439 1658 1461 autem

868 1485 1095 1514 sternutamentis
1119 1485 1209 1512 adhuc
1234 1483 1406 1515 observiunt,
1430 1488 1456 1510 et
1483 1480 1660 1508 invocationi-

869 1532 919 1559 bus
935 1537 1018 1566 atque
1033 1530 1254 1558 revocationibus
1266 1550 1274 1562 ,
1287 1534 1315 1556 et
1329 1528 1490 1556 occursibus
1512 1532 1594 1561 atque
1612 1533 1660 1553 vo-

870 1577 973 1604 lucrutn
1001 1577 1127 1609 vocibus,
1144 1584 1196 1603 non
1220 1576 1405 1609 intelligentes
1437 1574 1530 1601 miseri
1560 1578 1588 1600 et
1613 1579 1661 1607 spe

868 1623 948 1651 vacui
965 1644 973 1657 ,
994 1624 1056 1657 quia
1071 1630 1086 1649 a
1104 1623 1218 1650 Domino
1234 1629 1344 1657 gressus
1362 1621 1482 1648 hominis
1494 1619 1660 1654 diriguntur,

868 1677 958 1705 neque
971 1670 1092 1697 valentes
1105 1669 1196 1696 dicere
1211 1669 1244 1696 ad
1263 1669 1347 1695 Deum
1359 1675 1422 1695 cum
1436 1667 1541 1694 sanctis
1557 1674 1564 1692 :
1582 1665 1662 1692 Gre:-

869 1723 914 1742 sut
926 1723 995 1742 meos
1007 1715 1092 1749 dirige
1111 1715 1253 1741 secundum
1269 1713 1401 1747 eloquium
1415 1717 1491 1738 tuum
1504 1731 1511 1744 ,
1528 1716 1551 1738 et
1568 1719 1599 1737 ne
1611 1711 1663 1737 do-

869 1761 983 1787 minetur
1010 1761 1073 1787 mihi
1098 1759 1183 1786 omnia
1204 1759 1328 1794 iniquitas
1358 1759 1393 1785 ·⁹.
1420 1757 1487 1784 Nam
1503 1757 1526 1784 is
1540 1757 1586 1791 qui
1600 1763 1662 1783 cum

870 1807 924 1834 ﬁde
938 1809 971 1834 ad
992 1807 1136 1834 Dominum
1152 1807 1208 1834 haec
1224 1806 1333 1838 dixerit,
1352 1805 1475 1840 implevit
1497 1804 1565 1831 illud
1591 1803 1664 1838 quod

870 1852 1014 1880 dicendum
1032 1857 1095 1884 est,
1112 1851 1242 1879 Dominus
1257 1852 1309 1879 erit
1338 1851 1365 1878 in
1389 1851 1515 1878 omnibus
1531 1850 1582 1878 viis
1599 1850 1663 1884 tuis,

870 1903 898 1926 et
909 1905 1018 1933 gressus
1032 1903 1093 1925 tuos
1108 1898 1135 1924 in
1150 1905 1218 1933 pace
1234 1898 1358 1925 deducet.
1374 1897 1425 1930 Qui
1439 1898 1579 1935 autem_a.1
1595 1904 1664 1925 vana

871 1943 1037 1970 intenderiut
1052 1943 1165 1977 auguria
1184 1950 1215 1970 ac
1228 1943 1360 1970 venclicia
1372 1963 1380 1974 ,
1396 1942 1578 1969 divinationes
1598 1949 1666 1977 quo—

871 1997 924 2025 que
946 1997 978 2017 ac
1007 1989 1175 2025 pbylaeteria
1209 1993 1291 2024 atque
1320 1989 1537 2022 incantationes,
1566 1989 1664 2016 horum

872 2043 982 2071 gressus
995 2035 1242 2069 eonturhabuntnr,
1260 2036 1357 2063 horum
1375 2042 1457 2069 opera
1472 2034 1665 2069 impediuntur,

871 2082 905 2109 ab
926 2082 987 2109 istis
1012 2082 1062 2109 Dei
1089 2081 1210 2109 visitatio
1238 2081 1352 2114 recedit,
1379 2081 1447 2108 istos
1471 2081 1557 2108 sancti
1578 2081 1665 2115 angeli

870 2127 1070 2162 derelinquunt,
1082 2136 1142 2155 cum
1154 2128 1213 2156 istis
1225 2128 1351 2155 diabolus
1364 2131 1506 2162 permanet
1529 2126 1667 2153 infatuans

872 2178 978 2200 mentes
1001 2180 1106 2205 eorum.
1131 2174 1283 2201 obtundens
1311 2174 1395 2200 corda
1419 2173 1540 2202 illorum,
1556 2172 1667 2198 abstra-

49 2211 153 2238 cotdinm
176 2212 357 2240 scandalum:
376 2220 436 2247 qua:
457 2220 511 2240 non
529 2212 712 2246 intelligentes
732 2212 815 2247 pleri-

874 2222 940 2247 hens
955 2227 970 2246 a
986 2220 1040 2247 Deo
1055 2227 1154 2247 senSus
1178 2227 1285 2247 eorum.
1309 2219 1346 2246 De
1372 2218 1562 2254 hujuscemodi
1587 2218 1668 2253 digne

49 2263 92 2290 que
105 2258 150 2286 hoc
163 2267 233 2286 nunc
250 2264 372 2294 tempore
385 2279 393 2292 ,
409 2266 472 2286 mox
500 2263 528 2285 ut
553 2259 691 2293 quidpiam
718 2258 820 2292 aliquid

50 2302 226 2337 uiolestaverit,
240 2306 371 2333 continuo
399 2305 599 2332 incantationes
620 2309 702 2339 atque
723 2304 820 2331 incan-

51 2352 138 2377 latores
152 2352 304 2386 requirunt,
317 2351 410 2378 statim
422 2350 592 2386 pltylacteria
606 2350 730 2385 alligant,
747 2349 821 2378 illico

51 2394 174 2424 mali-liciis
189 2397 345 2430 intendunt,
361 2402 408 2424 aut
424 2397 450 2424 in
464 2396 558 2423 charta
573 2396 715 2428 scribunt,
730 2401 776 2422 aut
794 2396 821 2422 in

49 2444 132 2468 stanuo
144 2447 189 2470 aut
205 2443 325 2478 plumbo,
341 2448 370 2470 et
386 2443 498 2478 alligant
523 2443 548 2470 ei
565 2442 609 2477 qui
638 2442 758 2469 dolorem
775 2449 822 2468 su-

50 2486 168 2515 stinuerit.
184 2490 236 2516 Alii
261 2495 352 2516 autem
365 2489 530 2524 serpentium
544 2488 756 2520 incantationes,
771 2488 824 2515 dae-

52 2539 144 2561 monum
168 2536 371 2569 persuasiones,
396 2541 478 2570 atque
495 2534 544 2562 Dei
568 2534 752 2569 blasphemias
779 2534 821 2561 in-

51 2583 154 2606 cautam.
166 2580 230 2607 Item
243 2588 307 2608 vero
320 2581 364 2607 alii
378 2580 513 2608 fascinare
529 2580 668 2613 dicuntur,
683 2581 740 2607 sive
752 2580 823 2614 quod

52 2622 177 2658 fascinant,
187 2627 245 2654 sive
253 2627 325 2662 quod
335 2627 510 2659 iasciuentur,
521 2631 549 2654 et
556 2626 686 2654 daemonis
695 2627 824 2654 adiuven-

52 2669 124 2697 tiones
132 2677 202 2700 sunt.
217 2673 283 2700 Cum
302 2674 374 2700 enim
394 2673 523 2700 infrunite
539 2673 770 2704 manducaveriut,
784 2672 826 2700 vel

52 2714 164 2750 biberint,
174 2726 232 2745 cum
247 2719 303 2752 ipsa
314 2719 417 2747 viscera
432 2727 484 2746 non
499 2718 654 2746 suil‘erentia
670 2719 824 2753 perturbata

53 2759 180 2797 iuerint,el.
194 2765 220 2791 in
234 2765 352 2793 doloretn
364 2770 445 2800 atque
456 2765 639 2792 inﬁrmitatem
650 2763 749 2792 fuerint
758 2772 823 2791 cou-

80 2866 98 2881 "
119 2867 195 2896 Eccli.
213 2876 316 2902 xum,
331 2869 374 2896 35.
414 2868 436 2884 ⁸⁸
452 2867 523 2896 Psal.
539 2875 636 2901 cxuv,
650 2867 696 2895 ‘25.

874 2265 980 2293 dicetur
998 2274 1005 2292 :
1022 2265 1044 2292 Ο
1059 2265 1180 2293 infelicia
1203 2265 1342 2293 hominum
1359 2265 1483 2296 consilia,
1503 2271 1519 2290 ο
1531 2270 1606 2290 vanae
1625 2267 1668 2289 at-

875 2318 927 2345 que
953 2318 1126 2346 supervacuae
1150 2316 1323 2338 terrenorum
1350 2310 1551 2345 cogitationes,
1579 2309 1625 2343 qtti
1651 2315 1668 2336 a

875 2358 931 2386 Deo
952 2358 1081 2385 abstracti
1108 2363 1190 2392 atque
1208 2357 1379 2392 praevaricati
1394 2378 1401 2390 ,
1417 2357 1450 2383 de
1469 2356 1582 2383 nmrtuis
1594 2354 1667 2383 salu-

876 2409 930 2432 tem
947 2408 1115 2439 exspectant,
1131 2404 1164 2431 ab
1187 2404 1346 2431 inanimatis
1367 2403 1512 2430 consilium
1533 2407 1668 2437 quaerunt,

876 2455 979 2479 etcum
1000 2449 1179 2477 idololatriam
1204 2449 1340 2476 declinare
1358 2449 1519 2480 videantur,
1534 2448 1668 2475 idolorum

875 2496 956 2524 faeces
972 2501 1054 2530 atque
1077 2495 1205 2530 reliquias
1229 2495 1345 2522 adorare
1368 2498 1530 2524 noscuntur,
1554 2492 1669 2532 aug-tria

877 2548 906 2571 et
919 2543 1116 2574 divinationes,
1132 2542 1333 2569 incantationes
1349 2548 1458 2575 quoque
1477 2547 1509 2566 ac
1536 2539 1669 2566 maleﬁcia

878 2595 960 2625 atque
975 2590 1141 2625 pliylacteria
1160 2598 1167 2615 :
1185 2594 1212 2616 et
1231 2590 1265 2616 ab
1281 2588 1476 2622 omnipotentis
1500 2594 1531 2614 ac
1548 2587 1668 2614 viventis

880 2637 926 2664 Dei
939 2636 1126 2664 misericordia
1139 2643 1214 2670 spem
1226 2642 1304 2662 suatn
1316 2639 1453 2665 avertunt,
1468 2639 1496 2660 et
1511 2634 1537 2660 in
1552 2633 1669 2660 mortuis

879 2688 962 2718 atque
990 2682 1151 2710 inanimatis-
1177 2686 1300 2716 sperant,
1325 2681 1352 2707 in
1380 2680 1556 2716 pliylacteriis
1588 2684 1670 2713 atque

880 2729 986 2756 czeteris
1000 2728 1125 2762 superius
1140 2727 1271 2755 recitatis.
1288 2725 1364 2754 Mitte
1375 2733 1406 2753 ea
1424 2727 1449 2752 in
1465 2726 1555 2760 ignem
1574 2725 1598 2752 si
1621 2731 1672 2750 va-

879 2774 1111 2809 leantsemctipsa
1124 2773 1261 2809 adjuvare,
1287 2773 1309 2800 si
1336 2771 1443 2800 valeant
1466 2769 1613 2805 semetipsa
1632 2768 1667 2797 de

735 2867 756 2883 ⁸³
770 2866 841 2894 Psal.
855 2873 949 2897 clel.
970 2865 1030 2892 155.
