1909 3080
221 165 276 194 837

771 161 963 194 ANDNYMUS
981 165 1015 193 IN
1034 165 1104 193 ΙΟΒ.
1125 180 1158 186 -
1178 165 1241 194 LIB.
1260 166 1294 194 if.
1311 174 1314 177 '

1810 167 1862 195 ιεδ

222 222 380 254 ostendens.
393 226 421 249 et
436 221 527 250 munia
539 220 612 249 bella
633 216 721 249 tuast
741 221 832 250 omnia
855 221 948 257 pra-lia
970 225 1015 249 tua
1029 225 1054 254 Α
1067 226 1202 258 potestate
1226 227 1309 257 atque
1332 221 1501 258 operatione.
1524 220 1578 249 Sed
1612 220 1788 256 insipientior
1811 222 1861 249 fuit

223 270 366 298 adversum
388 275 431 295 me
451 267 599 300 suscitans.
623 267 755 296 confusus
777 267 805 295 in
824 267 952 295 omnibus
972 275 1017 296 rc-

223 323 329 347 versus.
349 314 516 342 deformatus
530 313 566 357 in.
577 313 706 342 omnibus
728 314 869 342 convictus
889 314 935 342 es?
951 313 1017 342 Post

223 360 267 389 illa
283 360 371 387 omnia
390 360 462 387 sicut
477 359 541 387 olim
557 359 640 388 etiam
667 360 700 387 ad
719 360 826 392 Adam,
848 360 884 387 ita
911 360 945 387 ad
972 367 1016 387 me

223 413 335 434 uxorem
353 414 440 433 meam
461 405 572 438 misisti,
593 413 706 440 sperans
729 406 835 439 infelix,
856 406 921 441 quia
943 406 1014 441 quod

223 452 263 480 vel
284 453 326 480 his
339 451 484 479 tormentis
510 460 565 479 non
583 451 739 487 perfecisti,
764 453 816 480 hoc
836 452 1015 480 nihilominus

220 499 312 527 verbis
335 498 503 526 seductionis
531 498 694 532 perficercs,
719 499 836 534 teipsum
863 499 1013 531 deludens,

221 550 304 581 atque
323 544 556 573 circumveniens.
581 544 642 572 Evzc
665 545 737 572 enim
766 545 906 580 exemplar
935 545 1013 573 inve-

220 592 304 624 nisti,
327 591 375 618 sed
398 591 504 618 ruinam
527 599 580 618 non
605 591 749 624 invenisti,
770 591 818 619 sed
835 591 862 618 in
883 599 945 619 eum
966 591 1013 626 qui

220 645 248 664 ιη
267 641 292 664 te
313 637 376 664 Ade
392 636 516 664 fraudem
536 636 684 664 ulciscatur
703 637 868 670 occurristi,
893 637 940 665 sed
963 637 1012 664 ad-

219 691 317 711 versus
348 691 409 711 eum
443 682 613 711 insurrexisti
640 683 686 718 qui
717 688 809 720 typum
834 683 907 719 gerit
939 682 1013 711 illius

219 729 266 765 qui
298 729 325 757 in
354 729 504 756 novissimo
532 729 646 757 veniens
683 733 807 764 tempore
840 729 1012 757 conculcabit

219 780 302 811 caput
321 780 408 808 tuum,
426 775 593 803 comminuet
608 775 735 804 virtutem
760 780 845 808 tuam,
861 775 1012 803 confundet

220 821 406 849 fortitudinem
432 826 524 855 tuam,
546 820 698 849 humiliabit
722 821 895 849 altitudinem
917 826 1008 855 tuam,

220 871 248 894 et
266 867 374 902 dejiciet
386 867 531 895 elationem
546 871 631 898 tuam.
648 866 798 895 vindicabit
810 867 875 894 Adae
890 867 1007 901 priorem

218 906 466 948 supplantationem
491 913 555 940 vitae
579 912 651 940 illius
676 912 784 940 ruinam
805 912 961 946 excitando,
983 917 1012 940 et

220 963 293 986 tuam
311 958 455 986 elationem
481 958 644 994 dejicieudo.
668 957 732 986 Haec
754 958 846 993 itaque
871 959 1010 992 universa,

218 1010 301 1040 atque
314 1005 368 1032 alia
385 1005 433 1033 ‘his
454 1004 529 1040 plura
553 1005 587 1032 ad
604 1012 747 1040 personam
770 1001 874 1038 uxoris,
896 1005 930 1033 ad
953 1004 1012 1032 dia-

218 1048 310 1080 bolum
329 1050 405 1078 illum
421 1051 527 1078 locutus
541 1055 594 1084 est,
614 1050 759 1086 increpans
776 1050 854 1078 illum
868 1055 950 1086 atque
967 1052 1012 1080 de-

219 1097 349 1125 formans.
364 1096 431 1124 Nam
455 1097 527 1125 sicut
550 1096 674 1124 diabolus
695 1104 743 1130 per
757 1103 871 1124 uxorem
887 1104 949 1125 eum
972 1104 1012 1125 se-

219 1143 310 1176 duxit,
333 1143 370 1170 ita
394 1143 477 1170 etiam
495 1142 554 1178 ipse
579 1149 628 1177 per
653 1150 714 1170 eam
739 1142 847 1170 dentom
873 1142 1010 1171 diabolum

219 1189 380 1218 deformavit
393 1194 474 1223 atque
488 1188 637 1223 redarguit.
652 1187 706 1216 Sed
721 1192 812 1216 tamen
825 1193 853 1216 et
871 1189 905 1216 ad
923 1189 1010 1224 ipsam

219 1231 333 1262 uxorem
347 1235 416 1262 dixit
429 1243 437 1262 :
454 1233 543 1267 Quare
555 1235 622 1261 sicut
639 1242 690 1261 una
706 1242 738 1261 ea:
757 1234 940 1269 insipientibus
955 1242 1012 1262 ntu-

218 1280 326 1308 lieribus
358 1281 396 1308 ita
429 1280 517 1307 locuta
542 1281 595 1308 es!
619 1280 693 1312 Cur,
729 1280 816 1315 inquit
826 1280 842 1316 ,|
865 1280 1013 1308 maximam

218 1327 403 1362 insipientiam
430 1326 567 1361 arripuisti
590 1331 674 1360 atque
690 1333 818 1361 aggressa
842 1326 892 1354 es?
906 1333 956 1354 cur
970 1331 1011 1354 te-

218 1373 305 1408 ipsam
324 1380 372 1400 vas
390 1372 489 1400 diaboli
507 1371 639 1400 effecisti!
665 1379 715 1399 cur
731 1371 845 1407 teipsam
866 1372 1012 1400 habitatio;

218 1427 281 1447 nem
304 1419 414 1454 maligni
433 1418 611 1454 praeparasti!
625 1426 675 1446 cur
693 1418 819 1446 diabolus
841 1418 948 1446 locutus
967 1423 1012 1447 est

217 1473 267 1502 per
293 1473 325 1493 os
353 1471 451 1497 tuum,
478 1464 616 1492 infatuans
644 1464 760 1499 primum
789 1468 907 1491 utentem
937 1468 1010 1492 tuam

217 1517 301 1547 atque
324 1512 422 1539 animae
440 1515 492 1538 tua:
509 1509 700 1538 intellectum?
724 1508 812 1537 Tanta
836 1509 917 1545 digna
937 1517 1011 1542 eras.

217 1559 235 1585 o
255 1557 362 1590 mulier,
384 1556 575 1584 maledictione
594 1563 626 1584 ac
646 1555 829 1589 devotatione,
852 1556 891 1584 ita
905 1564 1012 1592 quoque

217 1608 300 1638 atque
325 1603 511 1638 indignatione
535 1601 577 1630 vel
604 1601 797 1636 deformitate,
824 1606 954 1638 quantam
981 1608 1011 1630 ut

217 1649 303 1677 Deum
318 1649 536 1684 hlasphemarem
551 1655 584 1675 ac
599 1647 841 1683 reprehenderem,
863 1653 946 1682 atque
958 1648 1011 1676 cri-

217 1695 338 1723 suinarer
361 1694 428 1722 mihi
449 1693 573 1727 suasisti,
588 1699 617 1721 et
636 1702 686 1728 per
708 1694 794 1730 ips‘am
812 1693 1009 1730 blasphemiam

216 1746 331 1769 mortem
347 1748 430 1774 super
449 1748 494 1768 me
508 1740 637 1768 inducere
649 1747 759 1775 operam
774 1740 872 1768 dedisti
887 1750 894 1769 :
910 1741 1009 1776 quibus

216 1795 267 1815 nec
282 1787 429 1823 quidquam
441 1790 484 1814 est
500 1785 660 1814 sceleratius
673 1793 706 1814 ac
718 1787 869 1822 nequitius,
886 1786 1009 1815 illicitius

215 1840 324 1869 quoque
344 1838 427 1868 atque
455 1831 666 1867 imprudentius,
681 1831 707 1860 id
720 1836 760 1860 est
775 1832 822 1860 Dei
838 1832 1008 1868 blasphemia

215 1885 244 1908 et
259 1885 347 1908 morte
367 1883 528 1913 spontanea.
546 1877 636 1911 Quare
652 1883 680 1905 ut
700 1886 754 1906 una
774 1886 807 1906 ea:
825 1879 1008 1914 insipientibus

215 1924 372 1952 mulieribus
385 1926 424 1952 ita
436 1924 525 1952 locuta
549 1924 596 1952 es.’
616 1924 723 1959 Quare,
746 1925 854 1961 inquit,
879 1932 934 1953 non
949 1933 1008 1954 me-

215 1971 318 1999 minisli
335 1979 402 1998 mea:
426 1971 568 2002 doetrinze.
591 1977 608 1998 o
623 1970 740 1998 mulier?
756 1970 850 2005 Quare
872 1971 955 1999 oblita
977 1979 1008 2000 es

210 2010 276 2045 mea
297 2017 435 2050 mandata,
448 2024 465 2045 o
481 2015 599 2044 femina?
621 2016 740 2044 Hoceine
761 2017 861 2045 audisti
875 2025 890 2045 a
911 2025 956 2046 me
978 2022 1008 2046 ut

215 2063 332 2091 Creator
353 2062 575 2098 blasphemetur'l
601 2061 720 2091 Hoccine
747 2062 845 2091 audisti
869 2071 885 2090 a
910 2071 955 2092 me
977 2068 1007 2091 ut

217 2109 288 2138 Deus
310 2109 489 2137 criminetur?
511 2107 610 2136 Vocem
630 2113 720 2142 tuam,
736 2109 842 2144 inquit,
861 2117 1005 2145 cognosco,

215 2163 233 2183 o
252 2155 361 2188 mulier,
377 2156 448 2183 sicut
461 2159 489 2183 et
507 2155 572 2183 olim
588 2154 665 2183 Isaac
692 2155 787 2188 Jacob,
807 2155 855 2183 sed
872 2156 1007 2185 seductio-

216 2210 278 2230 nem
301 2207 374 2229 tuam
398 2209 452 2229 non
468 2209 614 2237 cognosco,
637 2206 666 2229 et
679 2202 830 2229 doctrinam
852 2207 925 2230 tuam
952 2210 1004 2230 non

1069 268 1120 296 hac
1132 268 1250 296 obscena
1268 268 1313 296 illa
1330 267 1455 304 Egyptia
1473 268 1613 298 meretrix.
1628 275 1689 302 quae
1708 267 1857 295 maximam

1067 315 1234 350 impietatem
1254 321 1393 349 aggressa.
1414 313 1448 341 ad
1471 314 1655 342 castissimum
1677 313 1755 341 illum
1782 318 1861 348 atque

1063 361 1243 396 justissimum
1269 359 1369 395 Joseph
1395 360 1484 388 dicit:
1506 359 1586 387 Mane
1607 368 1707 387 merum
1729 359 1764 387 ".
1795 359 1861 386 Insi-

1066 407 1144 441 piens
1168 407 1219 434 fuit
1236 415 1306 436 uxor
1330 406 1434 439 Tobiae,
1458 414 1519 441 quae
1541 405 1642 440 iniuste
1667 405 1734 432 dicit
1755 406 1790 432 ad
1808 405 1861 431 τυ-

1065 453 1137 481 biam
1152 462 1159 481 :
1177 452 1228 480 Ubi
1254 457 1316 480 sunt
1335 452 1450 488 iustitia
1474 457 1527 480 tua:
1544 457 1570 478 et
1588 451 1761 486 eleentosynaz
1785 450 1862 478 tua!

1065 498 1133 526 Ecce
1146 508 1205 535 quis
1226 499 1323 535 pateris
1345 499 1466 526 omnibus
1487 497 1593 533 cognita
1611 502 1670 524 sunt
1683 496 1718 523 “.
1735 496 1791 524 Sed
1817 497 1861 523 in-

1064 545 1208 581 sipientior
1232 546 1285 573 hac
1309 545 1379 578 fuit,
1398 545 1462 580 quia
1485 549 1513 572 et
1530 543 1656 577 nequior,
1679 542 1861 570 exsecrabilis

1065 592 1109 620 illa
1121 596 1152 620 et
1168 592 1306 620 immunda
1331 597 1413 627 atque
1435 591 1574 618 luxuriosa
1598 590 1696 621 Dalila.
1711 597 1772 625 qua;
1786 588 1860 616 class

1063 638 1125 666 culo
1146 639 1280 666 seducens
1300 637 1416 666 Samson
1441 644 1509 672 pure
1531 644 1559 665 se
1573 636 1742 670 diligentem,
1764 635 1793 663 in
1810 635 1860 662 de-

1065 685 1195 712 risionem
1216 689 1302 719 atque
1317 685 1343 712 in
1360 689 1474 712 mortem
1494 683 1679 717 impareenter
1696 681 1812 709 tradidit
1823 681 1859 708 ³¹.

1062 729 1130 757 Alia:
1145 730 1274 758 nimirum
1291 730 1442 759 innumeras
1461 738 1493 759 ex
1509 730 1653 765 Scriptura
1674 727 1782 757 ostendi
1797 735 1860 763 pos-

1062 781 1126 804 sunt
1152 776 1311 812 insipientes
1337 776 1478 809 mulieres,
1497 783 1566 811 quas
1588 782 1684 802 omnes
1703 781 1777 802 nunc
1797 774 1860 801 istic

1062 829 1117 849 uno
1137 822 1219 850 verbo
1237 822 1422 858 perstringens
1444 820 1495 850 Job
1513 821 1602 849 dicit:
1617 820 1707 854 Quare
1730 826 1859 855 tanquam

1062 875 1115 894 una
1128 875 1162 894 ea:
1184 867 1368 903 insipientibus
1387 867 1540 895 mulieribus
1560 867 1649 894 locuta
1666 867 1714 895 es?
1735 865 1773 894 Ex
1792 866 1859 893 insi-

1063 913 1218 948 pientibus,
1244 913 1350 949 inquit,
1378 913 1543 946 inutilibus,
1575 913 1686 945 stultis,
1711 912 1858 948 imperitis.

1062 959 1305 993 irrationabilibus,
1321 959 1413 995 impiis
1428 964 1510 994 atque
1527 959 1648 994 injustis.
1663 959 1730 992 Cur,
1751 959 1858 995 inquit,

1063 1010 1193 1042 tanquam
1218 1012 1273 1033 una
1298 1012 1333 1033 ex
1359 1005 1552 1040 insipientibus
1583 1003 1739 1040 huiusmodi
1766 1004 1858 1032 locuta

1061 1051 1111 1079 es?
1127 1051 1180 1080 Sed
1201 1052 1265 1087 quia
1289 1059 1342 1079 non
1361 1051 1426 1079 dicit
1443 1056 1574 1086 tanquam
1591 1051 1716 1086 quaedam
1733 1058 1767 1078 ex
1790 1051 1859 1079 insi-

1061 1098 1198 1133 pientihus
1220 1097 1390 1130 mulieribus,
1412 1098 1459 1125 sed
1483 1101 1611 1132 tanquam
1632 1103 1698 1130 una,
1713 1101 1858 1132 propterea

1061 1144 1237 1178 quaerendum
1252 1149 1307 1177 est,
1322 1151 1383 1179 quas
1397 1143 1440 1172 vel
1459 1143 1550 1179 qualis
1573 1143 1609 1171 sit
1634 1143 1693 1171 hac
1716 1150 1769 1170 una
1790 1142 1859 1170 insi-

1061 1190 1148 1226 piens.
1169 1189 1282 1225 Oportet
1300 1189 1375 1217 enim
1400 1196 1461 1217 esse
1485 1188 1558 1217 illam
1585 1187 1763 1223 singulariter
1789 1187 1859 1215 insi-

1061 1237 1191 1272 pientem,
1209 1241 1238 1263 et
1253 1243 1336 1271 super
1355 1243 1462 1268 omnes.
1482 1240 1564 1271 tque
1579 1234 1641 1270 plus
1655 1234 1798 1267 omnibus,
1814 1238 1857 1261 ut-

1062 1286 1124 1318 pote
1144 1282 1251 1310 cteteris
1273 1282 1402 1310 omnibus
1427 1280 1589 1309 mulieribus
1606 1280 1780 1316 insipientior
1798 1279 1857 1307 hac

1061 1328 1118 1355 sola
1147 1333 1259 1356 ostensa
1290 1333 1371 1363 atque
1392 1328 1591 1355 demonstrata.
1613 1325 1679 1358 Oua:
1701 1331 1746 1353 est
1777 1324 1858 1353 haec?

1061 1373 1117 1401 Eva
1132 1374 1219 1410 prima
1242 1373 1341 1401 mulier
1355 1374 1443 1408 prima
1460 1374 1486 1400 in
1506 1366 1675 1407 insipientia,
1691 1372 1811 1399 maxima
1828 1371 1857 1398 in

1062 1419 1308 1454 lrrationabilitate,
1322 1420 1400 1455 inops
1414 1427 1497 1447 sensu
1513 1424 1597 1455 atque
1613 1418 1739 1448 scientia.
1758 1425 1857 1445 exsors

1061 1468 1212 1503 prudentia:
1228 1473 1256 1495 et
1276 1467 1444 1501 intellectus,
1466 1474 1526 1502 quae
1552 1467 1698 1494 maximam
1723 1465 1857 1500 insipien-

1062 1514 1127 1542 tiam
1144 1514 1191 1541 toti
1207 1514 1306 1541 mundo
1321 1513 1440 1545 invexit,
1454 1520 1514 1549 qua:
1528 1513 1693 1547 singularem
1712 1511 1858 1539 irrationa-

1063 1559 1194 1588 bilitatem
1213 1560 1336 1588 omnium
1361 1558 1514 1587 mortalium
1537 1559 1638 1586 sarculo
1654 1558 1777 1591 induxit,
1800 1562 1857 1584 tum

1061 1611 1171 1642 peccata
1186 1611 1269 1642 atque
1288 1611 1391 1634 mortes
1411 1613 1521 1641 semper
1535 1613 1583 1640 per
1598 1604 1811 1633 iuobedientiam
1829 1605 1856 1631 in

1060 1652 1162 1680 mundo
1177 1652 1316 1688 produxit.
1332 1651 1416 1687 Hujus
1430 1660 1502 1679 nunc
1516 1651 1658 1679 evidenter
1672 1658 1777 1678 memor
1791 1649 1855 1682 Job,

1059 1704 1088 1727 et
1101 1700 1135 1728 de
1148 1699 1198 1727 hac
1210 1699 1287 1727 uxori
1301 1706 1519 1727 commemorans
1533 1699 1601 1725 dixit
1617 1697 1652 1726 ad
1667 1705 1727 1725 eam
1741 1706 1748 1724 :
1765 1696 1858 1730 Quare

1060 1750 1184 1778 tauquam
1200 1754 1254 1773 una
1267 1753 1301 1773 ea:
1313 1745 1496 1780 insipientibus
1515 1743 1671 1774 mulieribus
1687 1742 1778 1770 locuta
1805 1750 1831 1769 es
1841 1742 1855 1769 2

1059 1790 1094 1818 Et
1108 1799 1161 1819 non
1178 1792 1225 1824 ita,
1238 1792 1284 1819 sed
1299 1792 1361 1827 plus
1373 1799 1408 1819 ac
1421 1790 1541 1818 deterius
1552 1794 1634 1825 atque
1647 1789 1768 1825 gravius.
1785 1787 1855 1815 Nam

1059 1842 1208 1865 meat-orata
1224 1837 1280 1865 Eva
1298 1846 1360 1866 cum
1386 1837 1468 1871 olim,
1492 1836 1597 1872 inquit,
1621 1835 1648 1863 in
1667 1834 1802 1870 principio
1819 1835 1855 1861 ad

1057 1883 1144 1912 Adam
1164 1883 1254 1913 locuta
1271 1889 1355 1917 esset,
1371 1888 1399 1911 et.
1414 1883 1570 1911 mandatum
1593 1881 1639 1909 Dei
1659 1879 1856 1915 derelinquere
1876 1908 1886 1919 ,

1058 1936 1119 1957 eum
1139 1930 1251 1958 doceret
1272 1934 1353 1965 atque
1369 1929 1531 1962 seduceret,
1548 1927 1735 1963 persuasionis
1756 1933 1854 1958 causa.

1058 1974 1123 2011 ligni
1152 1976 1270 2011 speciem
1296 1980 1325 2004 et
1350 1976 1456 2004 fructus
1482 1973 1652 2002 dulcedinem
1678 1972 1788 2008 protulit
1815 1972 1854 2000 illi

1057 2027 1139 2057 atque
1154 2022 1283 2049 ostendit.
1299 2021 1339 2049 'l‘u
1361 2028 1441 2054 vero,
1458 2027 1474 2048 ο
1496 2020 1606 2053 mulier.
1630 2019 1698 2047 foris
1720 2019 1755 2046 ab
1776 2017 1854 2046 omni

1057 2067 1210 2100 occasione,
1232 2068 1337 2094 detecta
1359 2066 1511 2101 impietate,
1536 2065 1621 2093 Deum
1644 2069 1770 2093 sanctum
1794 2062 1854 2090 bla-

1058 2113 1202 2149 sphemare
1215 2117 1242 2140 et
1262 2112 1327 2140 mihi
1347 2112 1397 2148 ipsi
1421 2117 1537 2140 mortem
1554 2110 1754 2143 inferredoees,
1769 2115 1853 2144 atque

1057 2164 1120 2187 ante
1134 2165 1229 2186 onmes
1243 2158 1338 2186 merito
1351 2158 1432 2193 digne
1446 2164 1462 2185 a
1477 2165 1520 2185 me
1536 2157 1614 2184 audis
1627 2165 1634 2184 ε
1652 2155 1708 2183 Cur
1724 2161 1854 2190 tanquam

1058 2213 1111 2232 una
1132 2212 1165 2232 ex
1183 2203 1366 2238 insipientibus
1387 2202 1545 2231 mulieribus
1560 2203 1649 2230 locuta
1664 2202 1713 2229 es.’
1731 2201 1789 2234 Tu,
1808 2200 1852 2228 iu-

216 2247 346 2282 suscipio.
362 2247 465 2282 Aguovi
488 2248 561 2275 enim
576 2249 649 2283 quod
672 2247 831 2283 nequissimi
857 2248 1006 2276 adversarii
1023 2245 1045 2273 D
1058 2250 1128 2285 quit,
1142 2257 1159 2276 ο
1172 2249 1280 2283 mulier,
1294 2248 1366 2277 facta
1381 2256 1412 2276 es
1425 2248 1545 2276 deterior
1560 2248 1617 2276 Eva
1635 2247 1662 2275 in
1681 2246 1851 2281 insipientia.

217 2293 299 2321 letale
314 2300 450 2320 venetmm
464 2299 516 2321 est.
531 2293 620 2327 Quare
632 2295 699 2321 sicut
711 2302 763 2321 una
777 2301 810 2321 ea:
823 2294 1007 2330 insipientibus

216 2338 373 2366 mulieribus
400 2339 438 2366 ita
455 2338 542 2366 locuta
557 2340 604 2368 es?
617 2340 640 2367 Δ
653 2347 708 2375 quo
729 2347 839 2368 sensum
855 2345 884 2367 et
900 2341 1008 2376 sapien-

207 2385 283 2424 tiam
306 2384 452 2419 accepisti,
477 2385 550 2413 hunc
567 2385 706 2414 criminari
734 2393 787 2414 non
813 2387 968 2421 perpeeisti.
983 2386 1004 2414 Δ

217 2438 273 2466 quo
298 2431 471 2466 prudentiam
501 2436 529 2458 et
561 2431 726 2460 intellectum
759 2433 905 2468 accepisti,
936 2426 1012 2459 hunc'

217 2477 407 2512 blasphemare
430 2485 483 2505 non
508 2477 634 2506 timuisti.
660 2478 715 2507 Cur
737 2484 865 2514 tanquam
895 2487 948 2506 una
974 2486 1007 2506 ex

202 2523 400 2563 insipientibus
414 2523 568 2551 mulieribus
580 2523 669 2551 locuta
689 2524 737 2552 es?
752 2524 891 2557 Plurimae,
908 2525 1005 2560 inquit,

216 2578 234 2597 ο
249 2570 358 2603 mulier,
375 2577 391 2597 a
409 2569 679 2604 sarculo-insipientes
692 2571 874 2598 ostenduntur
887 2570 1005 2604 feminas,

215 2621 244 2644 et
258 2616 410 2644 innumera:
424 2617 459 2645 ah
473 2616 553 2645 initio
569 2617 771 2645 irrationabiles
784 2616 1007 2645 demonstrantur

216 2662 358 2696 mulieres,
378 2662 438 2697 alia:
455 2663 566 2696 minus,
587 2662 648 2690 alia:
665 2667 756 2691 autem
779 2663 857 2699 plus,
883 2663 1004 2698 quadam

215 2709 373 2742 carnaliter,
389 2709 514 2743 quedam
539 2714 628 2737 autem
654 2709 843 2745 spiritualiter.
867 2708 1004 2744 lnsipiens

216 2754 266 2782 fuit
279 2754 382 2782 Rachel
395 2755 504 2790 quando
517 2756 581 2783 dicit
595 2756 629 2783 ad
639 2754 723 2783 Jacob
735 2764 742 2783 :
756 2755 798 2783 Da
813 2754 876 2782 mihi
889 2754 959 2789 [ilics
968 2754 1002 2782 ¹⁸.

216 2799 274 2828 Non
288 2801 360 2828 enim
377 2801 406 2828 in
425 2806 558 2836 potestate
577 2800 663 2830 Jacoh
677 2806 740 2829 erat
762 2801 824 2834 hoc,
840 2801 887 2829 sed
909 2801 936 2828 in
954 2800 1003 2829 Dei

1059 2296 1106 2323 sed
1117 2302 1178 2331 ego.
1197 2295 1246 2328 ait,
1260 2302 1314 2322 non
1326 2294 1439 2322 effectus
1453 2301 1513 2321 sum
1527 2297 1558 2321 ut
1571 2293 1658 2320 Adam
1676 2292 1702 2320 in
1721 2291 1851 2319 stultitia.

1058 2341 1206 2376 Propterea
1221 2341 1275 2368 tuis
1289 2340 1495 2368 seductionihus
1514 2346 1567 2367 non
1579 2338 1690 2370 ohedio,
1705 2342 1851 2373 propterea

1060 2395 1113 2415 non
1138 2387 1254 2414 seducor
1278 2387 1313 2414 ab
1338 2394 1372 2414 eo
1389 2386 1436 2421 qui
1462 2386 1488 2413 in
1516 2389 1544 2413 te
1567 2385 1688 2420 loquitur
1712 2383 1851 2412 diabolus.

1060 2434 1148 2466 Quare
1163 2439 1289 2468 tanquam
1309 2441 1362 2460 una
1381 2440 1415 2460 es:
1438 2431 1622 2467 insipientibus
1637 2430 1793 2457 mulieribus
1810 2430 1852 2456 lo-

1058 2484 1120 2506 cuta
1133 2479 1182 2507 es.’
1196 2478 1313 2506 Fortiori
1334 2478 1427 2514 pratiio
1440 2478 1496 2512 jam
1510 2477 1645 2509 confecto,
1671 2475 1852 2511 periculosio-

1059 2525 1135 2552 ribus
1155 2525 1296 2553 doloribus
1309 2525 1366 2560 jam
1381 2524 1565 2560 supportatis,
1588 2522 1773 2550 amarioribus
1794 2526 1850 2549 tor-

1059 2571 1158 2599 mentis
1170 2571 1227 2606 jam
1242 2570 1381 2605 haiulstis,
1395 2570 1508 2598 terribili
1528 2569 1622 2604 pelago
1635 2569 1691 2604 jam
1706 2572 1848 2603 superato.

1056 2617 1306 2644 vehementioribus
1328 2617 1457 2652 periculis
1476 2616 1533 2652 jam
1554 2614 1767 2647 consummatis,
1785 2621 1847 2641 cum

1054 2662 1112 2697 jam
1136 2663 1232 2690 salutis
1250 2670 1312 2698 spes
1327 2664 1416 2698 palam
1433 2663 1485 2695 sit,
1507 2669 1569 2689 cum
1591 2661 1646 2696 jam
1662 2659 1849 2687 immarcesci-

1057 2708 1124 2736 biles
1137 2716 1244 2736 corona:
1258 2709 1401 2736 evidenter
1417 2708 1607 2740 ostendantur,
1624 2713 1696 2734 nunc
1712 2713 1756 2733 me
1772 2712 1848 2735 com-

1057 2754 1149 2790 pellis,
1167 2762 1184 2782 ο
1202 2754 1309 2787 mulier,
1336 2754 1419 2782 Deum
1443 2754 1632 2789 blasphemare
1653 2758 1681 2780 et
1699 2751 1793 2780 mori:
1817 2755 1848 2784 ut

1057 2806 1117 2836 post
1130 2807 1162 2829 ea
1174 2801 1264 2829 omnia
1279 2801 1449 2829 amarissima
1463 2808 1496 2829 ac
1511 2799 1691 2834 miserabilia,
1703 2803 1788 2834 atque
1805 2798 1845 2831 la-

253 2878 312 2900 "o"
330 2878 398 2906 Gen.
412 2886 477 2914 xxx,
491 2878 517 2907 ι.
556 2879 577 2896 ⁸³
597 2879 667 2908 Gen.
684 2886 778 2913 xxxix,
801 2879 827 2907 7.
866 2878 889 2896 ³⁸
908 2878 976 2908 Toh.
992 2887 1007 2908 Il

1059 2879 1095 2908 Β.
1143 2880 1164 2896 ¹¹
1184 2880 1268 2908 Judic.
1285 2888 1340 2912 xvr,
1359 2879 1454 2908 l7-‘21.
