1909 3080
73 141 115 168 ιιιθ

603 134 791 163 ANONYMUS
810 133 844 161 IN
863 133 931 161 JOB.
951 149 985 154 -——
1004 132 1067 160 LIB.
1089 133 1120 160 II.

1613 135 1666 161 ιειο

72 199 207 229 mentahilia
230 197 355 232 supplicia
376 204 435 231 quae
459 197 592 229 sustinui,
606 197 769 224 beatissimis
785 204 828 224 re-
843 200 866 228 Α
882 195 967 230 Super
982 195 1039 221 haec
1058 198 1148 222 autem
1174 194 1265 221 omnia
1292 201 1379 229 neque
1396 194 1448 222 hoc
1468 194 1663 225 considerasti.

72 245 280 274 munerationibus
306 248 365 278 post
391 245 446 270 luce
467 243 571 270 alit-nus
595 243 709 274 elliciar,
723 247 750 269 et
773 246 825 268 non

71 293 142 320 solum
157 291 211 322 hoc,
233 290 277 316 sed
299 294 326 316 et
347 293 407 323 post
423 293 535 315 mortem
556 289 716 315 terribilium
735 295 827 323 poena-

72 346 119 366 rum
136 336 197 372 apud
216 335 315 362 inl‘eros
333 339 461 369 perpetuo
478 335 563 361 ltzcres
586 335 648 365 sim,
665 339 758 368 utpote
781 334 825 368 qui

70 384 161 418 indigne
182 386 258 416 atque
282 381 378 415 injuste
401 385 524 408 sanctum
541 381 624 407 Deum
652 380 825 414 blasphema-

70 429 149 456 rerim.
164 427 221 455 Post
236 427 290 453 hanc
308 427 444 455 universa,
459 433 475 452 o
491 425 597 456 mulier,
616 425 780 452 maledicere
794 432 826 451 ae

69 482 152 510 negare
165 478 240 507 atque
258 472 443 505 hlasphemare
461 479 502 497 me
518 470 599 497 Detuu
616 470 773 504 compellis?
787 469 827 498 0b

68 528 133 556 quam
146 518 216 546 rem?
231 518 325 544 Dicito.
340 517 380 545 01)
397 517 458 548 hoc,
481 516 578 550 inquit,
594 521 622 542 ιιι
644 515 778 547 moriaris,
797 520 826 542 ut

68 566 123 594 mala
140 572 193 600 quae
213 568 238 591 te
263 570 331 590 nunc
358 562 612 592 circumdederunt,
640 561 823 596 derelinquas.

67 612 132 638 Bene.
144 610 207 637 Audi
224 609 330 636 iterum.
350 608 433 635 Porro
450 608 473 635 si
490 615 541 635 non
559 608 690 642 placuerit
705 607 760 634 Deo
777 607 824 642 qui

66 657 131 685 habet
147 656 203 682 vita:
219 663 250 682 ac
268 655 363 681 mortis
387 658 559 688 potestatem,
576 658 604 680 nt
622 658 763 687 postquam
783 661 825 679 re-

65 709 176 738 ncgavero
193 701 264 728 illutn
278 708 310 727 ac
325 700 491 727 tnaledixero
504 704 586 734 atque
603 699 825 733 blasphemavero

65 749 171 775 continuo
188 748 296 778 moriar,
321 747 366 773 sed
391 746 472 773 etiam
502 746 545 773 hic
571 746 597 772 in
622 746 682 773 istis
708 746 825 773 terrenis

65 794 179 821 doloribus
193 793 293 820 diutius
316 790 430 826 adligat.
453 796 544 826 utpote
569 799 647 818 suum
674 796 823 826 apostatam

64 845 85 868 et
103 839 148 866 illis
170 839 276 866 teternis
302 838 389 874 plenis
407 837 506 868 tradat,
529 842 622 872 utpote
645 845 673 864 se
697 838 823 872 blasphe-

879 249 911 268 nc
936 240 1005 267 forte
1021 243 1080 275 post
1101 239 1298 273 blasphemiam
1323 241 1345 267 si
1369 240 1408 268 sic
1435 240 1665 275 blasphemaveri-

879 295 947 319 mus,
962 286 1095 313 deteriora
1116 286 1170 319 pali
1188 286 1360 320 incipiamus.
1375 286 1463 319 Quare
1475 291 1599 320 tanquam
1612 294 1664 314 una

877 340 909 359 ea:
923 332 1103 366 insipientibus
1118 331 1270 358 mulieribus
1286 331 1373 358 locuta
1388 333 1437 359 es?
1451 332 1508 366 Ego
1525 334 1624 366 patior,
1638 337 1667 359 et

876 383 904 406 tu
926 385 969 404 me
992 377 1181 412 blasphemare
1203 378 1353 412 compellis.
1378 378 1433 413 Ego
1453 378 1567 413 allligor,
1586 384 1613 406 et
1637 384 1664 405 tu

878 429 907 451 ut
924 429 1036 451 mortem
1063 428 1151 458 petam
1171 431 1213 451 me
1231 426 1314 459 cogis.
1330 425 1384 459 Ego
1401 425 1468 451 tales
1482 425 1590 452 dolores
1604 433 1666 453 sus-

877 470 964 502 tineo,
990 474 1016 496 et
1052 474 1079 496 tu
1118 477 1160 496 me
1183 476 1272 496 meum
1297 470 1452 498 Creatorem
1479 471 1665 506 blasphemare

877 515 970 548 doces,
985 520 1014 542 ut
1030 515 1098 542 mala
1119 516 1207 548 malls,
1221 521 1302 550 atque
1316 517 1424 544 dolores
1441 517 1581 544 doloribus
1595 519 1663 545 meis

877 560 999 594 adiicias,
1013 569 1029 588 ο
1045 561 1152 594 mulier,
1168 561 1210 588 vel
1235 563 1325 596 potius
1340 563 1362 590 is
1385 563 1429 597 qui
1455 563 1481 590 in
1505 568 1542 595 te,
1558 564 1598 590 vel
1615 571 1664 598 per

877 611 904 633 te
920 607 1039 641 loquitur
1064 607 1189 634 inimicus
1207 607 1340 635 diabolus.
1355 608 1444 641 Quare
1459 616 1524 644 ergo
1540 614 1663 644 tanquam

876 661 928 679 una
957 661 989 679 ea:
1019 653 1202 686 insipientibus
1228 654 1382 681 mulieribus
1406 654 1494 681 locuta
1531 655 1583 681 es?
1620 655 1666 682 Sic

876 699 965 726 locuta
990 704 1032 726 est
1055 704 1115 734 post
1133 700 1200 732 hate,
1214 700 1261 733 ait,
1284 700 1393 728 Jezabel
1418 701 1451 727 ad
1467 701 1560 728 Achab
1574 703 1608 734 η,
1626 702 1665 729 sic

875 745 963 772 locuta
983 749 1024 772 est
1041 744 1171 773 Ilerodias
1193 746 1227 772 ad
1253 745 1384 773 Herodem
1400 747 1434 779 ³⁸,
1454 754 1514 773 cum
1531 747 1575 774 illa
1600 755 1666 774 sane

877 790 963 818 Eliam
979 791 1143 823 interﬁcere,
1160 792 1212 819 ista
1231 800 1295 819 vero
1308 791 1438 819 Joannem
1457 793 1582 820 occidere
1603 801 1666 820 sua-

876 837 968 868 deret.
990 842 1017 865 et
1040 842 1152 866 czcteras
1167 846 1261 866 omnes
1287 839 1441 873 impietates
1458 847 1504 867 eos
1522 840 1661 867 docerent.

64 891 172 912 titantem.
196 884 223 912 Si
249 885 331 919 igitur
355 883 479 911 serviens
505 883 542 910 illi
569 888 597 910 et
623 883 716 910 colens
742 888 825 918 atque
842 880 862 907 Β
878 883 937 916 Sic,
954 884 1051 919 inquit,
1064 889 1090 910 et
1105 889 1144 917 tu,
1159 892 1175 911 o
1193 885 1422 917 mulier,mortcm
1442 886 1506 912 mihi
1523 891 1604 920 atque
1623 887 1665 914 ἰη-

64 931 146 966 gratias
160 938 248 966 agens.
266 930 333 957 tales
348 930 469 956 sustineo
486 929 604 961 dolores,
627 929 718 963 qualia
743 929 827 956 susti-

64 985 124 1004 neam
136 977 202 1012 apud
218 977 321 1004 inl'eros
336 975 477 1010 supplicia,
491 982 507 1001 ο
523 974 630 1005 mulier,
645 975 666 1001 si
685 975 826 1002 discedens

64 1023 139 1050 abillo
156 1029 285 1057 negavero
307 1027 331 1048 et
351 1028 466 1048 renuere
482 1025 563 1054 atque
583 1019 825 1054 blasphemavero?

61 1067 114 1096 tiam
128 1069 232 1095 istorum
251 1067 472 1095 brevissimorum
489 1065 613 1092 dolorum
640 1073 708 1100 quos
722 1065 748 1092 in
766 1073 827 1092 cor-

62 1115 166 1150 ruptione
185 1114 306 1141 sustineo
319 1113 370 1139 crit
389 1113 466 1142 linis,
488 1118 515 1138 et
532 1119 592 1138 cum
616 1111 762 1146 gratiarum
779 1118 825 1138 ae-

61 1161 161 1187 tionihus
175 1160 222 1187 hos
239 1167 326 1194 usque
341 1159 366 1185 in
384 1159 463 1185 linem
482 1158 620 1184 sustinens
637 1161 746 1183 :eternte
764 1157 826 1183 hea-

62 1206 164 1233 titudiuis
184 1213 197 1232 a
219 1206 276 1232 Deo
301 1212 378 1239 spero
399 1203 464 1230 mihi
491 1203 748 1230 remunerationem.
773 1201 826 1230 Illis

60 1258 134 1280 autem
148 1253 188 1286 qui
216 1251 300 1278 Deutu
329 1249 572 1284 blasphemaverint
603 1249 703 1275 diutius
732 1248 824 1275 viven-

61 1298 118 1325 tibus
131 1297 154 1325 in
167 1305 298 1337 corpore,
313 1304 352 1323 vm
366 1295 431 1323 erit.
455 1295 518 1322 Plus
536 1300 624 1322 autem
647 1295 700 1322 erit
715 1302 755 1321 va:
773 1294 825 1322 illis

60 1344 116 1378 apud
141 1343 246 1374 inferos,
273 1350 335 1370 cum
362 1342 390 1369 in
418 1345 546 1376 perpetua
575 1339 772 1375 torquebuutur
797 1340 823 1366 iu

60 1389 148 1417 Iamma
162 1391 230 1425 ignis
252 1387 494 1421 iucxstinguihilis.
510 1386 598 1419 Quare
616 1393 682 1421 ergo
699 1391 823 1421 tanquam

59 1444 102 1462 lae
126 1442 154 1462 ea
174 1435 357 1470 insipientibus
384 1433 538 1460 mulieribus
551 1431 637 1459 larum
650 1432 700 1458 es?
717 1439 776 1458 cum
799 1435 825 1459 et.

59 1481 127 1508 Deum
147 1481 334 1516 blasphemare
359 1480 467 1512 suades,
488 1483 515 1506 et
538 1479 604 1505 mihi
633 1478 682 1512 ipsi
708 1482 823 1504 mortem

57 1533 125 1562 atque
147 1527 355 1555 internecionem
380 1530 409 1552 ut
436 1531 577 1560 procurem
605 1524 702 1556 doces,
726 1523 824 1558 quibus

57 1575 153 1608 nequius
176 1579 257 1609 atque
286 1573 447 1600 sceleratius
474 1571 542 1598 nihil
568 1575 618 1598 est.
640 1569 727 1597 Omne
751 1570 824 1597 enim

58 1624 177 1653 peccatum
194 1627 242 1655 per
260 1618 448 1654 pteuitentiam
476 1616 671 1650 indulgentiam
690 1616 822 1650 accipiet,

57 1670 78 1692 et
97 1673 180 1693 omnes
194 1666 237 1700 qui
257 1664 402 1692 sinceriter
427 1662 620 1697 pmnituerinl,
638 1662 823 1689 remissionem

57 1715 77 1738 et
93 1707 296 1739 misericordiam
321 1718 336 1737 ει
354 1710 408 1737 Deo
433 1712 633 1743 consequentur
649 1713 731 1741 atque
748 1708 824 1734 inve-

57 1757 127 1784 nient.
150 1758 178 1785 Hi
203 1765 270 1785 vero
291 1757 338 1791 qui
372 1755 530 1789 semetipsos
562 1752 759 1785 interfecerint,
774 1753 822 1787 qui

56 1804 212 1839 sibimetipsis
231 1808 347 1830 mortem
364 1801 520 1833 intulerint,
547 1807 685 1833 nunquam
702 1799 823 1832 requiem

56 1849 175 1877 habebunt
198 1850 242 1877 isti
273 1849 297 1875 in
325 1848 428 1875 intinita
449 1845 564 1878 saecula,
586 1852 724 1879 nunquam
747 1844 824 1870 inve-

56 1895 117 1922 nient
140 1896 325 1931 refrigerium,
349 1894 394 1921 sed
418 1893 514 1919 anima:
541 1898 634 1918 eorum
654 1897 714 1917 mox
740 1894 768 1915 ut
792 1889 824 1915 de

55 1949 151 1976 corpore
180 1942 316 1971 exierint,
343 1940 368 1966 in
396 1939 524 1966 tenebras
558 1937 754 1964 deducentur:
779 1935 823 1960 ubi

56 1995 105 2014 cum
121 1987 182 2014 Iuda
208 1992 235 2014 et
263 1984 423 2019 Acltitophel
451 1988 581 2018 perpetuo
615 1981 822 2016 torquebuutur,

56 2034 91 2067 qui
111 2038 164 2068 post
187 2033 255 2060 alias
282 2031 435 2065 impietates
460 2027 636 2062 sibimetipsis
661 2034 755 2053 manus
779 2027 823 2052 ln-

56 2077 114 2106 l‘erre
131 2079 186 2106 ausi
213 2078 334 2106 luerunt.
358 2075 452 2102 Nullus
478 2082 543 2109 ergo
573 2081 605 2100 ex
631 2073 698 2100 bene
726 2072 823 2099 intelli-

55 2125 162 2159 gentihus
183 2125 224 2152 vel
250 2125 334 2151 Deum
362 2121 521 2149 timentibus
549 2118 704 2146 hominibus
729 2117 824 2144 mortis

56 2177 148 2198 ausam
163 2171 213 2199 sibi
239 2170 322 2197 debet
336 2169 466 2197 invenire,
482 2173 534 2193 non
551 2165 629 2192 debet
646 2164 822 2198 semetipsum

56 2216 200 2249 interﬁcere,
225 2222 314 2250 neque
336 2214 446 2241 omnino
470 2212 538 2238 ullus
563 2211 646 2237 Deum
672 2209 822 2236 timentium

56 2259 121 2286 debet
133 2260 269 2293 semetipsi
288 2263 401 2285 mortem
418 2261 523 2290 optare.
538 2255 613 2288 Quod
628 2254 649 2281 si
670 2254 753 2280 verho
769 2260 825 2280 om-

55 2304 108 2331 nino
129 2313 200 2333 mors
224 2304 342 2340 optanda
363 2311 418 2330 non
435 2306 487 2334 est,
505 2301 589 2328 multo
607 2299 693 2334 magis
711 2303 825 2326 mortem

56 2349 122 2377 Iactis
142 2352 231 2379 nullus
253 2350 305 2378 sibi
329 2350 408 2376 debet
429 2348 545 2381 inferre,
567 2353 599 2373 ne
622 2353 683 2373 cum
709 2344 828 2379 prtelatis

55 2397 149 2424 aeternis
170 2397 241 2432 apud
269 2395 371 2424 inleros
390 2394 514 2422 tradatur
538 2392 691 2420 tormentis.
712 2390 752 2418 0b
777 2392 828 2418 hoc

55 2448 109 2477 ergo
125 2444 188 2470 dicit
209 2443 260 2470 Job
284 2443 317 2469 ad
335 2441 483 2472 diabolutn,
516 2439 562 2474 qui
588 2438 684 2465 mortis
707 2437 744 2464 illi
768 2437 827 2463 bla-

55 2488 190 2522 sphemiam
215 2488 347 2516 suadebat
365 2497 371 2515 :
390 2487 477 2520 Quare
494 2490 617 2519 tanquam
631 2492 683 2510 una
707 2491 738 2510 ea:
759 2482 824 2508 insi-

55 2534 168 2566 pientibus
182 2535 338 2562 mulieribus
360 2533 448 2560 locuta
464 2532 509 2559 es?
532 2532 570 2558 Ac
594 2530 675 2558 veluti
699 2530 824 2556 diceret:

54 2578 130 2611 Quare
148 2586 275 2615 tanquam
299 2588 333 2607 ex
358 2578 548 2614 insipientibus
566 2577 709 2603 animabus
734 2574 824 2605 fatuis,

55 2626 188 2659 sceleratis,
202 2627 301 2660 impiis,
319 2625 375 2653 Deo
389 2625 546 2657 odibilibus,
562 2624 617 2650 Deo
632 2621 821 2649 resistentibus

55 2670 85 2697 ita
98 2671 179 2700 locuta
196 2673 242 2700 es?
263 2673 330 2706 Quia
348 2679 398 2698 nec
414 2672 497 2698 Deum
516 2671 606 2701 times,
626 2675 714 2703 neque
735 2668 822 2693 virum

54 2718 154 2746 vereris.
175 2726 262 2752 neque
288 2718 400 2753 teipsam
427 2715 586 2743 confusione
607 2714 714 2745 induis,
737 2719 824 2746 neque

53 2761 298 2796 vehementioribus,
323 2768 369 2790 aut
396 2762 463 2789 meis
487 2761 625 2788 doloribus
649 2757 824 2793 cotnpateris.

83 2843 103 2860 "
119 2844 150 2872 Ill
168 2844 236 2879 Reg.
251 2853 305 2871 tux.
343 2845 366 2861 “
387 2844 480 2870 Matth.
495 2851 550 2871 xiv.
589 2843 612 2859 υ
631 2841 702 2870 Psal.
720 2847 780 2873 xut,
799 2839 824 2866 I.

204 2893 337 2923 ΡΑτιιοι..
359 2891 417 2922 Gtt.
434 2891 534 2922 XVII.

877 929 1056 957 terneciouem
1073 937 1120 965 per
1136 930 1182 957 Dei
1215 930 1410 965 blasphemiam
1432 931 1541 964 suades,
1557 936 1586 958 ιιι
1602 939 1662 959 cum

875 974 926 1001 hoc
942 976 1012 1010 quod
1029 975 1099 1002 male
1115 976 1226 1008 morior,
1247 984 1307 1003 ettm
1323 977 1372 1004 hoc
1388 977 1447 1011 ipso
1471 977 1570 1012 injuste
1604 977 1662 1004 bla-

878 1020 1030 1054 sphentem.
1046 1020 1098 1047 Sed
1108 1021 1197 1055 vigilo,
1213 1021 1312 1056 inquit,
1329 1022 1354 1048 in
1370 1023 1463 1056 proelio
1479 1023 1550 1056 quod
1565 1023 1662 1050 adver-

875 1072 933 1091 stun
949 1070 974 1092 te
990 1073 1066 1101 gero,
1079 1073 1095 1093 o
1109 1066 1226 1098 diabole,
1241 1067 1288 1094 sed
1304 1075 1355 1094 non
1374 1068 1515 1095 obdormio
1532 1068 1557 1095 in
1574 1068 1662 1096 stadio

875 1111 946 1145 quod
963 1111 1034 1137 circa
1053 1116 1078 1138 te
1093 1111 1190 1144 habeo,
1207 1119 1223 1139 ο
1241 1113 1405 1146 nequissime
1419 1114 1584 1141 adversario.
1601 1113 1660 1141 Non

874 1155 947 1182 enim
968 1156 1191 1184 obdormitantem
1209 1157 1341 1189 invenies,
1361 1159 1588 1193 quemadmodum
1606 1159 1661 1194 jam

875 1206 1048 1234 memoratos,
1063 1209 1149 1236 neque
1164 1203 1344 1231 dormientem
1361 1204 1431 1231 sicut
1449 1205 1507 1232 illos
1523 1205 1548 1232 in
1565 1207 1664 1240 quibus

867 1251 935 1279 post
953 1246 1003 1273 hoc
1027 1245 1106 1274 facile
1125 1247 1228 1273 zizauia
1256 1247 1435 1275 iuseminasti.
1461 1248 1509 1282 Te,
1526 1249 1623 1283 inquit,
1647 1257 1665 1277 ο

876 1291 995 1326 inimice,
1018 1299 1065 1326 per
1081 1293 1172 1320 uxoris
1188 1300 1329 1328 personam
1346 1294 1464 1329 increpo.
1480 1294 1520 1321 Τιι
1537 1295 1608 1322 enim
1624 1296 1664 1322 ln-

875 1337 978 1372 sipiens
992 1345 1021 1364 es
1038 1342 1119 1371 atque
1137 1338 1222 1365 totius
1246 1338 1394 1372 impietatis
1416 1345 1511 1367 auctor
1527 1345 1555 1367 et
1577 1345 1661 1374 pater,

876 1388 901 1410 te
916 1383 1000 1411 etiam
1015 1391 1062 1418 per
1076 1384 1127 1411 hoc
1142 1384 1228 1411 sancti
1243 1385 1317 1411 velut
1331 1385 1502 1419 insipientem
1519 1391 1663 1421 arguentes

875 1430 964 1457 dicent
977 1439 983 1456 :
998 1430 1068 1456 Dixit
1081 1430 1207 1464 insipiens
1219 1430 1246 1457 in
1259 1431 1336 1457 corde
1349 1439 1414 1459 suo:
1426 1431 1486 1459 Non
1497 1437 1536 1459 est
1550 1432 1619 1460 Deus
1628 1433 1659 1460 “.

874 1476 926 1508 Tu,
949 1476 1045 1510 inquit,
1060 1483 1077 1503 o
1094 1476 1209 1508 diabolo,
1227 1477 1251 1503 iu
1272 1477 1461 1512 antiquissima
1485 1478 1531 1505 illa
1549 1479 1661 1506 muliere

876 1523 1024 1550 rraximam
1041 1522 1224 1557 insipientiam
1241 1523 1420 1555 inscminasti,
1437 1528 1463 1551 ct
1484 1524 1509 1550 in
1527 1524 1578 1551 ista
1592 1532 1664 1552 nunc

878 1568 992 1596 muliere
1020 1568 1130 1603 impiam
1165 1568 1347 1602 insipientiam
1382 1569 1544 1603 produxisti.
1569 1569 1666 1597 Merito

877 1615 938 1642 dico
955 1614 988 1641 ad
1004 1613 1076 1641 illam
1090 1623 1097 1641 :
1115 1614 1203 1647 Quare
1225 1619 1351 1649 tanquam
1366 1623 1418 1642 una
1433 1623 1465 1642 ex
1482 1616 1664 1648 insipientibus

877 1660 1031 1687 mulieribus
1044 1660 1131 1687 locum
1147 1662 1194 1688 ea?
1212 1660 1249 1688 Te
1267 1661 1429 1692 recolentes,
1445 1669 1461 1688 ο
1478 1662 1584 1694 mulier,
1603 1667 1664 1696 post

879 1707 929 1733 hoc
945 1705 1092 1740 prophetae,
1108 1710 1135 1733 et
1153 1706 1252 1732 malum
1267 1711 1347 1741 atque
1362 1707 1495 1741 insipiens
1509 1711 1583 1734 tuum
1597 1715 1663 1735 con.

877 1751 966 1778 silium
980 1751 1084 1778 duriter
1100 1751 1265 1778 detestantes
1282 1751 1409 1778 dixerunt
1423 1761 1429 1779 :
1446 1752 1466 1778 Α
1490 1753 1601 1787 conjuge
1617 1758 1664 1780 tua

878 1801 902 1823 te
918 1797 1033 1828 observa,
1054 1804 1085 1823 ne
1103 1797 1167 1831 quid
1190 1796 1287 1823 dixeris
1311 1797 1350 1823 illi
1364 1797 1398 1829 “,
1425 1802 1451 1824 et
1467 1798 1521 1825 alia
1548 1799 1663 1833 plurima

877 1843 920 1870 his
940 1842 1048 1869 similia.
1065 1842 1129 1869 Post
1151 1850 1211 1876 qum.
1234 1842 1359 1869 ttniversa
1383 1843 1482 1876 adjecit
1501 1845 1593 1871 dicens
1611 1854 1617 1871 :
1634 1843 1664 1871 Si

878 1889 944 1915 bona
964 1888 1125 1922 suscepimus
1139 1889 1171 1914 de
1187 1896 1268 1914 mamt
1291 1888 1406 1921 Domini,
1422 1889 1493 1916 mala
1514 1897 1595 1924 quare
1611 1899 1662 1916 non

878 1935 1017 1960 toleremus
1031 1933 1069 1960 "1'
1089 1934 1216 1965 Advertc,
1242 1934 1342 1968 inquit,
1367 1942 1383 1961 o
1407 1935 1547 1969 insipiens,
1574 1937 1666 1962 consi-

878 1980 942 2006 dera
969 1979 1089 2013 deposita
1114 1978 1239 2010 stultitia,
1258 1988 1274 2006 ο
1300 1979 1406 2006 mulier.
1433 1979 1463 2006 Si
1485 1980 1552 2006 bona
1575 1988 1662 2008 tusc:-

876 2025 961 2060 pimus
990 2025 1021 2051 de
1042 2033 1120 2051 manu
1147 2024 1265 2055 Domini.
1292 2025 1363 2051 mala
1389 2031 1476 2051 autem
1503 2034 1584 2060 quare
1611 2035 1664 2053 non

878 2070 1040 2097 toleremus?
1064 2070 1180 2102 Gloria,
1204 2071 1316 2102 divitiae,
1344 2070 1520 2105 jucunditas,
1549 2071 1662 2103 deliciae,

877 2116 1040 2147 sublimitas,
1057 2116 1152 2148 honor,
1168 2115 1244 2149 regni
1268 2115 1357 2147 sedes,
1380 2116 1550 2149 principatus
1565 2122 1591 2144 et
1617 2125 1664 2152 po-

878 2165 998 2199 testates,
1017 2166 1141 2188 natorum
1159 2161 1285 2196 gaudium
1299 2165 1381 2195 atque
1403 2162 1552 2188 amicorum
1574 2163 1665 2190 multi-

878 2208 950 2237 tudo,
976 2207 1032 2234 haec
1056 2207 1165 2234 fuerunt
1178 2207 1260 2240 bona,
1274 2214 1333 2241 qua:
1347 2207 1380 2233 de
1399 2214 1479 2233 manu
1498 2208 1601 2234 Domini
1620 2217 1664 2235 ac-

877 2252 1006 2286 cepimus,
1030 2259 1088 2286 quae
1112 2252 1145 2278 de
1171 2259 1252 2278 manu
1279 2251 1382 2279 Domini
1403 2252 1463 2278 data
1489 2258 1551 2278 sunt
1575 2253 1662 2279 nobis.

875 2297 942 2324 Mala
962 2301 1051 2324 autem
1071 2297 1197 2328 fuerunt,
1218 2297 1257 2323 rei
1273 2295 1418 2324 familiaris
1434 2298 1566 2332 perditio,
1594 2297 1663 2325 libe-

877 2350 966 2370 rorum
996 2343 1118 2374 amissio,
1147 2342 1295 2376 putredinis
1324 2342 1507 2375 abundantia,
1532 2345 1663 2370 vermium

877 2389 1031 2420 multitudo,
1057 2395 1136 2422 ptena
1154 2388 1387 2422 insupportabilis,
1415 2389 1601 2416 intolerabiles
1616 2389 1665 2416 do-

881 2434 964 2466 lores,
987 2433 1109 2460 seductio
1133 2438 1214 2468 atque
1240 2434 1381 2461 subversio
1410 2434 1535 2469 maligni,
1559 2435 1664 2461 insidia:

880 2486 962 2514 atque
980 2479 1144 2507 tentationes
1169 2480 1282 2506 inimici.
1311 2480 1373 2507 Ilaec
1393 2481 1517 2507 universa
1535 2481 1603 2507 mala
1624 2481 1663 2507 vi-

878 2525 974 2552 dentur
988 2529 1015 2551 et
1032 2523 1101 2550 mala
1117 2524 1256 2556 dicuntur,
1273 2529 1354 2558 atque
1371 2524 1440 2551 mala
1455 2525 1488 2552 ab
1504 2525 1661 2552 hominibus

877 2571 1061 2603 aestimantur,
1084 2578 1137 2597 non
1155 2570 1226 2604 quod
1252 2570 1322 2596 mala
1348 2571 1404 2597 sint
1432 2572 1499 2604 haec,
1523 2572 1569 2598 sed
1599 2577 1663 2598 sunt

876 2620 976 2642 :eterna
1005 2615 1075 2642 bona
1109 2616 1298 2649 procurantia,
1326 2620 1460 2650 perpetrm
1487 2616 1663 2643 nihiloruinus

876 2661 968 2697 gloriae
1001 2661 1027 2689 iu
1055 2669 1137 2697 regno
1161 2660 1349 2688 hwreditatem
1385 2662 1575 2696 praeparantia.
1607 2662 1663 2689 Hoc

876 2708 981 2735 sciebat
1003 2707 1065 2740 Job,
1087 2712 1115 2734 et
1135 2709 1234 2734 merito
1250 2715 1310 2734 eum
1335 2707 1483 2742 gratiarum
1509 2707 1661 2734 actionibus

878 2761 908 2782 ea
924 2755 1058 2782 sustinere
1078 2761 1187 2789 operam
1208 2755 1301 2782 dabat.
1317 2754 1372 2782 Hoc
1391 2755 1663 2795 scierunt,propbet:a

864 2838 885 2855 "
906 2838 986 2866 Mich.
1009 2845 1057 2872 vit,
1076 2837 1102 2865 5.
1150 2838 1172 2853 “
1191 2836 1242 2865 Job
1257 2845 1287 2871 ιι,
1302 2836 1345 2864 I0.

1489 2884 1524 2913 16
