1909 3080
239 123 287 150 101

785 119 976 148 ANONYMUS
997 119 1029 146 ΙΝ
1048 119 1118 147 JOB.
1140 135 1173 140 --
1193 119 1257 146 LIB.
1279 118 1311 146 ll.

1813 119 1861 146 ‘92

240 188 268 210 et
281 183 396 218 apostoli
413 187 495 217 atque
515 181 605 209 cuncti
631 186 777 216 martyres.
794 181 938 215 Propterea
956 188 1027 207 ama-
1041 182 1064 210 Α
1079 184 1122 207 est
1144 180 1189 214 qui
1215 180 1285 207 hanc
1315 186 1421 213 pmnam
1446 177 1570 213 ingessit,
1596 178 1798 206 satisfaciamus
1826 179 1859 206 illi

241 228 402 258 ratn_vitam
420 228 445 254 iu
462 228 511 254 hoc
537 226 637 253 mundo
655 231 862 259 transegerunt,
885 231 1026 260 propterea

239 275 330 302 omnia
353 279 486 301 tormenta
511 273 580 308 ignis
595 278 623 300 ct
645 273 726 308 gladii
751 273 950 299 sustinuerunt.
971 272 1026 298 Hu-

240 328 319 347 mana
333 328 397 354 ergo
416 320 612 347 consuetudine
632 319 703 346 bona
726 323 753 346 et
776 319 846 345 mala
861 327 891 346 ea
910 319 1026 354 appellat

239 366 350 394 dicens:
369 365 400 393 Si
419 366 485 392 bona
501 365 649 398 accepimus
665 365 696 391 de
715 373 795 391 manu
816 364 931 395 Domini.
952 363 1024 390 mala

238 416 325 437 autem
339 419 420 445 quare
440 419 489 437 non
508 410 669 438 toleremus?
681 410 758 443 Cum,
776 410 874 444 inquit,
889 411 937 437 tibi
953 415 1025 438 esset

238 456 349 483 honoris
373 457 535 488 sublimitas,
557 464 619 484 cum
645 456 730 491 gloria
753 456 895 489 laztareris,
917 464 978 484 cum
996 457 1023 484 in

237 501 342 529 deliciis
358 502 490 536 degercs,
513 509 574 528 cum
591 501 734 530 multitudo
758 507 784 528 te
806 507 869 529 ante
891 507 918 528 et
939 507 1022 534 retro,

239 552 334 582 utpote
349 547 382 574 de
402 547 502 581 palatio
517 552 671 578 exeuntem.
695 552 722 574 et
746 548 890 575 identidem
910 547 955 575 illo
981 555 1022 574 re-

237 597 386 619 vertentem
412 600 472 619 cum
490 592 591 619 honore
616 593 738 620 exaltans
753 593 943 626 circumdaret,
959 601 1020 620 cum

238 637 285 664 lilii
313 641 376 664 ante
402 637 494 664 oculos
528 637 625 672 gaudio
649 642 674 664 te
700 639 849 673 replerent,
877 643 940 665 tunc
967 647 1020 666 non

237 682 345 714 dixisti,
363 690 379 710 ο
399 683 493 710 mulier
507 695 512 710 :
529 684 575 710 Dic
591 683 697 715 aliquod
722 685 842 717 verbum,
858 688 882 711 et
896 692 996 712 morere
1010 691 1020 710 :

237 732 301 754 tunc
321 733 433 755 mortem
460 729 569 756 omnino
603 737 653 757 nec
680 731 836 761 nominare,
858 737 907 756 nec
927 730 1020 757 audire

235 781 315 808 passa
339 781 378 802 es.
405 774 480 802 Nunc
503 780 590 803 autem
606 776 668 810 quia
686 783 728 802 res
745 775 885 804 familiaris
901 777 1016 810 interiit,

235 824 263 846 et
290 819 335 846 lilii
369 820 530 854 perierunt,
556 821 618 855 quia
646 821 730 856 gloria
758 821 842 856 fugit,
869 826 897 848 et
920 822 1019 849 divitiae

237 865 372 897 abierunt,
387 866 450 900 quia
469 866 538 893 mala
555 874 604 894 nos
625 867 794 899 invenerunt,
811 872 838 894 et
854 867 958 895 dolores
975 875 1018 902 ap-

234 911 450 945 prelientlerunt.
477 912 558 939 Deum
579 920 627 939 nos
652 912 840 948 blasphemare
859 913 1017 947 compellis,

233 958 268 984 ob
296 957 346 984 hoc
374 965 422 985 nos
451 958 648 992 reprehendere
675 959 775 991 doces,
801 964 941 993 propterea
970 966 1018 987 nos

233 1007 347 1029 mortem
365 1009 458 1038 petere
471 1004 556 1038 cogis,
576 1009 603 1031 et
619 1004 671 1031 hoc
694 1011 746 1031 non
760 1004 832 1038 jnste
847 1006 895 1032 sed
921 1005 1018 1039 injuste

233 1057 281 1084 per
298 1049 343 1076 Dei
367 1050 560 1084 blasphemiam
576 1059 583 1077 :
602 1055 629 1077 et
644 1050 716 1084 quod
731 1056 773 1078 est
787 1051 945 1083 maximum,
963 1059 1016 1079 non

234 1095 280 1121 tibi
305 1102 423 1121 amaram
451 1101 564 1122 mortem
581 1096 679 1130 poscis,
705 1095 751 1123 sed
777 1096 861 1122 mihi:
881 1101 908 1123 ut
931 1097 1017 1129 possis

231 1144 295 1174 post
314 1141 418 1167 obitum
438 1140 463 1167 in
482 1141 574 1175 requie
590 1142 691 1174 vivere,
714 1141 783 1167 sicut
801 1146 827 1168 lu
849 1149 953 1176 speras,
971 1149 1018 1169 ne-

232 1186 319 1213 sciens
335 1193 424 1220 neque
448 1187 560 1213 credens
583 1185 629 1213 Dei
647 1187 778 1214 bonorum
796 1187 1018 1221 promissionibus

232 1239 292 1266 quze
300 1232 333 1258 de
348 1231 426 1265 longe
434 1232 505 1259 videt
517 1232 575 1266 ejus
585 1233 733 1259 :eternitas.
743 1231 773 1260 Si
791 1233 857 1259 bona
872 1233 1016 1264 accepimus
1032 1243 1034 1245 ’

232 1277 264 1304 de
280 1285 360 1303 manu
377 1277 492 1309 Domini,
508 1278 579 1303 mala
594 1282 680 1304 autem
695 1286 777 1313 quare
792 1286 844 1305 non
859 1278 1018 1306 toleremus?

232 1322 262 1349 Si
287 1322 417 1350 bonorum
447 1324 529 1350 etiam
555 1323 693 1351 fastidium
720 1332 856 1359 nunquam
885 1325 1015 1359 cepimus,

232 1375 320 1402 neque
341 1368 422 1396 linem
446 1376 538 1396 eorum
560 1377 678 1404 unquam
703 1369 759 1396 fieri
785 1370 918 1402 volumus,
944 1370 1014 1398 mala

231 1419 322 1441 autem
348 1422 433 1449 quare
457 1423 509 1442 non
541 1415 705 1442 toleremus?
731 1415 929 1443 Tribuiationes
955 1425 1015 1444 cum

231 1460 383 1494 gratiarum
419 1461 571 1487 actionibut;
605 1468 688 1495 quare
721 1469 772 1488 non
812 1463 1015 1490 sustineantus?

231 1505 383 1532 Praesertim
394 1514 455 1532 cum
470 1507 637 1536 noverimus.
649 1506 711 1540 quia
724 1506 794 1533 sicut
806 1506 938 1534 bonorum
954 1508 1015 1535 ﬁnis

231 1550 294 1582 erit.
310 1552 344 1577 ita
358 1557 385 1578 et
406 1551 537 1578 malorum
553 1552 684 1578 citissime
699 1553 895 1579 consummatio
915 1553 1013 1580 aderit.

231 1596 265 1624 Et
287 1597 395 1632 quidem
420 1597 569 1629 bonorum,
595 1598 647 1625 hoc
673 1603 730 1631 est,
757 1598 913 1626 divitiarum
936 1604 1016 1634 atque

230 1641 374 1676 opulentia:
399 1642 460 1669 linis
487 1642 589 1670 inutilis
613 1643 682 1675 erit,
709 1643 760 1671 nisi
786 1643 882 1678 aliquis
907 1649 1016 1679 propter

229 1688 360 1723 iustitiam
377 1695 459 1723 atque
482 1689 683 1724 eleemosynam
704 1696 850 1724 pauperum
873 1689 946 1724 jnste
970 1697 1015 1718 eas

228 1736 406 1769 expenderit:
425 1735 627 1763 tribulationum
644 1741 733 1763 autem
751 1735 890 1763 tolerantia
907 1736 933 1763 in
952 1736 1013 1769 fide,

229 1786 312 1815 atque
332 1781 455 1808 dolorum
479 1781 648 1815 supportatio
664 1789 725 1808 cum
753 1782 902 1816 gratiarum
927 1783 1014 1810 actio-

228 1826 308 1853 nibus
335 1831 443 1853 aeterna:
467 1825 560 1861 gloria:
589 1827 775 1854 hereditatem
805 1832 958 1862 praeparant
986 1829 1012 1855 in

228 1879 311 1907 regno
323 1872 463 1899 malorum.
475 1871 504 1899 Si
517 1872 585 1898 bona
601 1873 747 1906 occepimus
757 1873 789 1899 de
802 1881 881 1900 manu
896 1873 1011 1906 Domini,

227 1917 299 1943 mala
312 1922 398 1944 autem
408 1925 489 1952 quare
501 1926 553 1944 non
565 1917 723 1944 toleremus?
736 1917 861 1952 Nunquid
875 1919 1012 1947 fastidium

227 1962 359 1989 bonorum
374 1970 452 1997 passa
465 1970 504 1996 es,
513 1969 530 1989 ο
540 1962 653 1989 mulier?
666 1962 791 1996 Nunquid
805 1968 1014 1991 consternanter

227 2006 312 2033 tulisti
327 2006 446 2040 requiem
458 2011 486 2033 et
499 2005 621 2040 gloriam,
639 2014 656 2033 υ
671 2006 773 2033 femina
788 2007 799 2033 ?
819 2006 895 2039 Quod
912 2008 933 2035 si
950 2008 1012 2035 illo-

228 2059 287 2078 rum
301 2051 416 2086 pluriino
433 2056 554 2086 tempore
576 2051 714 2083 fastidium
741 2060 795 2079 non
818 2053 927 2087 cepisti,
945 2061 1013 2088 quo-

228 2096 309 2123 modo
324 2103 397 2123 nunc
413 2096 525 2122 modicae
547 2095 738 2123 tribulationes
757 2101 782 2124 te
807 2099 923 2125 deﬁcere
937 2098 1011 2126 fece-

227 2147 290 2168 runt
304 2142 316 2168 ?
333 2142 472 2174 Quomodo
482 2142 581 2169 uberes
596 2141 704 2169 dolores
717 2146 742 2169 te
758 2150 831 2169 nunc
845 2143 1012 2178 dcl’atigave-

227 2193 301 2219 runt,
326 2188 371 2222 qui
397 2195 440 2215 me
465 2193 584 2215 atterunt
606 2192 634 2215 et
661 2195 712 2214 non
732 2188 782 2215 te?
804 2188 845 2215 Me
867 2190 1010 2216 comedunt

227 2240 345 2264 vermes,
361 2238 389 2259 et
406 2238 432 2259 tu
452 2232 586 2259 delassata
604 2240 644 2260 es.
661 2231 726 2259 Mea:
740 2239 835 2259 carnes
851 2237 1010 2267 putrescunt

227 2282 255 2304 et
269 2283 297 2304 tu
314 2277 431 2304 delibata
447 2285 486 2304 es.
502 2277 532 2304 Si
549 2278 618 2304 bona
643 2279 790 2312 accepimus
807 2278 838 2304 de
855 2286 934 2304 manu
955 2278 1011 2305 Do-

228 2323 304 2354 ntini,
319 2322 391 2349 mala
410 2328 497 2350 autem
513 2331 594 2358 quare
606 2332 658 2350 non
672 2323 835 2351 toleremus?
863 2322 909 2350 Sic
921 2328 1010 2358 putas,

229 2369 326 2402 inqltit,
347 2377 363 2395 ο
380 2369 487 2399 mulier,
506 2369 578 2402 quod
604 2376 656 2395 non
685 2376 699 2394 a
724 2368 777 2395 Deo
803 2368 880 2395 nobis
902 2369 939 2395 sit
954 2368 1011 2395 haec

227 2420 320 2448 poma,
339 2413 385 2441 sed
402 2414 435 2440 ab
452 2413 504 2439 alio
521 2412 621 2446 aliquo.
653 2413 680 2440 Si
699 2421 763 2448 ergo
789 2421 842 2440 non
857 2418 900 2440 est
914 2421 928 2439 a
946 2413 1011 2445 Deo,

228 2458 275 2485 sed
294 2458 327 2485 ab
341 2457 403 2489 alio,
431 2457 495 2492 quid
520 2456 636 2483 ulciscar
667 2456 749 2483 Deum
777 2461 812 2496 ut
831 2456 1011 2490 blasphentem

230 2504 316 2536 illum,
336 2511 396 2530 cum
414 2503 484 2530 alius
496 2503 531 2530 sit
544 2503 589 2537 qui
599 2510 641 2529 me
658 2502 845 2529 tribulaverit?
860 2502 935 2535 Quod
949 2502 971 2529 si
988 2510 1003 2528 a

228 2550 285 2577 Deo
298 2554 342 2576 est
359 2554 475 2580 certum.
503 2549 574 2583 quod
603 2547 719 2576 forsitan
745 2554 795 2582 est,
823 2556 873 2582 pro
895 2548 1012 2582 peccatis

229 2597 330 2623 nostris
342 2601 394 2623 est.
413 2595 483 2628 Quid
500 2596 591 2628 itaque
604 2599 646 2621 est
660 2595 767 2626 melius,
781 2602 861 2622 orare
871 2602 904 2621 ac
917 2596 1013 2628 depre-

228 2642 285 2669 cari
305 2642 455 2669 terribilem
471 2641 568 2668 faciem
586 2641 644 2672 Dei,
659 2648 692 2666 an
709 2640 900 2674 hlasphemare
917 2644 943 2666 et
957 2639 1012 2666 cri-

230 2688 326 2714 minari
351 2695 384 2714 ac
402 2687 556 2720 detrahere,
580 2691 609 2713 ut
636 2686 869 2713 vehementiorem
887 2686 954 2711 iram
970 2689 1012 2711 at-

230 2739 283 2767 que
297 2733 506 2767 indignationem
519 2733 546 2759 in
562 2740 614 2759 nos
631 2731 802 2760 excitemus?
818 2731 846 2758 Si
858 2730 940 2764 igitur
954 2731 1012 2765 ipse

266 2821 286 2836 ’τ
299 2820 347 2846 Job
364 2828 392 2851 ιι,
410 2820 449 2847 ll).

1078 230 1206 260 tanquam
1232 225 1415 252 misericordi.
1443 224 1470 252 Si
1496 230 1586 253 autem
1612 224 1681 252 alius
1705 225 1808 259 aliquis
1822 230 1861 252 est

1076 272 1121 306 qui
1135 273 1187 299 hoc
1202 272 1300 298 bellum
1316 272 1459 299 adversum
1481 279 1530 299 nos
1547 271 1686 303 excitavit,
1714 270 1756 297 sic
1781 271 1859 297 etiam

1075 318 1254 352 deprecentur
1271 317 1346 344 illum
1364 317 1554 344 auxiliatorem
1579 322 1660 351 atque
1677 321 1860 351 propugnato-

1076 371 1142 396 rem,
1160 368 1252 397 ulpote
1266 362 1442 390 fortissimum
1455 370 1487 390 ac
1501 363 1729 400 potentissimum.
1743 360 1774 388 Si
1790 362 1859 389 enim

1075 410 1142 436 bona
1155 410 1303 444 accepimus
1318 409 1350 436 de
1365 417 1445 435 manu
1461 408 1576 441 Domini,
1596 408 1667 435 mala
1680 413 1769 435 autem
1781 416 1859 442 quare

1074 465 1125 483 non
1139 455 1300 483 toleremus?
1316 455 1365 483 Ubi
1380 455 1453 482 enim
1467 454 1569 482 fuerint
1579 455 1689 487 laetitiae,
1710 453 1766 480 illic
1778 453 1857 480 etiam

1073 501 1260 529 tribulationis
1278 500 1454 535 exspectatio.
1467 501 1518 528 Ubi
1531 500 1701 533 iucunditas,
1710 499 1766 526 illic
1776 499 1858 526 etiam

1073 547 1190 574 miseriae
1205 551 1362 582 sperantur.
1380 545 1447 573 Nam
1463 545 1527 581 quid
1541 545 1650 573 obvenit
1666 544 1755 576 nobis,
1773 552 1790 571 ο
1805 552 1858 571 mu-

1072 593 1131 625 lier,
1146 600 1178 620 ex
1194 593 1238 620 his
1252 600 1312 627 qua:
1329 593 1356 620 in
1376 593 1426 620 hoc
1442 592 1543 620 saeculo
1563 599 1616 618 non
1637 591 1741 618 fuerint
1757 591 1859 626 gesta?

1070 637 1166 665 Nonne
1180 639 1268 666 omnis
1281 646 1345 665 caro
1363 638 1509 673 aliquando
1523 637 1632 672 quidem
1660 644 1729 663 sana
1743 641 1796 669 est,
1810 635 1858 662 ali-

1071 682 1181 717 quando
1193 687 1380 717 paupertatem
1398 682 1510 716 patitur,
1535 681 1680 716 aliquando
1699 686 1794 708 autem
1811 681 1854 708 di-

1070 729 1150 756 vitias
1167 729 1267 756 habet?
1280 729 1345 762 Quae
1359 729 1440 764 igitur
1454 732 1517 755 sunt
1533 727 1603 761 apud
1619 734 1715 754 omnes
1733 727 1857 754 homines

1071 775 1096 802 in
1113 774 1222 807 mundo,
1239 775 1309 807 haec,
1325 775 1425 809 inquit,
1439 775 1521 802 etiam
1537 774 1608 809 apud
1620 781 1671 800 nos
1685 779 1761 808 gesta
1774 775 1854 800 sunt:

1069 825 1096 847 et
1113 828 1167 847 non
1181 820 1270 848 solum
1287 821 1313 848 in
1328 820 1454 848 omnibus
1470 819 1642 851 hominibus,
1655 819 1702 846 sed
1716 823 1744 846 et
1760 819 1788 845 in
1802 826 1855 845 om-

1071 867 1149 894 nibus
1165 867 1246 901 hujus
1262 867 1353 894 mundi
1371 866 1514 894 elementis
1542 866 1610 893 ﬁunt
1633 865 1799 899 aliquando;
1815 865 1854 892 sic

1070 912 1216 947 aliquando
1250 919 1312 944 ver,
1345 912 1385 939 sic
1409 911 1554 946 aliquando
1583 915 1676 942 restas,
1708 910 1854 945 aliquando

1069 959 1166 989 hiems,
1180 958 1325 993 aliquando
1341 957 1437 992 frigus,
1453 957 1599 991 aliquando
1614 964 1680 983 vero
1694 962 1790 987 aestus,
1806 956 1856 982 ali-

1068 1005 1176 1039 quando
1191 1005 1326 1036 viriditas,
1345 1004 1491 1038 aliquando
1505 1011 1570 1030 vero
1584 1003 1709 1030 siccitas.
1734 1002 1764 1030 Si
1787 1009 1852 1037 ergo

1069 1050 1105 1076 ita
1122 1054 1164 1076 est
1187 1049 1257 1083 apud
1280 1050 1372 1077 omnia
1387 1048 1585 1083 corruptibilis,
1600 1049 1663 1083 quid
1688 1056 1816 1083 magnum
1831 1049 1852 1075 si

1068 1099 1094 1122 et
1111 1102 1160 1122 nos
1176 1095 1233 1128 qui,
1245 1095 1315 1121 sicut
1327 1094 1419 1122 omnia
1432 1094 1633 1128 corruptibilia,
1643 1094 1786 1130 floruimus
1800 1095 1855 1129 pri-

1068 1141 1126 1167 dem
1139 1147 1206 1167 sane
1219 1140 1322 1167 divitiis
1338 1145 1364 1167 et
1380 1140 1486 1167 caeteris
1502 1140 1591 1173 bonis,
1610 1147 1682 1167 nunc
1702 1147 1770 1167 vero
1783 1140 1853 1167 arni-

1068 1194 1127 1213 mus
1137 1186 1226 1220 inopia
1243 1191 1324 1221 atque
1337 1186 1522 1214 concaluimus
1536 1186 1562 1213 in
1577 1186 1762 1214 infirmitate?
1778 1186 1853 1213 Sicut

1067 1238 1131 1266 ergo
1142 1231 1168 1257 in
1185 1231 1239 1258 illis
1255 1231 1378 1258 delectati
1398 1238 1503 1263 sumus,
1521 1239 1593 1258 nunc
1606 1235 1634 1258 et
1649 1231 1700 1259 ista
1713 1232 1853 1258 sustinea-

1067 1285 1135 1304 nuts.
1150 1277 1227 1304 Sicut
1242 1277 1287 1304 illa
1304 1277 1420 1304 libenter
1435 1278 1602 1312 aecepimus,
1626 1278 1664 1304 ita
1683 1282 1711 1304 et
1724 1277 1777 1304 ista
1793 1283 1852 1303 eum

1066 1323 1213 1358 gratiarum
1227 1322 1378 1350 actionibus
1393 1327 1596 1357 supportemus.
1610 1321 1641 1349 Si
1662 1322 1730 1348 bona
1752 1322 1852 1355 accepi-

1066 1377 1123 1395 mus
1137 1369 1168 1395 de
1181 1376 1260 1395 manu
1270 1368 1387 1400 Domini,
1400 1368 1472 1395 mala
1486 1373 1574 1395 autem
1594 1375 1676 1401 quare
1693 1375 1747 1395 non
1760 1367 1852 1394 Iolen-

1066 1422 1122 1440 mur
1133 1414 1146 1440 .9
1157 1413 1214 1440 Non
1227 1415 1297 1448 quod
1311 1413 1345 1440 de
1361 1421 1442 1440 manu
1457 1413 1563 1441 Domini
1579 1413 1730 1448 procedant
1745 1413 1813 1440 bona
1826 1418 1852 1439 et

1066 1460 1148 1492 mala,
1163 1460 1208 1487 sed
1222 1460 1315 1486 omnia
1331 1459 1414 1487 bona.
1432 1459 1470 1486 Ex
1487 1459 1557 1486 hono
1581 1459 1654 1486 enim
1669 1459 1760 1485 omnia
1782 1459 1852 1486 bona

1068 1505 1227 1540 procedunt.
1241 1504 1307 1532 Nam
1322 1505 1393 1532 sicut
1408 1505 1447 1532 sol
1475 1505 1602 1532 tenebras
1625 1512 1765 1539 nunquam
1789 1512 1852 1538 pro-

1068 1550 1131 1583 fert,
1146 1550 1186 1577 sic
1203 1550 1329 1577 similiter
1345 1551 1432 1577 bonus
1451 1550 1522 1578 Deus
1548 1558 1686 1584 nunquam
1706 1550 1778 1576 mala
1790 1557 1854 1585 pro-

1067 1595 1153 1628 ducit,
1181 1595 1228 1622 sed
1252 1595 1342 1621 omnia
1370 1595 1440 1622 bona
1459 1600 1541 1629 atque
1560 1595 1672 1629 optima.
1690 1594 1852 1629 Quanquam

1066 1644 1139 1670 enim
1152 1643 1186 1670 ab
1202 1643 1291 1677 impiis
1311 1646 1393 1677 atque
1410 1642 1622 1677 indisciplinatis
1644 1642 1801 1669 hominibus
1820 1650 1852 1669 ea

1067 1696 1126 1723 quae
1141 1696 1190 1724 pro
1208 1689 1327 1715 vindicta
1343 1693 1370 1715 et
1384 1687 1566 1716 conversione
1582 1692 1664 1722 atque
1687 1688 1853 1722 paenitentiae

1066 1735 1327 1763 commemoratione
1339 1741 1354 1761 a
1366 1734 1422 1761 Deo
1436 1734 1609 1769 ingeruntur,
1633 1741 1687 1760 non
1701 1734 1784 1764 bona,
1804 1733 1852 1760 sed

1065 1781 1135 1809 mala
1161 1780 1364 1812 existimantur,
1395 1784 1485 1807 tamen
1508 1779 1578 1806 bona
1607 1783 1674 1806 sum
1696 1786 1772 1810 vere,
1788 1779 1850 1813 quia

1063 1835 1125 1855 cum
1142 1827 1175 1855 ad
1191 1827 1380 1862 paenitentiam
1397 1826 1594 1858 converterint,
1609 1830 1710 1853 aeterna
1737 1825 1807 1852 bona
1825 1825 1851 1851 in

1063 1882 1146 1909 regno
1163 1873 1294 1901 caelorum
1310 1879 1457 1907 procurare
1478 1872 1661 1906 reperiuntttr.
1689 1871 1734 1898 Sic
1753 1877 1851 1905 nempe

1063 1925 1091 1947 et
1104 1920 1192 1947 omnis
1208 1918 1333 1946 doctrina
1355 1922 1438 1953 atque
1450 1918 1591 1952 disciplina
1608 1918 1642 1944 ab
1655 1916 1850 1944 irrationabili-

1062 1964 1113 1992 bus
1126 1964 1275 1992 infantibus
1298 1971 1351 1990 non
1377 1964 1402 1990 in
1427 1964 1538 1996 bonum,
1561 1964 1607 1991 sed
1622 1963 1648 1990 in
1665 1962 1766 1990 malum
1779 1962 1851 1989 aesti-

1062 2014 1152 2037 matur
1175 2010 1217 2037 vel
1243 2009 1352 2036 ducitur
1369 2017 1375 2035 :
1399 2008 1446 2035 sed
1467 2015 1560 2035 revera
1586 2011 1754 2042 cogtioscunt
1768 2007 1796 2034 in
1810 2006 1850 2033 ul-

1062 2056 1138 2088 timo,
1155 2055 1218 2090 quia
1233 2055 1316 2082 totius
1335 2054 1409 2086 boni,
1423 2053 1465 2081 vel
1483 2054 1577 2087 gratia:
1593 2053 1648 2080 illis
1667 2060 1750 2080 causa
1764 2052 1851 2079 exsti-

1063 2100 1261 2134 titdiseiplina,
1286 2107 1347 2133 quae
1370 2100 1395 2125 in
1419 2099 1569 2133 primordio
1595 2098 1645 2125 fuit
1660 2097 1848 2125 exsecrabilis.

1062 2144 1187 2172 llutnano
1212 2145 1304 2179 itaque
1325 2151 1406 2175 more
1425 2149 1506 2179 atque
1531 2144 1783 2175 consuetudine,et
1801 2143 1849 2169 hu-

1064 2197 1144 2216 mano
1159 2187 1208 2216 Job
1225 2196 1289 2216 usus
1311 2188 1465 2224 proverbio,
1485 2189 1554 2215 mala
1580 2192 1608 2214 et
1624 2187 1695 2214 bona
1717 2191 1851 2214 memorat

1064 2236 1175 2263 dicens:
1192 2235 1222 2262 Si
1240 2235 1306 2261 bona
1325 2235 1473 2268 accepimus
1492 2235 1523 2261 de
1538 2242 1618 2261 manu
1640 2233 1756 2265 Domini,
1779 2233 1851 2260 mala

1064 2288 1151 2308 autem
1174 2289 1255 2314 quare
1282 2289 1334 2308 non
1356 2280 1495 2308 toleremus
1512 2281 1525 2307 ?
1549 2280 1612 2307 Post
1634 2287 1695 2315 quae
1725 2279 1851 2306 universa

1065 2325 1227 2359 praecipuam
1243 2329 1325 2359 atque
1340 2324 1487 2359 perfectam
1503 2324 1596 2358 gloria:
1613 2331 1746 2351 coronam
1761 2323 1853 2351 confe-

1065 2377 1128 2397 rens
1141 2369 1230 2396 Moses
1247 2370 1326 2396 beato
1349 2368 1410 2403 Job,
1423 2369 1491 2396 dicit
1508 2369 1534 2396 in
1553 2369 1803 2403 subsequentibus:
1818 2367 1852 2394 In

1065 2415 1118 2441 illis
1131 2420 1219 2442 autem
1233 2415 1351 2441 omnibus
1362 2423 1421 2449 qua:
1437 2415 1476 2441 illi
1496 2416 1661 2447 acciderunt,
1677 2415 1745 2441 nihil
1759 2423 1852 2448 pecco-

1065 2461 1100 2487 ait
1116 2460 1166 2487 Job
1182 2461 1211 2487 in
1224 2460 1299 2487 labiis
1312 2461 1378 2491 suis,
1398 2467 1480 2494 neque
1492 2461 1519 2487 in
1537 2465 1676 2495 conspectu
1698 2459 1806 2486 Domini
1817 2459 1851 2485 '7.

1065 2504 1087 2532 0
1102 2505 1169 2537 laus,
1183 2513 1199 2532 ο
1212 2505 1309 2538 honor,
1322 2513 1338 2532 ο
1351 2505 1437 2540 gloria
1450 2510 1477 2533 et
1492 2504 1660 2540 suffragium,
1675 2513 1691 2532 ο
1706 2504 1852 2532 delectatio

1065 2556 1147 2585 atque
1162 2551 1285 2585 praelatio
1299 2552 1370 2578 beati
1386 2550 1453 2578 Job!
1474 2551 1544 2583 Quid
1561 2551 1678 2585 primum
1694 2550 1851 2585 magniﬁce-

1065 2602 1109 2624 tur
1121 2597 1186 2630 justi
1202 2597 1292 2624 illius?
1307 2597 1347 2624 An
1363 2603 1435 2631 iusta
1451 2605 1482 2624 ac
1497 2599 1540 2632 pia
1555 2598 1609 2623 vita
1627 2596 1687 2631 ejus
1709 2597 1744 2622 ab
1762 2595 1849 2627 initio,

1063 2648 1091 2670 et
1105 2643 1261 2670 misericors
1278 2649 1357 2677 atque
1369 2644 1438 2670 bona
1453 2643 1464 2670 ’ἰ
1478 2644 1518 2670 An
1539 2642 1684 2670 tolerantia
1699 2642 1848 2668 vehemen-

1063 2689 1129 2716 tiunt
1156 2689 1281 2716 dolorum
1305 2697 1364 2716 cum
1396 2690 1544 2724 gratiarum
1570 2687 1729 2715 actionibus
1752 2686 1764 2712 ?
1798 2685 1850 2712 Aut

1064 2732 1145 2758 etiam
1160 2732 1211 2759 hoc
1225 2733 1295 2767 quod
1317 2740 1378 2760 cuiu
1395 2733 1491 2759 callide
1517 2732 1695 2759 seduceretur
1712 2738 1729 2758 a
1743 2730 1850 2758 diabolo
