1909 3080
59 128 106 157 ωδ

596 126 785 155 ANONYMUS
804 126 837 154 ΙΝ
856 126 927 154 JOB.
945 141 977 146 —
997 126 1059 153 LIB.
1081 126 1114 154 11.
1379 121 1394 134 ⁸’

1615 130 1667 157 491

60 196 102 224 per
116 194 146 215 os
158 186 264 219 uxoris,
283 185 424 220 sapienter
451 185 562 218 restitit,
576 190 603 213 et
619 187 644 213 in
659 187 699 214 his
710 187 834 214 omnibus
850 190 872 218 Α
887 187 991 214 biorum
1008 191 1105 214 cuncta
1130 186 1156 214 in
1181 187 1329 222 gratiarum
1353 187 1486 215 actionem
1504 192 1584 224 atque
1598 197 1663 216 con-

58 236 151 268 justum
164 240 196 259 ac
211 232 313 259 bonum
330 233 411 258 Deum
425 232 591 258 existimavit
604 233 650 266 qui
666 233 723 260 haec
738 233 762 260 ei
779 234 835 260 uni-

60 286 128 307 versa
144 279 212 306 bene
226 279 363 314 ingessit?
388 278 450 305 Hinc
469 278 560 313 itaque
585 279 776 307 demonstrans
795 280 836 307 di-

59 326 90 354 cit
102 334 109 352 :
123 324 154 352 In
166 325 207 351 Itis
223 325 344 351 omnibus
361 332 420 359 qum
432 323 455 350 ei
469 325 621 351 acciderunt
640 325 706 351 nihil
719 325 834 359 peccavit

59 371 104 398 Job
122 371 146 397 in
164 370 244 396 labiis
269 371 334 402 suis,
352 378 433 404 neque
462 370 490 396 in
515 374 653 403 conspectu
668 369 786 398 Domini.
804 370 832 398 In

60 418 106 448 bis,
122 416 217 450 inquit,
233 415 362 442 omnibus
378 415 510 450 plurimis,
527 415 630 449 magnis
645 423 678 443 ac
701 416 834 443 mirabili-

60 464 104 490 bus
127 467 207 496 atque
239 461 419 490 terribilibus,
446 461 664 489 lamentabilibus
677 469 784 496 quoque
801 470 834 490 ac

60 507 251 535 miserabilibus
265 507 363 542 quibus
379 507 478 534 similia
491 512 566 543 gesta
584 515 636 535 non
654 511 729 540 sunt,
745 509 771 535 in
785 509 837 535 mi-

59 554 128 581 seriis
152 559 235 588 atque
258 554 285 580 in
311 553 526 586 infelicitatibus,
548 555 574 581 in
591 555 718 582 omnibus
740 562 799 589 qua:
819 562 834 582 a

60 600 148 627 saeculo
158 603 221 626 sunt
236 598 323 631 facta,
340 604 368 627 et
383 600 447 626 ﬁent
462 607 547 634 usque
562 600 588 626 in
609 605 751 632 aeternum,
771 600 834 635 qui-

59 644 102 671 bus
120 643 217 670 simiiia
250 644 307 670 visa
336 651 389 670 non
404 648 478 677 sunt,
499 651 586 678 neque
605 645 695 671 audita
712 645 761 671 sub
779 645 834 672 sole

59 690 87 715 ab
105 689 177 715 initio
193 687 287 716 szeculi
303 693 330 716 et
342 696 425 724 usque
453 689 479 716 in
504 690 765 717 consummationem
785 698 834 717 sa:-

59 734 179 760 culorum.
193 732 222 759 !n
237 733 298 760 istis
316 741 380 768 ergo
399 734 527 760 omnibus
543 733 609 761 nihil
627 734 749 767 peccavit
772 733 833 767 Job,

62 780 175 814 neque-in
193 779 288 807 verbis
312 780 456 813 labiorum,
478 787 564 815 neque
584 781 609 806 in
633 780 687 807 oris
709 780 833 815 eloquiis,

60 826 171 861 nequein
187 826 282 853 cordis
299 826 519 861 cogitationibus,
537 834 622 861 neque
640 826 667 853 in
679 827 761 854 animi
779 834 834 854 me-

59 872 234 899 ditationibus.
263 871 341 905 Quod
366 876 455 898 autent
475 871 510 899 ita
535 872 582 904 sit.
599 873 717 899 ostendit
729 879 789 899 mox
806 873 832 899 in

59 918 277 951 subsequentibus
290 918 402 945 dicens:
421 917 513 953 Neque
526 919 553 945 in
567 918 645 946 labiis
666 918 733 952 suis,
752 927 833 953 neque

59 964 82 989 in
93 968 227 997 conspectu
245 963 363 995 Domini,
375 968 401 991 et
417 971 470 991 non
485 959 633 992 suti'ecerat‘
664 970 694 992 ut
719 965 831 998 diceret,

60 1009 164 1043 nequein
181 1013 324 1043 conspectu
339 1008 456 1042 Domini,
471 1010 516 1037 sed
533 1014 560 1036 et
584 1009 636 1037 hoc
653 1010 730 1043 dixit,
753 1019 833 1044 neque

59 1054 81 1080 in
93 1054 162 1081 labiis
174 1056 242 1081 suis.
260 1054 330 1087 Quid
356 1059 395 1081 est
424 1056 486 1088 hoc,
507 1063 587 1090 neque
612 1056 640 1082 in
664 1055 741 1082 labiis
757 1057 834 1083 suis?

58 1101 93 1126 vel
104 1100 165 1134 quid
180 1101 231 1128 hoc
246 1105 300 1133 est,
326 1108 406 1134 neque
419 1101 447 1127 in
469 1106 607 1135 conspectu
639 1101 763 1128 Domini?
777 1102 832 1129 Au-

59 1146 115 1178 dite,
132 1154 147 1173 0
165 1146 260 1178 amici,
278 1147 426 1174 veridicant
444 1147 654 1181 expositionem.
667 1147 742 1180 Quod
759 1148 832 1180 dicit,

58 1192 81 1217 in
92 1198 224 1226 conspectu
240 1192 361 1225 Domini,
377 1193 428 1220 hoc
443 1197 494 1225 est,
513 1193 604 1220 cordis
618 1193 792 1228 cogitatione,
807 1198 834 1220 et

60 1238 146 1264 anima:
161 1237 298 1271 profundo
317 1242 433 1265 tractatu
450 1239 579 1265 adversus
604 1238 688 1265 Deum
707 1239 772 1265 nihil
786 1246 834 1266 co-

60 1282 136 1316 gilans
151 1283 176 1309 in
192 1283 408 1318 reprehensione
422 1288 449 1310 et
464 1285 489 1311 in
503 1284 670 1319 blasphemia
685 1289 768 1319 atque
781 1285 834 1312 cri-

60 1327 194 1355 minatione
220 1336 284 1363 qua:
307 1329 334 1356 in
357 1333 504 1364 conspectu
533 1329 579 1357 Dei
605 1330 770 1364 deprimunt,
788 1331 833 1365 qui

61 1373 161 1407 inquirit
173 1381 251 1401 renes
280 1378 308 1401 et
327 1375 419 1405 corda.
446 1375 490 1409 qui
516 1375 592 1402 novit
610 1375 715 1402 occulta
732 1376 833 1409 cordis,

60 1419 120 1446 sicut
137 1419 201 1446 dicit
226 1420 382 1454 Scriptura.
405 1420 493 1448 Verba
519 1425 609 1448 autem
634 1420 766 1448 labiorum
782 1421 834 1447 ali-

60 1466 156 1498 quando
170 1473 202 1492 ex
217 1466 301 1492 corde
317 1466 453 1500 dicuntur,
469 1466 613 1501 aliquando
632 1471 722 1493 autem
737 1467 834 1494 incon-

60 1511 199 1539 siderauter
210 1512 387 1547 proferuntur
402 1520 435 1540 ex
460 1513 606 1545 incautela,
621 1517 648 1539 et
663 1520 716 1539 non
727 1520 761 1540 ex
780 1513 833 1540 ini-

60 1557 160 1591 quitate,
185 1565 277 1593 neque
296 1565 330 1585 ex
355 1558 543 1586 malevolentia
565 1567 571 1586 :
599 1559 645 1586 sed
678 1558 835 1593 frequenter

60 1610 100 1630 ore
114 1603 230 1638 loquitur
246 1606 342 1636 homo,
358 1605 428 1639 quod
448 1605 559 1632 omnino
586 1605 668 1632 corde
688 1612 774 1639 neque
790 1612 835 1632 co-

60 1650 154 1683 gitavit,
169 1658 219 1678 nec
237 1651 351 1685 cogitat.
367 1651 438 1685 Ergo
458 1651 520 1686 quia
545 1650 714 1678 admirabilis
734 1657 766 1677 ac
785 1657 832 1684 pa-

61 1695 226 1724 tientissimus
237 1696 302 1729 Job,
317 1704 378 1724 cum
393 1697 421 1724 in
442 1701 530 1724 tantas
546 1697 734 1724 tribulationes
746 1701 835 1723 trans-

60 1742 114 1775 iret,
125 1747 151 1770 et
164 1747 257 1770 tantos
272 1743 381 1770 dolores
408 1743 539 1771 nefandos
551 1743 710 1775 sustineret,
730 1747 831 1769 tantas-

60 1793 105 1821 que
117 1789 287 1816 seductiones
302 1794 462 1823 superaret:
480 1796 570 1823 neque
582 1789 609 1815 in
627 1788 707 1816 corde
734 1789 833 1815 malum

61 1834 89 1859 de
103 1833 165 1867 Deo,
184 1843 276 1870 neque
291 1836 421 1862 adversus
442 1835 526 1862 Deum
549 1834 688 1869 cogitavit,
707 1841 793 1868 neque
807 1834 832 1860 in

62 1878 131 1906 labiis
146 1882 202 1908 suis
216 1888 268 1916 per
287 1881 418 1908 incuriam
443 1880 527 1908 ullum
554 1887 666 1915 parvum
681 1886 833 1906 sermonem

61 1926 170 1959 protulit,
194 1932 340 1961 propterea
368 1926 543 1959 magniﬁcans
573 1926 649 1952 illum
671 1930 698 1952 et
723 1925 835 1953 laudans

61 1976 131 2006 atque
167 1971 310 2006 perferens
337 1971 418 1999 dicit:
439 1971 472 1997 1η
492 1971 533 1998 his
572 1970 693 1997 omnibus
730 1978 789 2005 qua:
810 1971 834 1997 ei

61 2018 201 2045 acciderunt
220 2026 274 2044 non
297 2017 410 2051 peccauit
431 2016 493 2049 Job,
514 2025 595 2051 neque
622 2017 648 2042 in
671 2016 748 2042 labiis
768 2017 834 2049 suis,

61 2070 131 2097 Itaque
146 2064 172 2090 in
184 2068 324 2098 conspectu
342 2063 454 2090 Domini.
472 2063 513 2090 Ac
526 2063 549 2089 si
566 2063 685 2089 diceret:
702 2062 724 2089 Ο
738 2069 833 2096 magna

61 2108 132 2142 atque
144 2109 292 2136 vehemens
310 2109 464 2141 admiratio,
485 2116 501 2135 o
515 2115 611 2142 magna
632 2112 714 2142 atque
740 2108 834 2143 ingens

61 2155 179 2187 patientia
196 2155 261 2186 viri,
277 2158 307 2180 ut
326 2154 352 2180 in
369 2153 494 2180 omnibus
508 2159 562 2180 tam
588 2153 685 2180 validis
697 2153 834 2180 doloribus

61 2203 132 2233 atque
144 2200 170 2226 in
184 2200 310 2226 omnibus
323 2198 430 2233 iugibus
447 2199 545 2233 pmnis,
569 2198 606 2225 ita
628 2206 657 2225 se
675 2199 771 2226 beatus
789 2199 833 2225 ille

61 2245 217 2278 observaret,
247 2250 275 2272 ut
297 2246 409 2272 omnino
430 2252 480 2272 nec
505 2245 531 2271 in
554 2245 631 2272 labiis
650 2245 707 2272 suis
730 2252 780 2271 nec
805 2245 831 2272 in

61 2290 132 2318 corde
142 2299 191 2318 suo
210 2292 285 2318 circa
301 2291 383 2318 Deum
402 2291 579 2325 delinqueret.
593 2290 660 2317 Nam
678 2291 748 2317 sicut
770 2297 831 2318 cor-

61 2334 98 2363 dis
109 2337 147 2364 sui
160 2336 340 2371 cogitationes
363 2342 445 2371 atque
469 2337 550 2363 animi
580 2337 620 2363 sui
642 2336 831 2363 meditationes

63 2387 142 2410 castas
154 2391 250 2410 omnes
262 2390 293 2409 ac
309 2383 424 2410 mundas
439 2383 622 2415 conservavit,
637 2387 664 2409 et
678 2390 731 2410 non
752 2389 833 2417 prave

62 2428 124 2456 circa
136 2430 218 2457 Deum
238 2430 365 2463 cogitavit
379 2439 385 2457 :
402 2429 436 2456 ita
451 2437 464 2456 a
481 2429 571 2456 verbis
597 2429 730 2456 labiorum
749 2433 830 2462 atque

63 2475 111 2503 oris
127 2475 241 2511 eloquiis
257 2475 421 2508 observavit,
437 2479 466 2502 ut
483 2481 532 2502 nec
549 2475 631 2502 corde
645 2475 833 2508 delinqueret,

64 2529 140 2555 neque
152 2522 178 2549 in
197 2529 324 2550 sermone
339 2526 474 2556 peccaret,
489 2521 538 2558 sed
552 2526 636 2548 totum
658 2521 831 2554 semetipsum

63 2570 87 2593 ει
97 2568 181 2596 cordis
193 2567 305 2596 consilia
323 2572 349 2595 et
370 2575 504 2596 sermonis
525 2567 630 2603 eloquia
645 2571 672 2594 et
693 2565 776 2593 verba
789 2565 830 2592 la-

93 2655 128 2671 ¹⁷⁹
140 2655 150 2684 l
162 2657 226 2685 Cor.
249 2665 286 2690 vt,
300 2656 346 2685 20.

887 233 1029 260 fessionem
1046 233 1090 260 Dei
1105 238 1285 261 converteret.
1304 234 1449 262 Evidenter
1466 234 1583 269 implevit
1604 235 1663 262 bea-

884 283 928 305 tus
947 278 990 305 ille
1007 279 1088 306 homo
1109 279 1180 313 quod
1195 284 1257 314 post
1280 280 1331 307 hoc
1356 280 1390 306 ab
1413 280 1540 314 Apostolo
1561 281 1662 308 dictum

886 330 944 352 est:
964 325 1115 359 Gloriﬁcale
1127 325 1211 353 Deum
1229 326 1255 352 in
1272 334 1380 361 corpore
1391 331 1475 354 vestro
1490 332 1513 354 et
1529 328 1556 354 in
1570 328 1664 362 spiritu

886 375 969 397 vestro
992 371 1041 398 ³⁷⁸.
1062 370 1134 405 Ergo
1151 371 1213 404 quia
1232 378 1246 398 a
1262 372 1350 399 verbis
1365 371 1497 399 labiorum
1522 380 1607 407 usque
1633 373 1665 400 ad

886 416 974 443 cordis
987 416 1165 452 cogitationes
1181 416 1381 444 immaculatum
1408 424 1437 444 se
1463 422 1490 444 et
1507 417 1663 444 inviolatum

885 466 967 495 atque
995 462 1234 488 incontaminatum
1261 462 1433 489 conservavit
1461 462 1487 489 in
1514 467 1662 498 conspectu

887 506 1004 540 Domini,
1025 511 1151 541 tanquam
1166 507 1189 534 si
1207 507 1321 540 diceret,
1334 515 1421 541 neque
1438 507 1488 535 hoc
1501 509 1584 542 gessit
1594 510 1664 543 quod

886 551 1009 586 plurimis
1024 553 1133 585 accidit,
1161 557 1190 579 ut
1216 552 1359 580 labascant
1381 554 1407 580 in
1425 554 1506 580 verbo
1519 559 1545 581 et
1562 562 1613 581 non
1631 562 1663 581 ex

886 598 977 625 corde.
997 597 1055 625 Non
1079 597 1150 625 enim
1175 597 1265 632 lapsus
1284 603 1325 625 est
1339 597 1365 624 in
1384 605 1509 625 sermone
1523 598 1662 632 labiorum,

883 644 960 678 juxta
976 644 1027 670 hoc
1040 644 1111 678 quod
1126 644 1226 670 dictum
1239 647 1279 670 est
1293 643 1408 677 quodam
1424 643 1450 669 in
1468 643 1527 671 loco
1542 644 1568 671 in
1590 643 1664 671 Scri-

884 694 963 725 ptura
978 696 985 716 :
1000 689 1049 716 Est
1065 689 1110 724 qui
1124 688 1235 715 labascit
1251 689 1278 715 in
1286 688 1371 721 verba,
1388 688 1425 715 vel
1439 689 1518 716 inore
1530 694 1553 716 et
1570 698 1621 716 non
1633 698 1665 716 ea

885 734 971 762 corde.
997 734 1066 769 Ergo
1090 735 1152 769 quia
1180 735 1274 762 beatus
1300 734 1350 762 Job
1374 734 1447 762 nullo
1472 735 1551 762 modo
1574 735 1665 770 lapsus

885 785 939 813 est,
957 788 1043 815 neque
1067 780 1093 807 in
1115 787 1173 812 ore,
1190 787 1277 814 neque
1290 781 1316 807 in
1331 788 1467 813 sermone,
1482 787 1568 815 neque
1579 781 1607 807 in
1624 781 1662 808 la-

885 826 949 858 biis,
964 833 1051 861 neque
1075 827 1100 853 in
1125 827 1217 858 corde,
1234 831 1376 861 propterea
1393 826 1570 862 magniﬁcans
1588 826 1661 854 illum

888 879 1001 908 magnus
1021 873 1065 900 ille
1077 873 1158 899 homo
1178 872 1223 899 Dei
1238 872 1336 904 Moses,
1357 872 1493 899 admirans
1510 879 1615 907 quoque
1633 880 1666 900 ac

887 918 998 945 laudans
1011 925 1072 944 eum
1086 918 1170 944 dicit:
1187 917 1221 944 In
1233 917 1273 944 his
1293 918 1422 951 omnibus,
1438 926 1497 953 qua:
1514 919 1664 945 acciderunt

886 966 920 997 ei,
930 973 981 991 non
995 966 1109 999 peccauit
1120 965 1170 992 Job
1181 965 1209 991 in
1224 964 1300 991 labiis
1314 965 1379 996 suis,
1395 972 1474 999 neque
1485 965 1512 991 in
1529 971 1666 998 conspectu

887 1010 1002 1037 Domini.
1026 1010 1082 1043 Sic,
1103 1011 1201 1045 inquit,
1226 1010 1351 1037 transivit
1371 1011 1537 1038 admirabilis
1552 1012 1603 1038 aob
1615 1019 1666 1038 sie-

889 1056 1029 1083 vissimum
1055 1056 1120 1083 illud
1146 1056 1266 1083 dolorum
1284 1047 1404 1090 pelagus,
1421 1056 1461 1083 sic
1474 1057 1612 1090 superavit
1625 1057 1665 1083 in-

887 1102 1081 1136 explorabilem
1107 1109 1182 1129 suam
1207 1102 1386 1129 tentatlonutn
1410 1102 1619 1135 multitudinem,
1636 1107 1666 1129 ut

888 1148 955 1175 nihil
973 1152 1108 1183 peccaret,
1122 1155 1209 1182 neque
1224 1147 1251 1174 in
1269 1147 1348 1174 labiis
1368 1147 1433 1178 suis,
1452 1154 1539 1182 neque
1556 1148 1581 1174 in
1602 1155 1666 1175 con-

887 1197 980 1228 spectu
1001 1193 1116 1220 Domini.
1134 1193 1204 1220 Ante
1231 1193 1393 1220 tentationes
1417 1201 1468 1220 non
1491 1194 1622 1228 peccavit,
1638 1194 1665 1222 ln

891 1238 1084 1266 tentationibus
1103 1246 1156 1266 non
1172 1239 1305 1273 peccavit.
1319 1238 1342 1266 0
1355 1239 1431 1266 beate
1447 1237 1507 1271 Job,
1520 1239 1581 1274 quis
1595 1240 1665 1266 simi-

889 1284 923 1311 lis
939 1283 985 1311 tibi
1006 1284 1169 1320 gloriabitur
1194 1288 1304 1319 propter
1316 1283 1472 1318 justitiam?
1491 1285 1610 1312 Mortuus
1625 1290 1666 1312 est

889 1330 965 1363 Abel,
982 1331 1028 1357 sed
1044 1330 1127 1357 semel
1141 1335 1167 1357 et
1183 1330 1310 1357 celeriter
1325 1336 1366 1357 est
1377 1336 1499 1358 mortuus
1516 1337 1524 1357 :
1549 1331 1666 1357 admirao

887 1375 948 1402 lnlis
964 1384 1027 1402 vero
1040 1375 1090 1403 Job
1104 1383 1164 1403 cum
1181 1375 1254 1403 mille
1269 1380 1372 1403 mortes
1380 1376 1539 1409 sustineret,
1551 1382 1664 1403 mortem

887 1422 1035 1456 superavit,
1054 1425 1169 1449 mortem
1181 1421 1258 1455 vicit,
1276 1421 1302 1448 in
1318 1426 1405 1449 morte
1427 1422 1568 1449 victoriam
1594 1429 1666 1449 sum-

887 1467 952 1501 psit.
970 1467 1050 1494 Solus
1067 1475 1098 1495 ex
1116 1467 1242 1494 omnibus
1257 1467 1386 1502 antiquis,
1401 1475 1460 1495 cum
1478 1472 1610 1495 mortuum
1623 1475 1666 1496 se-

887 1513 1030 1548 metipsum
1047 1514 1202 1548 inspiceret,
1219 1521 1234 1541 a
1255 1519 1343 1541 morte
1358 1521 1409 1540 non
1427 1514 1585 1548 trepidavit:
1601 1521 1663 1540 nam

886 1558 953 1586 vidit
972 1558 1039 1586 eﬂici
1072 1563 1207 1591 mortuos,
1234 1566 1294 1586 cum
1317 1559 1442 1586 nimirum
1466 1559 1533 1586 vidit
1566 1564 1666 1587 semet-

887 1604 974 1639 ipsum
987 1604 1044 1631 lieri
1056 1604 1223 1638 putredinem
1237 1608 1264 1632 et
1276 1611 1390 1636 vermes,
1403 1605 1448 1631 sed
1463 1612 1516 1632 non
1532 1604 1592 1632 ideo
1604 1610 1666 1632 ante

887 1655 1000 1677 mortem
1018 1650 1136 1684 expavit,
1153 1650 1200 1677 sed
1217 1654 1328 1676 mortem
1349 1650 1377 1676 in
1399 1649 1488 1685 fugam
1505 1650 1585 1677 vertit
1601 1658 1663 1677 cum

886 1695 1013 1722 omnibus
1041 1695 1099 1730 ejus
1123 1695 1288 1730 argumentis
1310 1700 1390 1730 atque
1410 1696 1536 1723 versutiis
1550 1700 1577 1723 et
1600 1703 1662 1723 cum

885 1741 986 1776 iniquis
1000 1741 1059 1776 ejus
1072 1741 1247 1769 exercitibus.
1264 1741 1331 1768 Nam
1347 1749 1406 1768 cum
1422 1749 1528 1768 omnem
1545 1745 1664 1776 potesta-

887 1790 939 1813 tem
961 1787 988 1813 in
1014 1794 1076 1814 eum
1092 1787 1228 1820 acciperet
1244 1794 1316 1814 mors
1332 1787 1394 1821 (hoc
1408 1792 1450 1814 est
1462 1786 1664 1820 diabolus)abs-

885 1839 937 1866 que
956 1833 1046 1859 anima
1071 1832 1139 1865 sola,
1155 1836 1182 1859 et
1199 1837 1227 1858 ut
1244 1837 1398 1867 percuteret
1409 1837 1437 1860 et
1455 1836 1484 1860 ut
1496 1833 1666 1860 exulceraret

886 1882 913 1904 et
928 1882 957 1904 ut
972 1881 1109 1912 torqueret
1121 1883 1147 1905 et
1160 1882 1188 1905 ut
1203 1879 1354 1910 seduceret,
1374 1886 1434 1906 cum
1454 1883 1551 1906 cuncta
1565 1886 1666 1906 secun-

885 1922 948 1950 dum
972 1922 1097 1950 virtutem
1124 1930 1201 1950 suam
1225 1923 1388 1951 insatiabilis
1413 1931 1491 1951 mors
1511 1929 1663 1957 exerceret,

887 1975 1055 2003 nequaquam
1084 1969 1230 2004 quidquam
1255 1969 1367 2004 jnstitia:
1387 1969 1416 1996 in
1439 1969 1484 1996 illo
1502 1970 1580 1997 beato
1596 1961 1682 1997 mori,

885 2014 982 2048 potuit.
1000 2013 1103 2041 Idcirco
1118 2022 1190 2042 mors
1204 2015 1274 2049 apud
1287 2014 1338 2042 Job
1358 2020 1462 2042 mortua
1476 2019 1517 2043 est
1527 2023 1589 2043 cum
1603 2023 1663 2043 om-

885 2060 963 2087 nibus
976 2059 1126 2088 eﬂicientiis
1141 2061 1197 2088 suis
1210 2069 1217 2087 :
1228 2061 1332 2095 justitia
1351 2068 1415 2088 vero
1432 2068 1491 2096 quae
1514 2062 1539 2088 in
1552 2069 1595 2089 -eo
1612 2062 1665 2093 pri-

885 2106 944 2133 dem
959 2106 1077 2140 vigebat,
1093 2107 1178 2140 magis
1195 2114 1226 2133 ac
1237 2104 1323 2140 magis
1338 2107 1364 2134 in
1378 2107 1424 2134 illo
1439 2107 1539 2134 divinis
1552 2107 1666 2134 visioni-

885 2151 935 2179 bus
959 2157 1041 2186 atqne
1065 2152 1156 2179 divino
1179 2152 1313 2187 colloquio
1340 2153 1448 2180 revixit.
1473 2151 1495 2180 0
1523 2152 1662 2180 beateJob

886 2197 980 2224 vivens
994 2199 1020 2224 in
1033 2202 1192 2232 perpetuum
1207 2198 1277 2233 apud
1294 2198 1387 2229 Deum,
1410 2202 1437 2225 et
1458 2197 1543 2225 victor
1559 2205 1666 2233 perma-

887 2249 953 2270 nens
979 2242 1006 2269 in
1031 2247 1176 2278 conspectu
1203 2243 1274 2278 regis
1297 2243 1414 2277 Domini,
1438 2252 1485 2271 ora
1511 2251 1560 2278 pro
1583 2244 1663 2271 nobis

887 2288 1005 2321 miseris,
1027 2293 1058 2316 ut
1074 2289 1154 2316 etiam
1184 2296 1232 2316 nos
1255 2289 1383 2316 terribilis
1409 2288 1455 2316 Dei
1478 2288 1664 2316 misericordia

886 2339 1008 2370 protegat
1021 2335 1046 2362 in
1061 2335 1186 2362 omnibus
1207 2335 1437 2369 tribulationibus,
1462 2340 1490 2363 et
1512 2335 1610 2369 eripiat
1630 2335 1664 2361 ab

886 2381 1011 2408 omnibus
1033 2380 1256 2416 oppressionibus
1281 2381 1410 2415 maligni;
1434 2385 1462 2408 et
1491 2384 1666 2408 conuulneret

887 2434 936 2455 nos
948 2435 1008 2454 cum
1023 2427 1115 2462 iustis,
1127 2430 1154 2453 et
1166 2425 1323 2453 conscribat
1335 2433 1384 2453 nos
1396 2434 1457 2454 cum
1479 2426 1522 2453 his
1536 2426 1579 2460 qui
1592 2425 1665 2452 salvi

887 2473 964 2504 liunt,
980 2477 1007 2499 et
1019 2472 1190 2507 requiescere
1216 2478 1265 2498 nos
1280 2471 1363 2499 faciat
1383 2479 1445 2499 cum
1463 2472 1519 2499 illis
1533 2472 1559 2499 in
1579 2479 1664 2506 regno

885 2525 946 2550 suo,
973 2518 1018 2545 ubi
1052 2522 1182 2553 perpetuo
1217 2525 1278 2544 cum
1321 2520 1423 2545 sanctis
1456 2517 1662 2552 magniﬁeemus

881 2564 967 2592 illum.
