1909 3080
248 125 302 154 495

256 201 385 208 ρ-

788 123 977 153 ANONYMUS
993 125 1027 152 IN
1047 125 1114 153 JOB.
1135 141 1169 146 —
1188 126 1251 154 LIB.
1271 124 1315 153 III.
1804 124 1844 152 696

820 277 993 321 LIBER
1032 254 1312 322 TERTIUS.

283 459 393 494 Magnos
413 465 445 486 ac
459 457 589 492 plurimos
602 456 748 491 stupendos
759 463 867 491 quoque
891 462 924 482 ac
951 454 1028 481 terri-
1047 456 1069 484 Α
1085 455 1155 486 nias,
1177 453 1244 481 alios
1263 453 1296 481 ad
1313 453 1445 489 rapinas,‘
1459 452 1528 480 alios
1550 452 1583 479 ad
1607 451 1676 479 alias
1692 450 1846 486 iniquitates,

253 505 320 533 biles
340 504 391 532 Job
407 504 512 531 dolores
528 504 555 530 in
574 502 694 538 praefatis
707 501 961 532 demonstravimus,
974 507 1026 526 non

251 551 329 586 juxta
346 551 473 578 tneritum
486 550 551 585 justi
570 549 653 582 illius,
677 548 725 575 sed
737 547 814 583 juxta
832 547 958 574 virtutem
977 553 1028 571 no-

253 603 317 625 stra:
334 597 522 628 humanitatis,
546 599 574 622 et
594 594 741 622 secundum
766 593 865 620 donum
882 591 938 618 Dei.
964 590 1031 624 Quis

255 644 328 670 enim
343 643 419 678 juxta
434 643 560 669 meritum
576 640 675 676 poterit
689 639 791 673 justum
809 638 883 665 illum
906 636 1029 672 magnifi-

250 696 323 721 care,
339 696 417 723 quem
432 688 490 723 ipse
506 687 647 719 Dominus,
662 685 706 720 qui
717 685 799 713 corda
812 683 961 719 cognoscit,
973 690 1031 710 ma-

249 735 381 770 gniﬁcans
395 734 461 761 dicit
475 743 481 760 :
500 734 558 760 Non
573 737 610 760 est
622 731 713 759 simili:
738 730 777 757 illi
799 730 936 766 quisquam
951 737 1030 763 super

253 785 351 808 terram
368 779 414 806 ’⁸³3
435 778 462 806 Si
482 779 564 813 igitur
588 783 651 805 ante
676 777 828 812 passionem
852 783 904 803 non
923 775 973 802 fuit
992 775 1029 802 illi

250 827 348 855 similis
363 828 503 861 quisquam
518 831 600 859 super
614 828 728 855 terram,
748 823 771 850 si
785 827 874 849 autem
896 829 945 848 nec
967 825 1029 848 ante

249 881 299 901 nec
313 877 403 908 postea
414 872 465 898 fuit
481 871 520 898 illi
540 870 636 898 similis
654 869 798 904 quisquam
816 875 896 902 super
916 872 1027 900 terram,

249 919 309 955 quis
320 927 352 946 ex
374 918 416 945 his
432 918 477 952 qui
493 923 555 945 sunt
574 924 654 952 super
673 921 786 948 terram,
803 914 882 950 juxta
900 913 1027 941 meritum

248 965 430 993 narrationem
449 964 491 991 vel
505 963 610 990 laudem
629 962 665 989 illi
683 961 811 988 exhibere
827 960 936 995 potest?
967 959 1024 987 Non

248 1012 333 1039 solum
349 1012 420 1037 enitn
434 1017 528 1037 omnes
539 1008 675 1040 homines,
698 1007 745 1035 sed
771 1012 835 1042 puto
849 1006 920 1041 quod
934 1010 961 1033 et
978 1013 1027 1032 au-

246 1058 296 1086 deo
313 1058 412 1089 dicere,
431 1056 512 1083 etiam
542 1055 614 1089 ipsos
640 1053 760 1089 angelos.
776 1058 855 1087 atque
868 1059 962 1079 omnes
973 1052 1027 1078 dte-

245 1110 339 1130 tuones
355 1101 498 1136 perterruit
516 1100 566 1127 Job
582 1099 724 1126 tolerantia
742 1104 768 1125 et
781 1098 931 1126 constantia
947 1102 1027 1131 atque

245 1149 323 1180 lidcs,
343 1155 403 1175 clllll
426 1147 507 1173 ilerra
525 1149 552 1172 et
572 1145 655 1171 lutum
668 1145 805 1178 superavit
816 1151 922 1171 omnem
940 1144 1025 1170 virtu-
1040 1137 1061 1163 Β

245 1201 298 1223 lem
313 1202 345 1221 ac
357 1191 542 1220 fortitudinem
559 1195 640 1225 atque
664 1197 770 1217 omnetn
788 1191 932 1216 versutiam
948 1189 1024 1216 mali-

245 1240 366 1276 gnissimi
381 1238 500 1269 diaboli,
516 1237 561 1271 qui
577 1244 639 1264 cum
665 1236 803 1269 acceperit
818 1236 922 1262 in‘eum
952 1239 1027 1269 pote-

244 1290 353 1316 statem,
380 1288 477 1311 cuncta
505 1283 564 1310 haec
590 1282 616 1309 in
642 1288 674 1309 eo
696 1281 828 1314 exercuit,
854 1288 913 1315 qua:
936 1281 1026 1308 omnia

245 1331 327 1359 corda
354 1330 379 1357 in
405 1336 529 1364 pavorem
551 1328 698 1360 deducunt,
726 1331 753 1354 et
779 1334 885 1354 omnem
907 1327 1025 1353 animam

244 1381 353 1412 stupere
382 1376 494 1403 faciunt.
521 1374 603 1410 Cujus
626 1374 697 1401 enim
719 1373 831 1400 alterius
862 1377 1024 1407 potestatem

243 1423 347 1458 accepit
361 1421 505 1456 aliquando
519 1420 649 1453 diabolus,
661 1419 714 1446 nisi
726 1419 810 1446 solius
825 1418 895 1446 Job?
909 1419 937 1444 Si
952 1418 1024 1445 enim

243 1469 354 1497 alterius
376 1468 519 1502 cujuslibet
536 1471 696 1501 potestatem
720 1464 871 1499 accepisset
892 1464 1024 1496 diabolus,

243 1513 365 1549 profecto
393 1522 445 1540 non
467 1513 574 1544 lateret,
592 1512 638 1539 sed
656 1511 700 1539 ille
721 1511 791 1538 ineo
806 1511 875 1545 quod
888 1511 970 1538 etiam
998 1510 1024 1536 in

244 1559 295 1588 Job
322 1559 442 1587 exercuit
468 1559 646 1594 perfecisset:
677 1558 755 1592 cujus
773 1564 830 1584 rem
865 1556 1023 1583 familiarem

245 1605 380 1642 perdidit,
397 1605 472 1640 cujus
496 1611 595 1638 corpus
616 1603 758 1638 putredine
778 1610 809 1629 ac
824 1602 960 1628 vermibus
984 1609 1025 1628 re-

245 1652 348 1688 plevit,
365 1651 408 1678 cui
427 1650 554 1684 reliquias
580 1657 627 1685 pro
652 1648 837 1676 consolatione
853 1655 904 1674 non
928 1647 1024 1674 dereli-

243 1700 311 1734 quit,
334 1698 376 1725 cui
393 1704 466 1732 spem
485 1696 579 1724 salutis
594 1703 646 1722 non
665 1695 779 1726 dimisit,
802 1693 848 1722 sed
864 1693 947 1720 solam
963 1701 1025 1719 uxo-

242 1754 299 1774 rem
312 1752 361 1781 pro
378 1742 594 1779 supplantatione
613 1741 649 1768 illi
675 1740 798 1774 reliquit,
814 1746 861 1774 per
876 1746 956 1773 quam
977 1746 1024 1766 no-

242 1792 379 1818 vissimam
409 1797 439 1817 ac
456 1788 630 1816 saevissimam
651 1787 723 1814 illam
747 1786 871 1820 sagittam
890 1785 1024 1812 seductio-

243 1837 286 1865 nis
300 1841 379 1870 atque
393 1833 618 1869 supplantationis
634 1834 660 1860 in
672 1840 732 1859 eum
745 1832 855 1859 dimisit.
870 1830 922 1857 Sed
935 1838 1025 1865 quem-

243 1882 388 1910 admodum
417 1881 463 1915 qui
488 1881 521 1907 ad
537 1885 643 1912 petram
660 1878 839 1913 saglttaverit.
867 1882 949 1912 petrae
965 1876 1024 1910 qui-

242 1930 302 1956 dem
324 1927 389 1956 nihil
405 1927 480 1958 facit,
494 1933 588 1952 omnes
605 1932 669 1951 vero
685 1924 795 1959 sagittas
807 1924 832 1949 in
850 1923 1022 1957 semetipsum

245 1974 398 2002 convertit:
414 1973 450 1999 ita
467 1971 648 2006 nequissimus
662 1969 786 1997 diabolus
805 1976 864 1996 cum
881 1967 1022 1995 inviolabi—

238 2021 293 2048 lem
323 2024 426 2055 petram
440 2018 501 2051 Job,
515 2023 595 2052 atque
614 2015 855 2043 incontaminatum
882 2015 1024 2049 sagittaret

242 2067 428 2098 adamantem,
444 2064 617 2098 semetipsum
633 2060 785 2088 vulneravit
800 2067 832 2086 ac
847 2059 954 2094 dejecit,
969 2057 1020 2086 Job

239 2119 308 2140 vero
325 2111 391 2138 nihil
408 2110 482 2138 fecit.
503 2109 564 2136 llaec
588 2107 728 2135 audientes
748 2105 838 2134 cuncti
865 2104 1020 2136 credentes,

238 2159 387 2186 observent
410 2163 439 2183 se
469 2155 613 2190 diligenter
640 2161 653 2180 a
681 2152 760 2180 malis
781 2150 934 2186 colloquiis,
957 2150 1019 2185 quia

240 2207 411 2236 corrumpunt
440 2209 524 2228 mores
549 2200 628 2226 bonos
648 2198 779 2233 colloquia
802 2197 873 2223 mala
893 2196 929 2228 ",
952 2196 1022 2223 sicut

242 2254 303 2284 post
321 2249 379 2276 haec
394 2247 460 2274 dicit
479 2245 634 2280 Apostolus.
651 2244 802 2272 Observent
814 2250 844 2270 se
858 2247 936 2270 caute
949 2247 976 2269 et
988 2241 1022 2269 ab

245 2294 340 2322 amicis
351 2298 379 2320 et
396 2291 534 2320 sodalibus
546 2296 572 2317 et
588 2298 602 2317 a
618 2290 774 2317 domesticis
793 2293 822 2316 et
841 2296 855 2315 a
870 2288 1022 2323 persuasio-

242 2340 324 2368 nibus
351 2344 428 2373 atque
449 2336 676 2364 concitationibus
698 2343 792 2363 eorum
814 2344 821 2362 ε
845 2336 907 2370 quia
933 2334 1021 2361 onmis

243 2386 348 2414 amicus
360 2383 536 2419 supplautans
551 2383 718 2417 supplantat,
736 2387 817 2416 atque
832 2381 964 2408 fallaciter
979 2380 1020 2406 in-

240 2432 323 2461 cedit.
338 2431 453 2458 Maxime
477 2434 566 2456 auteui
583 2429 729 2456 observate
753 2435 810 2460 vos,
833 2432 914 2461 atque
931 2430 1020 2453 atten-

241 2481 298 2507 dite
312 2477 454 2505 animabus
468 2473 577 2506 vestris,
588 2481 605 2500 o
616 2474 678 2505 viri,
696 2474 730 2500 ab
749 2473 842 2500 uxoris
857 2471 1017 2499 concitatio—
1033 2480 1058 2509 ι)

239 2525 320 2554 nibus
338 2529 418 2558 atque
432 2522 509 2549 ntalis
526 2519 754 2555 instigationlbus.
776 2519 832 2545 Per
852 2519 922 2545 hanc
943 2519 1014 2544 cnim

239 2574 266 2600 in
280 2571 374 2599 ultimo
387 2569 561 2605 supplantare
578 2566 628 2594 Job
645 2565 723 2592 nisus
744 2569 787 2591 est
814 2563 945 2593 diabolus,
969 2569 1016 2596 per

240 2622 314 2648 hanc
328 2624 458 2653 superare
474 2613 593 2650 speravit
612 2612 697 2643 illum,
714 2619 792 2645 quem
810 2617 858 2644 per
884 2609 1014 2644 plurimos

238 2672 320 2701 atque
344 2665 466 2699 iungentes
497 2661 602 2688 dolores
622 2664 750 2691 superare
776 2664 827 2683 non
850 2654 946 2689 potuit.
963 2653 1015 2679 Per

239 2699 305 2740 istas
323 2711 404 2738 etiam
421 2716 492 2736 nunc
502 2707 631 2743 plurimos
643 2703 784 2735 subvertit,
800 2709 847 2735 per
859 2701 924 2727 istas
934 2699 1014 2726 etiam

243 2765 313 2784 nunc
325 2756 456 2791 plurimos
471 2755 502 2780 ad
526 2752 594 2779 mala
608 2748 761 2785 persuadet,
781 2746 847 2772 alios
862 2746 894 2771 ad
910 2745 1012 2771 calum-

761 2840 782 2856 ³⁹
792 2839 843 2867 Job
855 2846 885 2871 ιι,
899 2836 940 2864 11.

273 2849 297 2864 ³η
307 2847 357 2874 Job
374 2855 404 2875 ιι.
417 2846 446 2873 5.
484 2845 529 2871 "1
543 2844 604 2872 Cor.
617 2851 662 2875 xv,
678 2842 723 2869 55.

1083 501 1150 528 alios
1168 500 1343 527 nihilominus
1360 498 1394 526 5d
1419 498 1511 526 odium
1532 498 1663 525 adversus
1686 497 1806 530 invicem,
1819 498 1846 524 ad

1081 547 1280 575 contentionem
1301 553 1408 580 quoque
1425 549 1452 571 et
1463 544 1595 579 jurgium.
1607 543 1652 570 Sic
1670 542 1741 569 enim
1757 550 1810 569 cum
1821 543 1846 570 ad

1081 593 1198 620 invicem
1224 591 1402 626 litigaverint,
1421 589 1448 617 in
1463 589 1516 616 hoc
1533 596 1562 616 se
1579 588 1732 616 dcfensurae
1745 593 1810 620 sunt,
1824 592 1847 613 ut

1080 640 1152 666 viros
1164 645 1229 665 suos
1256 637 1386 664 adversus
1408 635 1524 663 invicem
1546 635 1688 663 concitent
1704 634 1736 661 ad
1751 634 1844 665 bellum.

1080 684 1113 711 ad
1126 683 1297 711 inimicitiam
1316 689 1423 717 quoque
1440 686 1522 717 atque
1538 681 1726 716 iniquitatem.
1746 679 1798 706 lloc
1817 679 1846 706 ni-

1081 730 1180 757 mirum
1202 734 1333 763 operatur
1358 735 1406 762 per
1428 735 1476 755 eas
1501 726 1716 761 malignissimus
1731 724 1845 758 diabolus,

1080 778 1247 805 succendens
1262 781 1344 810 atque
1371 775 1541 803 inﬂammans
1552 774 1638 802 corda
1654 781 1750 801 eorum
1767 773 1847 800 zeloet

1080 824 1120 850 ira
1140 832 1146 851 :
1170 829 1198 850 et
1220 823 1256 850 ita
1278 822 1402 849 infelices
1415 822 1490 849 viros
1501 829 1564 848 suos
1583 824 1610 848 et
1634 821 1708 848 circa
1725 820 1811 852 Deum,
1826 823 1847 847 et

1079 867 1153 894 circa
1169 867 1285 893 invicem
1300 866 1416 894 odibiles
1432 866 1559 897 reddunt,
1577 871 1604 893 ιιι
1618 865 1664 892 Dei
1683 865 1748 892 iram
1766 865 1845 900 acqui-

1080 918 1155 949 rant,‘
1182 917 1209 940 et
1238 913 1311 940 circa
1337 913 1452 940 invicem
1478 912 1582 939 inimici
1608 915 1805 947 permaneant:
1825 916 1846 938 et

1080 961 1149 995 quod
1165 965 1206 987 est
1221 959 1367 986 maximum
1383 967 1442 986 cum
1458 959 1608 986 debuerant
1633 957 1794 993 unanimiter
1806 964 1843 991 pro

1080 1006 1193 1033 invicem
1221 1006 1350 1033 adversus
1371 1004 1496 1032 inimicos
1511 1011 1575 1030 suns
1594 1009 1678 1038 atque
1694 1003 1846 1030 adversarios

1078 1056 1161 1084 stare,
1188 1051 1244 1078 sive
1268 1051 1351 1083 intus,
1376 1049 1435 1076 sive
1453 1049 1530 1081 foris.
1553 1049 1609 1076 sive
1623 1049 1649 1074 in
1665 1048 1747 1080 bello,
1762 1050 1811 1075 sive
1825 1048 1845 1074 in

1079 1098 1189 1133 praeliis,
1217 1097 1315 1125 et‘sibi
1339 1097 1453 1124 invicem
1475 1095 1614 1122 intendere
1636 1100 1720 1129 atque
1743 1094 1844 1131 invicem_

1079 1144 1215 1178 adjuvare,
1227 1150 1254 1171 et
1268 1150 1362 1171 mutuo
1386 1150 1478 1171 amore
1503 1146 1576 1176 terga
1599 1141 1763 1171 defendere,
1785 1148 1846 1174 repe-

1080 1191 1184 1218 riuntur
1194 1191 1244 1218 sibi
1258 1191 1373 1218 invicem
1386 1189 1486 1216 inimici
1504 1195 1535 1216 ac
1554 1187 1719 1222 proditores,
1732 1191 1806 1220 atque
1823 1185 1844 1212 in

1078 1237 1194 1272 propriis
1209 1237 1294 1264 ruinis
1308 1237 1466 1272 gaudentes.
1492 1234 1558 1262 Hec
1578 1233 1709 1260 nimirmn
1734 1232 1843 1259 universa

1078 1283 1204 1310 oriuntttr
1215 1290 1248 1309 ex
1266 1283 1446 1317 malignarum
1468 1286 1549 1315 atque
1573 1279 1771 1306 contrariarum
1795 1283 1846 1304 uxo-

1080 1335 1138 1354 rum
1156 1328 1330 1361 instigatione
1345 1334 1377 1354 ac
1392 1327 1570 1362 persuasione
1584 1335 1591 1353 :
1607 1331 1676 1359 quas
1692 1331 1744 1351 non
1763 1322 1845 1350 debent

1078 1376 1172 1402 audire
1186 1375 1223 1402 illi
1241 1375 1285 1408 qui
1300 1375 1371 1401 bene
1386 1373 1542 1408 intelligunt
1566 1372 1630 1404 viri,
1646 1370 1717 1398 sicut
1732 1377 1778 1397 nec
1793 1368 1845 1395 bea-

1076 1425 1119 1448 tus
1138 1420 1189 1448 Job
1208 1419 1323 1446 audivit.
1343 1419 1488 1453 Propterea
1506 1422 1548 1445 est
1564 1417 1618 1443 Deo
1632 1413 1813 1450 acccptabilis,
1824 1415 1844 1438 et

1078 1467 1137 1494 ideo
1152 1467 1221 1493 inter
1237 1465 1335 1492 choros
1349 1469 1506 1491 sanctorum
1523 1461 1713 1497 magnificatur
1725 1460 1750 1486 in
1767 1465 1844 1493 perpe-

1078 1517 1162 1538 tuum.
1183 1509 1217 1537 Ut
1242 1515 1329 1536 autent
1359 1509 1497 1535 audierunt
1517 1512 1568 1533 (res
1591 1506 1672 1532 amici
1695 1504 1752 1539 ejus
1770 1502 1844 1530 omnia

1077 1555 1153 1590 mala]
1167 1563 1225 1590 qtae
1240 1555 1262 1581 ei
1276 1555 1426 1580 acciderunt
1448 1553 1480 1579 ³⁸.
1503 1552 1538 1580 Ut
1576 1552 1734 1582 audierunt,
1762 1547 1842 1582 inquit.

1075 1602 1096 1628 Α
1113 1609 1166 1636 quo
1178 1600 1337 1628 audierunt?
1350 1599 1471 1626 Primum
1494 1598 1601 1633 quidem
1614 1604 1628 1623 a
1647 1595 1844 1623 transeuntibus.

1076 1646 1142 1681 Quis
1158 1647 1229 1674 enim
1245 1650 1304 1674 erat
1314 1646 1359 1680 qui
1377 1653 1427 1672 non
1447 1644 1604 1680 praedicaret
1618 1643 1654 1678 [ea
1669 1649 1729 1676 quae
1746 1641 1792 1668 Job
1810 1646 1844 1665 ac-

1076 1691 1217 1719 ciderunt?
1235 1691 1300 1717 Puto
1316 1690 1385 1725 quod
1401 1694 1428 1716 et
1446 1689 1531 1723 ipsum
1561 1687 1671 1722 pelagus
1687 1691 1715 1713 et
1728 1693 1781 1717 aer,
1793 1690 1844 1710 ven-

1077 1744 1163 1765 torum
1182 1737 1355 1765 nihilominus
1381 1735 1540 1771 spirantium
1560 1734 1656 1766 ﬂabra,
1677 1731 1842 1760 miserabilem

1078 1785 1149 1812 illam
1167 1784 1265 1810 famam
1281 1788 1361 1817 atque
1379 1781 1552 1810 lamentabile
1570 1781 1634 1808 illud
1658 1779 1789 1808 nuntium,
1804 1783 1843 1812 per

1076 1837 1171 1857 oumes
1188 1829 1339 1864 previncias
1355 1827 1554 1855 ventilaverint.
1579 1826 1665 1860 Super
1686 1825 1743 1852 hinc
1765 1828 1842 1849 autem

1074 1883 1166 1903 omnes
1188 1875 1310 1902 homines
1333 1874 1378 1908 qui
1395 1874 1520 1901 viderunt
1544 1873 1613 1899 hanc
1636 1879 1693 1897 rem
1707 1875 1732 1897 et
1747 1869 1843 1904 quiau-

1074 1923 1193 1954 dierunt,
1217 1921 1390 1948 audientibus
1414 1921 1471 1948 htec
1496 1919 1679 1953 divulgabanl,
1698 1918 1753 1944 haec
1767 1915 1842 1943 nomi-

1074 1969 1184 2000 nabant,
1200 1968 1232 1995 de
1250 1968 1291 1994 his
1305 1967 1523 1998 sciscitabantur,
1536 1966 1568 1992 de
1586 1964 1628 1992 his
1643 1963 1842 1998 interrogabant,

1073 2018 1100 2041 et
1113 2014 1139 2040 in
1156 2013 1234 2044 vicis,
1254 2018 1280 2040 et
1297 2013 1323 2040 in
1343 2012 1429 2039 triviis
1448 2016 1474 2039 et
1497 2012 1523 2038 in
1543 2010 1637 2045 plateis
1649 2009 1775 2039 civitatis,
1786 2011 1811 2033 et
1820 2005 1841 2032 in

1073 2059 1222 2094 porticibus
1247 2059 1401 2091 domorum,
1427 2063 1454 2084 ct
1483 2057 1528 2092 qui
1554 2057 1605 2082 iter
1624 2055 1750 2090 agebant,
1774 2057 1842 2086 atque

1073 2109 1166 2129 omnes
1179 2103 1223 2136 qui
1238 2102 1288 2129 sibi
1301 2102 1415 2128 invicem
1432 2101 1534 2135 ubique
1547 2099 1738 2131 occurrebant,
1753 2098 1804 2125 haec
1813 2095 1841 2121 ad

1073 2148 1232 2174 alterutrum
1253 2147 1442 2181 loquebantur,
1461 2146 1547 2174 dehis
1563 2152 1592 2172 se
1609 2143 1725 2171 invicem
1743 2143 1840 2170 interro-

1072 2194 1190 2227 gabant:
1207 2193 1325 2220 maxime
1349 2193 1366 2219 ii
1392 2192 1437 2226 qui
1463 2192 1496 2219 de
1513 2190 1658 2226 |0nginquo
1671 2188 1841 2216 veniebantel

1072 2240 1163 2274 aliquo
1178 2238 1429 2273 proﬁciscebantur,
1443 2244 1538 2264 omnes
1555 2236 1654 2271 quibus
1663 2234 1838 2263 occurrebant.

1073 2284 1105 2312 de
1129 2284 1172 2311 his
1198 2284 1412 2318 interrogabant,
1434 2282 1555 2309 dicentes
1574 2290 1581 2308 :
1605 2280 1633 2308 Si
1658 2288 1750 2308 verum
1767 2283 1811 2308 eet.
1825 2283 1839 2304 0

1070 2330 1133 2362 viri,
1159 2329 1210 2356 hoc
1235 2329 1305 2364 quod
1325 2329 1356 2356 de
1377 2328 1428 2355 Job
1451 2327 1561 2360 dicitur,
1585 2327 1607 2354 si
1630 2334 1724 2353 verum
1739 2329 1779 2352 est
1797 2324 1840 2350 hoc

1071 2376 1141 2411 quod
1157 2375 1189 2403 de
1199 2375 1272 2410 justo
1288 2374 1331 2401 illo
1347 2373 1518 2409 praedicatur,
1532 2371 1609 2406 cujus
1625 2371 1738 2406 justitiis
1751 2368 1837 2397 ctelum

1071 2427 1098 2448 et
1115 2427 1186 2448 terra
1211 2425 1294 2455 atque
1318 2427 1413 2447 omnes
1438 2419 1563 2446 homines
1589 2421 1761 2448 attestanlur,
1778 2412 1838 2449 quod

1072 2473 1125 2494 tam
1143 2474 1235 2494 amare
1250 2465 1368 2492 miseriis
1381 2464 1495 2492 alllictus
1510 2464 1554 2496 sit,
1579 2464 1652 2498 quod
1667 2468 1720 2489 tam
1738 2462 1838 2489 misera-

1071 2513 1160 2540 biliter
1175 2519 1318 2547 percussus
1334 2511 1396 2538 sit?
1417 2510 1480 2537 Haec
1502 2515 1582 2544 atque
1608 2509 1650 2536 his
1672 2507 1768 2535 similia
1785 2511 1836 2532 cum

1070 2559 1228 2593 loquuntur,
1243 2557 1386 2584 veritatem
1405 2556 1439 2583 ab
1452 2556 1492 2582 eis
1511 2555 1545 2582 de
1559 2555 1591 2581 iis
1605 2561 1663 2589 quae
1673 2554 1836 2588 provenerant

1070 2606 1192 2636 audiunt,
1210 2611 1290 2639 quam
1321 2604 1347 2630 in
1375 2603 1530 2636 longinquo,
1549 2601 1574 2628 in
1589 2608 1695 2628 omnem
1713 2598 1833 2633 regionem

1071 2659 1104 2678 ac
1128 2650 1292 2686 provinciam
1319 2650 1537 2683 deportaverunt.
1567 2646 1733 2680 Quocunque
1755 2643 1834 2676 itaque

1071 2696 1252 2732 pervenerint,
1269 2703 1364 2722 omnes
1378 2695 1500 2728 regiones
1520 2700 1551 2720 ac
1566 2691 1730 2727 provincias,
1751 2687 1834 2716 civita-

1069 2748 1111 2770 tes
1121 2749 1227 2777 quoque
1241 2747 1321 2775 atque
1340 2739 1462 2772 castella,
1475 2737 1624 2766 miserabili
1642 2737 1693 2764 hoc
1713 2733 1801 2763 nuntio
1809 2733 1833 2758 ei
