1909 3080
66 168 116 196 J97

618 165 810 194 ANONYMUS
829 164 862 192 IN
879 164 949 193 JOB.
970 180 1004 185 —-
1022 165 1086 193 LIB.
1106 165 1148 193 ΙΙΙ.

1639 165 1691 192 498

67 223 235 252 lamentabili
252 224 325 250 fama
344 224 528 258 repleverunt.
554 224 705 251 Audiernnt
724 231 788 258 ergo
804 228 858 250 tres
872 225 896 254 Δ
909 223 1029 250 ontninm
1043 223 1158 249 tiliorum
1171 229 1281 250 suorum
1293 217 1492 250 lamentabilem
1501 221 1691 254 perditionem,

66 270 176 299 sodales
194 270 236 296 vcl
258 270 339 297 amici
352 270 411 305 ejus
431 270 481 297 hoc
501 270 572 304 quod
587 269 642 303 jant
659 269 784 297 omnibus
797 274 856 308 erat

66 321 172 345 certqu
189 322 272 350 atque
295 317 444 351 cognitum,
468 317 612 343 audierttnt
627 317 708 343 etiam
723 316 777 342 isti.
791 315 857 342 Nam

67 361 138 389 nihil
165 364 206 387 est
235 361 271 387 ita
303 361 491 395 praedicabile,
521 361 591 388 sicut
620 360 710 396 magni
740 360 858 387 hominis

68 408 158 435 ruina.
174 406 242 434 Cum
255 408 327 434 ettim
344 407 456 441 quilibet
476 415 508 433 ex
525 406 675 433 humilibus
690 406 723 432 ad
739 406 858 433 sublimi-

68 458 152 480 tatem
171 453 338 487 pervenerit.
359 460 412 480 tton
432 453 468 479 ita
490 453 590 487 ubique
605 453 664 487 ejus
689 452 793 479 auditio
816 451 856 484 tit,

66 499 138 526 sicut
157 507 218 526 cum
243 499 304 533 quis
331 506 362 526 ex
385 499 547 526 sublimibus
577 499 736 526 humiliatus
765 497 856 530 fuerit,

65 546 138 574 sicut
153 553 215 572 cum
235 546 295 580 quis
313 554 427 581 magnus
443 546 590 578 interierit,
609 545 773 580 quantocius
793 552 858 572 ven-

67 595 159 618 torum
184 590 279 618 llahris
306 589 376 617 fama
401 589 459 624 ejus
484 598 592 618 onmem
620 590 757 626 regionem
775 595 857 625 atque

69 644 180 665 omnem
199 637 319 663 auditum
344 640 478 670 penetrat.
500 635 572 671 Ergo
592 637 654 671 quia
681 637 715 663 ita
735 637 857 671 provenit

65 683 100 710 de
110 682 188 717 justo
201 681 263 714 Job,
282 681 399 716 ideoque
419 689 481 708 cunt
503 689 597 709 omnes
621 687 648 709 et
671 682 716 715 qui
731 689 814 716 prope
830 685 858 709 et

65 729 112 764 qui
136 728 217 762 longe
242 732 321 755 erattt
348 727 497 758 audissent,
522 728 667 755 audierunt
694 728 775 754 etiant
800 732 856 755 tres

65 775 146 802 amici
164 776 224 808 ejus
244 774 336 800 omnia
359 774 426 801 mala
444 782 503 809 qua:
524 775 549 802 ei
568 774 735 801 acciderunt.
759 772 855 800 Volue-

65 826 128 848 runt
149 821 272 848 nonnulli
298 821 390 848 dicere
415 821 485 855 quod
507 820 643 848 daemones
668 820 708 846 eis
724 819 855 853 praedica-

65 867 172 898 verint,
195 867 266 900 quod
285 867 375 894 nullus
403 874 436 894 ex
464 866 631 901 sapientibus
659 866 765 900 recipit.
794 865 854 892 Bla-

911 275 970 303 quze
987 268 1038 295 sub
1053 275 1106 295 uno
1128 268 1181 294 ictu
1198 268 1320 295 omnium
1337 266 1407 294 facta
1424 271 1465 294 est
1482 267 1601 302 pariter?
1620 266 1689 300 Quo-

909 314 988 341 modo
1003 315 1138 341 sustineat.
1158 314 1196 340 rei
1218 313 1361 340 familiaris
1385 313 1582 347 praecedentem
1604 313 1693 348 jactu-

909 359 984 385 ratn?
998 358 1138 392 Quomodo
1155 358 1291 385 sustineat
1314 357 1461 384 terribilem
1483 362 1563 391 atqtte
1576 357 1692 384 stevissi-

908 412 978 431 mam
987 405 1108 439 corporis
1118 404 1242 439 plagam?
1254 403 1305 430 Pro
1317 404 1368 436 his,
1385 403 1663 437 inquinnt,omnibns,
1677 411 1693 430 ο

907 450 1080 485 viri.justtnn
1095 455 1136 477 est
1149 449 1285 476 consolari
1301 449 1516 476 consolationem
1532 456 1583 475 non
1594 449 1693 476 haben-

908 501 972 528 tem,
985 496 1037 523 nisi
1054 496 1140 523 solam
1157 496 1182 522 in
1198 496 1251 522 Deo
1263 502 1338 529 spem
1353 494 1509 522 habentem.
1523 494 1584 522 llaec
1604 496 1692 530 itaque

908 543 1031 569 universa
1052 542 1084 568 ad
1104 541 1220 569 invicem
1243 541 1401 575 loquentes,
1422 541 1478 567 sive
1499 548 1546 575 per
1572 541 1690 573 nuntios,

907 588 964 615 sive
974 595 1022 623 per
1030 587 1192 621 scripturam
1206 588 1268 614 boni
1276 586 1315 614 illi
1325 594 1356 613 ac
1366 586 1485 621 religiosi
1500 586 1549 612 viri
1561 591 1692 613 venerunt

907 633 986 661 simul
999 634 1031 660 ad
1047 641 1108 661 eum
1129 633 1312 670 unusquisque
1331 632 1364 659 de
1389 631 1496 658 civitate
1513 638 1577 664 sua,
1590 636 1619 657 nt
1631 638 1692 658 con-

907 678 1061 706 solarentur
1075 685 1101 705 et
1116 678 1258 704 visitarent
1279 677 1365 704 illum.
1390 677 1423 709 Ο,
1442 677 1575 711 inquiunt,
1594 676 1636 704 ille
1646 677 1690 710 qui

908 726 934 752 in
950 724 1076 752 omnibus
1093 725 1206 758 justitiis
1222 724 1409 752 testimonium
1431 724 1538 754 habuit.
1563 729 1691 758 tanquam

907 778 977 798 unus
996 771 1155 805 specialiter
1172 779 1203 798 ex
1219 770 1330 804 injustis
1347 771 1469 805 punitur.
1489 769 1534 796 Ille
1551 770 1611 806 sine
1626 777 1691 804 qne-

908 817 962 844 rela
980 825 1080 849 verus,
1097 808 1263 848 misericors,
1292 821 1419 850 tanquam
1446 823 1515 842 unus
1542 822 1574 841 ex
1601 815 1691 849 impiis

908 870 1052 898 percussus
1067 861 1207 897 aﬂligitnr.
1230 862 1276 889 Ille
1289 863 1335 897 qui
1353 867 1413 889 erat
1430 861 1477 888 Dei
1498 861 1597 893 cultor,
1609 865 1690 895 atque

65 911 200 946 sphemia:
214 913 286 938 enitn
302 920 393 939 sermo
404 918 447 939 est
464 912 518 939 hic.
536 911 601 938 Nam
618 911 654 938 illi
671 912 720 938 viri
734 912 781 939 Dei
797 911 855 939 cul-
872 899 892 928 Β
908 909 1023 936 liliorum
1052 917 1163 936 suorum
1189 908 1323 936 sollicitus
1345 908 1420 936 circa
1445 908 1527 935 Deum
1549 907 1689 939 sacerdos,

67 962 142 985 tores
166 958 286 992 l‘ucrnnt,
306 964 399 994 utpote
413 958 463 987 Job
492 959 597 986 sodales
615 964 695 994 atque
709 959 800 991 amici,
819 959 854 994 pii

67 1012 101 1032 ac
122 1005 180 1032 Deo
194 1006 344 1033 credentes.
362 1006 419 1033 Non
433 1007 505 1033 enim
527 1006 732 1041 amplexabatur
746 1004 798 1034 Job
812 1005 855 1040 jn-

68 1056 139 1083 stus,
157 1050 274 1086 ithttslos
289 1053 330 1078 vel
361 1051 458 1086 impios
484 1052 557 1079 viros
574 1051 676 1078 amicos
692 1059 723 1078 ac
747 1051 852 1079 sodales

67 1101 179 1129 habere.
194 1100 298 1128 Idcirco
311 1101 347 1128 ita
362 1101 545 1136 percipiamus
566 1108 615 1128 nos
628 1101 672 1135 qui
684 1100 766 1127 Deum
778 1100 855 1127 time-

66 1153 139 1178 mus,
155 1146 227 1181 quod
249 1147 335 1174 sancti
358 1146 445 1181 angeli
471 1147 503 1173 ad
518 1154 564 1173 eos
588 1147 737 1179 venientes,
754 1147 811 1174 sive
827 1146 852 1173 in

65 1199 172 1224 somno,
187 1192 279 1220 sivein
289 1192 400 1227 vigiliis,
418 1192 617 1219 admonuerunt
628 1199 674 1220 eos
689 1196 718 1219 ut
729 1191 855 1219 celeriter

65 1239 206 1269 venirent,
232 1242 259 1265 et
281 1238 381 1273 justum
402 1237 476 1264 illum
497 1238 613 1264 amicum
636 1237 852 1265 consolarentur.

65 1274 348 1311 Venientibtisautetn
364 1283 415 1310 illis
427 1283 500 1316 illnc,
515 1288 543 1309 ut
554 1283 683 1318 ptttabant
695 1282 855 1318 insipienter

66 1337 96 1358 se
113 1337 164 1365 pro
182 1330 239 1357 Deo
259 1333 342 1361 stare,
367 1329 477 1356 inventa
499 1329 645 1356 occasione
671 1327 854 1363 nequissimus

67 1377 176 1404 dtemon
199 1377 232 1403 ad
255 1375 525 1410 hlasphentiamjusti
556 1374 607 1402 Job
633 1374 693 1402 illos
707 1376 852 1403 convertit.

65 1421 132 1448 Nam
148 1420 221 1448 sicut
237 1427 348 1447 uxorem
360 1419 433 1454 ejus,
445 1419 551 1454 pridem
567 1427 629 1446 cum
641 1425 714 1447 esset
729 1420 853 1455 religiosa

65 1466 293 1504 atquepmnibus
308 1465 422 1499 justitiis
441 1465 467 1493 ei
487 1465 671 1498 consentiens,
686 1466 712 1492 in
728 1466 854 1501 blasphe-

66 1505 148 1539 niiam
162 1511 328 1542 immutavit,
340 1510 380 1538 sic
393 1514 419 1538 et
432 1515 598 1538 memoratos
609 1510 693 1538 viros.
708 1510 745 1538 De
755 1511 854 1546 quibus

65 1558 131 1585 dicit
143 1558 206 1584 istic
223 1564 232 1583 :
245 1557 386 1583 Audientes
399 1561 450 1583 tres
465 1556 543 1583 amici
551 1556 608 1590 ejus
619 1557 706 1583 omnia
717 1564 775 1591 qua?
784 1558 855 1584 acci-
867 1570 890 1601 c

65 1604 156 1630 derant
172 1603 218 1636 ei,_
233 1602 346 1629 ﬁliorum
373 1602 523 1633 interitum,
555 1602 592 1629 rei
607 1601 748 1630 l‘atniliaris
761 1602 851 1637 perdi-

67 1649 180 1680 tionem,
201 1648 325 1683 corporis
344 1647 528 1682 putredinem,
548 1647 682 1675 vermium
704 1649 852 1676 comestio-

67 1703 137 1726 nent,
156 1694 308 1721 liberorum
327 1694 446 1728 iniquam
458 1694 705 1728 consumptionem,
728 1702 781 1722 non
795 1702 853 1722 me-

68 1739 211 1771 diocriter,
236 1739 285 1765 sed
306 1738 452 1765 miserabili
478 1743 560 1772 atque
577 1738 745 1766 lamentabili
762 1739 852 1770 modo,

67 1790 94 1810 ut
111 1785 243 1818 superius
266 1785 481 1812 demonstratum
500 1788 552 1816 est,
566 1785 775 1812 condoluerunt.
791 1785 854 1812 Haec

66 1831 159 1865 itaque
173 1831 299 1857 universa
315 1830 457 1857 audientes
475 1834 530 1856 tres
550 1829 656 1857 sodales
677 1830 747 1865 ejus,
764 1831 854 1857 obstu-

64 1878 197 1910 puerunt,
220 1879 248 1901 et
270 1875 422 1913 putatisne,
438 1875 611 1909 inquientes,
627 1875 698 1902 unde
716 1875 774 1902 haec
790 1876 852 1903 uni-

64 1927 144 1947 Versa
166 1921 365 1947 obvenerunt?
389 1920 531 1947 Etntrum
552 1921 588 1947 sit
601 1920 679 1947 nobis
692 1920 813 1955 gravius,
837 1929 853 1948 ο

64 1966 129 1998 viri,
152 1967 268 1993 hoccine
288 1967 360 2001 quod
379 1967 484 1994 amicus
504 1970 597 1993 noster
622 1966 691 1993 tales
709 1967 853 2001 pertulerit

65 2012 206 2044 miserias,
228 2020 262 2038 an
284 2013 355 2046 quod
376 2013 481 2040 Domini
505 2012 609 2039 amicus
633 2011 695 2039 talia
722 2014 854 2041 sustineat

65 2058 147 2090 mala,
164 2057 491 2092 cujusjustilicationibus
504 2066 535 2085 ac
546 2058 740 2086 tnisericordiis
753 2059 852 2086 ccelum

64 2108 91 2130 et
107 2108 183 2130 terra
204 2104 391 2131 attestantur?
410 2104 472 2132 llzcc
489 2105 594 2132 scilicet
614 2104 739 2132 universa
755 2110 784 2132 ut
805 2113 853 2131 au-

64 2149 187 2181 dierunt,
205 2153 287 2182 atque
303 2150 359 2176 haec
374 2150 407 2176 ad
419 2150 536 2178 invicem
556 2150 619 2178 boni
640 2151 677 2178 illi
695 2151 801 2178 sodales
818 2151 853 2177 lo-

64 2195 120 2232 cuti
135 2199 218 2222 sunt:
237 2195 366 2222 Venerunt
382 2197 469 2222 statim
479 2197 558 2223 simul
570 2198 604 2224 ad
619 2205 678 2224 eum
690 2203 716 2224 ut
729 2199 850 2225 consola-

907 959 1037 988 tanqnant
1071 962 1142 981 tinus
1172 962 1206 981 ex
1237 953 1344 987 injustis
1371 958 1524 988 torquetur.
1560 951 1690 980 Venerunt

905 1001 984 1027 simul
1001 1001 1034 1027 ad
1054 1008 1123 1027 eum.
1149 999 1313 1033 Quomodo?
1333 999 1494 1026 Statuerunt
1515 1003 1632 1033 tempus,
1649 999 1690 1025 di-

906 1046 991 1073 mensi
1006 1051 1068 1073 sunt
1089 1046 1171 1073 diem.
1197 1045 1336 1079 Quomodo
1345 1045 1425 1072 simul
1439 1045 1538 1079 pariter
1548 1049 1688 1077 venerunt,

905 1096 932 1118 et
948 1100 1000 1118 non
1014 1091 1199 1126 unusquisque
1214 1099 1228 1118 a
1246 1099 1284 1124 se,
1303 1098 1390 1127 neque
1405 1098 1452 1125 per
1474 1099 1503 1117 se
1518 1091 1604 1125 ipsum
1618 1091 1629 1117 ?
1641 1091 1687 1118 Dci

905 1136 1073 1172 providentia
1102 1141 1184 1171 atque
1211 1136 1258 1163 Dei
1284 1136 1440 1170 operatione
1463 1136 1499 1162 ita
1530 1137 1689 1171 disponente

905 1187 986 1216 atque
1001 1182 1170 1216 providente,
1185 1186 1213 1208 ut
1234 1189 1287 1215 non
1303 1181 1402 1217 singuli
1417 1186 1478 1216 post
1495 1187 1601 1216 tempus
1615 1183 1688 1209 veni-

905 1233 966 1254 rent
978 1228 1011 1253 ad
1027 1232 1144 1262 tempus,
1171 1227 1218 1254 sed
1240 1235 1334 1255 omnes
1353 1228 1459 1260 statim,
1474 1235 1569 1254 omnes
1584 1228 1688 1262 pariter

905 1280 959 1299 uno
979 1277 1113 1306 tempore,
1129 1280 1182 1299 uno
1194 1273 1248 1303 die,
1266 1280 1317 1300 una
1331 1273 1409 1304 hora,
1428 1278 1521 1307 utpote
1535 1273 1686 1306 unanimes,

905 1321 996 1351 utpote
1012 1323 1093 1343 unum
1116 1317 1275 1348 sentientes,
1297 1321 1388 1352 utpote
1404 1317 1562 1345 concordes.
1578 1317 1623 1344 Sic
1641 1325 1688 1345 ve-

905 1366 1003 1389 nerunt
1013 1363 1046 1389 ad
1058 1370 1118 1389 eum
1135 1363 1215 1389 simul
1237 1363 1336 1395 subito,
1359 1367 1484 1397 tanquam
1503 1371 1586 1390 nnutn
1601 1363 1688 1390 Deunt

904 1409 1040 1439 colentes,
1068 1412 1196 1442 tanquam
1220 1407 1343 1434 Creatori
1366 1409 1527 1441 servientes,
1553 1413 1683 1442 tanquam
1718 1419 1721 1422 ν

904 1461 986 1481 unum
1001 1453 1052 1481 Job
1077 1454 1230 1488 plenissime
1254 1453 1406 1488 diligentes.
1435 1452 1481 1480 Sic
1498 1454 1590 1488 itaque
1606 1460 1688 1481 vene-

904 1504 967 1526 runt
996 1499 1097 1534 pariter
1128 1500 1161 1526 ad
1196 1499 1289 1526 Deum.
1311 1498 1388 1526 Unde
1418 1504 1508 1525 autem
1535 1499 1688 1526 venerunt?

904 1544 963 1573 Non
978 1552 1011 1573 ex
1024 1553 1076 1572 una
1092 1545 1204 1572 civitate
1216 1551 1303 1579 neque
1318 1552 1372 1572 uno
1386 1544 1456 1578 loco,
1473 1552 1562 1579 neque
1573 1552 1605 1571 ex
1623 1552 1687 1579 pro-

905 1590 1007 1623 vincia,
1024 1590 1065 1618 vel
1082 1590 1202 1625 regione,
1228 1597 1261 1617 ex
1280 1597 1330 1617 suo
1350 1590 1525 1617 nihilominus
1545 1597 1627 1624 regno
1643 1598 1688 1617 ve.

907 1642 1009 1664 nerunt
1020 1636 1102 1663 simul
1113 1636 1146 1663 ad
1159 1644 1232 1664 eum.
1244 1636 1310 1663 Cum
1321 1635 1445 1663 omnibus
1456 1637 1527 1662 enim
1538 1636 1686 1668 miraculis,

905 1687 948 1710 est
962 1683 1044 1709 etiam
1061 1682 1113 1709 hoc
1129 1682 1224 1717 ingens
1242 1681 1415 1713 miraculum,
1434 1685 1464 1707 ut
1478 1688 1539 1707 cum
1554 1681 1589 1707 ita
1607 1680 1687 1715 longe

905 1736 937 1756 ac
956 1729 1008 1755 late
1023 1727 1057 1754 ab
1073 1728 1188 1754 invicem
1204 1733 1377 1754 morarentur
1389 1746 1396 1758 ,
1417 1727 1519 1760 pariter
1530 1727 1562 1752 ad
1578 1727 1686 1754 beatum

904 1774 954 1802 Job
970 1775 1108 1806 venirent,
1128 1774 1314 1807 unusquisque
1334 1781 1368 1800 ex
1384 1781 1433 1801 sua
1455 1773 1565 1800 civitate
1584 1772 1613 1799 in
1631 1780 1684 1807 qua

906 1821 1072 1852 morabatur,
1094 1820 1121 1847 itt
1140 1827 1193 1854 qua
1209 1820 1350 1855 regnabat,
1373 1819 1400 1846 in
1418 1826 1470 1854 qua
1486 1819 1685 1846 dominabatur.

906 1865 1099 1900 Unusquisque
1118 1873 1183 1899 ergo
1199 1873 1232 1892 ex
1255 1873 1302 1892 sua
1321 1865 1430 1892 civitate
1456 1865 1549 1897 venit,
1573 1865 1624 1892 hoc
1646 1870 1688 1892 est

904 1920 936 1940 et
950 1912 1061 1939 civitate
1077 1912 1150 1946 regni
1164 1911 1215 1938 sui.
1228 1911 1260 1938 Et
1272 1911 1306 1938 ob
1321 1917 1402 1946 quam
1416 1917 1472 1938 rem
1484 1909 1635 1937 venerunt?
1646 1909 1687 1936 Ad

905 1957 1100 1986 consolandum
1114 1962 1196 1992 atque
1208 1957 1374 1984 visitandutn
1387 1956 1472 1983 illum.
1494 1955 1527 1982 Et
1544 1963 1608 1983 vere
1621 1957 1684 1990 quia
1723 1963 1725 1965 ί

904 2003 955 2038 ipsi
970 2003 1079 2038 quidem
1099 2003 1133 2030 ob
1151 2003 1203 2030 hoc
1221 2006 1356 2029 venerunt
1376 2006 1406 2029 ut
1425 2001 1631 2029 consolarentur
1655 2006 1687 2028 ac

904 2049 1046 2076 visitarent
1070 2048 1144 2076 illum
1162 2057 1169 2075 :
1194 2048 1241 2075 sed
1260 2043 1444 2082 nequissimus
1463 2048 1585 2074 diabolus
1600 2047 1687 2075 bono-

905 2102 965 2121 rntn
980 2101 1012 2121 ac
1022 2094 1156 2128 justorum
1175 2094 1303 2121 inimicus
1320 2094 1383 2121 odio
1396 2093 1498 2120 habens
1512 2093 1602 2120 omnia
1624 2100 1686 2128 quae

905 2141 992 2176 dlllgll
1007 2142 1146 2172 Donnnus,
1156 2146 1267 2175 accepta
1282 2139 1426 2167 occasione
1440 2146 1493 2174 qua
1507 2140 1588 2166 Deum
1600 2138 1686 2165 olTen-

904 2186 1001 2213 dereut
1015 2190 1095 2220 atque
1120 2185 1166 2213 Dei
1179 2185 1324 2220 justitiam,
1339 2190 1366 2213 et
1380 2185 1430 2213 Job
1445 2187 1478 2214 de
1500 2185 1640 2220 injustitiis
1659 2191 1687 2212 et

64 2244 159 2267 mm”.
171 2248 232 2267 eum
243 2246 266 2268 ει
280 2242 414 2268 mnam“
434 2242 509 2269 mum
522 2242 554 2269 ιι,
569 2243 591 2269 Α
607 2243 753 2277 prioribus,
765 2244 852 2277 aium’
869 2237 891 2264 1)
906 2233 1026 2266 peccatis
1037 2239 1207 2265 accusarent,
1227 2238 1331 2260 tantum
1348 2232 1409 2260 illos
1433 2232 1584 2259 immutavit
1607 2237 1687 2265 atque

64 2286 192 2320 patribus
218 2287 319 2314 nostris
339 2287 502 2320 audivimus,
517 2295 534 2314 ο
556 2288 617 2319 viri,
631 2289 702 2322 quod
723 2290 852 2323 antiquus

65 2331 111 2359 ille
135 2332 222 2359 l'rater
244 2332 286 2359 avi
316 2333 401 2360 nostri
429 2333 496 2360 Esau
519 2333 602 2361 Jacob
624 2335 764 2362 duodecim
786 2335 855 2362 ﬁlios

67 2377 209 2410 habuerit,
229 2383 255 2404 et
275 2377 356 2405 ﬂltam
374 2386 453 2406 unam
469 2386 477 2406 :
496 2387 555 2406 cunt
570 2387 653 2407 unum
668 2388 700 2406 ex
716 2381 853 2412 omnibus,

66 2427 96 2449 ut
111 2423 237 2457 putabat,
256 2423 427 2457 perdidisset,
444 2428 547 2451 tantum
566 2423 640 2451 illurn
666 2433 748 2452 unum
773 2426 852 2457 lnxit,

65 2474 94 2496 et
115 2476 215 2496 omnes
238 2469 286 2496 lilii
309 2468 367 2503 ejus
384 2475 411 2497 et
429 2470 491 2497 lilia:
513 2469 605 2505 procul
630 2470 712 2497 dubio
731 2476 758 2497 et
775 2471 852 2498 tnulti

66 2515 186 2542 aliorum
203 2514 354 2542 anticorum
371 2515 565 2542 convenientes
589 2520 701 2550 propter
720 2524 802 2543 unum
823 2516 854 2542 ti-

70 2560 136 2587 lium
151 2560 286 2588 consolati
301 2565 363 2587 sunt
377 2568 438 2588 eum
452 2569 460 2588 :
479 2566 506 2588 et
522 2561 608 2588 noluit
623 2562 757 2588 consolari
770 2562 853 2589 etiam

67 2606 197 2633 incolumi
211 2613 240 2633 re
252 2606 392 2639 familiari,
401 2612 429 2634 et
438 2608 545 2634 creteris
553 2608 680 2635 ontttibus
702 2608 854 2635 viventibus

67 2658 150 2687 atque
165 2652 284 2679 sanitate
303 2654 426 2688 corporis
447 2657 626 2687 permanente
640 2662 647 2680 :
664 2658 690 2680 et
704 2661 766 2680 cum
782 2653 853 2680 nulla

68 2705 110 2724 res
133 2702 209 2725 esset
233 2698 286 2724 alia
311 2706 372 2732 quae
397 2706 458 2725 eunt
485 2699 668 2729 contristaret,
696 2707 748 2725 tton
768 2700 856 2732 potuit

68 2741 227 2768 exhilarari.
251 2740 281 2767 st
300 2745 388 2767 autent
414 2740 458 2767 ille
489 2740 568 2768 Iacob
596 2740 631 2766 ita
655 2741 772 2775 graviter
793 2741 854 2767 tulit

70 2786 151 2814 unius
169 2786 217 2813 lilii
237 2786 468 2820 desperationem,
494 2786 627 2820 quomodo
651 2786 783 2812 sustineat
807 2785 855 2813 Job

104 2879 126 2895 ³¹
142 2878 193 2907 Job
207 2886 237 2906 ιι.

905 2280 1044 2314 pervertit,
1062 2285 1092 2307 ut
1106 2280 1223 2315 amplius
1241 2279 1415 2307 exulceraret
1429 2286 1477 2306 cor
1495 2278 1546 2306 Job
1564 2286 1611 2313 per
1631 2277 1688 2304 haec

904 2333 963 2360 qua:
975 2325 1058 2353 locuti
1074 2331 1147 2357 sunt,
1164 2334 1244 2360 quam
1259 2333 1307 2361 per
1318 2333 1412 2353 omnes
1428 2325 1536 2353 dolores
1548 2332 1614 2359 quos
1630 2324 1686 2358 pri-

904 2371 965 2398 dem
980 2372 1104 2398 exercuit
1118 2372 1235 2403 in_eum.
1260 2371 1325 2399 Nam
1350 2371 1415 2405 quid
1435 2375 1507 2399 esset
1529 2370 1688 2398 castissima:

903 2416 999 2443 anima
1010 2415 1060 2444 Job
1071 2416 1209 2443 crudelius
1223 2424 1304 2451 quam
1320 2421 1349 2443 nt
1362 2417 1396 2444 ab
1410 2416 1507 2443 amicis
1522 2416 1555 2443 de
1569 2414 1687 2449 peccatis

906 2462 1000 2490 luisset
1025 2462 1183 2489 criminatus
1207 2470 1269 2489 cunt
1291 2462 1402 2489 tnininte
1425 2461 1593 2496 deliquisset,
1612 2465 1641 2486 et
1655 2459 1688 2486 de

907 2508 1090 2542 impietatibus
1111 2508 1301 2542 reprehensus,
1315 2508 1360 2542 qui
1373 2512 1433 2535 erat
1449 2508 1482 2535 ab
1492 2507 1618 2535 omnibus
1630 2507 1683 2533 iut-

907 2554 1054 2589 pietatibus
1067 2554 1181 2583 alienus.
1195 2559 1222 2580 et
1234 2554 1304 2588 quod
1315 2560 1365 2588 pro
1379 2553 1498 2587 peccatis
1514 2553 1689 2579 sustinuisset

907 2609 1001 2629 omnes
1024 2601 1142 2633 dolores,
1165 2606 1192 2628 et
1211 2601 1282 2635 quod
1307 2608 1354 2634 pro
1374 2600 1504 2634 injustitiu
1527 2598 1689 2626 obvenerint

908 2648 946 2675 illi
972 2648 1028 2674 luet:
1054 2648 1180 2674 universa
1205 2646 1297 2673 mala?
1321 2645 1398 2679 Quod
1420 2649 1507 2672 autent
1528 2645 1560 2671 ad
1586 2649 1688 2671 tantam

909 2693 1105 2727 blasphemiam
1122 2695 1254 2719 adversus
1272 2691 1323 2719 Job
1343 2691 1515 2725 pervenerint
1531 2690 1574 2717 isti
1588 2690 1650 2722 viri,
1663 2693 1689 2716 et

909 2747 961 2766 ttou
977 2739 1126 2771 titnnerint,
1145 2738 1245 2765 diaboli
1266 2737 1350 2764 livore
1368 2740 1448 2771 atque
1472 2735 1529 2762 zelo
1551 2735 1688 2767 succensi,

889 2791 892 2795 '
908 2792 940 2811 ex
957 2785 1072 2819 propriis
1092 2792 1184 2812 corutn
1194 2783 1364 2811 sermonibus
1387 2781 1690 2816 comprobatur,qucnt<
