1909 3080
248 153 301 182 499

792 153 981 182 ANONYMUS
1001 153 1034 181 IN
1053 153 1122 181 JOB.
1142 168 1176 173 —
1195 153 1258 180 [ΛΒ.
1279 152 1322 180 Ill.

1818 154 1860 182 500

250 216 394 244 admodum
421 215 513 243 dicunt
536 215 751 250 blasphemantes
780 220 862 250 atque
887 215 1032 244 detrahen-
1047 217 1071 245 Α
1085 213 1212 241 arbitrati
1226 219 1288 241 sunt
1306 218 1333 240 et
1353 214 1403 240 hoc
1415 213 1544 241 dixerunt
1556 213 1593 240 illi
1608 213 1670 244 viri,
1683 213 1750 248 quia
1764 219 1821 240 cum
1833 214 1861 240 sit

251 267 291 290 tes
324 262 359 289 illi
384 271 391 289 :
414 261 453 288 Tu
474 262 536 296 quis
562 262 614 289 es?
643 261 706 296 quia
735 261 819 293 dicis,
844 269 896 289 non
926 261 1033 296 peccavi

251 308 341 335 factis.
358 307 434 340 Quod
453 308 475 334 si
496 315 549 334 non
569 308 724 342 peccasti,o
741 307 802 341 Job,
815 313 951 335 memento
971 308 1033 342 quia

251 361 329 380 nemo
342 353 434 388 justus
445 353 536 388 periit,
549 357 596 380 aut
613 353 721 388 quando
734 353 781 381 Dei
802 361 897 380 servus
910 353 1033 381 eradica-

250 399 342 427 bilur?
356 400 406 426 hoc
428 405 470 427 est
485 399 554 427 sicut
569 405 608 428 tu.
626 399 728 427 Deinde
740 407 801 427 cum
817 400 919 435 ingenti
935 401 1033 435 impro-

250 444 326 479 perio
339 450 366 472 et
384 445 568 480 increpatione
584 451 664 480 atque
676 446 799 473 colivicio
812 455 818 474 :
831 446 981 480 Quousque
993 446 1033 473 Io-

249 491 342 524 queris
352 492 466 526 spiritus
478 492 654 526 multiloqua:
670 499 719 519 ore
736 492 801 520 tuo?
819 491 945 527 Nunquid
963 492 1033 520 Deus

251 534 349 568 injuste
364 535 479 569 judicat,
500 536 550 563 hoc
565 541 606 563 est
620 536 692 563 sicut
710 542 735 564 te
749 537 929 571 peccantem?
944 538 997 564 Aut
1011 538 1034 564 is

250 580 296 614 qui
311 581 402 607 omnia
423 582 538 614 creavit,
563 583 732 616 perturbavit
749 583 886 617 justitiam
899 584 912 611 ‘Z
925 584 979 611 lloc
991 589 1032 611 est

252 626 273 653 si
287 625 312 653 in
331 630 356 654 te
369 631 441 654 esset
452 626 569 662 justitia,
582 635 636 655 non
651 629 742 663 utique
757 629 928 664 perturbaret
943 629 1033 661 iustus

249 670 332 707 iudex
343 671 472 706 judicium
488 679 569 708 atque
584 674 665 700 vitam
692 680 776 701 tuam.
796 675 864 702 Nam
881 683 943 710 spes
957 675 1031 710 impii

253 718 350 752 peribit
365 719 434 745 sicut
452 725 479 746 et
497 724 553 752 tua,
571 721 632 754 quia
651 721 751 755 impius
774 728 822 749 es:
847 721 1032 749 inhabitabilis

251 766 340 789 autem
356 763 408 789 erit
419 771 479 797 qua:
488 765 538 791 sub
550 765 618 792 caelo
628 770 668 792 est
681 766 786 799 domus,
804 766 855 793 hoc
868 771 910 794 est
920 766 990 793 sicut
1006 771 1032 794 et

251 812 313 834 tua:
330 808 435 842 aliaque
447 809 587 837 innumera
603 810 645 837 his
662 812 784 845 graviora
797 817 878 846 atque
897 812 1031 840 amariora

249 853 469 888 blasphemantes
491 856 524 883 de
543 855 618 890 justo
641 857 686 884 illo
712 857 796 884 locuti
819 862 892 885 sunt.
919 858 1031 892 Propter

1081 261 1172 295 justus
1189 261 1258 288 Deus
1273 267 1305 286 ac
1317 259 1414 292 bonus,
1425 259 1508 293 justis
1522 264 1603 294 atque
1615 259 1807 286 innocentibus
1817 267 1860 286 non

1084 307 1183 342 ingerit
1200 305 1279 333 tnala.
1305 305 1381 339 Quod
1401 306 1424 333 si
1448 305 1638 333 innocentibus
1661 306 1735 332 mala
1760 305 1860 340 ingerit,

1084 352 1221 388 quomodo
1247 352 1335 380 bonus
1360 352 1403 379 vel
1428 351 1519 385 justus
1547 352 1787 386 comprobabitur,
1809 358 1861 378 cum

1085 397 1239 431 hujusmodi
1257 397 1326 424 mala
1349 396 1398 424 Job
1411 396 1554 432 ingesserit
1573 396 1666 431 justo?
1681 396 1808 429 Oportet,
1830 397 1863 423 in-

1084 444 1192 478 quiunt,
1209 446 1259 469 aut
1280 441 1330 469 Job
1345 447 1454 477 propter
1471 441 1629 475 injuslitiam
1648 448 1763 476 passum
1779 441 1863 472 fuisse,

1084 494 1130 516 aut
1140 493 1212 516 certe
1225 488 1295 515 Deus
1306 487 1406 522 injuste
1417 487 1487 514 mala
1503 486 1527 513 ei
1542 486 1676 520 irrogasse
1697 486 1862 521 reperiatur:

1084 535 1192 562 autJob
1212 542 1261 570 pro
1276 535 1394 569 peccatis
1416 533 1498 560 fuisse
1522 541 1642 568 passum,
1657 537 1704 560 aut
1727 533 1810 560 Deum
1828 533 1863 559 in-

1080 581 1152 616 juste
1171 582 1195 609 ei
1214 581 1282 608 mala
1299 581 1455 616 ingessisse.
1467 580 1542 607 Haiic
1557 580 1661 607 scilicet
1675 580 1863 614 cogitationem

1086 629 1184 656 malam
1204 632 1285 662 atque
1310 627 1432 654 illicitam
1450 628 1476 654 in
1504 627 1561 654 istis
1586 627 1651 654 viris
1674 626 1746 653 oriri
1773 626 1863 653 faciens

1083 674 1220 705 diabolus,
1237 673 1379 700 succendit
1393 680 1441 700 cor
1455 680 1551 700 eorum
1568 672 1600 699 ad
1621 680 1733 699 onmem
1760 672 1824 699 iram
1842 677 1863 698 et

1083 719 1297 754 indignationem
1316 718 1460 745 adversum
1485 718 1554 750 Job,
1578 726 1641 746 cum
1662 719 1790 746 studeret
1807 725 1863 744 con-

1083 763 1194 790 firmare
1214 763 1284 798 quod
1299 762 1469 796 Deusjustus
1488 763 1578 796 fuerit,
1602 762 1652 790 Job
1671 771 1740 790 vero
1758 761 1862 796 iniustus

1083 813 1110 836 et
1125 809 1224 843 impius
1248 813 1331 842 atque
1356 814 1495 843 peccator.
1520 810 1656 836 Adversus
1670 810 1747 844 quod
1769 809 1863 836 fortiter

1083 859 1158 882 stans
1175 853 1225 882 Job
1239 862 1290 881 non
1304 855 1428 889 permisit
1444 862 1473 881 sc
1493 855 1586 881 audire
1602 855 1770 889 vaniloquos
1786 855 1861 881 illos:

249 901 320 934 quod
348 905 375 927 et
401 901 506 929 duriter
532 902 558 929 in
583 904 731 932 novissimo
751 912 766 931 a
792 904 846 931 Deo
870 905 1028 939 reprehensi
1045 891 1067 919 Β
1084 900 1188 928 diabolo
1204 907 1363 933 succenses,
1380 901 1426 927 sed
1440 905 1468 927 et
1483 901 1582 927 bonum
1597 900 1680 927 Deum
1699 901 1830 932 ostendit,
1841 906 1862 926 et

247 949 322 978 sunt,
347 951 441 981 utpote
465 947 510 981 qui
534 948 600 975 nihil
625 949 751 977 veritatis
774 949 857 977 locuti
881 950 980 979 fuerint
999 953 1032 980 de

248 989 307 1017 Job.
324 991 370 1019 Sic
387 993 477 1026 itaque
492 1000 551 1020 cum
573 994 686 1022 visitare
708 1001 790 1030 atque
810 997 946 1024 consiilari
969 1005 1030 1025 eum

249 1036 394 1068 venissent,
413 1037 446 1064 ad
468 1038 637 1066 inimicitiam
661 1041 786 1068 conversi
804 1047 878 1075 sunt,
893 1043 925 1069 ad
939 1043 1032 1070 crimi-

248 1082 384 1109 nationem
412 1087 440 1110 et
463 1084 496 1111 ad
515 1085 777 1120 reprehensionem,
800 1088 833 1115 ad
859 1088 1030 1116 maledictum

247 1135 354 1163 quoque
373 1133 453 1164 atqtte
473 1130 681 1165 blasphemiam.
697 1132 843 1168 Postquam
860 1142 924 1162 vero
940 1136 1031 1162 omnia

248 1175 362 1202 tentavit
389 1175 572 1210 nequissimus
597 1178 780 1212 adversarius,
810 1180 891 1207 etiam
919 1181 953 1208 ad
981 1182 1031 1209 hoc

246 1221 380 1255 pervenit,
398 1225 426 1247 ut
447 1221 550 1250 amicos
570 1223 596 1250 in
617 1224 741 1252 inimicos
757 1231 936 1260 converteret,
950 1233 1031 1262 atque

247 1267 368 1295 sinceros
386 1269 491 1296 sodales
504 1271 674 1299 adversarios
689 1271 809 1299 elliceret
823 1292 831 1304 ,
857 1273 955 1301 callide
976 1280 1030 1302 tra-

248 1316 325 1341 etans
336 1315 404 1349 apud
418 1316 604 1351 semetipsum,
623 1325 655 1344 ac
667 1319 760 1346 dicens
771 1328 778 1346 :
788 1318 815 1346 Si
831 1327 880 1354 per
893 1328 923 1347 os
939 1322 1031 1348 uxoris

247 1366 308 1386 eum
323 1362 455 1389 seducere
470 1370 520 1390 non
538 1364 622 1396 ualui,
639 1372 670 1392 os
685 1366 835 1393 amicorum
854 1367 887 1394 ad
910 1367 1029 1394 inimici-

248 1407 312 1433 tiam
326 1413 544 1439 permutatorum
560 1410 712 1444 perﬁciam,
729 1411 845 1444 irritem,
857 1419 1029 1447 exaggerem,

247 1453 418 1484 cxacerbem,
442 1454 625 1487 succendam,
643 1459 670 1482 ut
694 1462 773 1489 supra
792 1457 903 1483 modum
925 1457 1030 1484 inﬂam-

247 1500 338 1523 matus
350 1502 430 1532 atque
443 1503 634 1533 exaggeratus,
650 1499 682 1526 ad
698 1498 745 1526 Dei
758 1499 952 1534 blasphemiam
963 1510 1029 1529 con-

247 1547 379 1570 vertatur.
402 1543 502 1571 Novem
529 1545 721 1579 responsiones
742 1545 915 1581 blasphemia:
937 1547 1030 1583 plenas

248 1588 380 1616 adversus
395 1588 446 1618 Job
462 1598 509 1618 eos
522 1590 613 1618 dicere
639 1591 782 1626 compulit,
809 1600 1030 1628 unumquemque

247 1641 340 1661 eorum
360 1638 424 1661 tres.
447 1635 501 1662 Sed
529 1636 625 1664 beatus
647 1636 698 1666 Job
721 1638 875 1666 nullatenus
899 1644 962 1667 ante
984 1648 1031 1667 eos

249 1680 393 1712 titubavit,
421 1681 469 1708 sed
503 1682 616 1709 totidem
647 1684 885 1718 responsionibus,
909 1686 1032 1720 quinimo

248 1725 338 1760 potius
351 1726 473 1760 pluribus
493 1735 525 1754 ac
550 1728 698 1762 majoribus
710 1730 835 1758 omnibus
850 1730 903 1759 illis
915 1739 1030 1766 respon-

247 1772 324 1804 dens.
344 1778 371 1799 et
389 1773 434 1800 Dei
454 1772 588 1806 justitiam
614 1782 643 1802 ac
664 1775 812 1804 bonltatem
834 1778 1030 1812 manifestavit,

247 1823 272 1845 Cl
289 1825 382 1845 eorum
400 1819 526 1853 injustam
542 1821 727 1849 causationem
749 1823 900 1851 confutavit
918 1832 967 1859 per
978 1825 1029 1852 alia

247 1864 355 1898 quidem
366 1864 492 1899 plurima,
505 1873 607 1893 necnon
622 1871 649 1893 et
664 1875 712 1902 per
721 1874 752 1894 ea
763 1876 823 1903 qua:
837 1869 862 1896 in
878 1869 949 1898 facie
966 1870 1030 1898 dicit

249 1909 281 1936 ad
297 1917 344 1937 eos
359 1920 365 1937 :
384 1910 439 1938 Vos
453 1912 520 1939 estis
537 1912 634 1939 medici
653 1912 757 1947 injusti,
775 1920 802 1941 et
816 1920 959 1943 sanatores
972 1923 1032 1949 pes-

249 1956 311 1984 simi
337 1958 437 1985 cuncti.
454 1957 520 1991 Quia
538 1965 599 1985 cutn
615 1966 711 1986 curare
728 1959 836 1987 dolores
853 1960 910 1994 ejus
923 1967 951 1988 et
965 1969 1030 1989 cono

250 2003 331 2031 solari
347 2004 464 2031 animam
480 2006 539 2037 ejus
553 2004 703 2038 venissent,
723 2005 749 2031 in
773 2006 983 2034 amaritudinem
999 2014 1031 2033 ac

250 2049 379 2076 malitiam
396 2050 470 2077 circa
484 2051 533 2078 Job
547 2050 673 2077 conversi
692 2055 763 2078 sunt.
782 2050 879 2079 Merito
899 2059 963 2087 ergo
986 2053 1031 2079 in-

247 2093 335 2129 justos
362 2095 481 2123 medicos
512 2095 584 2130 iuste
610 2103 658 2123 eos
687 2096 815 2130 appellat.
841 2096 882 2130 Si,
909 2097 1029 2132 inquam,

247 2146 382 2168 venerunt
399 2141 432 2168 ad
452 2149 515 2169 eum
531 2146 560 2169 ut
573 2142 778 2169 consolarentur
792 2147 872 2178 atque
886 2144 1031 2172 visitarent

247 2186 334 2224 illum,
342 2187 379 2214 illi
393 2194 442 2214 suo
451 2188 588 2222 proposito
598 2188 632 2215 ob
643 2187 694 2215 hoc
709 2193 850 2221 venerunt,
863 2190 909 2217 sed
921 2191 1029 2225 nequis-

1042 1561 1065 1590 C

1083 953 1112 972 se
1129 945 1234 980 absque
1247 945 1324 980 culpa
1352 945 1477 973 universa
1499 945 1556 972 haec
1581 946 1636 980 pati
1660 944 1860 973 demonstravit.

1082 990 1140 1018 Non
1158 991 1230 1018 enim
1247 990 1319 1018 Deus
1332 990 1369 1018 illi
1385 991 1442 1018 haec
1458 990 1529 1017 mala
1549 991 1673 1025 ingessit,
1698 991 1749 1018 sed
1773 991 1861 1018 diaboli

1083 1036 1198 1064 zelus'et
1214 1037 1282 1064 livor
1303 1041 1385 1072 atque
1403 1036 1518 1063 invidia.
1535 1035 1630 1071 Neque
1643 1035 1695 1064 Job
1711 1043 1763 1071 pro
1775 1044 1861 1071 pecca-

1083 1083 1118 1110 tis
1139 1083 1266 1110 sustinuit
1283 1083 1374 1110 omnia
1397 1090 1456 1117 quae
1480 1083 1620 1113 sustinuit,
1645 1082 1696 1109 sed
1723 1082 1788 1116 quia
1809 1089 1861 1108 cum

1082 1133 1155 1156 esset
1167 1129 1267 1163 justus,
1287 1128 1411 1155 diabolus
1437 1127 1474 1154 illi
1488 1127 1596 1160 invidit,
1612 1127 1685 1154 sicut
1701 1132 1729 1154 ct
1748 1127 1861 1154 omnibus

1080 1174 1160 1210 jnstis
1177 1174 1289 1208 invidet,
1302 1179 1329 1202 et
1342 1174 1530 1201 tribulationes
1544 1173 1674 1201 adversus
1692 1181 1743 1200 cos
1761 1173 1860 1200 excitat.

1083 1220 1172 1247 Multae
1184 1219 1375 1247 triliulationes
1392 1227 1446 1247 non
1464 1219 1642 1253 injustorum,
1658 1219 1708 1246 sed
1721 1219 1861 1255 justorutn.

1084 1267 1172 1294 Testis
1190 1274 1255 1302 ergo
1267 1267 1382 1300 justitize
1401 1265 1452 1294 Job
1470 1266 1527 1302 ipse
1551 1266 1623 1294 Deus
1643 1267 1810 1297 ostenditur.
1830 1267 1860 1293 di-

1081 1322 1145 1340 cens
1161 1322 1168 1340 z
1187 1313 1293 1346 Justus,
1309 1321 1404 1345 verax,
1422 1312 1467 1340 Dei
1488 1313 1587 1340 cultor.
1606 1312 1685 1345 Quod
1705 1317 1799 1340 autem
1813 1313 1860 1339 dia-

1084 1359 1137 1386 boli
1157 1359 1240 1386 fuerit
1257 1359 1315 1386 hzec
1337 1358 1512 1386 inﬂammatio
1535 1363 1616 1391 atque
1637 1359 1821 1392 perturbatio,
1840 1363 1861 1383 et

1081 1413 1115 1433 ex
1129 1406 1171 1433 his
1187 1413 1247 1440 quae
1266 1413 1338 1434 nunc
1351 1406 1420 1432 tiunt
1435 1403 1555 1439 Apparet.
1573 1404 1745 1440 Frequenter
1756 1411 1861 1438 namque

1081 1452 1163 1480 etiam
1183 1460 1254 1479 nunc
1271 1451 1349 1482 ,idetn
1375 1451 1432 1486 ipse
1458 1450 1582 1477 diabolus
1601 1451 1748 1477 unanimes
1766 1449 1860 1477 sodales

1081 1499 1253 1531 commiscet,
1271 1503 1353 1533 atque
1368 1499 1514 1526 conturbat
1535 1505 1584 1532 per
1604 1497 1759 1532 quamlibet
1784 1497 1860 1524 modi-

1081 1553 1141 1572 cam
1153 1547 1296 1579 rationem,
1306 1549 1333 1572 et
1344 1546 1377 1572 ad
1387 1545 1545 1572 immensam
1559 1544 1730 1571 inimicitiam
1740 1544 1860 1570 adversus

1084 1592 1199 1619 invicem
1223 1592 1356 1624 immutat,
1384 1592 1419 1618 ita
1437 1597 1466 1619 ut
1481 1591 1631 1619 eiliciantnr
1651 1591 1705 1617 sibi
1723 1599 1756 1618 ex
1778 1590 1860 1617 amicis

1082 1638 1198 1671 initnici,
1214 1646 1247 1665 ex
1261 1638 1377 1665 sinceris
1393 1638 1516 1665 crudeles
1528 1638 1690 1665 adversarii.
1712 1637 1777 1664 llazc
1794 1644 1860 1663 nam-

1082 1691 1136 1718 que
1160 1688 1202 1712 est
1219 1684 1341 1719 operatio
1364 1683 1485 1719 maligni.
1505 1684 1582 1711 Beati
1601 1684 1646 1718 qui
1671 1682 1860 1710 dcclinaverint

1083 1734 1110 1757 et
1122 1730 1272 1757 restiterint
1285 1729 1427 1757 calliditati
1439 1734 1522 1764 atque
1533 1730 1659 1757 versutia:
1675 1729 1748 1762 ejus,
1765 1736 1795 1755 ac
1811 1735 1859 1754 uia.

1082 1776 1188 1803 [edictis
1202 1776 1373 1803 suasionibus
1382 1776 1451 1810 ejus.
1463 1776 1526 1803 Post
1542 1783 1601 1810 quae
1617 1775 1748 1802 unitersa
1765 1774 1798 1801 ad
1809 1782 1860 1808 pro-

1082 1821 1198 1856 posittnn
1233 1827 1412 1849 revertamur.
1440 1822 1570 1855 Videam,
1604 1822 1702 1855 inquit,
1729 1820 1806 1847 illum
1833 1820 1859 1845 de

1083 1868 1169 1902 (erige.
1185 1867 1259 1901 Qui?
1273 1867 1341 1895 Tres
1354 1868 1462 1896 sodales
1484 1874 1554 1902 ejus,
1579 1868 1696 1895 necdum
1713 1869 1803 1895 adhuc
1820 1866 1860 1892 im-

1083 1915 1178 1941 mutati
1197 1922 1247 1942 ncc
1261 1915 1441 1949 praevaricati.
1463 1916 1509 1942 sed
1533 1922 1594 1942 cuin
1621 1920 1714 1942 essent
1743 1913 1802 1949 puri
1826 1912 1859 1938 vi-

1083 1960 1177 1987 dentes
1189 1968 1251 1987 eum
1263 1961 1297 1987 de
1307 1960 1397 1996 longe.
1417 1960 1455 1989 De
1466 1961 1544 1995 longe
1557 1960 1629 1987 enim
1647 1963 1824 1993 respexerunt
1839 1962 1859 1983 et

1083 2006 1258 2040 contemplati
1274 2012 1431 2041 suntatque
1458 2007 1587 2034 viderunt
1611 2014 1683 2032 eum.
1711 2005 1780 2032 Nam
1806 2011 1857 2030 mox

1084 2056 1113 2079 ut
1126 2053 1510 2087 ipsumcivitatemviderunt,
1531 2060 1593 2079 mox
1620 2051 1796 2078 nihilominus
1815 2050 1858 2076 sic-

1082 2099 1126 2126 ubi
1142 2099 1229 2132 ipsum
1242 2098 1364 2126 viderent
1380 2098 1544 2125 ambierunt.
1557 2097 1654 2124 Totum
1679 2103 1796 2132 namque
1820 2101 1859 2121 cct'

1081 2151 1174 2171 eorum
1189 2143 1284 2170 dolore
1294 2147 1375 2177 atque
1390 2144 1513 2178 angustia
1526 2143 1635 2177 plenum
1650 2143 1795 2176 pendebat,
1810 2140 1858 2166 ubi-

1083 2197 1145 2216 nam
1167 2188 1218 2216 Job
1243 2189 1461 2223 conquiesceret.
1490 2187 1585 2216 Meritc
1599 2187 1631 2215 de
1647 2188 1728 2222 longe
1744 2187 1858 2214 viderunt

247 2232 332 2259 simus
349 2232 473 2260 inimicus
483 2233 672 2268 malignusque
681 2233 864 2267 adversarius,
877 2243 924 2270 per
933 2242 1030 2264 cuncta
1047 2232 1068 2259 D
1083 2243 1157 2266 eum,
1177 2235 1239 2270 quia
1266 2235 1300 2262 de
1314 2235 1394 2270 longe
1413 2235 1567 2268 cegitabant
1594 2234 1627 2261 de
1651 2241 1702 2266 eo,
1728 2238 1808 2267 atque
1831 2232 1858 2257 dc

249 2279 399 2312 permansit
425 2279 554 2308 inimicus
581 2286 662 2315 atque
678 2287 727 2316 per
743 2282 832 2308 omnia
845 2290 892 2310 sua
910 2284 1032 2311 exercuit

249 2324 325 2357 odia,
341 2330 369 2352 et
385 2332 435 2359 per
446 2333 556 2353 uxorem
573 2334 601 2354 et
615 2335 663 2362 per
680 2328 785 2355 amicos
805 2333 832 2356 et
847 2337 894 2363 per
911 2330 1029 2358 sodales.

249 2370 393 2405 Propterea
407 2371 571 2399 visitationis
584 2377 663 2407 atque
680 2374 874 2402 consolationis
888 2376 1030 2409 adventus,

249 2417 330 2444 tutius
355 2417 470 2444 tristitiae
495 2425 527 2444 ac
556 2419 702 2452 maeroris,
730 2420 887 2448 beatissimo
913 2421 963 2449 Job
991 2427 1032 2450 est

249 2463 346 2491 factus.
374 2463 438 2491 Post
451 2471 511 2498 qua:
524 2465 650 2492 universa
674 2466 758 2494 dicit:
791 2467 913 2495 Videntes
942 2473 1030 2495 autem

245 2508 320 2535 illum
335 2510 368 2536 de
380 2509 464 2543 longe,
482 2518 534 2536 non
548 2517 706 2544 agnoverunt
725 2513 756 2539 “.
773 2513 826 2540 Sed
841 2519 904 2540 ante
926 2515 963 2541 ita
981 2522 1029 2549 per

247 2562 347 2588 paucos
370 2562 510 2583 sermones
539 2556 719 2591 inquiramus,
744 2558 779 2586 ob
795 2566 876 2593 quam
898 2568 954 2587 rem
977 2565 1030 2588 tam

246 2602 352 2629 duriter
372 2602 447 2630 circa
464 2601 526 2634 Job,
546 2603 589 2630 vel
615 2603 704 2637 potius
727 2599 859 2632 adversus
871 2604 922 2633 Job
940 2606 1030 2633 insur-

249 2653 386 2676 rexerunt.
412 2648 493 2681 Audi,
510 2648 581 2676 mala
594 2648 721 2683 opinione
742 2650 866 2676 succensi
883 2657 910 2677 et
925 2650 1031 2685 injuste

246 2694 407 2722 annillantes
432 2695 528 2728 Deum,
557 2700 586 2722 ut
612 2695 661 2729 ipsi
682 2695 824 2729 putabant,
849 2697 920 2730 quod
947 2697 1029 2724 Deunt

248 2741 440 2766 aemularentur
455 2746 534 2775 atque
552 2740 742 2772 defenderent,
759 2742 891 2769 obcmcati
912 2748 975 2770 sunt
995 2744 1029 2771 ab

248 2783 366 2817 inimico,
383 2791 412 2812 ut
424 2785 525 2819 judicia
540 2786 585 2814 Dei
602 2795 653 2814 non
665 2786 847 2822 inquirerent.
862 2788 916 2817 lloc
929 2790 1030 2818 scilicst

284 2885 305 2898 “
331 2884 379 2912 Job
393 2893 423 2917 ιι,
443 2886 483 2912 Η.

1085 2281 1166 2315 longe
1178 2285 1257 2309 erant
1271 2281 1379 2308 solliciti
1394 2289 1443 2316 pro
1463 2281 1518 2307 illo.
1534 2280 1638 2307 Idcirco
1649 2280 1682 2306 de
1703 2279 1782 2313 longe
1801 2284 1857 2304 con-

1084 2332 1314 2362 spexerunteutn.
1324 2326 1393 2358 Nam
1405 2327 1508 2353 amicus
1524 2326 1640 2353 amicum
1652 2333 1731 2352 suum
1747 2325 1779 2351 de
1791 2324 1858 2357 longe

1084 2371 1171 2406 videt,
1186 2374 1243 2401 sive
1255 2373 1375 2408 corporis
1384 2373 1500 2405 visione,
1514 2373 1572 2400 sive
1587 2371 1684 2398 anirme
1700 2371 1857 2398 sinceritate.

1085 2428 1147 2447 cum
1169 2427 1272 2447 memor
1290 2424 1332 2447 est
1350 2420 1409 2454 ejus
1423 2419 1448 2446 in
1466 2418 1544 2446 donis
1556 2422 1583 2445 et
1600 2418 1772 2449 muneribus,
1788 2421 1858 2450 atque

1086 2465 1112 2491 in
1130 2472 1186 2491 suae
1204 2465 1297 2499 gratia!
1311 2464 1486 2499 perfectione.
1504 2462 1633 2490 Videntcs
1649 2463 1725 2489 illum
1737 2464 1770 2490 de
1779 2462 1856 2495 longe.

1086 2511 1156 2539 Ubi?
1173 2512 1260 2546 Super
1275 2519 1400 2538 acervum
1414 2510 1554 2544 stercoris,
1574 2517 1655 2543 super
1677 2515 1816 2536 tnuranam
1835 2506 1856 2532 in

1085 2558 1128 2584 via
1153 2558 1271 2592 publica.
1301 2557 1429 2584 Videntcs
1455 2564 1516 2583 eum
1541 2556 1575 2583 de
1587 2556 1666 2591 longe
1693 2555 1788 2590 repleti
1804 2556 1855 2580 sunt

1083 2603 1178 2630 dolore
1197 2608 1224 2630 ct
1240 2603 1339 2637 gemitu
1354 2607 1381 2629 et
1396 2602 1504 2637 planctu
1519 2609 1626 2636 quoque
1642 2607 1726 2636 atquc
1739 2602 1853 2628 lamenta-

1086 2649 1168 2681 tione,
1190 2649 1260 2676 sicut
1280 2648 1394 2675 inferius
1413 2648 1656 2675 demonstrabitur.
1678 2647 1797 2675 Videam
1807 2652 1854 2672 tum

1086 2695 1117 2722 de
1128 2695 1205 2729 longe
1222 2704 1272 2722 non
1289 2701 1461 2730 cognoverunt
1474 2704 1544 2722 eum.
1570 2695 1635 2721 Nam
1649 2702 1714 2722 vere
1737 2701 1786 2720 non
1806 2694 1854 2717 eral

1085 2748 1132 2775 per
1156 2742 1225 2775 quod
1246 2746 1450 2775 agnosceretur,
1484 2741 1572 2775 regale
1599 2740 1696 2767 solium
1725 2747 1775 2766 non
1796 2741 1853 2766 erat.

1087 2786 1209 2816 t‘iadema
1228 2794 1280 2813 non
1296 2791 1364 2819 erat,
1380 2786 1466 2822 gloria
1485 2794 1571 2822 neque
1587 2785 1670 2814 vestis
1685 2785 1757 2820 regia
1771 2788 1796 2812 et
1810 2780 1853 2810 uti-
