1909 3080
83 98 136 129 501
654 107 844 136 ANONYMUS
863 107 896 135 IN
914 107 984 135 JOB.
1005 123 1037 128 _
1056 107 1120 134 LIB.
1140 106 1184 135 ιιι.
1679 108 1732 136 sua

86 158 170 185 nistri
188 159 242 193 qui
260 162 389 196 undique
402 163 603 192 circumdarent
621 173 674 193 non
694 167 812 195 fuerunt.
827 168 896 203 Ergo
910 172 933 200 Α
948 175 995 195 sua
1012 168 1182 198 sciuderent,
1198 171 1224 194 et
1242 167 1361 194 cinerem
1376 171 1459 201 atque
1476 171 1573 193 terram
1586 167 1664 201 capiti
1680 175 1729 194 suo

88 203 156 237 quia
175 203 253 231 nihil
278 205 391 234 illorum
418 207 444 234 in
467 216 499 235 eo
520 209 656 242 viderunt,
676 220 736 246 quae
749 214 850 246 pridem
870 214 895 241 itt
947 218 1118 248 spargerent,
1133 213 1223 240 cilicio
1239 213 1415 241 nihilominus
1430 213 1557 240 continuo
1571 220 1600 241 se
1617 214 1730 241 induen-

86 257 121 276 eo
136 257 204 277 esse
222 251 375 286 sciebant,
391 261 451 287 quae
466 258 529 282 ante
546 255 573 282 in
588 255 634 283 illo
650 257 742 285 videre
756 259 827 286 soliti
840 258 896 287 fue-
948 264 998 287 tes.
1013 259 1059 287 Sic
1073 259 1154 286 scidit
1166 259 1230 286 olim
1247 258 1329 286 Jacob
1351 259 1509 286 vestimenta
1533 266 1591 291 sua,
1616 265 1644 286 et
1670 259 1729 286 cili-

87 300 162 327 rant,
181 297 298 325 merito
317 298 438 326 videntes
455 299 529 327 illum
541 309 593 329 non
610 309 785 337 agnoverunt.
802 304 829 331 ln
841 313 895 339 quo

89 348 154 368 eum
173 344 396 376 agnoscerent?
412 345 494 372 Coma
511 347 609 381 capitis
625 356 677 375 non
692 354 752 376 eral.
770 350 805 377 ei.
826 350 892 378 Nam

89 386 214 413 tondens
231 395 350 415 comam
368 394 396 416 et
407 390 515 418 diabolo
541 399 601 419 eam
622 393 740 427 jactans,
758 399 829 421 terra
844 402 891 422 ca-

86 437 135 466 put
155 440 244 460 suum
270 434 400 468 replevit.
423 436 450 462 ln
475 443 529 471 quo
553 439 750 473 agnoscerent?
772 441 799 468 ln
824 440 892 468 facie

83 483 168 511 atque
186 479 294 507 vultus
307 480 412 515 gloria?
427 481 484 510 Non
501 489 561 511 erat
578 491 628 511 nec
650 485 719 519 ipsa.
745 486 813 514 Nam
839 494 890 522 pu-

85 523 164 551 tredo
195 523 309 552 faciem
343 529 571 557 exterminaverat
596 535 624 558 et
651 539 757 560 vermes
788 533 889 560 vultum

84 568 326 598 itnmutaverant.
341 572 394 599 Pro
409 573 451 600 his
463 581 527 610 ergo
541 576 668 603 omnibus
680 577 802 605 videntes
814 578 887 606 illum

83 620 137 640 nun
153 621 350 649 agnoverunt.
365 617 471 646 Vultum
485 628 537 647 non
550 627 735 656 agnoverunt,
755 624 802 651 sed
823 631 888 651 con-

82 659 237 687 scientiam
261 669 447 697 agnoverunt.
462 664 569 692 Faciem
582 675 634 694 non
651 674 827 702 agnoverunt,
840 671 887 697 sed

83 704 285 734 sinceritatem
303 715 483 742 agnoverunt.
497 711 563 738 Nam
578 720 638 739 cum
651 714 687 740 ita
702 715 885 743 miserabilem

82 756 164 786 atque
194 752 413 782 lamentabilem
441 756 515 784 illum
533 757 680 790 viderunt,
714 767 803 794 neque
821 768 885 788 cou-

83 802 269 832 tempserunt
285 807 375 835 neque
387 807 558 836 spreverunt,
583 805 630 830 sed
652 804 811 833 immensattt
825 807 883 834 sin-

946 304 1016 331 cium
1030 305 1156 340 itnposuit
1171 305 1277 338 corpori
1297 312 1345 332 suo
1357 304 1465 339 quando
1489 305 1610 331 nuntiata
1637 310 1678 332 est
1701 305 1726 332 ei

945 349 1043 384 Joseph
1064 349 1181 376 interitio
1202 349 1223 364 "
1238 357 1244 375 :
1260 354 1287 376 et
1302 354 1329 375 ιιι
1344 350 1376 376 de
1399 349 1604 383 quantplurimis
1618 349 1724 380 sileam.

943 395 984 423 sic
1002 396 1082 422 scidit
1106 395 1187 423 David
1205 403 1266 422 cuin
1294 395 1435 422 Sit-helech
1456 395 1491 422 ab
1508 395 1662 423 Amalecitis
1680 403 1725 423 ca-

942 446 1014 474 ptam
1030 441 1133 468 invenit
1148 443 1183 472 ⁸⁷,
1197 445 1224 467 et
1243 440 1343 467 iterum
1357 441 1463 475 quando
1481 441 1544 468 Sattl
1559 446 1586 468 et
1600 440 1723 469 Jonathze

942 491 1055 513 mortem
1071 486 1172 513 audivit
1184 485 1218 512 ³⁸.
1236 485 1281 513 Sic
1306 485 1386 513 scidit
1405 485 1538 513 Ezechias
1551 487 1658 520 quando
1672 487 1723 513 mi-

942 540 989 559 nas
1000 539 1032 558 ac
1045 531 1228 566 blaspltemias
1251 530 1438 558 Sennacherib
1457 536 1484 557 et
1503 530 1652 565 Rhapsacis
1672 540 1722 558 au—

940 578 1008 604 divit
1023 577 1055 609 ²’,
1071 577 1110 604 sic
1123 578 1203 604 scidit
1223 585 1268 604 rex
1287 576 1467 603 Ninivitarum
1485 577 1644 604 vestimenta
1660 585 1719 610 sua,

939 629 966 651 et
985 624 1073 651 cilicio
1089 631 1118 650 se
1131 623 1246 650 indttens
1261 623 1286 650 in
1303 623 1395 650 cinere
1410 623 1489 655 sedit,
1505 623 1612 658 quando
1627 631 1640 649 a
1653 622 1720 651 Jona

938 670 1070 704 propheta
1094 669 1126 696 de
1146 669 1257 696 Ninivcs
1281 669 1460 696 subversione
1486 669 1589 695 audivit
1610 669 1644 695 ⁸ο.
1675 669 1720 697 Sic

938 715 1017 743 scidit
1031 715 1141 742 ultimus
1157 715 1183 741 in
1196 715 1254 749 lege
1276 714 1430 742 Judzeorunt
1448 715 1571 749 princeps
1591 715 1719 742 sacerdo-

939 766 1006 794 tum,
1023 768 1084 788 cunt
1102 761 1230 787 adversus
1245 759 1389 786 Dominum
1403 759 1598 793 blasphemiam
1612 766 1717 793 quaere-

938 811 978 833 ret
990 806 1023 838 “,
1040 813 1072 832 ex
1088 812 1141 840 quo
1151 804 1302 832 Judworum
1321 803 1509 832 sacerdotium.
1525 808 1551 829 et
1569 803 1656 830 omnis
1671 803 1718 830 Ju-

85 843 238 869 ceritatent
254 846 452 878 ostenderunt,
466 846 537 873 sicut
555 847 669 875 inferius
683 849 883 876 deutonstrabi-
900 849 921 875 Β
935 853 1052 879 dmorum
1067 852 1208 886 legisritus
1219 850 1375 878 conscissus
1390 854 1470 884 atque
1485 850 1629 877 distractus
1642 850 1717 884 peni-

83 891 137 915 tnr.
167 888 231 916 Non
262 890 341 917 enitn
361 895 440 918 erant
465 892 532 919 tales
551 893 623 920 beati
647 893 685 921 illi
709 894 770 926 viri,
788 895 882 930 quales

83 941 155 960 nunc
171 935 312 969 profecto
327 941 389 963 sunt
404 936 528 965 homines
543 938 679 972 malevoli,
696 939 793 975 ingrati
806 948 814 967 :
836 942 881 975 qui

85 986 145 1006 cum
162 981 238 1007 bene
250 985 300 1009 est
314 982 436 1015 cuilibet,
457 988 512 1010 tum
537 984 574 1010 illi
598 985 680 1013 amici
705 992 769 1014 sunt
782 991 809 1014 et
824 987 880 1015 sin-

85 1025 138 1052 ceri
154 1030 242 1060 atqne
263 1028 326 1062 puri
341 1035 402 1055 esse
419 1028 558 1056 videntur.
579 1030 646 1058 Cum
665 1032 778 1059 cuilibet
797 1033 881 1060 tribu-

85 1069 147 1098 latio
160 1073 325 1106 advenerit,
343 1079 407 1101 tunc
425 1075 549 1104 videlicet
566 1077 603 1103 illi
619 1077 762 1105 discedunt
783 1083 811 1106 et
834 1079 879 1106 de-

84 1117 214 1150 spicittnt,
247 1119 461 1155 obliviscuntur,
480 1122 691 1159 derelinquunt,
715 1124 878 1153 oblivionem

85 1167 164 1198 atque
195 1165 463 1200 ingratilicatiouem
490 1170 612 1197 omniutn
642 1171 762 1205 priorum
786 1176 879 1199 osten-

87 1209 191 1237 dentes.
210 1210 268 1238 Sed
297 1212 361 1239 olitn
386 1214 509 1242 homines
531 1223 585 1243 non
609 1215 717 1243 fuerunt
733 1216 809 1250 tales,
830 1219 877 1245 sed

86 1255 295 1290 sinceritatem,
307 1263 389 1293 atque
407 1260 580 1288 dilectionem
594 1262 785 1290 custodierunt
801 1263 875 1291 circa

87 1307 115 1326 se
126 1308 157 1327 ac
170 1309 221 1336 pro
238 1310 271 1330 se
290 1303 404 1331 invicetn
423 1313 507 1340 usqtte
523 1306 557 1333 ad
575 1311 700 1339 mortem,
725 1309 797 1336 sicut
820 1310 876 1336 evi-

87 1346 182 1373 denter
191 1348 318 1375 ostendit
331 1349 376 1376 ille
390 1350 436 1384 qui
454 1351 510 1378 ait:
529 1352 637 1379 Sodali:
659 1354 747 1381 amico
766 1362 872 1389 compa-

89 1390 152 1417 titur
164 1399 248 1427 usque
265 1393 300 1420 ad
316 1399 425 1421 mortem
437 1414 445 1427 ,
467 1401 492 1422 et
516 1397 545 1424 in
571 1401 686 1431 tempore
704 1398 762 1426 belli
779 1400 874 1434 accipit

89 1444 161 1463 arma
178 1437 211 1466 ³³.
226 1438 310 1466 Tales
323 1439 432 1466 fuerunt
447 1440 484 1468 illi
501 1442 573 1469 beati
597 1442 648 1469 viri
673 1443 784 1477 sinceri,
810 1445 874 1472 abs-

89 1489 138 1515 que
158 1483 269 1511 fallacia
295 1485 346 1512 .lob
372 1486 463 1518 amici,
487 1487 532 1522 qui
549 1489 583 1515 ad
609 1488 779 1516 inimicitiant
797 1490 869 1518 circa

935 903 978 925 tus
1001 898 1115 925 interiit.
1139 897 1221 924 Juxta
1247 897 1316 924 hanc
1334 904 1397 931 ergo
1412 896 1584 931 antiquorum
1602 903 1716 923 Consue-

935 944 1055 971 tudiuetn
1075 944 1157 971 etiant
1173 943 1223 970 viri
1240 943 1277 970 illi
1291 942 1341 971 Job
1354 942 1434 970 amici
1449 950 1508 969 cum
1524 941 1656 969 terribiles
1665 940 1715 969 Job

933 990 1137 1024 conspexissent
1163 990 1270 1017 dolores
1284 1009 1292 1022 ,
1315 988 1470 1016 scindentes
1488 988 1646 1015 vestimenta
1665 995 1713 1016 sua

932 1041 959 1063 et
973 1041 1131 1071 spargentes
1147 1040 1245 1063 terrant
1272 1042 1354 1069 super
1368 1034 1456 1070 capita
1474 1042 1533 1066 sua,
1554 1034 1714 1061 assederunt

931 1081 968 1108 illi
993 1087 1095 1116 septem
1113 1081 1207 1108 diebus
1224 1086 1250 1108 et
1267 1085 1369 1115 septem
1390 1080 1525 1107 noctibus.
1546 1078 1712 1106 Assederunt

930 1128 967 1154 illi
979 1128 1050 1154 sicut
1064 1127 1159 1154 tuedici
1174 1127 1206 1154 ad
1219 1127 1364 1159 inlirtnum,
1387 1126 1433 1154 sed
1457 1125 1580 1152 sanitatis
1593 1126 1711 1152 medica-

929 1174 1001 1202 mina
1025 1173 1147 1200 invenire
1172 1180 1222 1199 non
1251 1176 1397 1207 pottteruut
1417 1177 1529 1206 aegroto.
1545 1171 1711 1198 Assederunt

929 1219 967 1246 illi
984 1224 1112 1253 tanquam
1128 1217 1316 1245 consolatores
1334 1216 1458 1248 dolentis,
1480 1216 1525 1243 sed
1550 1216 1710 1243 consolantia-

929 1273 989 1292 nem
1004 1265 1126 1292 invenire
1137 1271 1190 1291 non
1208 1268 1355 1298 potuerunt
1373 1262 1529 1290 tniserabili.
1541 1263 1710 1289 Assederunt

927 1311 975 1338 illi.
996 1311 1029 1338 Et
1056 1310 1100 1337 ubi
1126 1307 1398 1336 assederunt?lt‘oris
1411 1308 1437 1334 in
1455 1316 1568 1334 tnumna
1586 1313 1666 1342 atque
1681 1308 1707 1335 in

926 1363 1025 1383 acervo
1054 1355 1184 1383 stercoris
1207 1359 1233 1382 et
1261 1355 1287 1381 itt
1312 1354 1417 1381 strata?
1443 1353 1511 1384 Non,
1538 1353 1625 1379 absit!
1650 1351 1707 1379 Non

924 1403 996 1429 enim
1013 1406 1084 1428 tanta
1109 1401 1253 1428 mttllitudo
1269 1401 1391 1428 dolorutn
1415 1400 1591 1427 inundaverat
1603 1398 1664 1432 Job,
1679 1403 1708 1425 ut

925 1449 969 1475 ille
986 1448 1115 1474 honorent
1130 1447 1164 1474 ad
1189 1454 1218 1473 se
1233 1447 1397 1474 venientium
1414 1454 1465 1473 non
1488 1445 1656 1480 intelligeret,
1679 1448 1708 1471 ut

925 1492 1083 1526 dignitatem
1099 1491 1273 1525 praesentium
1296 1498 1349 1518 non
1364 1490 1558 1518 consideraret.
1581 1489 1705 1523 Quandiu

89 1526 136 1556 Job
155 1537 300 1565 nunquam
317 1536 380 1560 sunt
392 1533 539 1566 immutati,
557 1541 644 1569 neque
658 1536 691 1562 ad
708 1536 760 1563 hoc
781 1541 810 1563 ut
826 1545 871 1564 re-
886 1525 907 1554 θ
925 1525 989 1573 ergo
1003 1538 1125 1565 venirent
1141 1537 1179 1564 illi
1196 1537 1256 1570 viri,
1272 1537 1316 1564 illo
1339 1544 1422 1571 usque
1444 1536 1510 1563 foris
1533 1536 1559 1562 in
1581 1543 1705 1568 mttrana,

90 1574 246 1603 nuntiarent
264 1576 315 1609 illi,
338 1577 380 1604 vel
403 1577 621 1613 derelinquerent
643 1587 716 1611 eum,
742 1580 793 1608 nisi
823 1589 871 1615 pro

89 1620 232 1648 verborum
251 1623 449 1656 controversia,
468 1632 499 1652 ac
519 1625 687 1660 eloquiorum
705 1627 869 1660 certamine;

91 1669 114 1690 ut
128 1666 260 1699 putabant
286 1670 358 1703 quod
381 1669 429 1696 Dei
451 1670 584 1704 justitiam
607 1670 793 1700 defenderent.
819 1672 871 1699 Sed

90 1716 148 1737 vere
160 1712 286 1740 diabolus
298 1714 514 1742 inﬂammaverat
529 1716 610 1743 corda
622 1724 728 1751 eorum,
744 1726 797 1752 qtto
814 1727 871 1746 ma—

91 1756 128 1789 gis
141 1756 189 1784 Job
202 1759 357 1786 molestiam
377 1761 540 1795 irrogarent;
558 1769 613 1796 quo
635 1763 720 1798 magis
741 1765 870 1799 multipli-

90 1801 172 1852 ciores
197 1805 364 1833 tentationes
388 1805 461 1840 justo
486 1807 522 1834 illi
550 1808 715 1843 ingererent.
738 1808 868 1844 Videmes,

91 1849 181 1881 inquit,
195 1858 254 1877 eum
271 1859 323 1877 non
339 1858 508 1886 agnoverunt.
533 1853 623 1881 Talem
652 1854 738 1889 qualis
765 1856 868 1892 pridem

91 1893 173 1924 fuerat
202 1906 255 1925 non
284 1903 452 1933 agnoverunt
473 1899 577 1927 :talem
605 1907 669 1928 vero
692 1901 780 1934 qualis
806 1906 868 1929 tunc

91 1938 190 1974 luisset,
217 1948 408 1978 agnoverunt,
435 1945 629 1978 miserabilem,
656 1945 866 1979 lamentabilem,

92 1983 231 2020 infelicem,
253 1990 333 2019 malis
353 1990 478 2017 omnibus
492 1990 631 2018 refertum.
650 1991 753 2020 Idcirco
769 1993 867 2027 singuli

91 2030 237 2061 scittdcntes
256 2035 419 2062 vestimenta
441 2043 507 2069 sua,
533 2041 561 2063 et
587 2041 743 2071 spargentes
767 2042 866 2064 terram

91 2082 165 2110 super
187 2080 275 2113 capita
301 2088 366 2112 sua,
386 2081 546 2108 assederunt
559 2081 595 2108 illi
613 2087 716 2115 septem
731 2081 827 2109 diebus
839 2089 866 2109 et

91 2128 185 2156 septem
201 2125 335 2153 noctibus.
356 2126 528 2154 Admirantes
554 2127 604 2154 viri
629 2128 677 2160 illi,
703 2133 786 2163 atque
807 2134 864 2155 stu-

92 2173 176 2199 pentes
195 2171 381 2198 vehementem
406 2180 438 2198 ac
455 2172 604 2200 terribilem
629 2178 710 2208 atque
734 2173 865 2201 lamenta-

93 2211 164 2239 bilem
186 2215 244 2250 ejus
267 2216 494 2249 immutationem,
513 2218 672 2244 vestimenta
694 2227 741 2245 sua
758 2219 865 2246 consci-

93 2256 189 2286 derunt.
208 2260 273 2294 Quae
299 2261 398 2294 fecisti,
414 2262 549 2297 inquiunt,
566 2271 582 2290 ο
598 2262 659 2295 Job,
685 2264 808 2297 faciams,
837 2270 864 2292 et

93 2308 144 2335 quae
153 2306 256 2339 gessisti
268 2307 397 2341 gerimus,
414 2309 572 2336 vestimenta
586 2314 675 2337 nostra
691 2311 843 2345 spargimus
855 2319 861 2337 :

94 2348 128 2375 sic
151 2359 263 2387 namque
284 2359 310 2380 et
333 2359 359 2380 tu
384 2353 471 2382 fecisti
496 2360 560 2382 ante
581 2356 716 2390 pattlulum
731 2377 738 2388 ,
766 2361 794 2383 ut
821 2356 863 2383 in-

93 2394 186 2428 quiunt,
198 2397 273 2426 oJob
285 2408 292 2426 :
304 2405 331 2426 et
344 2400 446 2427 utinam
459 2406 571 2428 caeteros
583 2401 692 2428 dolores
703 2406 762 2428 tttos
774 2405 861 2428 tecum

95 2438 201 2470 dividere
225 2444 372 2478 possimus,
395 2451 498 2473 tantutn
527 2451 555 2473 ut
582 2447 811 2481 apprehettdetttis
837 2452 862 2474 te

96 2491 170 2517 Pinna:
189 2489 318 2517 revelatio
335 2490 391 2517 ﬁat.
419 2491 574 2519 Scindentes
599 2493 777 2527 unusquisque
789 2492 864 2518 vesti-

96 2536 169 2558 menta
181 2541 236 2565 tua,
245 2541 423 2571 etsporgentrs
435 2542 530 2565 terram
543 2546 621 2570 super
632 2538 718 2572 capita
731 2546 780 2564 sua
792 2537 862 2564 "-".

96 2573 250 2606 Consuetudo
265 2586 325 2607 erat
348 2582 473 2609 omnibus
498 2583 617 2617 antiquis
643 2583 740 2617 ubique
756 2589 783 2610 ut
797 2591 858 2610 cum

97 2626 166 2652 lirave
189 2625 288 2660 aliquid
313 2630 394 2660 atqtte
419 2627 592 2655 lamentabile
616 2629 656 2656 vel
680 2629 858 2662 periculosum

97 2667 219 2697 audissent
245 2672 286 2699 vel
313 2673 518 2707 sustinuissent,
544 2675 673 2701 continuo
698 2675 857 2702 vestimenta

481 2774 540 2794 “J'
564 2773 615 2801 Job
639 2782 668 2806 ιι,
692 2774 734 2800 l2.

448 2809 468 2826 ⁵ο
488 2808 547 2836 Jon.
572 2817 612 2842 nt,
632 2811 658 2836 li.

127 2767 243 2806 {filii-cli.
273 2782 375 2806 xxxv”,
402 2775 428 2802 5.

129 2801 146 2818 “
159 2804 185 2831 lV
199 2807 260 2843 licg.
283 2801 408 2842 xvnt,'l.

791 2774 812 2789 ³⁸
827 2773 894 2801 Gen.
908 2782 1010 2804 xxnn,
1024 2773 1067 2802 54.

696 2810 716 2825 ¹⁸¹
734 2809 826 2836 Matth.
853 2817 926 2842 xxvn,
944 2809 986 2836 65.

924 1584 949 1610 in
974 1588 1059 1610 strata
1080 1583 1206 1610 ontnibus
1231 1582 1371 1609 evidenter
1388 1581 1535 1608 ostendens
1549 1581 1704 1614 passionem

922 1636 1011 1661 suam,
1030 1633 1057 1655 et
1068 1628 1137 1663 quia
1155 1636 1215 1654 cum
1230 1632 1303 1654 esset
1316 1627 1405 1662 justus
1428 1626 1600 1653 vehementes
1623 1625 1706 1652 susti-

923 1673 1012 1700 nuerit
1031 1674 1147 1700 dolores.
1168 1672 1314 1707 Postquam
1331 1680 1396 1700 vero
1422 1672 1562 1698 memorati
1584 1671 1637 1698 viri
1661 1679 1705 1698 ve—

923 1724 1029 1750 nerunt,
1044 1719 1166 1746 deferens
1180 1719 1307 1745 honorem
1320 1718 1472 1745 sinceritati
1490 1724 1594 1748 eorum,
1609 1723 1635 1744 et
1654 1717 1703 1744 lto-

922 1765 1071 1791 noritlcans
1094 1771 1224 1798 personas
1252 1771 1346 1790 eorum
1368 1763 1489 1789 introivit
1507 1763 1532 1788 iu
1551 1763 1702 1796 civitatem,

921 1815 949 1837 et
962 1810 1032 1837 sedit
1052 1810 1078 1836 in
1093 1810 1172 1836 dotno
1191 1817 1197 1835 :
1219 1813 1245 1836 et
1259 1809 1295 1836 ita
1314 1808 1485 1835 venerabiles
1500 1808 1543 1834 isti
1560 1807 1610 1834 viri
1626 1808 1702 1835 sede-

921 1859 985 1883 runt
1000 1856 1069 1890 apud
1083 1863 1144 1882 eum
1161 1859 1265 1889 septem
1292 1854 1386 1881 diebus
1403 1859 1430 1881 et
1444 1859 1544 1889 septem
1568 1854 1700 1881 noctibus.

921 1899 1095 1927 llebdontada
1111 1899 1215 1927 dierum
1235 1899 1259 1925 ei
1276 1899 1445 1930 assederunt,
1471 1906 1503 1926 ex
1528 1906 1580 1933 qua
1602 1899 1702 1926 hebdo-

919 1945 998 1972 ntada
1011 1949 1095 1972 totunt
1107 1945 1159 1972 hoc
1170 1949 1372 1971 consummatur
1384 1943 1520 1970 srcculutn.
1534 1943 1702 1970 Assederunt

919 1990 943 2017 ei
960 1995 1062 2024 septent
1077 1989 1172 2017 diebus
1186 1994 1213 2016 et
1230 1993 1331 2023 septem
1351 1988 1485 2019 noctibus,
1499 1987 1637 2019 indivulsi,
1659 1989 1701 2014 ln-

918 2034 1035 2068 scparati
1055 2039 1136 2067 atque
1154 2033 1333 2060 indissociati.
1357 2033 1526 2060 Assederunt
1547 2032 1570 2059 ei
1597 2037 1700 2067 septem

921 2078 1015 2105 diebus
1027 2083 1054 2105 et
1069 2083 1170 2112 septem
1196 2078 1332 2109 noctibus,
1361 2085 1491 2112 nusquam
1519 2077 1698 2108 discedentes,

920 2132 1051 2159 nusquam
1068 2125 1235 2156 recedentes,
1262 2131 1394 2158 nusquam
1414 2125 1583 2156 deserentes,
1611 2131 1700 2158 neque

920 2171 952 2197 ad
966 2178 1070 2202 escam.
1085 2177 1173 2204 neque
1190 2170 1222 2196 ad
1245 2175 1348 2204 potutn,
1371 2176 1457 2203 neque
1474 2169 1506 2195 ad
1525 2169 1634 2200 lectum,
1653 2175 1699 2194 ne-

921 2224 973 2250 que
982 2216 1014 2242 ad
1030 2216 1102 2242 aliud
1116 2215 1297 2250 refrigerium.
1312 2214 1366 2242 Sed
1380 2215 1494 2241 forsitan
1503 2214 1568 2241 dicit
1583 2213 1696 2248 aliquis:

919 2261 952 2287 Et
975 2260 1107 2294 quomodo
1131 2261 1316 2286 sustinuerunt
1340 2265 1392 2284 non
1419 2257 1594 2288 manducare,
1611 2264 1700 2290 neque

920 2298 1011 2332 bibere
1025 2309 1126 2338 septem
1137 2303 1251 2331 diebusll
1263 2303 1382 2329 Primum
1394 2302 1506 2336 quidem
1519 2302 1608 2328 divina
1621 2305 1699 2328 erant

919 2350 1019 2377 virtute
1034 2349 1190 2380 confortati,
1218 2354 1271 2375 tam
1298 2355 1347 2383 pro
1364 2347 1414 2375 Job
1426 2355 1506 2381 quam
1521 2354 1568 2381 pro
1580 2354 1628 2373 sua
1639 2346 1697 2372 siu-

919 2396 1042 2422 ceritate.
1060 2395 1125 2421 Natu
1138 2395 1203 2429 justi
1226 2399 1304 2421 erant
1323 2393 1372 2420 viri
1396 2393 1440 2420 isti
1464 2397 1546 2427 atque
1566 2392 1695 2427 religiosi,

917 2441 1012 2468 merito
1025 2445 1053 2467 et
1070 2441 1116 2467 Dei
1131 2439 1265 2474 colloquio
1277 2444 1338 2473 post
1361 2439 1412 2466 hoc
1428 2439 1499 2474 digni
1517 2439 1600 2465 habiti
1623 2443 1695 2465 sunt.

917 2486 962 2513 Dei
991 2487 1081 2520 itaque
1106 2486 1204 2512 virtute
1237 2491 1318 2520 atque
1352 2484 1520 2519 providentia
1548 2483 1696 2511 confortati

916 2533 1112 2560 sustinuerunt.
1134 2531 1197 2558 ltent
1213 2531 1301 2558 adhuc
1318 2531 1400 2557 etiam
1425 2530 1470 2557 isti
1497 2529 1547 2556 viri
1563 2530 1640 2556 aliter
1654 2537 1697 2556 ve-

916 2585 1023 2611 nerunt,
1038 2583 1065 2606 ct
1081 2579 1202 2605 videntes
1215 2577 1425 2611 obstupuerunt,
1449 2581 1476 2603 et
1498 2575 1631 2602 immenso
1645 2575 1695 2601 do~

916 2625 973 2652 lore
990 2630 1069 2659 atque
1085 2623 1192 2651 tristitia
1205 2628 1285 2657 atque
1299 2622 1400 2657 gemitu
1419 2621 1511 2656 repleti
1530 2627 1602 2648 sunt.
1618 2621 1697 2648 Asse-

916 2672 1011 2698 derttnt
1032 2671 1056 2697 ei
1071 2674 1172 2704 septem
1192 2669 1287 2696 diebus
1308 2673 1335 2695 et
1359 2672 1461 2701 septem
1485 2668 1618 2700 noctibus,
1637 2667 1694 2701 ipsa

1125 2773 1144 2787 ³⁷
1160 2772 1169 2799 l
1185 2773 1249 2810 Reg.
1267 2773 1370 2807 “Li.
1423 2774 1444 2790 ³⁸
1461 2773 1483 2800 ll
1508 2773 1573 2809 Reg.
1601 2781 1620 2806 ι,
1648 2772 1693 2802 12.
