1909 3080
218 127 271 156 505

766 127 957 155 ANONYMUS
977 127 1010 154 IN
1028 127 1097 155 JOB.
1118 143 1151 148 -—
1171 126 1234 154 LIB.
1253 125 1297 154 Ill.
1794 122 1837 151 5N

220 185 333 212 tristitia
348 191 429 220 alque
443 187 507 220 ipsis
519 186 658 213 doloribus
673 187 799 217 saturati,
815 186 880 221 ipsis
893 187 1004 213 vocibus
1019 187 1041 215 Α
1057 185 1085 212 Si
1101 185 1178 212 liberi
1196 183 1293 210 sublati
1308 187 1370 210 sunt
1385 181 1446 214 tibi,
1462 180 1594 214 transiges
1610 179 1644 208 de
1661 186 1689 206 re
1702 179 1837 206 tamtnari.

218 232 323 264 satiati,
351 232 416 266 ipsis
435 231 561 267 lacrymis
580 231 716 258 ineltriati.
743 231 805 258 llaec
827 232 1001 258 recordantes

219 283 279 312 post
290 278 345 304 haec
356 270 454 308 sancti,
466 277 633 304 dixeruutea
649 277 819 311 verbis,qu:e
830 277 867 304 illi
881 276 1001 311 perfece-

219 327 281 348 runt
292 321 381 348 faelis.
398 319 516 347 Fuerunt
528 321 591 347 mihi
607 321 731 357 lacrymte
748 329 899 356 meavpanes
916 322 958 348 die
970 329 1000 348 ac

216 370 292 392 nocte
299 365 320 381 δ’
330 374 338 398 ;
349 370 392 392 et;
407 364 510 392 Oblilus
520 374 576 392 sum
586 367 663 393 edere
671 375 756 393 meum
765 375 860 401 partem
869 375 949 394 nvoce
961 375 1000 402 ge-

216 411 327 437 im'tuum
338 419 455 438 meorum
465 411 497 444 ",
511 417 554 439 et:
567 412 723 439 Potantinos
732 413 854 448 lacrymit
863 414 891 440 in
900 422 1000 440 menm-

215 464 246 483 ra
260 455 293 484 “.
308 456 393 483 Tanta
412 464 478 492 ergo
493 457 601 484 tristitia
624 466 657 485 ac
676 458 780 490 dolere,
797 463 823 486 et
841 459 999 492 gemitibus,

214 501 338 535 suspiriis
360 508 467 535 quoqttc
481 506 508 528 et
536 501 673 537 iacrymis,
697 508 779 536 atque
805 502 999 529 lamentatione

217 545 310 580 repleti
328 551 390 573 sunt
415 546 465 573 viri
486 546 536 580 illi,
552 551 581 573 ut
601 547 722 574 ontuiunt
743 548 892 574 carnalium
917 553 1000 582 atque

214 592 388 626 przesentinm
405 592 650 625 obliviscerentur,
675 597 703 620 et
715 593 852 621 alerentur
872 598 895 621 et
922 599 998 621 satu-

214 643 343 664 rarentur
363 643 390 664 et
407 638 577 672 replerentur
597 638 652 673 ipsa
671 639 779 666 tristitia
795 644 820 667 et
834 639 916 666 luctu.
931 639 997 666 Nam

213 685 285 712 sicut
302 684 352 713 Job
376 685 549 712 salutabatur
573 685 823 713 vehementioribus
845 686 997 718 doloribus,

213 731 339 758 similiter
352 731 424 758 beati
441 731 491 758 viri
514 731 550 757 illi
571 731 764 758 saturabautur
790 732 922 758 immensa
947 732 997 758 tri-

213 776 286 802 stitia
303 782 382 811 atque
399 776 556 804 ululatibus.
584 777 630 805 Sic
641 798 648 809 ,
663 778 761 812 inquit,
777 778 938 804 assederunt
959 778 996 804 illi

212 827 312 856 septem
325 822 421 849 diebus
436 828 462 849 et
475 828 577 857 septem
593 824 727 855 noctibus,
745 827 771 850 et
782 824 879 850 mortui
895 824 994 850 luctum

212 868 281 903 aptnl
299 868 430 895 viventem
445 868 496 897 Job
520 869 712 904 impleverunt.
733 869 835 898 Luctus
864 870 936 897 enim
967 870 995 897 fit

211 913 308 940 mortui
328 918 429 947 septem
444 913 539 941 diebus
555 919 581 940 et
597 919 700 947 septem
723 914 858 941 noctibus.
884 913 906 941 0
921 913 993 940 solli-

211 960 355 988 citudinem
383 960 523 988 beatorum
554 961 659 988 illoruttt
698 966 778 996 atque
813 961 994 993 devotiOnettt,

209 1014 288 1040 quant
305 1007 378 1034 circa
395 1006 445 1035 Job
460 1008 629 1034 habuerunt!
644 1007 666 1035 Ο
678 1008 764 1034 virtus
780 1013 808 1034 et
820 1007 969 1034 constantia
984 1007 991 1034 !

208 1053 231 1081 0
261 1055 390 1088 patientia
421 1059 502 1089 atque
528 1055 610 1081 anitni
643 1054 792 1081 fortitudo!
826 1053 992 1081 Commoriui

208 1099 349 1133 suutjusto
367 1099 402 1126 illi
418 1099 468 1127 Job
483 1107 536 1126 non
549 1100 748 1132 manducando,
763 1106 850 1133 nrque
866 1098 992 1130 bibendo,

208 1153 269 1179 quae
282 1146 410 1172 universa
431 1151 546 1173 tnortem
572 1145 738 1180 signiﬁcant.
755 1144 821 1171 Nam
847 1145 917 1172 sicut
940 1152 992 1171 tton

208 1193 440 1218 utauducaverunt
465 1199 554 1226 neque
581 1191 726 1223 biberunt,
754 1191 794 1218 sic
826 1198 876 1218 nec
911 1191 991 1217 locuti

208 1241 289 1268 sunt,
307 1241 334 1263 et
355 1237 427 1264 sicut
450 1243 502 1263 non
528 1241 593 1264 suttt
613 1236 694 1263 locuti
710 1241 813 1271 septem
829 1236 940 1269 diebus,
956 1236 992 1263 ita

208 1292 257 1312 nec
270 1284 500 1311 ntanducaverunt
516 1291 566 1311 nec
582 1284 716 1311 biberunt.
732 1284 808 1317 Quod
824 1289 914 1310 autem
937 1291 990 1310 nou

207 1330 440 1357 manducaveruut
456 1335 558 1364 septem
579 1329 690 1361 diebus,
706 1329 825 1356 ostendit
848 1329 874 1356 in
897 1329 991 1356 subse-

207 1376 352 1410 quentibus
367 1377 461 1404 dicens
477 1384 485 1403 :
502 1377 663 1404 Assederunt
682 1378 706 1403 ei
727 1381 823 1410 septem
847 1376 939 1402 diebus
965 1381 989 1402 et

206 1426 301 1456 uptem
317 1422 447 1453 noctibus,
464 1427 488 1448 et
509 1429 582 1448 nemo
599 1421 705 1448 illorum
720 1423 820 1448 locutus
831 1425 869 1446 est
885 1421 919 1447 ad
931 1428 990 1447 eum

206 1467 310 1494 uerbum
323 1467 356 1494 “.
368 1467 548 1500 Quare?Quia
560 1466 795 1501 \‘idcrantplagam
805 1466 863 1501 ejus
872 1466 989 1493 sanissi-

207 1521 277 1540 utaut
298 1521 369 1545 esse,
398 1519 424 1540 et
452 1521 577 1548 magnam
604 1512 690 1540 valde.
719 1512 826 1547 Septem
845 1512 939 1540 diebus
963 1516 990 1539 et
1005 1537 1024 1548 μ

205 1564 308 1594 septem
322 1560 448 1587 noctibus
464 1567 515 1586 ttou
533 1559 640 1594 aperire
655 1566 695 1590 os,
713 1566 765 1585 non
777 1558 850 1593 loqui
867 1559 989 1592 verbum,

207 1614 261 1632 nott
282 1606 404 1639 proferre
420 1612 590 1637 sermonem,
616 1604 704 1639 magni
735 1609 777 1631 est
801 1604 901 1631 doloris
917 1603 990 1631 indi-

205 1652 288 1678 cium.
303 1651 356 1678 Sed
369 1651 476 1678 interim
501 1651 566 1678 illud
594 1651 773 1684 impleverunt
800 1650 870 1678 beati
885 1650 921 1677 illi
937 1650 988 1676 viri

206 1705 258 1724 tton
282 1698 453 1725 discedentes
465 1717 472 1729 ,
489 1705 574 1731 neque
599 1702 754 1725 avertentes
767 1697 862 1724 faciem
876 1718 883 1729 ,
902 1705 988 1732 neque

205 1742 291 1771 locum
309 1744 464 1770 deSereutes
477 1761 484 1775 ,
503 1743 550 1770 sed
570 1743 673 1778 iugiter
687 1749 892 1778 permanentes,
909 1749 990 1778 atque

204 1789 357 1816 assidentes
374 1788 411 1815 illi
431 1792 534 1823 septem
554 1789 649 1815 diebus
673 1793 700 1815 et
719 1793 820 1823 septem
850 1790 987 1822 noctiltus,

202 1839 230 1862 et
256 1842 336 1862 nemo
362 1834 468 1861 illoruut
492 1834 600 1862 locutus
631 1840 673 1862 est
696 1835 721 1861 ei
743 1835 866 1862 verbum.
888 1835 989 1870 Stupor

202 1879 274 1907 enim
298 1885 379 1915 atque
401 1888 484 1915 pavor
504 1885 685 1915 occupaverat
703 1881 762 1908 illos
787 1882 908 1909 videntes
925 1881 988 1908 talia

203 1925 257 1961 pati
274 1925 361 1952 virum
375 1930 498 1953 sanctum
515 1925 667 1959 acjustum,
690 1933 704 1953 a
729 1926 784 1953 Deo
803 1927 987 1954 testimonium

202 1977 390 1999 consecutum.
420 1971 530 1998 Certum
556 1976 598 1998 cst
612 1972 682 2006 quod
697 1979 749 1998 non
764 1971 849 1999 solum
867 1979 914 2006 pro
925 1971 986 2005 Job,

201 2016 248 2043 sed
262 2016 345 2042 ctiam
360 2023 409 2050 pro
420 2023 450 2043 se
464 2017 649 2051 unusquisque
663 2025 756 2044 eorum
775 2017 906 2044 sollicitus
917 2023 985 2047 erat.

202 2067 326 2089 metuens
342 2062 406 2097 quid
421 2063 502 2089 etiam
520 2063 552 2089 de
569 2071 597 2090 se
610 2068 749 2097 gereretur
765 2083 772 2095 ,
785 2063 828 2091 vel
851 2064 915 2098 quid
940 2071 988 2090 ex-

200 2113 379 2143 spectaretur.
398 2108 464 2135 Nam
479 2108 501 2135 si
520 2109 622 2143 justum
644 2109 707 2136 talia
731 2110 984 2142 invetteruntutala,

200 2161 260 2187 nos,
285 2154 420 2189 inquiunt,
444 2155 490 2189 qui
507 2154 585 2189 longe
605 2163 697 2182 sumus
718 2156 752 2181 ab
768 2155 985 2189 ltujusjustifica-

200 2200 328 2229 ticuibus.
356 2200 420 2234 quid
447 2201 671 2235 exspectabimus.
694 2201 733 2228 vel
755 2201 818 2236 quid
843 2202 987 2229 sustinebi—

203 2246 282 2272 mus?
295 2245 358 2273 Harc
374 2247 548 2274 recordantes
563 2248 663 2281 posteri
679 2247 807 2274 dixerunt
826 2256 832 2273 :
853 2248 882 2275 Si
894 2248 985 2282 justus

199 2292 243 2318 vix
255 2291 399 2318 minabitur
410 2311 418 2323 ,
430 2297 551 2325 peccator
569 2299 593 2320 et
605 2294 701 2328 impius
717 2294 759 2320 ubi
770 2294 928 2327 apparebunt
944 2294 986 2320 δεῖ)

199 2336 334 2363 lmnteusa
349 2344 413 2371 ergo
429 2337 537 2364 tristitia
554 2344 635 2373 atque
654 2339 732 2366 dolor
745 2339 845 2371 cordis,
862 2347 913 2365 non
926 2347 986 2374 per-

199 2382 274 2409 misit
290 2390 337 2408 eos
350 2383 487 2409 reminisci
504 2392 592 2418 neque
607 2385 744 2416 ciborum,
760 2392 847 2419 neque
863 2390 984 2417 poluum,

198 2434 286 2462 neque
297 2428 398 2462 aliquid
407 2429 516 2456 humani
528 2431 662 2457 recordari
673 2435 827 2465 potuerunt.
838 2430 983 2465 Propterea

194 2471 292 2507 jejuni,
305 2479 331 2500 et
346 2474 405 2501 siue
420 2480 495 2508 pottt,
512 2480 539 2502 et
554 2475 613 2502 sine
635 2484 760 2503 sermone
782 2477 941 2503 assederunt
958 2477 982 2503 ei

197 2524 300 2554 septem
338 2519 434 2547 diebus
473 2525 500 2548 et
536 2527 638 2555 septem
676 2523 811 2549 noctibus.
843 2523 983 2555 Quomodo

196 2566 308 2592 omnino
331 2566 466 2593 reminisci
487 2572 613 2601 poterant
625 2567 739 2601 alicujus
765 2568 824 2599 rei,
838 2576 900 2595 cum
928 2573 981 2594 tam

197 2619 295 2639 szeVam
310 2618 391 2646 atque
401 2613 548 2640 terribilettt
564 2613 688 2641 viderent
699 2613 804 2650 plagam
817 2614 984 2648 istiusjusti?

197 2658 338 2690 Quomodo
360 2659 486 2686 videlicet
513 2660 650 2687 consolari
679 2660 752 2687 illuttt
776 2665 917 2695 poterant,
940 2661 984 2687 vel

196 2704 262 2737 quid
279 2705 312 2730 ad
327 2713 387 2731 cutn
405 2705 554 2732 dixissent?
575 2705 716 2733 Hoccine?
741 2705 770 2733 Si
792 2714 846 2733 rem
870 2706 985 2733 familia-

200 2752 255 2775 rem
271 2749 403 2782 atuisisti,
433 2752 595 2785 reparabunt
616 2760 675 2778 cattt
699 2753 746 2779 tibi
765 2752 823 2779 lilii.
839 2753 879 2779 An
900 2752 986 2779 illud?

235 2808 256 2823 “
274 2806 344 2836 I‘sul.
371 2816 425 2843 tm,
447 2811 470 2837 ί.
499 2811 520 2826 ⁵³
537 2812 606 2839 l’sal.
632 2821 668 2844 ct,
685 2813 710 2839 5.

749 2813 771 2828 ⁸⁸
791 2813 860 2840 l’sal.
880 2822 971 2847 Lutx,
987 2814 1012 2841 6.

1054 231 1105 257 Sed
1119 238 1171 257 non
1197 233 1323 264 poterant
1344 228 1400 255 haec
1415 221 1513 254 dicere.
1535 225 1632 254 Omnia
1657 225 1730 252 enim
1754 225 1838 251 subito

1054 283 1109 304 uno
1125 281 1246 310 tempore
1264 275 1437 302 interierunt.
1466 275 1506 301 Au
1528 273 1580 300 hoc
1602 271 1736 299 dixissent
1748 271 1761 297 ἲ
1777 271 1838 297 Cor-

1052 322 1126 357 poris
1142 321 1317 348 iucoluutitas
1332 324 1359 347 et
1379 319 1563 348 membrorum
1589 317 1720 344 fortitudo
1731 337 1740 348 ,
1763 321 1838 350 atque

1052 368 1227 396 brachiorum
1243 367 1338 400 virtus,
1357 366 1484 402 rependet
1508 365 1557 392 tibi
1580 364 1671 391 omnia
1695 368 1779 396 atque
1800 370 1839 388 re-

1051 415 1155 442 stituet.
1180 414 1233 441 Sed
1250 414 1319 445 ltoc,
1336 412 1461 446 inquiunt
1473 431 1480 442 .
1505 411 1654 445 praesertim
1675 409 1769 436 dicere
1787 416 1837 435 non

1051 468 1206 496 possumus.
1225 460 1277 494 Ipsi
1293 459 1364 486 ettitu
1380 459 1502 485 videmus
1515 464 1613 491 corpus
1631 456 1747 482 humore
1774 462 1837 482 oon-

1050 510 1201 539 sutuptum,
1220 509 1248 531 et
1262 503 1351 530 omnia
1367 505 1487 530 utcutbra
1504 507 1624 529 comesta
1638 509 1652 527 a
1665 500 1838 527 multitudine

1050 552 1194 578 vermium.
1222 550 1274 578 l'ro
1305 551 1363 577 istis
1395 557 1460 584 ergo
1485 549 1609 576 omnibus
1624 547 1782 583 quomodo,
1798 547 1837 573 in-

1049 598 1162 632 quiunt,
1180 603 1205 624 te
1219 597 1391 624 consolemur
1413 596 1452 623 vel
1468 595 1605 629 quomodo
1619 602 1650 622 os
1667 594 1837 628 aperiamus,

1049 643 1090 669 vel
1106 643 1170 678 quid
1188 643 1309 670 dicamus
1327 650 1380 669 non
1397 642 1558 668 invenimus.
1579 640 1620 666 An
1645 641 1774 674 antiquas
1795 640 1836 666 lti-

1049 689 1147 717 storias
1170 688 1359 723 proferemus?
1383 687 1436 714 Sed
1457 695 1472 714 a
1490 678 1588 714 satculo
1607 687 1670 713 talia
1693 694 1749 712 non
1767 686 1836 712 acci-

1048 736 1160 767 derunt,
1188 736 1235 762 sed
1263 734 1296 760 ab
1314 734 1390 761 initio
1407 733 1470 760 talia
1499 740 1552 760 non
1578 737 1775 767 provenerunt.
1796 733 1834 758 An

1049 781 1221 816 antiquorum
1237 781 1343 807 dolores
1358 785 1441 814 atque
1455 780 1596 814 passiones
1618 779 1789 813 proferctttes
1805 786 1835 805 ac

1049 826 1323 853 comtuouel‘acienles
1339 825 1425 856 illum,
1443 824 1644 852 consolabimur
1663 823 1749 850 eum?
1768 823 1834 858 Ergo

1046 873 1109 906 quia
1131 879 1180 899 nec
1208 872 1355 906 quidquam
1377 876 1450 903 erat,
1479 878 1530 897 nec
1555 871 1581 897 in
1603 869 1683 896 factis
1708 870 1833 904 ncquein

1047 917 1136 945 verbis
1166 924 1214 952 per
1229 917 1299 951 quod
1322 916 1459 943 consolari
1482 922 1545 942 eum
1574 920 1703 949 possent,
1734 914 1833 941 idcirco

1046 963 1177 990 sedebant
1204 961 1390 989 taciturnitate
1411 968 1458 988 sua
1475 960 1524 994 ipsi
1552 960 1730 986 vehementia:
1760 959 1832 986 dolo-

1045 1017 1103 1036 rum
1115 1008 1172 1042 ejus
1188 1013 1360 1036 attestantcs.
1377 1007 1442 1033 Nam
1462 1007 1604 1034 discedere
1626 1014 1678 1033 non
1694 1011 1831 1040 poterant,

1044 1062 1193 1091 prazseutes
1209 1056 1280 1090 loqui
1302 1063 1354 1082 non
1373 1054 1526 1081 audebant.
1553 1053 1700 1088 Propterea
1722 1053 1832 1080 assede-

1045 1108 1107 1130 runt
1126 1103 1164 1130 illi
1185 1107 1288 1137 septem
1307 1101 1420 1133 diebus,
1436 1105 1463 1127 et
1481 1105 1584 1133 septem
1599 1099 1735 1130 lltlt’liblls,
1755 1099 1832 1125 iurii-

1044 1149 1116 1175 natis
1129 1148 1257 1176 deorsum
1276 1147 1307 1174 ad
1331 1151 1430 1173 terram
1451 1145 1583 1172 faciebas.
1606 1145 1763 1178 Aliquando
1786 1151 1832 1170 au—

1044 1199 1098 1222 tent
1117 1194 1291 1220 inteudetttes
1307 1193 1334 1219 in
1350 1191 1426 1218 illum
1448 1196 1476 1218 et
1492 1190 1626 1218 visionem
1645 1190 1731 1225 plaga
1761 1190 1831 1217 illius

1043 1244 1198 1274 stupentes,
1221 1239 1350 1266 continuo
1378 1237 1527 1265 identidem
1554 1236 1718 1271 dejiciebant
1736 1235 1829 1262 facies.

1042 1285 1195 1320 Aliquando
1208 1292 1238 1312 se
1252 1284 1368 1320 genibus
1381 1284 1562 1318 imponentes,
1576 1282 1722 1316 aliquando
1738 1286 1830 1308 autent

1042 1339 1124 1366 super
1139 1337 1247 1358 mattttm
1271 1329 1476 1360 incumbentes,
1493 1335 1545 1355 non
1574 1327 1599 1354 in
1615 1327 1730 1358 lectulis,
1745 1333 1830 1360 neque

1043 1378 1068 1404 iu
1086 1377 1222 1412 grabatis,
1240 1383 1326 1410 neque
1356 1375 1383 1402 itt
1407 1374 1586 1402 straminibns
1619 1373 1828 1407 requiescentes,

1042 1423 1087 1450 sed
1104 1422 1196 1456 procul
1214 1422 1294 1448 dubio
1314 1421 1340 1448 in
1357 1421 1449 1448 cinere
1464 1425 1491 1447 et
1507 1419 1595 1446 cilicio
1608 1439 1616 1451 ,
1630 1419 1656 1446 in
1686 1424 1760 1446 terra
1787 1425 1828 1444 se-

1041 1469 1145 1499 dentes,
1161 1471 1240 1502 atque
1258 1467 1284 1494 in
1300 1466 1351 1494 Job
1371 1466 1558 1494 iulendentes.
1574 1465 1682 1499 quando
1705 1464 1828 1495 sedebat,

1041 1513 1182 1543 sedebant,
1203 1512 1226 1539 si
1243 1516 1331 1538 tamett
1342 1511 1454 1539 omnino
1467 1519 1522 1546 pra:
1531 1509 1669 1538 doloribus
1683 1509 1829 1543 aliqttaudo

1039 1559 1130 1593 jacere
1141 1562 1253 1592 poterat.
1271 1557 1317 1584 Sic
1329 1564 1444 1592 namque
1459 1557 1485 1583 in
1519 1556 1664 1591 gemitibus
1684 1562 1717 1581 ac
1740 1553 1830 1587 suspi-

1043 1605 1090 1632 riis
1109 1604 1176 1632 istos
1191 1609 1292 1638 septum
1309 1603 1367 1630 dies
1383 1607 1542 1638 peragentes
1557 1601 1718 1629 assederunt
1733 1600 1785 1632 illi,
1797 1607 1827 1626 os

1041 1659 1095 1679 tton
1110 1651 1275 1686 aperientes,
1289 1657 1377 1683 tteque
1389 1648 1499 1675 verbum
1517 1647 1673 1681 loquentes,
1697 1646 1749 1673 nisi
1772 1650 1828 1672 tan-

1042 1704 1097 1725 tuut
1128 1697 1247 1732 graviter
1274 1696 1460 1730 suspirantes,
1487 1698 1568 1728 atque
1605 1692 1826 1727 ingentiscentes.

1041 1743 1235 1770 Veruttttamett
1255 1749 1304 1769 nec
1320 1742 1353 1769 de
1367 1742 1417 1768 hoc
1430 1741 1569 1771 sileamus,
1592 1738 1639 1773 qui
1662 1738 1775 1765 fuerunt
1802 1737 1827 1764 bi

1040 1790 1100 1819 viri,
1118 1788 1160 1815 vel
1174 1787 1266 1822 quales
1290 1787 1331 1814 vel
1357 1786 1441 1813 unde.
1467 1785 1525 1812 Non
1549 1785 1658 1812 fueruttt
1674 1784 1759 1818 aliqui
1780 1783 1828 1810 mi-

1040 1835 1126 1867 nimi,
1144 1842 1231 1869 neque
1252 1833 1488 1868 contemptibiles,
1503 1832 1549 1859 sed
1577 1831 1679 1866 egregii
1708 1830 1826 1861 fuerunt,

1039 1887 1066 1908 et
1081 1881 1217 1916 principes
1231 1880 1384 1915 regionum,
1399 1884 1479 1913 atque
1493 1878 1694 1912 provinciarum
1716 1885 1826 1904 suarum

1040 1928 1156 1961 domini,
1175 1935 1206 1955 ac
1227 1927 1311 1954 duces
1338 1925 1425 1961 gentis
1445 1932 1510 1953 suae.
1526 1924 1561 1952 Et
1590 1931 1651 1951 cum
1676 1924 1713 1950 ita
1739 1921 1826 1957 magni

1039 1980 1120 2008 atque
1134 1978 1257 2008 potentes
1283 1972 1410 2003 fuissent,
1428 1977 1531 1998 tantum
1560 1977 1590 1997 se
1603 1969 1826 2000 humiliaveruut,

1038 2025 1119 2054 atque
1136 2019 1300 2050 alliixeruut,
1317 2022 1344 2044 ut
1370 2017 1396 2044 in
1424 2017 1517 2044 cinere
1536 2020 1564 2043 et
1586 2015 1676 2042 cilicio
1700 2014 1826 2041 sederent

1039 2070 1141 2100 septem
1157 2065 1254 2092 diebtts
1269 2068 1378 2098 propter
1396 2062 1582 2090 sinceritatem
1599 2069 1631 2088 ac
1653 2060 1825 2088 dilectionem

1039 2119 1119 2146 quam
1139 2111 1213 2138 circa
1230 2110 1303 2136 illttnt
1317 2108 1488 2139 habuerunt,
1503 2107 1576 2142 qttod
1598 2114 1677 2134 nemo
1691 2115 1764 2134 nunc
1778 2107 1826 2134 lto-

1039 2157 1142 2183 utiuum
1168 2155 1244 2188 facit,
1274 2162 1361 2189 tneque
1376 2154 1489 2186 anticus,
1515 2161 1601 2188 neque
1619 2153 1723 2184 frater,
1741 2160 1826 2187 neque

1003 2208 1024 2235 ι)
1040 2202 1121 2233 illius,
1131 2206 1166 2236 ut
1182 2199 1418 2235 assideatjcjunus
1431 2204 1478 2226 aut
1504 2199 1562 2226 sine
1576 2204 1641 2233 potu
1654 2206 1707 2225 una
1722 2199 1776 2230 die,
1795 2207 1826 2225 ne

1035 2237 1133 2275 dicant.
1159 2252 1262 2280 septem
1279 2246 1376 2272 diebus
1405 2251 1432 2272 et
1465 2250 1567 2280 septem
1598 2245 1735 2272 noctibus.
1763 2245 1826 2277 Quae

1036 2299 1126 2320 autem
1142 2293 1252 2319 fuerunt
1279 2291 1392 2318 nontina
1417 2291 1515 2319 ltorum
1536 2291 1679 2317 virorum?
1695 2290 1825 2324 llclipltal

1035 2338 1258 2366 Themauitarunt
1283 2338 1355 2370 dux,
1383 2336 1495 2364 Baldth
1518 2336 1657 2363 Suitarum
1679 2342 1824 2371 tyrannus,

1036 2385 1142 2419 Sopltar
1170 2384 1351 2412 Nontadarum
1384 2391 1443 2410 rex.
1470 2383 1502 2410 Et
1519 2390 1580 2416 quae
1606 2382 1717 2409 l'ueruut
1733 2388 1826 2417 gentes

1037 2431 1190 2465 quibusiin
1212 2430 1360 2464 regnabant
1378 2435 1460 2464 atque
1485 2429 1712 2456 dominabantur?
1734 2429 1826 2456 Genus

1038 2478 1144 2504 fuerqu
1161 2477 1231 2504 Esau
1247 2476 1292 2502 lilii
1307 2475 1382 2503 Isaac
1397 2475 1489 2502 fratris
1504 2474 1598 2506 Jacob,
1615 2482 1710 2509 genus,
1727 2476 1824 2506 tribus,

1038 2524 1189 2558 progenies,
1207 2522 1367 2557 provinciae,
1397 2522 1529 2556 regiones.
1553 2521 1618 2548 Nam
1646 2521 1718 2548 sicut
1743 2521 1826 2547 Jacob

1038 2569 1237 2596 multitudinem
1268 2568 1361 2603 genuit
1390 2568 1478 2602 gentis
1515 2567 1695 2593 lsraelitaruut
1722 2573 1751 2594 et
1779 2567 1825 2594 Ju-

1038 2616 1167 2646 daeorunt,
1195 2616 1230 2641 ita
1258 2614 1329 2641 Esau
1356 2613 1556 2640 multitudinem
1584 2613 1677 2647 genuit
1704 2614 1824 2648 gentium

1037 2662 1083 2697 qui
1101 2661 1305 2696 appellabantur
1322 2660 1443 2688 Iduntazi.
1461 2661 1512 2688 Sed
1526 2661 1552 2687 in
1567 2661 1648 2687 Israel
1669 2661 1728 2688 sive
1742 2661 1822 2694 judex

1039 2710 1098 2732 erat
1114 2713 1192 2737 unus,
1204 2706 1249 2739 qui
1266 2710 1350 2732 totum
1364 2705 1445 2732 Israel
1458 2704 1607 2738 judicabat,
1622 2706 1679 2732 sive
1695 2713 1742 2733 rex
1757 2713 1825 2732 unus

1039 2756 1108 2784 erat,
1124 2759 1170 2786 qut
1182 2752 1307 2779 universo
1318 2751 1400 2779 lsracl
1413 2751 1561 2786 imperabat
1573 2773 1580 2784 ,
1594 2753 1714 2787 quandiu
1732 2752 1770 2779 illi
1787 2759 1826 2779 se;

1051 2814 1073 2829 ⁸⁸
1088 2813 1137 2841 Job
1151 2821 1180 2845 tt.
1200 2813 1242 2840 l3.
1281 2813 1303 2829 “
1317 2813 1324 2840 I
1338 2813 1409 2841 t‘ctr.
1426 2821 1461 2846 tv,
1477 2813 1519 2840 18.
