1909 3080
47 143 91 173 $05
573 141 764 172 ANOl‘iYMUS
782 142 817 169 ΙΝ
833 141 903 171 JOB.
923 158 957 164 -—
972 141 1038 170 LIB.
1057 140 1102 169 lli.

1597 136 1648 165 506

46 204 147 232 eundum
164 203 305 231 consilium
328 202 376 231 Dei
400 203 617 231 ambulaverunt.
638 203 666 230 ln
685 202 808 231 ldumaeis
821 203 947 233 Aversa,
970 201 1047 236 juxta
1061 201 1113 227 hoc
1128 199 1200 234 quod
1217 197 1320 225 dictum
1338 200 1382 225 est
1409 203 1418 225 :
1441 195 1475 222 In
1497 195 1563 222 escis
1590 195 1650 230 plu:

46 255 121 278 autem
139 250 199 284 (hoc
210 254 251 277 est
263 250 290 276 in
305 257 404 285 genere
423 249 506 285 Esau)
526 249 673 277 secundum
695 255 809 276 consue-

47 297 150 324 tudinem
165 296 282 323 omnium
295 296 415 331 gentium
431 303 479 331 per
495 295 616 330 singulas
635 295 760 322 civitates
782 297 810 321 et

47 343 155 376 regiones
174 349 251 377 reges
268 341 387 381 fuerunt,
405 347 487 376 atque
502 343 585 369 duces
596 341 809 376 provinciarum,

46 394 67 417 et
80 387 167 423 singuli
187 389 212 415 in
235 389 344 422 regione
364 395 412 416 sua
432 388 581 423 regnabant
604 391 683 422 atque
697 387 811 422 impera-

46 437 109 462 bant.
125 435 190 470 Ergo
201 435 264 469 quia
281 443 350 461 nunc
361 435 483 469 proxime
501 438 561 461 erat
578 434 664 461 adhuc
680 433 810 460 memoria

46 481 162 508 Abraham
173 501 181 512 ,
202 486 229 507 et
244 480 318 507 lsaac
337 481 472 516 justornm
488 480 593 508 illorum
606 500 613 512 ,
627 484 654 506 et
674 479 736 514 quia
753 479 811 514 ipso

46 528 103 554 Esau
118 527 160 554 Dei
180 527 267 554 cultor
281 531 340 554 erat
356 535 363 553 :
379 534 535 561 quanquam
549 526 622 554 enim
638 526 664 553 in
676 525 811 552 nonnullis

47 571 178 602 violaverit.
205 576 325 599 attamen
354 572 479 598 eamdem
509 571 555 598 Dei
582 571 715 598 culturam
748 570 811 597 ﬁliis

45 618 91 643 suis
104 617 207 644 tradidit
223 625 229 642 :
250 617 346 644 merito
360 617 482 652 plerique
496 617 675 644 ldumteorum
693 615 812 643 cultores

47 661 83 687 Dei
99 660 215 693 fuerunt,
235 666 261 688 et
282 662 414 696 aliquanti
428 662 506 689 valde
522 662 660 697 religiosi,
678 662 749 688 sicut
762 660 812 688 Job

46 706 78 732 vel
90 706 159 732 amici
179 706 236 739 eius
250 707 295 741 qui
316 712 447 734 venerttnt
466 708 499 734 ad
520 715 593 735 eum.
612 706 812 742 Cognominalz

46 759 143 786 namque
158 757 219 779 sunt
233 753 355 786 quaedam
373 752 550 780 ldumaeorum
564 753 686 788 regiones
701 753 811 787 Arabia,

46 798 66 824 in
79 798 145 831 cujus
159 798 262 825 Arabiae
280 798 379 826 ﬁnibus
392 799 515 825 manebat
531 798 590 826 Job.
609 798 676 825 Nam
693 803 720 825 et
747 805 813 825 uxo-

47 850 92 869 rent
119 843 148 870 de
177 843 279 872 Arabia
308 844 434 878 accepit,
456 849 548 878 utpote
563 844 684 878 ejusdem
707 843 813 878 generis

45 889 219 916 exsistentiltus
235 889 369 916 Arabitis.
384 889 440 916 Nisi
454 890 526 916 enint
545 889 625 916 unius
649 889 758 924 generis
770 896 812 916 es-
828 885 849 913 Β

46 941 100 966 sent,
115 943 246 970 nunquam
264 935 314 963 Job
331 943 363 962 ex
380 936 530 970 alienigena
554 940 634 971 gente
652 942 764 962 uxorem
783 941 813 962 se

47 981 147 1016 accipere
161 989 256 1015 passus
272 981 376 1009 fuisset.
394 982 471 1008 Nunc
488 989 555 1008 sane
577 981 659 1016 periit
683 979 814 1007 [dummo-

47 1034 92 1052 runt
107 1033 132 1053 et
144 1034 238 1054 nomen
252 1031 280 1054 et
296 1027 387 1062 lingua
398 1047 406 1060 ,
420 1031 447 1054 et
460 1033 554 1053 omnes
566 1026 650 1053 Arabi
670 1025 813 1053 nominan-

47 1075 82 1096 tnr
93 1076 166 1106 atque
183 1079 279 1099 omnes
304 1071 416 1107 Syriaca
433 1072 589 1106 loquuntur.
620 1071 697 1105 Quod
723 1076 813 1098 autem

45 1116 85 1144 Job
103 1126 131 1144 ex
147 1125 245 1151 genere
261 1118 342 1145 fuerit
359 1110 429 1145 Esau
444 1124 471 1145 et
483 1126 515 1144 ex
532 1117 604 1145 Esau
628 1117 701 1151 ﬁliis,
719 1117 815 1145 simili-

47 1164 79 1186 ter
102 1164 126 1186 et
140 1161 215 1187 amici
234 1161 295 1195 ejus
319 1161 363 1196 qui
390 1165 524 1188 venerunt
544 1161 578 1187 ad
597 1168 672 1193 eutn,
695 1160 813 1196 religiosi

49 1206 83 1233 Dei
95 1207 204 1234 cultores
224 1206 348 1238 fuerunt.
371 1212 560 1234 verumtamen
584 1214 679 1234 omnes
704 1207 815 1234 fuerunt

46 1260 72 1279 ex
84 1260 171 1288 genere
190 1253 280 1284 Esau.
294 1253 415 1287 ejusdem
434 1253 543 1288 generis
556 1258 636 1288 atque
666 1253 763 1287 lingua:
786 1257 815 1280 ut

46 1296 99 1329 iob,
114 1298 208 1326 idcirco
232 1299 270 1325 illi
299 1299 441 1326 unanimes
463 1299 574 1326 fuerunt
597 1306 629 1326 ac
652 1298 813 1326 concordes.

48 1343 156 1372 Similiter
179 1346 262 1372 etiam
281 1346 330 1372 illae
348 1345 492 1380 provinciae
520 1353 551 1372 ac
566 1340 700 1380 regiones.
718 1345 815 1379 quibus

48 1391 86 1425 ipsi
103 1393 243 1426 regnabant
274 1397 354 1426 atque
369 1392 549 1427 itnperabant,
566 1391 648 1418 etiam
665 1391 708 1418 ha:
721 1398 816 1418 omnes

47 1443 129 1470 genere
144 1436 252 1464 fuerunt
271 1438 358 1469 Esau,
374 1443 403 1465 et
421 1437 620 1465 contribulibus
640 1437 697 1464 suis
719 1444 815 1472 regna-

47 1483 99 1510 bant
131 1490 208 1518 atque
234 1484 415 1519 imperabant.
446 1483 511 1511 Sive
536 1484 610 1510 enim
634 1482 814 1515 Themanitm,

47 1529 132 1563 qnibus‘
144 1530 271 1565 lleliphaz
289 1530 427 1564 regnabat,
444 1530 503 1557 sive
519 1528 601 1556 Suitze
615 1548 622 1561 ,
642 1529 740 1563 quibus
754 1528 816 1555 Bal-

48 1573 99 1601 dth
122 1575 299 1609 principatum
327 1575 449 1609 gerebat,
476 1573 534 1601 sive
564 1573 692 1600 Nomadze
717 1573 816 1608 quibus

48 1619 135 1653 Sophar
150 1621 309 1655 imperabat.
321 1627 417 1648 omnes
431 1613 516 1655 genus
532 1619 600 1647 Esau
628 1625 710 1655 atque
728 1619 815 1647 tribus

49 1666 148 1692 luerunt.
162 1666 215 1694 lloe
229 1667 359 1693 nimirum
374 1666 528 1694 ostenditur
539 1674 572 1693 ex
593 1666 662 1693 libro
675 1665 816 1700 Paralipo-

49 1718 128 1738 menon
144 1712 184 1738 ubi
201 1712 266 1739 dicit
287 1719 294 1737 :
321 1711 452 1738 Venerunt
472 1716 558 1737 autem
575 1718 636 1738 cum
651 1710 705 1737 illis
718 1714 743 1737 et
759 1709 817 1737 No-

48 1757 117 1783 madte
139 1765 216 1792 genus
240 1757 325 1784 Esau.
353 1757 419 1784 Cum
437 1757 473 1784 ita
499 1764 565 1791 ergo
585 1756 696 1791 gloriosi
723 1760 816 1784 essent

48 1803 87 1830 viri
103 1803 137 1831 illi
161 1812 247 1838 reges,
276 1811 308 1830 ac
337 1804 495 1839 principes,
511 1808 592 1835 atque
617 1803 816 1837 previnciarum

48 1849 126 1882 duces,
155 1851 313 1878 assederunt
341 1850 379 1876 illi
412 1855 516 1885 septem
541 1848 638 1876 diebus
665 1853 692 1876 et
714 1853 816 1883 septem

49 1895 162 1922 noctibus.
193 1895 248 1923 Sed
282 1897 442 1922 assederunt
475 1899 604 1929 tanquam
632 1894 751 1930 religiosi
769 1893 816 1921 Dei

49 1940 158 1973 cultores,
183 1949 234 1969 non
264 1946 418 1976 quaerentes
447 1947 536 1974 neque
564 1940 713 1972 maleﬁcia,
730 1947 819 1974 neque

50 1987 159 2021 auguria,
185 1995 273 2022 neque
296 1988 498 2021 divinationes,
527 1994 616 2022 neque
637 1986 818 2022 pbylacteria,

50 2039 121 2066 neqtte
135 2033 271 2067 lamellas,
298 2040 387 2068 neque
408 2033 611 2060 incantationes
636 2031 816 2059 damnabiles.

50 2076 112 2105 Scire
124 2086 235 2114 namque
246 2080 347 2107 debent
361 2079 479 2114 religiosi
494 2079 556 2111 viri,
573 2078 636 2113 quia
652 2078 709 2105 haec
727 2078 818 2105 omnia

51 2122 132 2151 diaboli
145 2130 204 2152 sunt
220 2126 404 2157 seductiones,
419 2126 571 2152 daemonum
589 2128 653 2152 sunt
667 2123 818 2156 irrisiones,

51 2168 189 2199 idololatria:
210 2177 273 2200 sunt
286 2172 354 2205 faex,
381 2172 532 2199 animarutn
553 2170 715 2202 infatuatio,
739 2175 820 2204 atque

862 247 936 274 rimis
958 246 988 282 ﬁt
1004 245 1145 280 inﬁrmitas
1164 245 1185 260 "
1201 253 1209 272 :
1223 249 1287 272 tunc
1312 243 1440 270 nimirum
1465 241 1558 269 dicunt
1585 239 1650 266 insi-

862 293 979 328 pienter,
993 291 1065 326 quod
1077 290 1227 318 fascinatus
1242 290 1278 318 sit
1295 289 1418 324 quilibet.
1443 287 1557 320 Quando
1581 285 1651 322 jeju-

863 346 972 370 namus,
990 338 1069 365 oviri
1084 358 1092 370 ,
1115 337 1284 365 abstinemus
1307 343 1358 363 nos
1382 340 1413 362 ut
1437 342 1489 362 tton
1510 339 1651 369 gustamus

864 393 960 413 carnes
975 392 1063 420 neque
1084 385 1176 411 vinum
1199 391 1286 419 neque
1305 382 1456 418 superﬂuas
1471 388 1565 412 escas,
1587 384 1650 406 tunc

864 439 948 466 quare
963 439 1015 458 non
1031 430 1220 458 faseinamur?
1236 430 1295 457 Mox
1312 435 1403 456 autem
1416 434 1444 455 ut
1460 435 1556 455 rursus
1572 434 1650 454 man-

863 478 966 505 ducare
981 482 1061 512 atque
1078 477 1171 504 bibere
1184 476 1365 511 coeperimus,
1383 475 1511 502 continuo
1538 478 1565 501 et
1587 480 1652 499 ven-

864 523 915 550 tris
929 523 1075 551 commotio
1093 527 1174 557 atque
1192 523 1327 549 viscerum
1346 521 1516 555 perturbatio
1537 521 1576 552 lit,
1599 519 1650 546 nisi

865 569 889 597 is
900 569 974 596 solus
989 567 1123 603 eﬁugerit,
1142 568 1187 602 qui
1203 568 1282 594 valde
1306 566 1468 601 sibimetipsi
1493 565 1651 597 intenderit,

865 623 900 643 ne
925 619 1015 650 gustet
1042 615 1189 650 quidquam
1213 613 1389 649 superﬂuum.
1421 612 1468 640 Sic
1492 612 1582 646 itaque
1599 619 1652 638 non

864 662 1061 690 fascinationes
1084 662 1231 695 praevalent
1253 660 1419 695 quidquam,
1443 659 1490 685 sed
1514 657 1653 685 hominum

866 709 1072 737 incontinentia.
1088 707 1122 734 Et
1141 706 1266 734 videlicet
1283 707 1334 733 hoc
1344 713 1451 736 verum,
1465 712 1526 732 cum
1540 704 1654 730 mandu-

866 762 962 783 camus
982 754 1023 781 vel
1041 753 1171 785 bibimus,
1186 751 1210 779 si
1225 751 1285 778 ﬁdei
1314 757 1447 778 memores
1462 749 1610 781 fuerimus,
1630 748 1654 776 si

867 800 987 828 terribile
1002 807 1099 826 nomen
1111 799 1168 832 ejus
1182 796 1404 825 invocaverimus
1415 815 1422 828 ,
1437 796 1460 822 si
1472 794 1655 828 nosmetipsos

868 847 909 874 vel
928 847 1018 874 cibum
1032 851 1059 873 et
1076 850 1167 880 pottuu
1183 849 1305 871 nostrunt
1319 843 1397 876 signa
1414 840 1578 868 venerabilis
1591 848 1655 867 cru-

864 900 903 920 cts
926 892 1027 920 Christi
1053 891 1318 926 signitieaverimus,
1337 890 1359 915 si
1391 887 1424 915 ad
1444 887 1545 915 cadum
1562 887 1656 914 oculos

864 944 975 967 nostros
1000 939 1121 966 levantes
1150 938 1273 965 dicamus
1296 945 1303 962 :
1327 935 1380 967 Qui
1395 934 1441 960 dat
1468 941 1554 960 etcum
1583 933 1655 959 omni

864 985 938 1012 carni
952 984 986 1016 ",
1009 985 1056 1011 dat
1080 984 1162 1011 etiam
1189 982 1269 1010 nobis
1296 989 1358 1009 cum
1379 980 1567 1008 benedictione
1584 978 1656 1005 hunc
1692 975 1697 983 ”

863 1031 954 1058 cibum
971 1039 1098 1063 sumere,
1124 1030 1146 1057 si
1171 1029 1321 1056 dixerimus
1344 1035 1406 1055 cum
1437 1025 1597 1054 sinceritate
1621 1025 1656 1051 ad

864 1078 1009 1105 Dominum
1027 1082 1150 1104 nostrum
1174 1084 1182 1102 :
1203 1075 1244 1102 Tu
1266 1075 1370 1106 dixisti,
1394 1073 1517 1104 Domine,
1542 1072 1605 1106 quia
1632 1071 1656 1098 si

864 1125 967 1159 aliquid
981 1123 1153 1151 mortiferum
1172 1123 1321 1149 biberintus
1339 1125 1415 1147 tnutn
1435 1121 1592 1147 invocantes
1608 1125 1656 1144 no-

865 1178 937 1202 tnen,
955 1178 1005 1197 non
1022 1170 1074 1197 erit
1090 1169 1166 1196 nobis
1181 1167 1322 1195 "mlestum
1339 1177 1345 1194 :
1367 1172 1394 1194 tu
1424 1159 1525 1200 itaque,
1545 1163 1656 1191 Domine

864 1216 972 1244 virtutis
996 1221 1023 1244 et
1048 1215 1156 1250 glorias,
1182 1219 1276 1242 averte
1308 1213 1457 1241 veneﬁcam
1485 1217 1511 1239 et
1534 1211 1654 1244 iniquam

864 1263 1050 1297 operationem
1078 1269 1093 1288 a
1120 1261 1199 1288 nobis
1220 1265 1247 1288 et
1260 1260 1294 1287 ab
1308 1259 1435 1288 omnibus
1453 1257 1522 1285 cibis
1543 1256 1654 1284 nostris.

865 1306 923 1334 Nisi
945 1307 1017 1334 enim
1034 1311 1077 1332 tua
1098 1305 1283 1333 misericordia
1295 1303 1509 1334 conservaverit,
1523 1300 1657 1336 quomodo

866 1360 1009 1388 possumus
1020 1352 1139 1387 effugere
1156 1357 1229 1378 tanta
1251 1350 1370 1385 pericula
1388 1349 1510 1376 ciborum
1535 1355 1602 1375 sane
1625 1355 1657 1374 ac

865 1405 988 1435 potuum,
1005 1406 1066 1434 qna.-
1086 1398 1244 1433 frequenter
1269 1397 1327 1431 plus
1354 1399 1453 1430 repunt
1477 1402 1509 1421 ac
1532 1397 1656 1428 serpunt,

866 1452 946 1480 quam
959 1444 1081 1479 maligna:
1096 1451 1128 1470 ac
1144 1449 1286 1470 venenosa:
1300 1440 1393 1467 bestiae
1409 1439 1421 1466 ἱ)
1435 1439 1550 1472 Quidam
1565 1442 1656 1464 autent

866 1489 1092 1518 stcrntttamcntis
1118 1489 1207 1516 adhuc
1232 1487 1403 1518 observiunt,
1427 1491 1454 1513 et
1481 1483 1659 1512 invocationi-

868 1536 917 1563 bus
933 1540 1017 1570 atque
1031 1534 1252 1562 revocationibus
1264 1553 1272 1565 ,
1285 1537 1312 1559 et
1328 1531 1488 1559 occursibus
1510 1535 1592 1564 atque
1610 1536 1658 1556 v0-

868 1581 972 1608 lucrutn
999 1581 1125 1613 vocibus,
1142 1588 1194 1607 non
1218 1579 1403 1612 intelligentcs
1435 1577 1528 1604 miseri
1558 1581 1586 1603 et
1612 1582 1660 1610 spe

867 1627 946 1655 vacui
964 1648 972 1661 ,
992 1627 1055 1661 quia
1070 1634 1084 1653 a
1103 1626 1216 1654 Dotnino
1232 1632 1342 1660 gressus
1360 1624 1480 1651 hominis
1493 1622 1658 1657 diriguntur,

867 1682 956 1709 neque
969 1674 1091 1700 valentes
1104 1673 1194 1700 dicere
1209 1672 1242 1700 ad
1261 1672 1345 1699 Deum
1357 1678 1420 1698 cum
1434 1669 1539 1698 sanctis
1555 1678 1562 1695 :
1581 1668 1660 1695 Grea-

867 1727 912 1746 sus
924 1726 993 1746 meos
1006 1718 1090 1752 dirige
1110 1718 1252 1745 secundum
1268 1717 1400 1751 eloquium
1414 1721 1489 1742 tuum
1503 1734 1510 1746 ,
1526 1719 1550 1741 el
1566 1722 1598 1740 ne
1610 1714 1661 1740 do-

867 1765 981 1791 minetur
1009 1764 1071 1790 mi/ti
1097 1763 1181 1790 omnis
1202 1762 1327 1797 iniquitas
1356 1762 1391 1788 ".
1419 1760 1486 1787 Nam
1502 1760 1525 1787 is
1538 1760 1584 1794 qui
1598 1766 1660 1786 cum

869 1811 922 1839 ﬁde
936 1812 969 1838 ad
991 1811 1134 1838 Dominum
1150 1810 1207 1837 haec
1222 1809 1332 1842 dixerit,
1350 1808 1474 1843 implevit
1495 1807 1564 1834 illud
1590 1806 1662 1841 quod

869 1856 1012 1884 dicendum
1031 1861 1074 1883 est
1087 1876 1094 1888 ,
1111 1855 1241 1882 Dominus
1256 1855 1308 1883 erit
1337 1855 1363 1882 in
1387 1854 1514 1881 omnibus
1530 1854 1581 1881 viis
1597 1853 1662 1887 tuis,

868 1907 896 1930 et
907 1909 1016 1937 gressus
1031 1907 1091 1929 tuos
1107 1902 1134 1928 in
1148 1908 1217 1937 pace
1233 1901 1357 1929 deducet.
1373 1900 1424 1933 Qui
1438 1905 1535 1938 autem.
1545 1900 1578 1927 ad
1593 1907 1664 1928 vana

869 1947 1036 1974 intenderint
1050 1946 1164 1981 auguria
1183 1953 1214 1973 ac
1227 1946 1359 1974 veneﬁcia
1371 1966 1378 1978 ,
1395 1946 1577 1973 divinationes
1596 1953 1664 1980 quo-

869 2001 923 2029 que
945 2001 977 2021 ac
1005 1993 1175 2028 phylacteria
1208 1997 1290 2027 atque
1319 1992 1535 2024 incantationes,
1565 1992 1663 2019 horum

871 2047 981 2075 gressus
995 2039 1241 2072 contnrbabuntur,
1259 2040 1356 2066 horuttt
1374 2045 1456 2072 opera
1471 2037 1664 2072 impediuntur,

870 2086 904 2113 ab
925 2086 986 2113 istis
1011 2085 1061 2113 Dei
1088 2085 1209 2113 visitatio
1237 2084 1350 2118 recedit,
1378 2085 1446 2111 istos
1469 2083 1556 2111 sancti
1577 2083 1664 2118 angeli

870 2131 1069 2166 derelinquunt,
1081 2140 1142 2159 cum
1153 2132 1212 2159 istis
1225 2131 1350 2158 diabolus
1363 2135 1505 2166 permanet
1529 2129 1666 2156 infatuans

871 2182 977 2204 mentes
1001 2184 1106 2209 eorum,
1131 2177 1283 2205 obtundens
1310 2177 1394 2204 corda
1418 2176 1539 2206 illorum,
1555 2175 1666 2201 abstra-

51 2217 153 2244 mrdinm
176 2218 333 2245 scandalum
349 2226 356 2244 :
375 2225 435 2252 quin
457 2225 510 2245 non
528 2217 711 2251 intelligentes
731 2216 814 2251 pleri-

873 2226 940 2251 hens
954 2231 970 2250 a
986 2224 1039 2250 Deo
1054 2231 1154 2251 sensus
1178 2230 1284 2250 eorum.
1307 2223 1346 2249 De
1371 2221 1561 2257 hujuscemodi
1586 2221 1666 2256 digne

52 2268 94 2296 que
106 2263 151 2291 hoc
163 2272 233 2292 nunc
249 2270 371 2300 tempore
384 2285 392 2297 ,
408 2271 471 2291 mox
499 2268 527 2290 ut
552 2263 691 2298 quidpiam
717 2262 819 2297 aliquid

52 2308 225 2342 molestaverit,
240 2311 370 2338 continuo
398 2309 598 2337 incantationes
619 2314 701 2344 atque
722 2309 819 2336 incan-

53 2357 138 2382 tatores
152 2357 303 2391 requirunt,
316 2356 410 2383 statim
422 2354 592 2391 phylacteria
606 2354 729 2389 alligant,
747 2354 821 2382 illico

54 2400 175 2429 mali-ﬁciis
189 2402 344 2435 intenduttt,
361 2407 408 2429 aut
424 2402 449 2429 in
464 2401 558 2428 charta
573 2401 714 2432 scribunt,
730 2405 776 2426 aut
794 2401 821 2426 in

52 2450 133 2473 stanno
145 2452 190 2475 aut
205 2448 325 2482 plumbo,
342 2453 369 2475 et
385 2447 498 2483 alligant
523 2448 548 2474 ei
564 2447 609 2482 qui
637 2446 758 2474 dolorem
775 2453 822 2473 su-

52 2491 169 2520 stinuerit.
184 2495 236 2521 Alii
261 2499 351 2522 autem
365 2494 531 2530 serpentium
544 2493 756 2524 incantationes,
771 2492 823 2519 dte-

55 2545 145 2566 monum
169 2541 371 2575 persuasiones,
396 2546 478 2576 atque
495 2539 543 2567 Dei
568 2539 751 2574 blasphemias
779 2538 821 2565 in-

54 2588 155 2612 cautam.
167 2585 230 2612 Item
243 2593 308 2613 vero
321 2586 364 2613 alii
379 2585 513 2613 fascinare
529 2585 667 2617 dicuntur,
683 2585 740 2612 sive
752 2584 823 2619 quod

55 2627 178 2664 ftscinant,
189 2633 245 2659 sive
254 2633 325 2667 quod
336 2633 510 2664 fascinentur,
521 2636 549 2659 et
556 2631 687 2659 daemonis
695 2631 824 2658 adinven-

55 2674 126 2702 tiones
134 2682 202 2705 sunt.
218 2679 284 2705 Cum
302 2679 375 2705 enim
394 2678 523 2705 infrunite
539 2677 770 2709 manducaverint,
785 2677 826 2704 vel

55 2719 165 2755 biberint,
175 2731 233 2751 cum
248 2724 304 2758 ipsa
315 2725 417 2752 viscera
432 2732 484 2751 nott
498 2723 655 2751 suilerentia
670 2723 825 2758 perturbata

56 2764 182 2802 iuerint,cl.
195 2770 221 2797 itt
235 2770 353 2798 dolorem
365 2775 445 2805 atque
456 2770 640 2797 inﬁrmitatem
650 2769 749 2797 fuerint
758 2777 823 2796 con-

83 2871 100 2887 "
121 2873 196 2901 Eccli.
214 2881 317 2907 xxxvii,
332 2863 387 2901 55.Δ
414 2873 437 2888 ⁸⁸
453 2872 523 2901 PsaL
539 2880 637 2906 tzxxxv,
651 2872 697 2900 9.5.

874 2269 980 2297 dicetur
998 2278 1004 2295 :
1022 2269 1044 2296 Ο
1059 2269 1179 2297 infelicia
1202 2268 1341 2296 hominum
1358 2268 1483 2300 consilia,
1502 2274 1518 2293 o
1530 2273 1605 2293 vana:
1624 2270 1667 2292 at-

874 2323 927 2349 que
952 2322 1126 2350 supervacuae
1150 2320 1322 2342 terrenarum
1349 2313 1550 2348 cogitationes,
1578 2311 1624 2346 qui
1651 2318 1668 2338 a

875 2362 931 2390 Deo
951 2362 1081 2389 abstracti
1108 2367 1189 2396 atque
1208 2361 1379 2395 praivaricati
1393 2381 1401 2394 ,
1416 2360 1449 2387 de
1469 2359 1582 2386 mortuis
1593 2357 1666 2386 salu-

876 2413 930 2437 tetn
946 2412 1116 2443 exspectant,
1130 2408 1163 2434 ab
1187 2407 1346 2434 inanimatis
1367 2407 1512 2434 consilium
1532 2409 1668 2440 quaerunt,

876 2459 978 2483 etcum
1000 2453 1179 2481 idololatriarn
1204 2453 1340 2480 declinare
1358 2453 1519 2483 vidcantur,
1533 2451 1668 2478 idolorum

876 2500 956 2528 fasces
972 2505 1054 2534 atque
1077 2498 1205 2533 reliquias
1229 2498 1345 2526 adorare
1367 2501 1530 2528 noscuntur,
1554 2495 1669 2534 aug-tria

877 2552 905 2575 et
919 2546 1116 2578 divinationes,
1132 2545 1333 2572 incantationes
1349 2551 1458 2578 quoque
1477 2550 1509 2569 ac
1536 2543 1669 2569 maleﬁcia

878 2599 960 2629 atque
974 2594 1141 2629 phylaeteria
1161 2601 1167 2619 :
1185 2597 1212 2620 et
1231 2593 1265 2619 ab
1281 2591 1476 2625 omnipotentis
1501 2597 1531 2616 ac
1549 2589 1668 2616 viventis

880 2641 926 2669 Dei
940 2640 1125 2668 misericordia
1139 2646 1213 2674 spem
1226 2645 1304 2665 suam
1316 2642 1453 2668 avertunt,
1468 2642 1496 2663 et
1511 2636 1537 2663 in
1552 2635 1669 2663 mortuis

880 2692 962 2722 atque
991 2686 1152 2714 inanimatis-
1177 2689 1300 2719 sperant,
1325 2684 1352 2710 in
1380 2682 1556 2718 phylacteriis
1588 2687 1670 2715 atque

880 2733 987 2760 cmteris
1001 2732 1126 2766 superius
1140 2731 1271 2758 recitatis.
1288 2728 1364 2756 Mitte
1376 2736 1406 2756 ea
1424 2729 1449 2755 in
1465 2728 1556 2763 ignem
1574 2727 1600 2754 si
1621 2734 1672 2753 va-

879 2778 1111 2813 leantscntelipsa
1124 2777 1261 2812 adjuvare,
1287 2776 1309 2803 si
1336 2775 1443 2803 valeant
1466 2772 1614 2808 semetipsa
1632 2771 1668 2800 de;

735 2872 757 2888 ’⁵⁵
771 2871 842 2900 Psal.
856 2877 950 2901 omn,
970 2869 1031 2897 155.
