1909 3080
228 109 282 139 5οΐ

779 104 967 133 ANONYMUS
986 104 1019 131 IN
1036 103 1106 132 JOB.
1127 120 1161 125 —-
1177 103 1241 132 ΗΒ.
1262 103 1306 132 Ill.

1803 103 1849 131 508

230 168 292 204 igne
310 175 416 196 eruere.
438 167 466 194 Si
480 171 569 193 autern
587 172 617 192 se
639 165 767 199 adjuvare
782 173 835 192 non
850 169 973 199 possunt,
992 168 1018 190 te
1033 167 1056 196 Α
1071 164 1257 196 relinquamus
1276 168 1403 197 tanquam
1417 170 1521 198 poenam
1535 161 1685 198 gehennae,
1703 161 1762 188 hac
1776 169 1849 188 exse-

230 214 346 249 qualiter
372 211 645 246 adjuvabuntYQuod
669 211 691 238 si
717 219 746 238 se
770 211 803 238 de
825 212 890 246 igne
900 218 952 237 non
969 217 1017 236 vu-

231 260 287 288 lent
305 267 410 291 eruere,
427 266 443 286 o
458 259 549 290 homo,
568 257 685 292 qualiter
706 262 802 284 eruent
819 262 844 284 te
855 256 890 283 ab
905 255 1019 283 infirmi-

231 304 308 331 tate?
325 304 372 330 Dic
385 324 391 335 ,
405 311 422 329 ο
434 304 514 329 Ιιοιιιο
527 323 534 335 ,
551 302 622 336 quod
651 301 878 328 medicamentum
904 306 947 329 est
964 309 1019 329 me-

231 349 283 376 lius
297 357 367 383 panc
379 349 424 383 qui
444 348 562 375 laetificat
578 355 626 375 cor
636 347 776 375 hominis?
797 347 848 374 Sed
872 351 899 374 et
922 355 1018 382 panem

231 397 252 422 si
270 396 339 422 collo
354 395 516 429 appenderis
527 399 555 421 et
571 401 622 420 non
638 393 831 425 momorderis,
848 393 890 420 vel
904 395 1017 421 mandu-

231 442 346 473 caveris,
366 441 433 467 nihil
449 441 496 467 tibi
510 440 634 474 prodest,
649 439 717 466 nihil
743 444 769 466 te
791 439 877 473 juvat.
904 440 932 466 Si
955 447 1021 474 ergo

231 487 310 522 panis
333 486 377 521 qui
401 491 443 513 est
468 486 589 520 corporis
611 486 678 516 vita,
709 484 779 511 collo
805 492 939 519 appensus
954 485 1019 512 nihil

232 533 352 568 adjuvat,
366 533 502 567 quomodo
517 530 646 564 adjuvent
665 530 830 565 phylacteria
850 530 890 557 vel
912 530 1021 557 lamina;

233 580 388 608 inanimataa
406 584 486 613 atque
502 578 584 604 totius
596 577 658 604 vita:
669 577 811 604 exsortes?
834 576 882 604 Vel
905 576 1022 611 qualiter

235 625 366 659 adjuvent
390 623 591 650 incantationes
625 627 653 649 et
684 621 813 656 auguria,
841 621 1023 649 divinationes

235 677 341 705 quoque
361 674 441 704 atque
466 667 612 700 maleﬁcia,
638 675 771 695 occursus
794 668 972 695 nihilominus
995 672 1023 696 et

235 716 393 742 vocationes
406 720 487 748 atque
505 714 702 745 revocationes,
715 721 776 748 qme
790 718 852 741 sunt
866 714 1017 741 daemonum

236 761 380 788 servitutcs
401 764 428 786 et
443 761 592 786 darmontnn
608 759 745 786 illusiones
767 764 848 794 atque
861 759 1019 787 idololatriae

237 804 474 833 communicatio?
491 804 580 831 Infelix
608 811 724 838 namque
747 808 788 831 est
809 805 854 838 qui
878 805 905 832 in
933 809 1021 832 statua

1069 217 1176 236 cremur
1189 214 1280 243 utpote
1292 209 1448 236 societatem
1464 208 1626 235 daemonum.
1645 207 1748 235 Omnes
1766 212 1849 234 autem

1069 262 1167 282 causas
1181 259 1289 282 nostras
1307 254 1364 281 sive
1376 253 1509 285 dolorum,
1522 253 1580 280 sive
1603 252 1780 287 languorum,
1796 251 1851 278 sive

1069 307 1220 336 poenarum,
1234 301 1291 327 sive
1303 299 1515 331 tribulationum,
1529 298 1585 325 sive
1602 298 1721 329 viarum,
1737 297 1794 323 sive
1810 297 1852 323 iti-

1070 353 1164 372 nerum
1175 365 1183 377 ,
1201 345 1257 372 sive
1268 345 1509 379 ingressnum,sive
1520 350 1676 378 egressuum
1692 347 1792 370 cuncta
1802 343 1853 369 Deo

1070 391 1298 422 commendemus,
1306 394 1403 416 cunt-ta
1412 388 1464 415 Deo
1470 388 1680 420 committamus,
1689 393 1719 414 ut
1727 388 1854 414 Dominus

1071 436 1204 463 custodiat
1211 443 1304 463 omnes
1315 437 1451 469 ingressus
1457 439 1536 468 atque
1546 435 1635 461 exitus
1642 439 1796 466 nostros,ut
1805 434 1855 460 Do-

1073 484 1159 511 minus
1169 483 1295 510 ﬁatnobis
1303 487 1462 517 cooperator
1479 486 1506 509 et
1521 489 1622 514 comes,
1633 486 1716 516 atque
1728 481 1856 516 suffraga-

1073 534 1115 556 tor
1131 529 1156 556 in
1168 529 1239 555 omni
1252 533 1381 563 tempore,
1400 533 1426 555 et
1436 528 1461 555 in
1476 527 1548 555 omni
1563 527 1633 559 loco,
1648 532 1678 554 ut
1686 527 1790 561 angelis
1800 527 1856 554 suis

1073 575 1180 602 mandet
1193 574 1225 602 de
1240 574 1316 601 nobis
1334 579 1360 601 ut
1379 574 1528 601 custodiant
1548 581 1597 600 nos
1613 574 1639 600 in
1661 573 1789 600 omnibus
1808 573 1857 599 viis

1073 620 1188 652 nostris,
1203 625 1233 647 ut
1252 627 1312 646 cum
1338 620 1438 646 sanctis
1461 619 1643 646 connumerati
1662 623 1858 653 consequenter

1073 666 1153 693 etiam
1162 673 1220 692 cum
1231 665 1295 700 ipsis
1303 665 1423 692 dicamus
1435 673 1443 691 :
1457 664 1517 692 Sive
1531 664 1648 695 vivimus,
1657 664 1711 690 sive
1722 664 1857 691 morimur.

1074 711 1181 738 Domini
1196 719 1286 738 sumus
1302 711 1335 738 ⁸⁸.
1356 710 1413 738 Νοιι
1427 718 1520 737 sumus
1536 710 1687 742 idolorum,
1712 716 1802 743 neque
1819 710 1859 736 in-

1074 758 1259 786 cantationum
1269 777 1278 790 ,
1298 764 1385 792 neque
1400 757 1574 792 auguriorum
1585 777 1592 789 ,
1605 764 1694 791 neque
1714 756 1859 783 divinatio-

1076 810 1138 829 num
1149 822 1156 835 ,
1173 809 1262 838 neque
1276 802 1470 829 maleﬁciorum
1483 821 1490 833 ,
1507 809 1594 836 neque
1617 801 1860 837 phylacteriorum,

236 851 383 878 inanimata
395 853 499 884 Sperat,
521 849 657 877 infelicior
678 857 741 877 vero
762 850 808 884 qui
835 850 862 876 in
887 850 1025 885 phylacte-
1041 841 1162 882 Bneque
1179 849 1260 876 ullius
1284 849 1379 875 horum
1399 855 1459 882 quae
1481 852 1545 874 sunt
1568 848 1686 875 servitus
1708 847 1861 875 damonum

237 898 284 925 riis
298 897 411 924 mortuis
423 901 524 930 sperat.
543 895 609 922 Nam
624 896 694 923 sicut
706 896 728 923 is
737 897 782 931 qui
796 896 875 923 idolis
889 897 1022 929 servierit,
1043 896 1047 901 ⁴

237 943 354 970 interﬁci
376 948 528 978 prreceptus
545 947 587 970 est
614 943 640 969 in
666 942 725 977 lege
751 941 811 974 Dei,
838 942 875 969 ita
897 942 1026 970 similiter

237 989 326 1016 omnis
341 990 503 1021 incantatur,
519 993 546 1015 et
559 996 707 1023 auguralis,
722 995 754 1014 ac
768 987 902 1020 divinans,
918 993 946 1016 et
960 995 1026 1015 ven-

239 1033 383 1068 triloquus,
401 1038 482 1068 atque
508 1033 646 1060 volucrum
669 1041 749 1060 voces
774 1034 935 1065 observans,
962 1041 1024 1060 cum

238 1080 363 1107 omnibus
381 1080 486 1107 emeris
505 1079 646 1107 maleﬁciis
666 1079 776 1106 interire
800 1084 883 1113 atque
909 1079 1025 1106 interﬁci

239 1130 389 1159 praeceptus
403 1129 452 1152 est.
467 1124 530 1151 Post
541 1131 600 1158 qua:
613 1124 751 1156 universa,
766 1123 914 1151 inferorum
924 1124 1025 1156 ira,at-

238 1178 292 1206 que
306 1175 467 1198 tormentum
486 1170 626 1204 gehennaz,
645 1169 777 1204 supplicia
797 1177 905 1204 quoque
930 1169 1025 1197 aeterni

237 1217 343 1252 jndicii,
366 1221 447 1251 atque
459 1215 574 1243 ﬂammae
593 1215 663 1250 ignis
681 1215 909 1251 inexstingnibilis
926 1223 1026 1250 exspe-

240 1267 318 1289 ctant
329 1269 422 1288 omnes
439 1261 591 1294 hujnsmodi
616 1261 642 1287 in
665 1267 784 1296 tempore
805 1261 1026 1288 resurrectionis.

241 1307 294 1334 Sed
308 1307 415 1333 interim
427 1307 527 1333 bonum
543 1311 584 1333 est
595 1307 764 1341 interrogare
779 1307 846 1334 istos
857 1308 902 1342 qui
915 1307 1027 1342 auguria

240 1352 410 1384 observant,
426 1358 508 1387 atque
522 1353 679 1380 occursibus
703 1357 751 1379 aut
773 1352 960 1380 vocationibus
983 1357 1028 1379 aut

242 1399 458 1426 revocationibus
472 1398 625 1430 intendunt,
640 1405 699 1432 qua:
716 1398 822 1432 augurii
848 1403 918 1424 meta
937 1405 1028 1424 occur-

242 1443 278 1470 rit
296 1443 440 1476 Pharaoni,
455 1451 516 1470 cum
543 1443 614 1470 ﬁlios
639 1443 721 1470 Israel
747 1449 865 1477 secutus,
891 1445 1029 1471 demersus

242 1492 284 1515 est
298 1488 323 1515 in
335 1488 454 1515 Rubrum
470 1495 553 1518 mare,
574 1492 604 1515 nt
623 1496 670 1515 nec
684 1489 795 1516 nuntius
806 1489 940 1515 innumeri
955 1496 1029 1516 exer-

243 1533 313 1560 citus
329 1532 517 1568 {Egyptiorum
531 1533 705 1567 superesset?
716 1534 781 1566 Quis
799 1534 905 1560 vocavit
921 1533 1026 1560 Senna-

244 1579 339 1606 cherib
356 1586 445 1613 regem
460 1579 646 1614 Assyriorum,
663 1578 706 1606 vel
723 1587 782 1613 quae
795 1579 852 1606 avis
865 1579 963 1607 cecinit
979 1579 1027 1612 illi,

244 1630 304 1651 cum
322 1632 336 1651 a
358 1623 450 1651 Judtea
465 1624 601 1658 prolectus
617 1624 743 1652 omnibus
768 1625 817 1652 sub
834 1633 885 1651 una
902 1630 980 1652 nocte
995 1626 1028 1652 ad

244 1673 352 1696 centum
362 1669 497 1704 octoginta
507 1669 626 1703 quinque
638 1669 721 1696 millia
737 1669 906 1696 exercituum
919 1677 1028 1696 suorum

245 1714 367 1745 amissis.
381 1719 409 1740 et
424 1713 554 1741 confusus
570 1715 602 1740 ad
630 1715 766 1749 regionem
791 1722 867 1741 suam
894 1722 1028 1747 reversus,

244 1759 333 1794 gladio
351 1759 376 1786 in
393 1759 474 1787 domo
486 1759 532 1786 Dei
547 1760 589 1787 sui
611 1761 749 1794 ceciderit,
766 1765 794 1787 et
820 1768 873 1787 non
895 1761 1031 1795 potuerint

244 1813 305 1832 eum
316 1804 456 1838 adjuvare,
470 1813 557 1840 neque
567 1805 636 1832 idola
645 1805 713 1840 ejus,
725 1813 812 1841 neque
822 1807 1029 1838 incantationes,

247 1858 332 1886 neque
355 1851 502 1884 veneﬁcia,
529 1859 617 1886 neque
653 1853 785 1887 auguria?
820 1852 951 1879 Similiter
981 1859 1031 1880 nec

246 1895 415 1923 Pharaonem
434 1897 520 1930 potuit
546 1897 692 1925 defendere
717 1897 860 1924 multitudo
884 1897 1029 1930 idolorum,

247 1946 327 1977 atque
340 1942 459 1970 omnium
474 1942 616 1974 maleﬁcia,
635 1949 662 1970 et
678 1943 856 1978 plurimorum
871 1944 1032 1970 incantatio-

247 1997 294 2018 nes
315 1998 375 2025 qua:
390 1990 499 2018 fuerunt
518 1992 545 2018 in
562 1990 681 2026 Egypto
699 1998 754 2025 pra:
774 1991 882 2018 czeteris
905 1991 1032 2018 omnibus

247 2035 382 2070 gentibus.
405 2036 476 2063 sicut
494 2036 593 2063 dicitur
614 2036 729 2071 quodam
753 2036 780 2062 in
798 2035 857 2063 loco
881 2035 1032 2063 :Fecerunt

247 2085 334 2108 autem
348 2083 524 2108 ineantatarel
544 2081 729 2116 Egyptiorum
751 2080 875 2108 similiter
899 2077 1032 2115 maleﬁciis

247 2127 302 2152 suis
314 2127 347 2153 ⁸ο.
363 2127 415 2154 Sed
430 2135 481 2153 non
503 2127 592 2154 timuit
604 2125 726 2153 Rubrum
741 2133 816 2152 mare
832 2126 1033 2154 incantationes

248 2177 328 2206 atque
337 2172 469 2199 maleficia
486 2180 590 2205 eorum,
605 2177 686 2206 atque
702 2171 841 2206 accipiens
857 2172 901 2199 Dei
918 2173 1032 2199 manda-

250 2223 305 2245 tum
331 2224 441 2246 cunctos
464 2219 552 2246 subito
577 2218 708 2245 demersit
731 2218 756 2245 in
773 2218 945 2252 profundum.
963 2218 1032 2252 Quid

249 2264 350 2299 profuit
371 2263 443 2290 Sauli
462 2264 532 2298 quod
557 2264 678 2291 exiturus
695 2264 728 2291 ad
747 2264 868 2298 praelium
886 2265 1002 2298 primum
1017 2272 1031 2291 a

250 2309 306 2336 Deo
319 2310 460 2336 discedens
474 2309 507 2336 ad
520 2309 624 2336 divinos
638 2310 759 2343 confugit
771 2330 778 2342 ,
796 2315 824 2337 et
837 2310 976 2337 mulierem
1000 2310 1033 2337 de

249 2359 348 2382 eventu
370 2354 523 2388 loquentem
546 2355 681 2388 quaesivit,
714 2359 741 2382 et
762 2363 823 2382 cum
849 2355 937 2381 adhuc
958 2362 1031 2389 spem

251 2410 326 2430 suam
337 2406 517 2434 converteret,
531 2405 559 2428 et
569 2407 750 2436 exspectaret,
765 2409 826 2429 cum
842 2401 935 2428 multis
947 2402 1033 2436 proti-

251 2457 302 2476 nus
316 2448 419 2475 interiit
431 2448 453 2464 ⁵¹
467 2448 479 2474 ‘l
494 2448 582 2482 Atque
597 2448 733 2475 innumeri
750 2448 875 2476 similiter
890 2448 916 2475 in
939 2448 1036 2474 incan-

253 2496 400 2523 tationibus
427 2501 455 2522 et
480 2494 600 2529 auguriis
617 2500 699 2528 atque
720 2494 862 2521 maleficiis
882 2499 1036 2529 sperantes,

251 2551 334 2578 super
352 2547 452 2570 terram
468 2542 571 2574 miseri,
587 2549 619 2569 ac
634 2542 692 2569 sine
706 2549 753 2575 spe
766 2542 830 2568 facti
845 2547 916 2572 sunt,
927 2546 955 2568 et
966 2541 1036 2574 apud

253 2590 356 2619 inferos
372 2592 502 2622 perpetuo
519 2587 616 2622 puniti,
632 2586 846 2614 miserabiliores
863 2587 888 2613 in
904 2591 1035 2613 aeternum

254 2634 460 2669 permanebunt.
481 2632 543 2660 Hinc
564 2633 654 2667 itaque
675 2633 798 2659 universa
812 2633 979 2660 declinemus
992 2652 999 2662 ,
1014 2639 1036 2665 lo

253 2681 352 2714 amici;
371 2681 427 2707 hinc
438 2681 571 2714 fugiamus
583 2685 708 2714 tanquam
725 2679 858 2707 ﬂammam
875 2679 946 2714 ignis
957 2698 965 2710 ,
980 2679 1038 2705 ha-c

291 2779 315 2814 ’ξ
332 2780 415 2807 Exod.
430 2788 476 2814 vn,
495 2781 536 2808 ll.

575 2781 594 2797 "
613 2781 622 2808 l
636 2781 700 2816 Reg.
712 2787 806 2808 xxvni.

257 2814 279 2830 “
296 2813 347 2842 Job
360 2823 400 2848 ιιι,
418 2816 442 2842 t.

846 2779 867 2794 δ’
883 2778 962 2806 Rom.
976 2786 1034 2811 xtv,
1050 2779 1074 2805 8.

1075 899 1102 921 et
1122 894 1221 921 diaboli
1240 894 1412 922 seductiones
1429 904 1436 921 :
1455 894 1502 921 sed
1518 893 1624 920 Domini
1636 901 1742 927 sumus,
1756 894 1804 928 qui
1821 895 1861 920 do-

1076 940 1193 967 minatur
1206 940 1268 966 vita-
1282 940 1415 972 et'morti,
1432 940 1476 974 qui
1494 940 1575 967 habet
1591 944 1756 974 potestatem
1771 940 1863 967 carnis

1075 990 1102 1013 et
1116 985 1238 1020 spiritus,
1255 986 1280 1012 in
1293 986 1369 1019 cujus
1382 985 1507 1013 manibus
1517 986 1641 1013 vivorum
1661 986 1862 1020 spiramentum

1075 1036 1126 1059 est.
1142 1031 1188 1059 Sic
1211 1039 1328 1066 namque
1342 1036 1369 1058 et
1393 1031 1463 1058 beati
1493 1031 1530 1058 illi
1544 1031 1593 1058 viri
1621 1031 1665 1066 qui
1680 1036 1815 1058 venerunt
1832 1031 1863 1057 ad

1075 1077 1135 1110 Job,
1146 1077 1170 1104 id
1178 1082 1228 1109 est,
1241 1077 1319 1104 amici
1332 1076 1400 1112 ejus,
1412 1084 1472 1104 cum
1483 1081 1574 1105 essent
1587 1077 1705 1112 religiosi
1721 1076 1767 1104 Dei
1777 1076 1864 1103 culto-

1077 1130 1133 1155 res,
1149 1130 1246 1150 omnes
1260 1123 1446 1150 exsecrabiles
1462 1124 1613 1150 dazmonum
1631 1122 1807 1150 seductiones
1820 1122 1864 1148 de-

1077 1168 1220 1200 clinantes,
1238 1168 1400 1195 assederunt
1416 1168 1439 1195 ei
1461 1173 1566 1203 septem
1587 1168 1684 1195 diebus
1711 1172 1739 1194 et
1759 1171 1863 1201 septem

1078 1214 1213 1241 noctibus.
1228 1213 1358 1240 Maleﬁcia
1372 1218 1399 1240 et
1412 1213 1594 1240 divinationes
1603 1221 1655 1240 non
1665 1212 1863 1247 requisierunt,

1078 1260 1128 1286 nisi
1159 1260 1192 1286 ad
1213 1260 1300 1287 solum
1317 1259 1401 1286 Deum
1419 1260 1523 1287 animas
1542 1267 1605 1287 suas
1622 1259 1794 1290 levaverunt,
1817 1265 1865 1291 pro

1078 1305 1216 1333 doloribus
1235 1305 1286 1333 Job
1303 1310 1464 1341 gemuerunt
1480 1311 1560 1340 atque
1577 1305 1799 1340 suspiraverunt.
1817 1304 1865 1331 Se-

1078 1353 1175 1379 derunt
1189 1352 1259 1386 apud
1274 1359 1336 1378 eum
1353 1351 1486 1379 facientes
1504 1352 1565 1384 hoc,
1582 1351 1653 1386 quod
1675 1351 1701 1378 in
1723 1350 1865 1384 Scriptura

1077 1400 1139 1430 post
1158 1397 1210 1423 hoc
1225 1396 1353 1423 traditum
1368 1401 1410 1423 est
1421 1401 1484 1423 ante
1500 1395 1670 1430 Scripturam
1694 1395 1840 1430 implentes
1859 1403 1866 1420 :

1079 1441 1121 1468 Ne
1139 1442 1304 1477 denegaveris
1330 1447 1355 1468 te
1382 1442 1504 1474 ﬂentibus
1523 1442 1551 1468 in
1570 1441 1796 1472 consolationem;
1812 1446 1841 1468 et
1859 1451 1866 1466 -.

1080 1486 1154 1515 Flete
1168 1496 1226 1514 cum
1244 1488 1411 1522 ﬂentibus";
1424 1493 1451 1515 et
1466 1496 1474 1516 :
1488 1487 1584 1515 Melius
1601 1493 1638 1514 est
1657 1488 1697 1514 ire
1715 1488 1742 1513 in
1758 1486 1868 1513 domum

1079 1534 1164 1560 luctus
1173 1541 1251 1568 quam
1265 1534 1293 1560 in
1308 1533 1413 1560 domum
1425 1533 1581 1569 epulationis
1595 1534 1629 1560 ".
1639 1534 1777 1561 Sederunt
1795 1533 1866 1566 apud

1079 1587 1140 1606 eum
1158 1583 1277 1606 tacentes
1294 1586 1375 1614 super
1389 1579 1519 1607 immensa
1544 1579 1601 1613 ejus
1622 1579 1753 1614 patientia
1779 1586 1810 1605 ac
1831 1583 1868 1605 to-

1080 1624 1204 1657 lerantia,
1225 1629 1306 1659 atque
1329 1625 1494 1652 constantia.
1521 1624 1586 1652 Nam
1608 1632 1669 1652 cum
1694 1631 1709 1651 a
1725 1623 1866 1650 vermibus

1080 1678 1178 1698 carnes
1206 1678 1270 1698 suas
1301 1671 1425 1698 devorari
1448 1671 1570 1703 videret,
1596 1671 1717 1706 gaudens
1738 1670 1868 1697 sustinuit

1080 1718 1151 1751 apud
1163 1717 1337 1751 semetipsum
1352 1718 1510 1744 existimans
1522 1725 1554 1744 ac
1567 1717 1660 1745 dicens
1674 1725 1682 1744 :
1698 1717 1727 1744 Si
1741 1717 1868 1744 celeriter

1080 1770 1175 1789 omnes
1198 1769 1295 1790 carnes
1316 1770 1381 1790 mea:
1401 1768 1568 1797 consumptae
1598 1762 1714 1794 fuerint.
1741 1763 1868 1790 celeriter

1081 1807 1108 1834 in
1126 1807 1355 1842 incorruptionem
1382 1808 1548 1843 suscipietur
1563 1808 1675 1843 spiritus
1687 1828 1694 1840 ,
1711 1807 1868 1842 properabit

1082 1854 1115 1879 ad
1128 1852 1211 1880 Deum
1227 1853 1315 1880 anima
1328 1860 1387 1880 mea
1414 1855 1577 1888 quantocius
1597 1858 1696 1881 terram
1717 1859 1800 1880 terra:
1828 1861 1868 1880 re-

1082 1899 1217 1934 linquens,
1230 1904 1257 1926 et
1267 1906 1364 1934 corpus
1392 1899 1443 1927 hoc
1465 1904 1527 1926 ante
1550 1899 1706 1935 sepulcrum
1729 1900 1756 1926 in
1778 1906 1867 1926 escam

1076 1946 1221 1973 .vermibus
1247 1946 1366 1973 tradens.
1391 1945 1455 1973 Sive
1479 1951 1541 1973 ante
1563 1951 1695 1978 mortem,
1728 1946 1788 1973 sive
1810 1950 1868 1979 post

1083 1997 1199 2019 mortem
1220 1999 1320 2026 corpus
1337 1992 1388 2019 hoc
1415 1992 1552 2019 vermibus
1569 1993 1596 2019 in
1613 1991 1810 2020 comestiOuern
1827 1998 1868 2017 re-

1083 2038 1221 2072 linquetur
1239 2038 1308 2066 sicut
1324 2038 1388 2065 dicit
1403 2044 1461 2072 post
1485 2039 1563 2066 haac‘:
1582 2038 1647 2066 Cum
1672 2043 1794 2066 mortuus
1811 2037 1869 2071 fue-

1084 2084 1117 2109 rit
1131 2084 1207 2109 homo
1227 2084 1308 2117 capiet
1335 2083 1513 2110 Ittet'editatem
1535 2084 1629 2110 bestias
1653 2089 1676 2110 et
1706 2082 1831 2116 reptilia,
1845 2086 1869 2108 et

1084 2135 1181 2154 rerum
1188 2128 1221 2154 ⁸⁸.
1235 2128 1301 2155 Cum
1322 2128 1475 2162 hujnsmodi
1491 2128 1606 2164 plurima
1624 2129 1720 2165 beatus
1733 2127 1786 2155 .Iob
1801 2127 1870 2162 apud

1047 2173 1260 2216 Dsemetipsum
1297 2173 1472 2208 loqueretur,
1509 2174 1610 2208 septem
1642 2174 1738 2201 diebus
1778 2178 1870 2199 tacens

1085 2219 1222 2247 sustinuit.
1238 2219 1337 2247 Eadem
1360 2220 1484 2247 videlicet
1507 2225 1655 2247 tractantes
1675 2224 1702 2246 et
1717 2219 1798 2246 amici
1814 2218 1869 2252 ejus

1085 2265 1131 2300 qui
1143 2265 1175 2292 ad
1191 2272 1253 2292 eum
1278 2270 1420 2298 venerunt,
1434 2270 1576 2293 tacuerunt
1590 2267 1672 2293 etiam
1691 2265 1741 2300 ipsi
1755 2265 1828 2293 velut
1843 2265 1870 2291 in

1086 2316 1224 2346 stuporem
1242 2312 1361 2344 deducti,
1378 2319 1408 2339 os
1425 2312 1532 2346 aperire
1557 2319 1611 2339 non
1630 2311 1762 2342 valentes,
1784 2317 1871 2347 neque

1086 2357 1194 2384 initium
1212 2356 1355 2384 locutionis
1370 2357 1547 2384 invenientes.
1567 2356 1619 2384 Sed
1633 2356 1702 2384 ultra
1719 2364 1772 2383 non
1789 2356 1870 2383 susti-

1086 2403 1385 2430 nuitconstantissinius
1393 2402 1585 2436 illeJobipsam
1595 2403 1819 2433 taciturnitatem,
1827 2402 1870 2429 sed

1088 2451 1191 2484 primus
1210 2451 1292 2484 erepit
1305 2450 1389 2484 loqui,
1404 2455 1496 2484 utpote
1510 2451 1612 2485 primus
1627 2451 1654 2478 in
1666 2451 1723 2485 ipsa
1738 2451 1870 2486 passione,

1088 2500 1180 2529 utpote
1203 2495 1277 2522 solus
1298 2500 1434 2522 sustinens
1457 2496 1512 2530 ipsa
1529 2496 1638 2523 vulnera
1663 2501 1745 2531 atque
1758 2496 1870 2523 dolones.

1088 2539 1238 2567 Dicitenim
1259 2549 1266 2566 :
1280 2540 1342 2566 Post
1357 2540 1412 2566 Iiwc
1429 2541 1531 2574 aperuit
1549 2549 1577 2567 os
1591 2549 1667 2567 suum
1677 2541 1710 2566 ".
1727 2540 1792 2567 Post
1807 2541 1869 2568 haec.

1089 2585 1234 2619 Postquam
1249 2585 1409 2619 praecipuam
1422 2585 1493 2611 illam
1506 2586 1658 2619 passionem
1674 2586 1795 2617 transiit.
1804 2590 1871 2620 post-

1089 2638 1169 2664 quam
1183 2631 1448 2658 vehementissimum
1462 2631 1580 2658 dolorem
1593 2631 1713 2663 sustulit,
1731 2637 1869 2666 postquam

1090 2676 1116 2703 in
1133 2676 1228 2704 validis
1244 2677 1387 2712 impetuosi
1406 2678 1564 2712 nequissimi
1583 2678 1809 2705 inundationibus
1822 2685 1869 2705 non

1114 2779 1135 2794 ’⁵³
1150 2777 1228 2806 Rom.
1249 2787 1296 2812 xit,
1314 2780 1353 2807 l5.

1393 2780 1415 2795 ⁵⁵
1431 2779 1518 2808 Ecclc.
1534 2787 1579 2812 vn,
1595 2779 1620 2806 5.
1660 2780 1682 2795 "
1695 2778 1746 2806 Job
1760 2786 1816 2811 ut,
1829 2777 1869 2813 2.6.
