1909 3080
58 124 113 154 50')

632 125 825 154 ANONYMUS
841 125 875 153 ΙΝ
895 125 965 154 JOB.
985 142 1019 147 —
1037 125 1103 153 LIB.
1123 125 1167 154 111.

1663 130 1714 159 518

57 190 101 213 est
116 185 312 218 submersus,
326 190 467 221 postquam
489 194 537 221 pro
551 186 677 215 omnibus
693 195 752 222 quae
768 187 791 215 ei
805 186 873 215 acci-
888 188 910 218 Α
925 186 1083 214 vulneribus
1105 185 1262 219 defecerim,
1281 189 1363 221 alque
1375 186 1401 214 in
1418 186 1555 215 doloribus
1569 189 1716 217 succubue-

59 233 162 260 derant
180 232 299 265 gratias
323 232 437 260 Domino
453 233 524 268 egit,
544 237 625 267 alque
643 240 741 261 nomen
768 233 874 260 Domini

58 277 220 305 benedixit.
250 277 402 311 Postquam
428 277 510 313 igitur
536 285 583 313 per
609 283 706 305 cuncta
730 278 874 306 victoriam

58 323 192 357 sumpsit,
208 328 282 358 post
298 324 354 351 haec
367 323 542 351 nihilominus
554 324 660 358 aperuit
678 331 708 351 os
719 332 797 351 suum
812 332 873 352 cum

59 368 172 401 ﬁducia,
182 376 254 396 cum
265 369 409 404 patientia.
420 370 536 397 Posthac
546 371 651 405 aperuit
661 378 691 398 os
704 378 792 402 suum,
800 375 874 405 post-

58 423 140 450 quam
157 415 306 444 adversus
317 420 403 443 tantos
412 416 547 443 daemones
557 423 718 452 congressus
731 421 771 444 est
782 416 855 444 solus
863 437 870 448 ,

58 466 179 494 quiantos
197 463 385 489 sustinebant
400 463 446 497 qui
474 463 592 490 edebant
608 470 705 490 carnes
718 462 786 497 ejus.
804 462 871 489 Nam

58 507 130 534 sicut
152 508 297 537 superius
322 508 348 536 in
369 509 510 543 praedones
534 508 691 542 aliquando,
710 508 871 543 quandoque

58 558 150 580 autem
167 553 199 580 in
220 553 330 588 ignem.
347 562 541 588 nonnunquam
557 554 582 580 in
597 558 707 581 ventum
729 554 871 580 vertebant

57 605 87 626 se
99 599 279 633 nequissimi
294 600 407 634 spiritus
428 609 435 626 :
455 601 495 628 sic
510 604 538 626 et
559 607 630 627 nunc
646 600 706 627 istic
729 600 755 627 in
780 600 870 627 multi-

58 645 184 672 tudinem
198 646 344 673 vermium
365 646 606 673 innumerabilium
620 654 650 674 se
666 650 802 674 vertentes
819 647 869 674 im-

58 697 211 725 parceuter
222 692 397 720 devorabam
414 701 512 721 carnes
526 693 663 720 .lob.Nam
675 701 737 721 cum
750 693 868 720 animam

59 745 112 764 non
126 737 264 765 valerent
281 744 402 774 tangere,
414 747 520 767 omnem
533 739 704 775 iniquitatem
718 745 746 767 et
760 748 867 767 omnem

60 783 128 810 iram
147 791 233 811 suam
253 785 282 811 in
296 793 411 820 corpore
428 786 494 821 justi
518 786 591 813 illius
614 787 795 819 exercebant,
811 791 870 813 tan-

60 835 114 857 tum
129 838 197 857 eum
223 830 380 866 aﬂligentcs
399 837 531 867 quantum
552 833 704 867 iniquitatis
720 833 864 867 habebant,

60 880 140 910 atque
168 883 314 904 exerCere
341 878 464 911 permissi
491 878 607 906 fuerant.
639 879 776 906 Adversus
801 885 865 914 ergo

62 924 152 947 tantos
168 921 320 949 daemones
336 923 457 950 certabat
469 922 519 951 101)
533 943 541 955 ,
556 929 671 957 quantos
693 932 799 952 vermes
818 925 866 952 ba-

61 965 143 993 bebat
161 967 190 993 in
216 975 342 1002 corpore
370 976 430 996 suo.
449 968 516 996 Nam
539 970 674 998 daemones
697 977 745 1004 per
760 978 866 999 vermes

62 1013 252 1040 cumedcbant
271 1018 356 1048 atque
371 1015 549 1048 perforabant
564 1023 660 1043 carnes
669 1016 739 1051 ejus.
758 1016 796 1044 De
811 1019 866 1051 qui-

61 1059 110 1086 bus
120 1060 260 1087 omnibus
274 1061 415 1088 victoriam
425 1069 472 1096 per
486 1061 656 1090 tolerantiam
670 1070 822 1096 sumens,et
833 1065 865 1092 de

63 1106 188 1133 omnibus
198 1114 334 1141 persuam
341 1108 520 1135 constantiam
531 1109 713 1144 triumphator
721 1110 863 1142 exsistens.

63 1157 122 1186 post
139 1152 201 1180 haec
233 1153 367 1180 universa
382 1154 490 1188 aperuit
503 1162 535 1182 os
558 1163 648 1182 suum.
665 1155 734 1189 Quid
748 1156 839 1184 dicens
853 1157 864 1183 ?

64 1197 171 1224 Certum
184 1203 232 1225 est
246 1198 314 1232 quia
336 1199 386 1226 hoc
408 1199 478 1226 dixit
494 1199 564 1234 quod
584 1205 644 1235 post
664 1201 716 1228 hoc
730 1201 816 1228 sancti
837 1202 863 1228 in

65 1241 206 1276 Scriptura
232 1249 400 1277 posuerunt.
421 1243 533 1278 Tempus
558 1253 589 1270 uc
614 1250 714 1279 tempus
735 1246 806 1272 omni
828 1249 863 1273 rei

65 1287 109 1313 sub
125 1287 191 1319 sale,
212 1292 321 1322 tempus
342 1288 475 1323 loquendi,
485 1294 509 1315 et
529 1294 629 1324 tempus
647 1291 749 1317 tacendi
762 1291 795 1318 ⁸⁷.
811 1290 864 1318 Ta-

65 1331 177 1364 cuimus,
205 1333 310 1367 inquit,
325 1341 342 1360 0
356 1333 405 1361 viri
432 1342 516 1369 usque
537 1336 570 1362 ad
587 1341 702 1371 tempus,
722 1336 863 1372 loquamur

67 1384 133 1404 nunc
147 1373 176 1404 in
197 1382 335 1412 tempore.
353 1378 414 1406 llaec
435 1379 527 1415 itaque
543 1381 636 1408 dicens
652 1381 757 1416 aperuit
773 1381 822 1409 101)
833 1391 863 1410 os

67 1429 151 1449 suum.
164 1422 327 1456 Persarum,
338 1424 473 1458 inquiens,
492 1433 523 1453 ac
538 1425 674 1453 Medorum
689 1432 769 1462 atque
781 1428 862 1456 Chal—

68 1467 181 1496 datorum
203 1477 290 1505 regna
315 1475 342 1498 et
358 1476 471 1506 gentes,
492 1479 587 1500 omnes
605 1473 707 1507 pariter
729 1474 815 1508 pusilli
835 1479 862 1502 et

925 233 987 266 rim,
1009 240 1042 260 ne
1064 240 1107 260 me
1124 236 1279 267 superatum
1298 233 1380 260 fuisse
1397 236 1493 266 putent
1510 238 1555 260 aut
1570 233 1713 267 defecisse,

925 283 972 306 aut
986 278 1167 311 debilitatum,
1177 278 1224 305 sed
1239 278 1331 305 norint
1344 279 1406 314 quia
1421 279 1541 306 viriliter
1554 284 1597 306 sto
1618 280 1714 307 adver-

924 332 970 352 sus
992 324 1138 359 nequitiam
1152 331 1257 357 eorum,
1275 328 1302 351 et
1319 331 1380 351 cum
1396 325 1493 352 ﬁducia
1514 325 1626 360 loquens
1649 333 1714 352 con-

924 375 1014 398 tcumo
1030 370 1147 397 malitias
1161 374 1243 403 atque
1262 371 1398 398 versutias
1416 371 1532 397 illorum.
1560 371 1612 398 Sed
1625 371 1713 398 adhuc

922 417 957 443 ob
972 418 1033 447 hoc,
1047 417 1144 451 inquit,
1159 420 1189 443 ut
1201 417 1404 444 advenientibus
1419 417 1514 444 amicis
1526 417 1593 444 meis
1608 425 1638 445 os
1649 425 1712 452 ape-

923 463 1001 495 riam,
1027 468 1109 498 atque
1132 463 1258 498 loquendi
1285 463 1337 490 illis
1356 466 1460 497 tempus
1484 464 1636 490 ostendam.
1653 464 1710 491 Nisi

921 509 992 536 enim
1005 516 1054 544 ego
1073 517 1182 544 coepero
1200 508 1284 543 loqui,
1309 516 1448 542 nunquam
1466 509 1510 536 isti
1529 517 1559 537 os
1579 511 1710 538 auderent

921 554 1028 586 aperire
1050 553 1299 580 vehementioribus
1324 553 1463 580 doloribus
1483 555 1630 588 perterriti.
1656 554 1710 583 Pro

922 599 962 626 bis
983 607 1047 634 ergo
1071 599 1197 626 omnibus
1218 604 1300 634 atque
1317 606 1366 634 pro
1392 599 1487 626 horum
1508 600 1628 627 omnium
1645 608 1710 628 eou-

919 645 1110 676 summatione,
1124 645 1230 679 aperuit
1245 651 1277 672 os
1292 652 1370 672 suum
1381 666 1388 677 ,
1403 651 1430 671 et
1445 644 1623 672 maledicebat
1638 646 1708 673 dietn

919 699 1007 719 suum.
1023 689 1085 718 Hice
1099 690 1240 718 audientes
1261 690 1370 724 quidam
1390 698 1422 717 ex
1438 690 1618 722 vertibilibus,
1633 695 1660 718 et
1673 691 1710 718 in-

918 737 1079 772 sipientibus
1102 745 1135 764 ac
1157 737 1300 772 imperitis,
1317 741 1549 771 accusareatque
1564 737 1710 771 reprehen-

918 783 981 811 dere
993 783 1096 818 justum
1120 783 1193 810 illum
1217 783 1267 811 101)
1299 784 1355 810 ausi
1379 788 1453 812 sunt.
1469 784 1546 816 quasi
1566 784 1610 817 qui
1626 784 1707 811 Deum

917 830 1158 865 hlasphemaveril,
1172 835 1199 857 et
1215 830 1285 858 diem
1306 838 1384 857 suum
1407 830 1590 857 maledixerit.
1606 830 1709 864 Quibus

918 875 1024 902 duriter
1040 876 1139 902 restitit.
1154 876 1211 909 ipse
1229 876 1301 903 Deus
1313 876 1339 903 in
1356 876 1435 903 finem
1453 875 1532 910 hujus
1548 875 1706 909 Scriptum.

917 929 976 948 cum
989 930 1112 949 veracem
1128 927 1253 950 astruens
1271 922 1320 950 101)
1332 923 1397 950 dicit
1410 923 1442 949 ad
1463 922 1572 956 Elipbaz
1589 930 1594 945 :
1611 921 1710 949 Pecca-

915 969 950 995 sti
963 973 991 995 tu
1003 969 1046 1003 qui
1064 969 1097 995 de
1122 974 1232 1001 peccato
1254 969 1388 996 accusasti
1404 968 1464 1001 Job,
1488 967 1539 996 101)
1564 976 1628 995 vero
1653 976 1707 996 non

915 1015 1039 1049 peccavit
1059 1023 1065 1041 :
1086 1014 1205 1042 Peccasti
1230 1019 1258 1041 tu
1277 1020 1300 1042 et
1323 1016 1376 1042 duo
1398 1015 1477 1041 amici
1500 1015 1550 1042 tui.
1566 1014 1606 1042 0b
1625 1022 1706 1048 quam

917 1067 972 1087 rem
984 1060 996 1087 ?
1007 1059 1047 1088 0b
1062 1060 1123 1091 hoc,
1143 1061 1312 1094 inquit.quin
1325 1068 1377 1086 non
1392 1059 1473 1086 locuti
1487 1061 1549 1087 estis
1563 1061 1708 1096 quidquam

915 1105 1031 1132 veritatis
1043 1105 1069 1132 in
1080 1110 1220 1139 conspectu
1233 1114 1300 1135 meo,
1313 1105 1380 1132 sicut
1393 1105 1509 1139 [annulus
1523 1114 1593 1132 meus
1613 1105 1662 1133 Job
1672 1105 1705 1133 ".

915 1151 1000 1186 Quem
1025 1159 1090 1187 ergo
1108 1152 1165 1187 ipse
1183 1151 1253 1179 Deus
1273 1151 1542 1186 irreprebensibllem
1565 1153 1706 1180 confessus

914 1203 964 1229 est,
981 1197 1110 1225 famulum
1128 1205 1206 1225 suum
1224 1205 1286 1225 eum
1312 1197 1482 1232 appellando,
1498 1203 1525 1224 et
1546 1199 1596 1226 hoc
1609 1199 1635 1225 in
1653 1199 1706 1226 {ine

915 1244 998 1271 totius
1022 1243 1194 1275 tolerantiae,
1220 1244 1282 1277 quis
1306 1252 1389 1272 sanus
1407 1244 1546 1271 criminari
1577 1245 1707 1272 audeat?

914 1289 983 1322 Quis
996 1289 1104 1323 sapiens
1124 1289 1325 1324 reprehendere
1340 1289 1513 1324 aggrediatur
1526 1290 1538 1316 ’ἰ
1549 1289 1614 1323 Quis
1633 1290 1704 1317 enim

913 1335 1052 1362 accusabit
1067 1335 1168 1363 electos
1184 1335 1230 1362 Dei
1250 1335 1377 1363 Hostum
1400 1337 1535 1367 maxime,
1551 1343 1630 1370 quem
1646 1341 1705 1362 tau-

915 1385 970 1407 tum
994 1379 1091 1413 elegit,
1112 1383 1140 1407 et
1160 1387 1190 1406 se
1215 1379 1329 1415 dignum
1352 1381 1516 1408 testilicatus
1541 1386 1599 1413 est,
1617 1381 1652 1407 ita
1677 1386 1705 1409 ut

913 1426 993 1452 etiam
1017 1426 1186 1453 sacerdotem
1215 1426 1289 1454 illttm
1317 1426 1531 1462 delinquentium
1555 1427 1703 1454 amicorum

913 1472 1102 1503 constitueret,
1117 1478 1145 1499 et
1170 1479 1218 1507 per
1233 1472 1307 1498 illum
1326 1476 1436 1506 peccata
1458 1480 1549 1500 eorum
1572 1472 1624 1499 illis
1643 1481 1705 1507 pro-

69 1514 151 1547 magni
168 1522 232 1542 cum
248 1517 471 1544 manducaveriut
482 1526 533 1545 non
546 1519 700 1554 loquuntur,
713 1527 772 1546 cum
788 1513 859 1547 bibe;
875 1531 896 1559 ο
915 1517 1034 1544 ιιιὶιιετει
1053 1518 1204 1545 remittere.
1227 1517 1334 1544 Justum
1353 1525 1419 1552 ergo
1434 1518 1479 1552 qui
1499 1525 1513 1544 a
1530 1518 1584 1544 Deo
1606 1525 1705 1553 purga-

70 1560 119 1586 rint
144 1569 198 1588 non
214 1563 448 1596 sermocinantur,
466 1565 612 1592 maximam
625 1570 715 1592 notam
748 1567 861 1594 irratio-

69 1606 215 1634 nabilitatis
237 1608 310 1636 hanc
335 1616 395 1636 esse
422 1610 627 1644 existimantes,
644 1612 666 1638 si
693 1613 860 1641 manducaus

69 1653 126 1685 quis
148 1653 301 1689 loquatur,
316 1656 358 1684 vel
380 1657 476 1684 bibens
502 1659 686 1687 concionetur.
706 1659 810 1688 Idcirco
833 1661 858 1688 in

70 1697 132 1725 escis
145 1705 176 1726 ac
195 1701 307 1734 potibus
322 1709 353 1729 os
370 1710 423 1729 non
439 1704 564 1738 aperiunt
581 1705 614 1731 ad
630 1705 802 1740 loquendum,
813 1715 859 1734 ne-

71 1750 116 1775 que
131 1745 178 1778 qui
200 1746 376 1780 ministrant,
397 1755 485 1782 neque
496 1749 594 1782 quibus
611 1750 798 1784 ministratur,
811 1753 858 1779 sed

71 1789 172 1817 nutibus
197 1793 329 1820 omnibus
354 1794 572 1822 ministrantibus
597 1797 767 1832 praecipiunt,
789 1799 858 1826 hanc

71 1837 289 1866 consuetudinem
302 1846 351 1872 pro
364 1840 492 1867 mandato
503 1849 517 1867 a
530 1842 665 1874 prioribus
682 1843 855 1877 accipientes,

71 1884 94 1905 et
108 1881 178 1909 veiut
199 1882 289 1923 legent
310 1885 380 1911 hanc
395 1893 456 1912 cum
473 1886 654 1914 sollicitudine
667 1889 855 1924 observantes,

70 1930 95 1951 et
107 1926 149 1960 qui
168 1927 240 1956 hanc
261 1929 403 1957 violaverit
426 1935 554 1965 tanquam
575 1933 692 1960 maxima
719 1938 857 1969 transgre-

72 1970 209 2007 diensjura
228 1981 383 2010 torquetur.
401 1975 429 2003 Si
451 1977 550 2009 Persae.
569 1978 666 2014 inquit,
682 1987 713 2007 ac
731 1980 800 2008 Medi
813 1985 855 2008 at-

71 2023 117 2050 que
133 2026 228 2047 omnes
246 2020 364 2048 Chaldaei
376 2029 542 2055 supervacue
563 2024 642 2050 istam
656 2023 801 2053 observant
816 2030 855 2053 ta-

73 2061 247 2092 citurnitatem
262 2086 270 2097 ,
294 2074 343 2094 nos
366 2074 440 2099 vero,
460 2074 477 2094 ο
496 2067 558 2100 viri,
582 2068 637 2101 ait,
653 2073 735 2096 totam
753 2070 854 2099 hebdo-

73 2109 168 2137 madam
191 2112 218 2138 in
248 2113 436 2141 taciturnitate
456 2119 538 2149 atque
562 2114 666 2149 jejunio
691 2122 852 2152 peragentes
873 2134 876 2139 -

75 2154 265 2185 rationabiliter
291 2167 362 2186 nunc
388 2160 461 2196 loqui
486 2161 657 2195 incipiamus.
688 2162 797 2196 Aperuit
823 2171 852 2190 οδ

914 1569 956 1590 tus
971 1564 1092 1599 est,quis
1101 1565 1199 1591 audcat
1214 1564 1416 1598 reprehendere
1427 1565 1469 1591 vel
1484 1572 1613 1592 accusare
1626 1565 1702 1600 quasi

911 1609 1008 1637 illicite
1025 1610 1096 1637 diem
1120 1617 1197 1637 suum
1217 1609 1425 1637 maledicentem
1439 1610 1451 1636 ?
1467 1609 1554 1644 Super
1570 1617 1629 1644 quae
1645 1618 1703 1638 om-

911 1655 967 1686 nia,
982 1662 998 1682 o
1012 1655 1073 1687 viri,
1091 1655 1112 1682 si
1135 1655 1169 1681 ob
1192 1655 1243 1682 hoc
1261 1655 1471 1690 reprehenditur
1486 1655 1546 1687 101),
1565 1656 1607 1683 vel
1623 1665 1703 1684 accu—

909 1705 986 1727 satur
1002 1700 1074 1734 quod
1089 1700 1161 1727 dietn
1184 1707 1264 1726 suum
1282 1699 1463 1732 maledlxerit,
1488 1701 1703 1735 reprchemlatur

910 1746 1012 1780 pariter
1033 1753 1096 1772 cum
1120 1745 1165 1772 illo
1182 1745 1225 1772 vel
1245 1750 1387 1772 accusetur
1418 1746 1607 1773 sanctissimus
1626 1746 1703 1774 Jere-

909 1791 977 1817 mias
992 1791 1133 1825 propheta.
1152 1789 1220 1817 Nam
1234 1791 1305 1818 sicut
1324 1790 1375 1818 Job
1391 1791 1530 1818 maledixit
1543 1792 1613 1819 diem
1633 1794 1703 1820 nati-

909 1836 999 1863 vitatis
1013 1843 1078 1868 suaz,
1098 1836 1133 1863 ita
1154 1841 1181 1863 et
1201 1835 1337 1863 .leremias
1359 1837 1496 1864 devotavit
1511 1837 1581 1864 diem
1605 1838 1702 1866 nativi-

908 1882 972 1909 tatis
994 1890 1049 1909 sua:
1066 1882 1099 1915 ⁸ο,
1132 1887 1159 1910 et
1179 1882 1271 1909 omnia
1300 1887 1502 1917 consequenter
1520 1883 1645 1911 similiter
1673 1889 1701 1911 ut

906 1926 956 1954 Job
975 1927 1079 1954 locutus
1101 1932 1142 1955 est
1159 1927 1192 1955 de
1211 1927 1255 1954 die
1271 1928 1432 1960 nativitatis,
1451 1932 1534 1964 atque
1548 1930 1581 1957 de
1595 1930 1701 1957 caeteris

906 1974 1040 2002 onmibus.
1070 1973 1098 2001 Si
1126 1981 1191 2009 ergo
1219 1975 1393 2009 reprehendit
1417 1975 1488 2010 quis,
1506 1975 1546 2002 vel
1572 1980 1699 2008 accusat,

906 2021 1036 2055 utrosque
1060 2020 1260 2056 reprehendere
1291 2021 1333 2047 vel
1351 2028 1481 2048 accusare
1496 2021 1585 2054 debet,
1610 2027 1635 2048 et
1650 2020 1700 2049 101)

905 2073 931 2094 et
950 2066 1106 2100 Jcremiam,
1117 2068 1179 2096 etsi
1193 2068 1226 2095 de
1248 2068 1415 2102 blasphemia
1431 2073 1552 2099 accusat,
1568 2073 1698 2102 utrosque

904 2114 982 2142 debet
998 2122 1139 2146 accusare,
1153 2119 1180 2141 et
1198 2114 1248 2141 Job
1262 2119 1289 2141 et
1306 2114 1464 2142 Jeremiam.
1485 2114 1603 2150 Uterque
1615 2115 1697 2146 enim,

902 2164 929 2186 et
940 2158 990 2186 Job
1008 2164 1036 2186 et
1053 2157 1197 2191 Jeremias,
1218 2159 1318 2186 similia
1340 2159 1479 2193 dixerunt,
1496 2159 1594 2187 similia
1612 2159 1697 2186 locuti

73 2206 140 2227 suum
153 2202 186 2229 ⁸⁸.
206 2204 296 2232 Persae
308 2224 316 2237 ,
336 2207 425 2242 inquit
440 2226 447 2237 ,
461 2211 541 2241 atque
558 2206 617 2234 alite
631 2215 693 2242 qua:
716 2216 777 2236 cum
800 2209 852 2237 illis
870 2211 891 2238 ι)
907 2209 980 2237 sunt,
998 2206 1124 2233 eumdem
1144 2205 1214 2233 diem
1239 2206 1398 2233 nativitatis
1414 2214 1470 2234 sum
1490 2207 1696 2239 maledixerunt,

75 2250 129 2272 sunt
143 2255 246 2284 gentes,
266 2259 327 2279 cum
345 2253 569 2281 manducaveriut
586 2261 638 2281 non
654 2254 810 2289 loquuntur,
826 2262 854 2283 et

75 2296 126 2316 cum
138 2291 253 2322 biberint
272 2304 324 2324 non
350 2297 570 2325 sermocinamur
586 2307 593 2326 :
608 2306 658 2333 ego
681 2306 745 2327 vero
761 2308 776 2326 ε)
788 2308 851 2327 ver-

77 2334 154 2364 mibus
169 2345 304 2369 comestus
318 2345 398 2376 atque
413 2348 600 2378 consumptus,
615 2345 761 2380 etsanguis
775 2354 851 2374 meus

77 2385 147 2415 atque
156 2387 270 2414 medulla
287 2395 349 2415 cum
362 2389 396 2415 ab
416 2389 510 2416 iisdem
532 2390 670 2418 vermibus
686 2391 767 2419 fuerit
780 2392 852 2419 bibi-

79 2431 123 2460 ιυεγ
139 2433 206 2460 tacui
222 2439 248 2461 et
260 2442 312 2462 non
324 2443 383 2462 sum
400 2436 515 2464 locutus.
530 2436 607 2464 Nunc
620 2442 709 2465 autem
723 2440 852 2467 snturatis

78 2476 211 2511 tenuibus,
235 2486 316 2514 atque
337 2481 390 2508 illis
402 2483 446 2516 qui
465 2490 508 2509 me
529 2490 575 2517 per
596 2491 702 2511 vermes
714 2485 809 2517 edunt,
826 2485 852 2513 id

79 2524 113 2546 ast
124 2522 293 2559 daemonibus,
310 2535 381 2555 nunc
392 2527 447 2562 jam
464 2528 570 2564 loquar,
584 2537 656 2557 nunc
670 2529 726 2563 jam
745 2538 850 2559 sermo-

80 2564 151 2594 ciner.
164 2568 202 2598 0b
215 2580 296 2606 quam
308 2580 363 2600 rem
378 2574 505 2609 loqueris,
519 2575 560 2602 vel
582 2576 772 2604 sermocinaris
786 2577 797 2604 ?
811 2577 850 2606 0b

82 2610 133 2656 ξξοθν
143 2613 236 2650 inquit,
250 2618 311 2652 quia
324 2618 463 2654 impletum
474 2625 515 2647 est
526 2625 631 2656 tempus
644 2622 851 2651 taciturnitatis.

83 2654 109 2702 lit
124 2659 214 2695 adhuc,
227 2665 260 2691 ob
279 2672 359 2699 quam
380 2673 436 2692 rem
459 2654 615 2701 aggrederis
639 2667 722 2702 loqui,
744 2677 760 2696 ο
776 2669 824 2696 101)
840 2669 852 2696 ?

85 2700 186 2746 11111100,
207 2708 302 2744 inquit,
324 2718 358 2738 ne
371 2719 432 2738 cum
450 2700 551 2746 iugiter
573 2700 852 2745 lucem-arbitrentur

84 2744 202 2780 (laniones
223 2756 269 2789 qui
294 2756 437 2795 adversum
455 2764 497 2784 me
520 2759 719 2792 certant,qu0d
736 2759 761 2785 in
785 2759 851 2794 ipsis

114 2839 131 2853 ³⁷
146 2841 226 2872 Ecclc.
250 2845 368 2879 111,1,Ἰ.
408 2846 430 2862 ⁸⁸
443 2845 492 2874 101)
524 2855 564 2881 lll,
585 2848 609 2875 1.

671 2848 756 2884 δί’-101)
774 2857 841 2882 xttt,
859 2849 884 2878 't'.

908 2256 989 2285 atque
1003 2251 1210 2278 devotaverunt.
1234 2251 1287 2279 Sed
1304 2257 1331 2279 et
1345 2251 1397 2279 101)
1419 2252 1514 2281 beatus
1528 2253 1608 2280 estin
1630 2260 1696 2280 con-

906 2301 998 2331 spectu
1020 2298 1137 2329 Domini,
1156 2303 1183 2325 et
1203 2297 1337 2326 Jeremias
1357 2299 1492 2334 gloriosus
1505 2305 1545 2327 est
1564 2307 1625 2326 cum
1638 2307 1697 2326 san-

904 2345 966 2371 ctis.
979 2343 1024 2371 Vae
1035 2348 1124 2371 autem
1141 2345 1183 2372 his
1198 2345 1243 2380 qui
1262 2349 1370 2372 sanctos
1383 2345 1639 2379 blasphcmavcrint,
1649 2346 1695 2380 qui

902 2390 1007 2420 amicos
1027 2389 1073 2417 Dei
1093 2391 1292 2424 accusaverim,
1307 2393 1425 2419 maxime
1438 2399 1507 2426 qttos
1524 2393 1605 2419 etiam
1624 2392 1696 2420 Dcus

902 2442 962 2470 post
989 2441 1104 2464 mortem
1129 2438 1259 2465 memoria
1278 2437 1485 2470 bonorilicavit,
1503 2438 1572 2466 sicut
1591 2437 1641 2465 101)
1663 2438 1696 2465 dc

902 2490 956 2517 quo
982 2483 1068 2510 dicit:
1087 2482 1116 2510 Si
1138 2488 1226 2510 autem
1243 2485 1343 2510 steterit
1361 2483 1411 2510 Job
1427 2491 1451 2510 et
1477 2483 1534 2510 Noe
1555 2489 1577 2511 et
1600 2483 1696 2510 Daniel

905 2529 932 2556 in
954 2534 1093 2564 conspectu
1115 2538 1172 2556 meo
1188 2530 1209 2546 “
1226 2540 1232 2557 ι
1249 2535 1295 2557 aut
1314 2531 1386 2558 sicut
1400 2529 1558 2561 Jeremiam,
1572 2537 1651 2564 quem
1669 2531 1695 2557 in

904 2575 959 2602 vita
978 2576 1037 2610 plus
1064 2577 1191 2604 omnibus
1218 2577 1416 2612 magnificans,
1433 2576 1499 2604 dicit
1523 2585 1529 2603 :
1549 2577 1695 2612 Antequam

902 2622 1044 2657 formarem
1059 2627 1083 2649 te
1098 2623 1124 2648 in
1142 2627 1215 2649 utero
1231 2623 1289 2648 novi
1303 2627 1327 2648 te
1338 2641 1345 2654 ,
1359 2627 1381 2648 et
1403 2627 1542 2656 antequam
1563 2622 1647 2648 exiret;
1663 2623 1695 2648 de

901 2668 976 2696 vulva
997 2667 1161 2702 sanctiﬁcnvi
1182 2672 1217 2701 te,
1238 2673 1261 2694 et
1278 2668 1430 2702 prop/telum
1444 2667 1471 2694 in
1486 2668 1603 2702 gentibus
1617 2667 1693 2702 posui

901 2721 925 2742 te
935 2715 1116 2749 “.Postquam
1128 2720 1218 2742 autem
1232 2715 1484 2750 irreprehensibiles
1497 2715 1578 2742 fuisse
1586 2721 1694 2742 sanctos

901 2760 1079 2793 ostendimus,
1100 2767 1152 2787 non
1165 2768 1223 2792 nos,
1233 2759 1280 2787 scd
1298 2760 1381 2787 etiam
1397 2760 1454 2794 ipse
1466 2760 1547 2794 Deus,
1559 2759 1629 2788 beat:
1644 2759 1694 2787 101-

912 2850 933 2865 “
948 2850 1001 2878 Jcr.
1020 2859 1071 2885 xx,
1092 2851 1134 2879 Π,
1173 2851 1194 2867 ⁶¹
1210 2851 1308 2880 Ezecb.
1333 2859 1393 2883 xw,
1407 2851 1449 2878 U.
1473 2851 1608 2880 ⁶¹1ιί·‹;1)).
1626 2860 1644 2885 I,
1661 2860 1689 2878 ο.
