1909 3080
239 147 292 178 5H

785 156 977 185 ANONYMUS
997 158 1005 184 1

1064 158 1118 187 ΟΒ.
1139 173 1173 178 -
1192 158 1257 186 LlB.
1277 157 1319 186 111.
1820 164 1866 191 512

239 218 397 240 sermonum
422 221 676 249 commemoremur,
691 218 735 252 qui
752 219 820 246 bene
833 228 848 246 a
874 227 968 248 sancto
984 221 1028 247 illo
1043 224 1066 250 Α
1079 227 1131 254 que
1146 220 1171 247 in
1183 220 1311 247 sacculum
1325 227 1453 247 numerus
1469 225 1629 256 supputatus
1639 227 1681 249 est
1692 230 1785 249 coram
1799 223 1865 251 Deo:

240 257 326 284 sancti
342 257 406 284 dicti
420 263 494 292 sunt,
511 260 581 287 male
596 266 686 289 autent
704 263 738 289 ab
754 264 841 298 impiis
859 265 883 291 in
901 265 1024 299 blasphe-

239 302 320 328 miam
336 303 405 330 versi
420 309 505 331 sunt:
525 305 648 340 Aperuit,
669 307 765 342 inquit,
783 309 835 336 Job
857 319 886 338 os
905 318 1024 342 autumet

237 347 408 374 maledicebat
426 349 494 376 diem
510 351 654 380 nativitatis
665 362 719 381 sua:
734 355 765 381 ⁸³.
782 354 900 383 Primum
917 357 968 385 hoc
979 359 1024 384 ad-

235 397 383 425 vertatnus,
399 401 414 420 ο
428 394 477 421 viri
492 395 581 429 periti,
599 399 671 432 quod
687 399 797 432 dicitur,
812 400 863 428 Job
875 409 951 429 suum
965 411 1024 429 nta-

235 435 368 464 ledicebat
382 446 434 465 non
447 439 515 466 diem
529 441 585 474 Dei,
601 450 654 470 non
668 444 829 472 conditionis
844 454 931 482 neque
947 456 1023 475 crea-

234 487 300 509 turae
323 484 379 516 Dei,
402 486 449 512 sed
463 486 533 513 dietn
554 495 643 515 suum.
659 489 743 522 Quem
764 491 835 518 diem
851 500 928 520 suurn
943 494 955 520 ?
971 494 1021 527 Qui

232 535 286 555 nou
315 530 380 562 fuit,
397 539 477 565 quem
499 541 552 559 nou
582 534 693 568 habuit,
716 544 794 570 quem
816 546 868 565 non
892 541 1020 574 possedit.

231 572 317 605 Quem
330 582 395 609 ergo
410 584 462 603 non
477 577 582 611 habuit,
596 587 684 614 neque
702 584 832 616 possedit,
843 572 930 618 neq-ue
944 586 1019 619 vidit,

231 626 318 653 neque
331 621 357 648 in
370 622 428 655 ejus
444 629 578 657 potestate
593 625 654 658 fuit,
671 627 742 654 hunc
755 636 815 655 cum
836 631 1019 666 tnalediceret,

230 666 297 692 nihil
318 667 467 696 maledixit.
484 669 618 699 Malediin
643 674 712 707 quod
729 682 780 701 non
796 675 863 710 fuit,
880 678 951 712 quod
967 686 1020 705 non

230 711 341 745 habuit,
358 716 428 748 quod
456 722 508 742 non
526 717 607 745 vidit.
630 717 695 746 Item
721 721 807 748 adhuc
835 723 1019 759 maledicebal,

229 758 332 793 inquit,
351 767 428 787 suum
452 762 533 790 diem.
558 763 620 791 Sive
644 765 715 792 dicm
738 774 816 794 suum
840 769 1019 806 maledixeril,

228 803 286 830 sive
314 805 441 839 alienum,
459 808 526 835 nihil
551 810 706 844 maledixit,
725 812 776 840 hoc
793 815 865 848 quod
892 824 943 843 non
970 817 1021 846 fuit

228 850 378 878 maledixit.
397 853 459 881 Dies
481 855 552 882 enim
569 864 622 883 non
645 862 685 885 est
703 858 728 885 in
742 864 850 892 natura,
864 870 916 889 non
932 868 973 890 est
992 873 1018 891 ιιι

227 896 387 930 substantia,
405 906 492 934 neque
505 900 530 927 in
547 903 656 937 propria
673 909 815 938 potestate.
826 905 883 934 Lux
899 908 1014 943 videtur,

225 943 378 971 substantia
396 950 486 972 autem
507 955 560 974 non
580 948 696 982 videtur,
713 956 810 979 natura
826 961 890 982 vero
906 963 958 983 non
975 961 1015 984 te-

224 995 315 1023 netur,
340 998 428 1027 neque
446 994 684 1033 apprehenditur,
698 998 761 1031 quia
779 1000 838 1027 dies
863 1009 916 1029 non
934 1003 1014 1032 habet

206 1072 208 1074 τ
223 1039 347 1063 naturam
365 1045 452 1072 neque
463 1040 769 1072 substantiam.Nomen
783 1046 873 1080 habet,
889 1053 1012 1077 naturam

223 1088 287 1108 vero
301 1090 354 1109 non
370 1083 463 1113 habet.
484 1085 560 1113 Sicut
581 1087 647 1115 hora
665 1097 761 1117 nomen
780 1091 870 1126 habet,
889 1095 1013 1123 substan-

222 1127 286 1154 tiam
297 1134 390 1159 autem
410 1138 463 1157 non
478 1131 569 1166 habet,
583 1134 622 1161 sic
636 1140 663 1162 et
683 1136 740 1164 dies
752 1145 849 1166 nomen
867 1139 1012 1174 habet,sed

221 1173 401 1202 substantiam
418 1177 458 1204 vel
488 1184 612 1207 naturam
629 1190 681 1208 non
701 1183 792 1211 habet.
810 1186 879 1219 Quid
894 1194 959 1222 ergo
972 1195 1013 1216 est

219 1219 305 1247 dies?
324 1221 404 1250 Lucis
424 1228 545 1259 tempus,
561 1225 629 1255 lucis
648 1230 777 1258 transitus
798 1237 825 1259 et
842 1233 906 1261 solis
923 1240 1010 1269 ortus,

220 1266 254 1292 ab
272 1267 375 1295 oriente
397 1277 482 1303 usque
502 1271 535 1298 ad
557 1280 683 1301 occasum
700 1275 841 1304 decursus.
860 1277 929 1307 Solis
945 1289 1010 1316 ergo

220 1310 276 1344 lux,
289 1313 347 1340 dies
363 1315 527 1348 appellatur:
540 1318 605 1345 solis
619 1322 762 1355 transitus,
778 1323 836 1351 dies
848 1326 1007 1354 :estintatur.

219 1357 286 1386 Nam
303 1365 331 1387 et
347 1368 410 1389 vere
422 1362 457 1389 ita
469 1369 519 1391 est.
529 1364 599 1393 Solis
610 1367 681 1393 enim
694 1368 824 1395 decursus
837 1370 887 1396 diei
905 1376 1009 1405 tempus

216 1405 372 1441 dimetitur,
389 1409 441 1436 diei
457 1411 600 1438 tcrminutn
620 1414 704 1449 ponit,
715 1415 772 1441 sive
785 1414 818 1441 ad
834 1415 1007 1446 breviandum

216 1451 300 1484 diem,
315 1453 373 1480 sive
388 1454 422 1481 ad
448 1455 674 1492 prolongaudum.
698 1460 774 1493 Quod
800 1468 888 1490 autem
905 1465 941 1491 ita
955 1470 1006 1498 est,

215 1497 298 1524 etiam
312 1497 450 1533 Scriptura
464 1500 630 1530 demonstrat
641 1505 733 1533 dicens
751 1515 758 1533 ε
774 1507 865 1536 Omnis
882 1509 928 1536 tua;
955 1511 1008 1538 diei

215 1550 249 1569 ea;
270 1543 334 1570 sole.
357 1545 396 1571 Ac
413 1545 435 1572 si
456 1547 560 1574 diceret
580 1559 585 1576 :
604 1549 688 1578 Omne
707 1556 811 1586 tempus
825 1561 841 1580 a
859 1555 924 1583 sole.
941 1556 1005 1583 Nam

214 1589 285 1616 sicut
297 1591 407 1624 quilibet
420 1592 518 1620 alicubi
533 1595 559 1622 in
576 1597 693 1624 tenebris
709 1605 769 1625 cutn
789 1599 897 1628 lucerna
914 1607 1004 1630 trans-
1019 1590 1040 1619 θ

213 1634 286 1667 ierit,
310 1644 450 1672 usquequo
466 1639 573 1667 lucerna
591 1641 677 1674 adest,
697 1642 743 1670 illo
755 1652 838 1678 usque
850 1651 876 1672 et
896 1646 939 1674 lux
954 1653 1005 1681 est,

213 1686 301 1713 neque
332 1682 510 1711 substantiam
540 1685 643 1714 habens
670 1695 758 1721 neque
788 1695 930 1723 naturam,
959 1694 1006 1720 sed

211 1725 382 1758 splendorem
401 1733 523 1756 tantum:
536 1731 558 1757 si
572 1739 637 1766 ergo
650 1733 712 1767 quis
729 1735 902 1764 maledixerit
917 1738 1006 1772 splen—

211 1770 304 1798 dorem
321 1772 446 1806 Iucerute,
464 1775 530 1802 nihil
546 1777 695 1811 maledicit,
716 1781 767 1807 nisi
789 1784 931 1809 transitum
946 1784 1004 1811 ina-

211 1825 283 1849 nem,
305 1822 384 1852 atqtte
414 1820 559 1849 decursum
578 1832 631 1851 nou
656 1832 831 1854 manentem:
853 1828 888 1855 ita
901 1835 928 1856 et
942 1829 1003 1863 Job,

209 1868 271 1888 cum
286 1862 396 1891 lutniuis
414 1870 497 1899 atque
518 1868 671 1901 splendoris
697 1872 840 1899 transitum
863 1874 1005 1904 maledice-

212 1912 264 1939 ret,
276 1907 328 1936 hoc
342 1910 412 1942 quod
427 1918 482 1938 nou
501 1917 560 1940 erat
575 1915 721 1942 maledixit.
733 1915 800 1944 Nam
814 1919 871 1946 dies
883 1927 944 1948 cum
959 1929 1004 1949 so-

209 1951 243 1980 lis
270 1954 384 1982 decursu
411 1958 545 1986 transiens
574 1962 709 1996 transivit,
724 1967 750 1989 et
771 1963 839 1991 ultra
859 1965 929 1993 idetn
946 1967 1002 2002 ipse

209 2005 262 2025 non
279 2005 439 2028 revertetur.
451 2002 518 2030 Cum
533 2005 766 2036 identidemortus
776 2008 859 2037 fuerit
869 2011 919 2043 sol,
933 2013 1001 2041 alius

207 2044 310 2072 orietur
325 2046 382 2074 dies
395 2067 402 2079 ,
416 2048 536 2082 ejusdem
553 2052 668 2080 nominis
686 2060 715 2081 ut
731 2055 791 2088 ille,
807 2058 854 2084 sed
874 2067 927 2086 non
944 2060 1001 2094 ipse

207 2090 252 2123 qui
277 2090 331 2118 ille.
349 2092 394 2119 Ille
419 2101 484 2128 ergo
507 2096 564 2123 dies
581 2099 717 2127 transiens
739 2103 875 2136 transivit,
896 2112 923 2132 et
942 2114 1000 2133 atu-

206 2134 276 2169 plius
288 2145 339 2163 IIOII
351 2139 450 2171 veniet,
464 2142 527 2175 quia
539 2143 608 2170 ultra
622 2151 734 2174 nonest.
749 2146 816 2174 Nam
833 2150 903 2178 sicut
918 2152 999 2179 homo

204 2181 250 2214 qui
271 2189 391 2211 mortuus
407 2184 497 2219 fuerit,
519 2189 656 2224 transivit,
674 2197 700 2219 et
725 2194 794 2221 ultra
818 2203 870 2223 non
891 2198 995 2231 veniet,

205 2233 294 2260 neque
309 2230 423 2263 amplius
439 2234 592 2268 revertitur,
611 2237 681 2264 alius
708 2240 829 2267 nascitur
851 2247 878 2269 et
899 2246 994 2271 eodem

1078 265 1114 292 ita
1130 271 1158 292 et
1179 266 1300 293 omnium
1317 266 1422 293 dierum
1437 273 1452 292 a
1469 267 1566 294 saeculo
1587 272 1614 294 et
1634 276 1722 302 usque
1738 269 1764 295 in
1782 277 1865 297 saecu-

1076 311 1129 338 lmn
1144 320 1271 339 uutnerus
1286 316 1314 338 et
1328 316 1466 346 computus
1483 313 1507 339 in
1524 319 1670 348 conspectu
1690 315 1865 348 prmscientiz

1077 356 1122 384 Dei
1149 362 1190 385 est
1203 362 1372 392 supputatus,
1386 362 1413 385 et
1430 365 1527 384 Otones
1546 359 1643 385 anima:
1662 360 1805 386 hominum
1821 369 1865 395 per

1075 403 1196 438 singulas
1210 408 1305 437 gentes
1326 409 1353 430 et
1366 403 1484 438 linguas,
1498 411 1546 438 per
1562 405 1756 438 generationes
1774 413 1806 431 ac
1819 414 1864 440 per

1074 455 1167 475 omnes
1193 449 1277 475 tribus
1308 452 1400 480 terrze,
1421 456 1588 483 unaquaeque
1608 449 1698 475 anima
1721 450 1756 475 de
1786 450 1864 477 totius

1073 494 1135 521 vita:
1153 502 1209 521 sua:
1232 499 1311 521 aetate
1336 494 1473 521 redditura
1489 499 1530 521 est
1553 494 1577 521 in
1591 495 1694 529 judicio
1720 497 1863 523 rationem.

1074 539 1126 567 Sed
1140 545 1167 567 et
1185 540 1248 574 quid
1265 548 1314 574 per
1331 548 1547 575 unamquamque
1568 541 1655 572 diem,
1673 541 1716 568 vel
1737 542 1861 575 gesserit,

1073 587 1114 613 vel
1131 587 1219 614 locuta
1240 587 1335 618 fuerit,
1355 587 1396 613 vel
1415 587 1585 621 cogitaverit,
1603 588 1693 614 omnia
1709 594 1862 622 proponeth

1073 637 1118 659 tur
1142 633 1167 660 in
1188 632 1401 666 judicio,outuia
1419 633 1585 660 deducentur
1601 633 1627 659 in
1646 633 1860 667 inquisitionem,

1072 686 1124 705 non
1140 679 1343 713 resurgentibus
1353 679 1449 706 diebus
1466 678 1511 713 qui
1529 687 1616 714 neque
1631 684 1758 706 naturam
1778 687 1860 714 neque

1070 724 1249 751 substantiam
1272 724 1389 757 habent,
1404 724 1452 751 sed
1476 723 1555 751 iactis
1578 725 1699 751 omnium
1722 725 1860 752 hominum

1070 770 1263 797 demonstratis
1279 770 1305 796 in
1325 775 1422 796 natura
1450 770 1602 797 animarum
1629 775 1657 804 et
1672 778 1819 804 corporum
1836 772 1859 797 in

1070 815 1269 850 corruptionem
1291 815 1504 850 resurgentium.
1528 815 1658 850 Exigetur
1681 824 1747 851 ergo
1768 817 1796 844 in
1819 817 1861 844 die

1071 861 1280 888 resurrectionis
1299 861 1431 896 etjudicii
1444 862 1478 888 ab
1494 862 1566 888 onmi
1587 862 1677 888 anima
1704 862 1859 890 Christiana

1032 903 1052 930 Β
1066 907 1185 933 omnium
1204 907 1308 934 dierum
1324 908 1384 933 vitae
1397 906 1457 940 ejus
1469 907 1559 934 omnis
1578 908 1694 935 servitus
1706 917 1788 943 quam
1809 909 1861 936 Deo

1066 954 1126 976 erat
1144 949 1309 983 exhibitura,
1322 955 1350 977 et
1361 958 1442 978 omne
1454 958 1522 985 opus
1546 952 1711 984 sanctitatis,
1726 954 1798 987 quod
1812 961 1860 988 per

1065 995 1184 1030 singulos
1204 996 1261 1024 dies
1275 1001 1333 1023 erat
1351 995 1502 1031 perfectura
1517 998 1574 1025 sive
1591 999 1619 1025 in
1637 999 1791 1033 gratiarum
1811 1008 1859 1028 ac-

1066 1041 1182 1069 tionibus
1197 1047 1224 1069 et
1247 1042 1480 1076 confessionibus,
1503 1045 1561 1071 sive
1587 1045 1614 1071 in
1638 1046 1811 1073 orationibus
1829 1056 1859 1074 ac

1064 1091 1298 1125 deprccationibus
1315 1091 1454 1118 matutinis
1466 1097 1492 1118 et
1507 1093 1680 1127 vespertinis,
1693 1094 1750 1120 sive
1763 1094 1790 1120 in
1799 1102 1858 1120 om-

1064 1136 1143 1163 nibus
1162 1137 1240 1164 bonis
1255 1137 1384 1172 operibus
1399 1145 1459 1171 qua:
1476 1138 1502 1165 in
1521 1139 1630 1166 nomine
1647 1138 1755 1166 Domini
1773 1141 1857 1166 nostri

1062 1183 1124 1211 Jcsu
1139 1184 1239 1211 Christi
1251 1184 1440 1219 perﬁciuntttr.
1458 1185 1514 1212 Hoc
1533 1185 1639 1212 scilicet
1659 1186 1787 1220 ignorant
1802 1187 1858 1222 ple-

1063 1229 1140 1263 rique
1157 1229 1341 1264 insipieutittrn
1358 1234 1440 1264 atque
1463 1229 1688 1264 irreligiosorum,
1703 1232 1748 1265 qui
1764 1233 1858 1259 admo-

1063 1281 1159 1301 nentur
1187 1274 1315 1302 festinare
1329 1276 1361 1302 ad
1376 1275 1503 1311 templum
1528 1276 1585 1308 Dei,
1603 1278 1648 1311 qui
1674 1284 1807 1305 vocantur
1819 1280 1852 1306 ad

1063 1321 1209 1347 Ecclesium
1224 1320 1270 1348 Dei
1289 1321 1453 1354 accelerare,
1465 1327 1492 1349 et
1508 1322 1655 1350 terribilem
1672 1322 1720 1350 Dei
1740 1324 1855 1359 gloriam

1061 1365 1187 1398 adorare,
1200 1372 1227 1392 et
1243 1371 1289 1393 aut
1308 1375 1358 1400 pro
1374 1366 1495 1402 neglectu
1520 1368 1637 1402 habent,
1652 1374 1700 1395 aut
1713 1369 1739 1396 in
1763 1373 1857 1397 vacui-

1061 1417 1143 1439 tatem
1159 1412 1272 1445 ducnnt,
1285 1418 1332 1440 aut
1359 1413 1427 1441 alias
1443 1415 1635 1441 excusationes
1654 1415 1801 1443 inveniunt
1814 1418 1856 1443 di-

1059 1463 1152 1486 centes
1177 1465 1184 1484 :
1203 1458 1334 1486 Hesterna
1352 1459 1524 1491 manducavi,
1541 1461 1658 1498 crastina
1672 1461 1853 1495 manducent;

1050 1505 1104 1534 ,sed
1116 1504 1236 1538 quotidie
1253 1509 1280 1532 et
1293 1506 1365 1532 omni
1389 1509 1511 1540 tempore
1534 1499 1724 1534 iudilierenter
1741 1509 1855 1535 student

1059 1549 1188 1583 reperire,
1201 1551 1367 1578 etexhibcre
1391 1550 1500 1585 corpori
1515 1556 1611 1578 cuncta
1628 1559 1689 1586 qua).
1701 1559 1852 1580 consuetu-

1058 1595 1128 1622 dinis
1153 1602 1240 1623 sunt:
1266 1597 1319 1623 Deo
1335 1602 1437 1630 autem,
1461 1597 1503 1624 vel
1527 1598 1625 1625 animae
1648 1606 1706 1626 sute
1729 1604 1852 1634 lempont

1058 1647 1182 1669 Statuunt
1202 1650 1234 1670 ac
1253 1643 1402 1669 metiuntur
1419 1649 1446 1670 et
1464 1644 1522 1671 dies
1548 1649 1707 1679 supputant,
1725 1645 1852 1680 ignoran-

1060 1692 1100 1714 tes
1115 1688 1176 1721 quia
1199 1688 1315 1716 irrident
1341 1690 1504 1724 semetipsos
1517 1696 1544 1718 et
1559 1691 1664 1718 animas
1684 1699 1759 1718 suas.
1783 1691 1851 1718 Nam

1056 1734 1126 1760 sicut
1147 1735 1271 1768 superius
1287 1735 1421 1769 diximus,
1435 1736 1555 1763 omnium
1580 1737 1685 1764 dierum
1711 1738 1775 1764 vita)
1796 1746 1852 1764 sua:

1058 1781 1190 1808 rationem
1206 1781 1336 1809 reddituri
1352 1788 1414 1809 sunt
1431 1791 1479 1818 pro
1491 1784 1618 1818 operibus
1633 1785 1790 1812 sanctitatis
1802 1793 1850 1819 per

1056 1825 1176 1859 singulos
1205 1826 1262 1854 dies
1283 1827 1375 1854 attalis
1399 1836 1464 1860 sum,
1483 1829 1524 1856 vel
1551 1829 1594 1856 hic
1619 1838 1701 1864 super
1727 1835 1849 1863 terram,

1055 1872 1097 1899 vel
1119 1873 1147 1899 in
1168 1872 1280 1906 judicio.
1299 1873 1399 1908 Pagani
1413 1875 1484 1901 enim
1496 1895 1504 1906 ,
1518 1880 1601 1911 atque
1615 1884 1710 1903 omnes
1727 1877 1849 1905 inﬁdeles

1055 1917 1081 1944 in
1091 1917 1193 1951 judicio
1205 1926 1256 1946 non
1271 1920 1392 1953 venient,
1402 1920 1448 1947 sed
1459 1921 1515 1955 jam
1532 1929 1565 1948 ex
1578 1921 1628 1949 hoc
1642 1922 1762 1950 damnati
1772 1929 1846 1956 sntit,

1053 1968 1080 1990 et
1094 1968 1205 1998 propter
1229 1964 1417 1992 inﬁdelitatem
1434 1966 1633 1994 inexcusabiles
1651 1967 1677 1994 in
1694 1975 1790 2001 patrias
1807 1969 1848 1995 in-

1054 2009 1173 2036 ferorum
1194 2010 1364 2044 expellentur
1382 2020 1388 2038 :
1410 2010 1428 2037 ii
1454 2019 1519 2039 vero
1543 2013 1590 2046 qtti
1610 2011 1637 2039 in
1658 2012 1711 2040 ﬁde
1729 2020 1790 2040 esse
1807 2014 1846 2040 vi-

1051 2055 1159 2089 dentur,
1175 2061 1202 2084 et
1226 2065 1310 2092 pravo
1326 2057 1433 2085 nomine
1458 2063 1617 2089 censentur,
1637 2058 1693 2091 isti,
1720 2059 1844 2094 inquam,

1050 2109 1145 2129 ontnes
1162 2102 1188 2129 in
1206 2102 1319 2130 terribili
1341 2102 1384 2129 illa
1403 2103 1498 2138 jndicii
1525 2104 1702 2138 inquisitione
1720 2106 1843 2132 omnium

1050 2148 1154 2175 dierum
1172 2148 1233 2175 vitae
1251 2156 1306 2175 sua}
1324 2148 1535 2184 uniuscujusque
1551 2150 1602 2176 diei
1621 2150 1736 2178 reddent
1761 2153 1845 2178 ratio-

1049 2201 1122 2225 nem,
1135 2194 1274 2228 quomodo
1295 2194 1471 2229 impleverint
1495 2195 1541 2221 Dei
1565 2196 1741 2227 servitutem,
1759 2202 1844 2230 atque

1049 2247 1116 2274 opus
1136 2240 1285 2267 sanctitatis
1294 2249 1341 2275 per
1354 2246 1572 2276 unumquemque
1593 2242 1675 2269 diem.
1690 2242 1752 2269 Haec
1769 2243 1842 2271 vide-

205 2273 315 2300 nomine
340 2277 502 2312 appellatur,
518 2285 545 2307 et
571 2284 766 2317 cngttominalis
785 2287 822 2313 iui
841 2289 990 2322 vocitatur,
1009 2281 1030 2308 ί)
1046 2287 1109 2313 licet
1134 2287 1260 2313 universa
1276 2287 1342 2314 foris
1357 2295 1406 2314 nos
1422 2288 1533 2317 devians
1556 2288 1599 2314 hic
1617 2296 1708 2315 sermo
1726 2298 1776 2323 per
1799 2298 1842 2316 oc-

205 2317 253 2368 sed
271 2326 324 2345 non
343 2320 412 2347 idem
431 2322 488 2357 ipse
511 2330 562 2358 est,
579 2328 625 2354 sed
644 2329 713 2357 alius
730 2339 737 2357 :
756 2331 793 2358 ita
806 2338 833 2359 et
848 2333 906 2361 dies
920 2317 993 2368 ejus;

203 2361 265 2388 dent
290 2366 407 2392 notninis
426 2368 525 2402 veniet,
551 2371 618 2399 idem
645 2374 702 2409 ipse
733 2384 796 2404 vero
815 2386 867 2405 non
892 2381 992 2408 veniet.

202 2405 270 2435 Nam
297 2408 366 2436 sicut
390 2412 501 2446 spiritus
516 2415 611 2444 exiens
625 2418 716 2447 denuo
735 2429 788 2449 non
807 2425 952 2460 revertitur
965 2433 992 2454 et

202 2460 256 2480 non
269 2461 412 2483 revocatur
423 2459 513 2486 anitna
525 2462 644 2496 sublata,
655 2466 781 2494 similiter
793 2459 851 2497 dies
861 2473 992 2501 transiens

201 2498 289 2527 denuo
305 2509 357 2528 non
383 2506 538 2539 revertitur,
555 2515 642 2543 neque
665 2512 733 2540 ultra
756 2514 781 2540 in
799 2519 924 2550 praesenti
940 2519 991 2546 hoc

201 2546 301 2574 saeculo
318 2555 472 2578 revocatur.
488 2552 555 2581 Nam
583 2556 654 2584 sicut
673 2560 746 2586 omni
764 2561 867 2589 homini
883 2566 993 2591 ordina-

202 2597 256 2618 tum
285 2599 327 2621 est
356 2600 478 2632 tempus,
503 2605 582 2635 atque
610 2603 761 2634 dimensum
788 2608 848 2635 vitae
873 2612 989 2644 spatium

201 2644 410 2675 IllllUSCUJUStllle

200 2685 352 2714 ordinatum
379 2693 430 2723 est,
453 2695 535 2726 atque
548 2693 686 2723 dimensus
701 2697 766 2724 solis
782 2700 922 2734 transitus,
935 2685 989 2736 quo

202 2733 357 2759 transeunte
373 2741 424 2760 non
439 2741 481 2762 est
493 2738 550 2765 dies
564 2739 609 2766 ille
623 2740 691 2767 ultra
710 2742 755 2775 qui
773 2733 925 2771 transactus
937 2733 988 2771 est.

201 2773 235 2802 Et
248 2776 336 2806 adhuc
351 2780 422 2807 sicut
436 2784 559 2811 omnibus
575 2786 730 2815 hominibus
751 2797 764 2814 τι
785 2790 883 2818 εωειιιυ
901 2796 927 2819 et
945 2799 989 2819 us-

482 2871 502 2886 “
518 2871 581 2898 ibid.

282 2862 332 2892 Joh
351 2874 380 2893 tu
394 2887 401 2900 ,
420 2868 442 2898 l.
482 2871 502 2886 5‘
518 2871 581 2898 ibitl.
621 2874 642 2888 “
658 2873 707 2900 Job
725 2882 743 2906 ι,
756 2874 800 2901 21.

436 2651 443 2669 :
466 2645 590 2674 similiter
617 2649 730 2684 singulis
759 2652 856 2680 diebus
884 2659 989 2690 tempus
1018 2671 1025 2677 -

1048 2332 1186 2359 casionem
1204 2333 1347 2359 memorati
1368 2332 1419 2360 diei
1448 2333 1538 2360 dicere
1563 2332 1704 2360 admenuit
1719 2335 1792 2361 bene
1811 2344 1842 2361 ac

1047 2377 1200 2403 necessarie
1213 2397 1220 2408 ,
1238 2382 1330 2411 utpote
1349 2385 1397 2412 pro
1423 2378 1554 2405 bonorum
1580 2380 1842 2407 commemoratione

1047 2422 1088 2448 Itis
1103 2423 1149 2456 qui
1162 2422 1227 2449 salvi
1243 2422 1300 2449 ﬁeri
1317 2423 1484 2449 desiderant.
1503 2422 1556 2450 Sed
1570 2431 1677 2449 rursum
1692 2424 1726 2450 ad
1743 2433 1828 2459 propo

1047 2467 1129 2493 situm
1156 2472 1334 2494 revertamur.
1358 2467 1543 2500 Maledicebut,
1569 2468 1664 2502 inquit,
1690 2468 1742 2495 Job
1770 2470 1840 2495 diem

1044 2522 1122 2540 suum
1135 2514 1168 2546 “;
1196 2521 1248 2541 non
1270 2514 1448 2541 Iualedicebat
1463 2513 1568 2545 Deum,
1587 2522 1640 2541 non
1660 2515 1839 2548 reprehende-

1045 2561 1100 2593 bat,
1118 2568 1173 2587 non
1194 2560 1417 2594 blasphemabat,
1432 2568 1484 2586 non
1507 2560 1662 2591 accusabat,
1681 2569 1735 2587 non
1763 2570 1839 2588 nutr-

1044 2606 1214 2633 murabatde
1229 2607 1283 2633 Deo
1296 2625 1303 2638 ,
1327 2614 1379 2632 non
1405 2605 1526 2640 ingratus
1547 2606 1696 2633 exsistebat
1717 2606 1838 2638 Deo,sed

1042 2650 1113 2677 diem
1143 2650 1320 2678 maledicebat
1344 2650 1390 2685 qui
1414 2658 1466 2677 non
1487 2655 1554 2678 erat.
1577 2650 1644 2677 Nam
1663 2650 1719 2677 Deo
1734 2652 1836 2686 gratias

1044 2699 1150 2732 agebat,
1175 2697 1364 2728 conﬁtebatur,
1391 2697 1550 2728 invocabat,
1567 2697 1755 2724 benedicebat.
1782 2697 1834 2728 Sit,

1044 2744 1140 2778 inquit,
1158 2751 1252 2770 nomen
1277 2743 1383 2770 Domini
1407 2744 1569 2770 benedictum
1583 2743 1610 2770 in
1632 2744 1731 2770 sucula
1749 2744 1834 2771 ".b'tc

1043 2791 1134 2825 itaque
1161 2790 1343 2818 benedicendo
1354 2810 1361 2823 ,
1377 2797 1408 2817 ac
1424 2790 1526 2825 gratias
1551 2791 1655 2824 agendo
1680 2789 1746 2822 Deo,
1762 2791 1831 2817 diem
