1909 3080
48 123 94 150 513

585 119 779 150 ANONYMUS
797 119 831 148 IN
849 108 974 148 toni-
993 118 1058 146 [ΑΒ.
1080 119 1124 146 ur.

1619 123 1669 151 5H

48 177 87 212 qui
107 183 154 204 nec
178 175 328 207 visionem,
347 183 395 203 nec
421 180 544 202 naturam
556 196 564 208 ,
581 184 630 204 nec
649 177 826 204 substantiam
843 179 864 207 Α
880 177 923 209 tis,
942 185 1029 210 neque
1040 177 1097 204 dies
1117 178 1198 210 linis,
1214 185 1301 213 neque
1321 178 1381 206 dies
1400 179 1491 207 exitus
1505 179 1539 208 de
1558 181 1607 208 hoc
1621 189 1669 208 ste.

49 223 130 254 habet,
146 222 338 254 male-dicebat,
357 222 398 249 vel
421 222 511 257 potius
537 230 598 249 cum
618 223 662 256 qui
681 230 733 249 non
752 228 822 256 erat,

48 269 110 296 sicut
127 267 200 302 prius
213 272 351 295 ostensum
366 273 416 299 est,
433 272 460 296 et
474 268 523 295 boc
540 273 568 295 ut
586 273 687 295 tantum
705 268 829 303 loquere-

50 320 96 341 tur.
115 313 166 341 Sed
183 313 309 341 fortassis
323 313 389 341 dicit
408 313 516 348 aliquis,
532 321 581 341 cur
599 314 709 341 omnino
724 314 774 342 hoc
787 315 828 341 di-

49 361 89 391 cit,
108 359 146 387 vel
158 367 208 387 cur
222 360 273 387 hoc
287 359 392 387 locutus
406 365 448 387 est
464 360 567 392 ?Audi,
584 368 599 387 ο
612 359 704 387 homo.
716 359 757 387 Ob
778 361 829 387 hoc

49 407 143 433 locutus
162 406 221 433 haec
246 405 327 438 dicit,
345 406 406 440 quia
421 406 566 433 validiores
583 405 691 433 dolores
704 413 764 432 eum
782 413 829 441 ap-

50 452 241 488 prehenderunt
255 452 340 485 magis
356 459 436 486 quam
453 459 524 479 nunc
538 457 565 479 tu
590 452 715 479 arbitrari
732 452 828 486 possis,

51 498 104 533 quia
118 497 346 524 lamentabiliores
358 497 506 524 sustinebat
521 497 642 525 miserias
653 496 736 531 magis
749 504 829 531 quam

52 548 74 570 tu
89 542 202 578 cogitare
215 542 313 569 valeas.
332 541 400 569 Nam
420 549 479 577 qua:
494 543 538 569 iile
555 543 706 570 sustinebat
719 542 742 569 si
760 550 832 570 nunc

49 591 153 620 videres,
165 596 214 616 nec
230 589 264 616 ad
281 589 423 616 videndum
440 590 551 616 omnino
564 588 710 617 sufliceres.
723 589 755 616 Et
766 597 832 624 quo-

50 636 119 663 modo
133 635 184 671 pati
199 635 243 661 vel
260 635 395 662 sustinuere
413 642 506 669 posses
525 635 558 662 ad
578 635 721 662 videndtnn
744 635 832 663 liomi-

50 689 102 708 nem
114 680 256 715 perforatis
270 681 376 708 ossibus
390 686 417 707 et
429 680 641 714 liquescentibus
659 680 786 707 carnibus
801 686 834 708 ac

50 726 128 754 nervis
144 727 314 760 consumptis
329 726 339 752 ἶ)
354 726 416 753 Haec
430 726 557 753 universa
573 725 724 753 sustinebat
734 724 834 760 gratias

51 781 123 809 agens
144 773 210 806 Deo,
230 773 358 801 universa
385 774 442 801 lucc
471 773 648 808 supportabat
670 771 834 799 benedicens

51 819 132 846 Deum.
145 819 321 854 Loquebatur
344 827 409 847 vero
426 827 474 846 ore
497 827 528 846 ea
548 826 608 853 qua:
627 826 677 845 nec
695 818 749 845 Deo
761 837 769 850 ,
785 823 835 844 nec

52 865 142 900 angelis
155 865 212 898 ejus
224 864 337 897 sanctis,
355 872 404 892 nec
423 864 503 894 caelo,
520 871 607 897 neque
623 867 703 889 terra:
716 861 832 888 homiui-
851 858 871 886 Β

52 911 102 942 bus,
115 918 200 945 neque
214 915 324 945 pelago,
340 917 425 944 neque
438 909 505 940 aeri,
518 916 606 943 neque
620 908 682 935 ullis
698 915 757 942 quae
769 910 833 934 sunt

51 957 73 984 in
98 962 207 989 natura,
232 955 268 981 ad
290 955 407 989 aliquam
432 953 624 982 contumeliatn
649 952 832 987 profecerunt.

51 1002 208 1036 Luquebalur
220 1001 349 1028 nimirum
361 1001 438 1035 quasi
457 1000 593 1027 miseriatn
605 999 748 1031 ventilatis,
757 997 834 1032 quasi

52 1054 129 1072 aerem
153 1045 321 1076 verberans,
342 1045 418 1080 quasi
448 1045 567 1072 dolorem
594 1044 740 1076 deferens,
756 1043 832 1078 quasi

51 1092 193 1118 extmdiatus
216 1096 244 1118 et
269 1091 418 1118 molestiam
444 1098 540 1125 passus
567 1094 649 1124 atque
668 1089 765 1116 auxitis
786 1097 834 1123 pro

53 1137 290 1164 vehementioribus
313 1136 484 1170 passionibus
498 1140 526 1162 et
547 1134 705 1162 fortioribus
731 1134 832 1161 dolori-

53 1182 102 1209 bus.
115 1181 230 1209 Locutus
243 1186 288 1209 est
304 1186 430 1217 tanquatn
443 1181 557 1216 quilibet
576 1181 602 1207 in
619 1180 710 1207 dolore
731 1181 835 1214 positus

52 1235 162 1262 quaerens
184 1227 347 1255 remedium.
364 1227 505 1262 Tanquam
524 1227 584 1261 quis
602 1225 629 1253 in
656 1225 749 1253 dolore
768 1227 834 1253 den-

54 1274 118 1305 tium,
132 1278 176 1300 aut
192 1273 345 1306 oculorum,
363 1273 531 1300 aut-aurium
546 1272 704 1308 frequenter
717 1273 834 1307 parietes

54 1319 173 1353 unguibus
191 1323 300 1350 exarat,
323 1318 480 1353 frequenter
494 1318 576 1345 etiam
597 1318 769 1352 semetipsum
785 1326 834 1344 un-

53 1365 110 1398 gulis
124 1364 260 1391 exulcerat
276 1370 329 1398 pra:
346 1363 486 1390 nimietate
496 1363 598 1390 doloris
609 1370 690 1398 quem
705 1364 833 1395 sustinet,

53 1409 155 1436 corrasis
173 1410 284 1437 ossibus
298 1412 324 1436 et
335 1409 470 1443 palpebris
485 1413 567 1443 atque
589 1408 700 1435 auribus
725 1416 732 1434 ε
750 1408 790 1435 sic
807 1413 835 1435 ct

53 1454 134 1482 beatus
146 1454 195 1482 Job
208 1462 274 1482 cum
288 1453 492 1489 perforarentur
506 1461 567 1481 ossa
585 1453 653 1488 ejus,
666 1458 693 1480 et
713 1453 836 1488 liquefie-

53 1506 105 1529 rent
119 1509 211 1529 carnes
225 1502 304 1537 ejus,
319 1502 425 1529 locutus
447 1505 488 1528 est
512 1501 677 1527 maledicens
698 1500 769 1527 diem
787 1500 832 1534 qui

55 1554 99 1574 non
110 1551 174 1575 erat.
193 1547 240 1575 Sic
254 1554 371 1582 namque
386 1551 410 1573 et
424 1545 556 1574 Jeremias
567 1550 677 1573 sanctus
688 1549 831 1580 postquam
847 1532 868 1560 (ἶ

56 1592 193 1621 Iudaeorum
210 1593 345 1628 injustitia
358 1598 439 1628 atque
452 1592 592 1627 impietate
613 1599 696 1626 usque
713 1591 747 1618 ad
763 1598 835 1618 mor-

57 1644 102 1665 tem
123 1639 330 1675 suggillarelur,
350 1639 476 1666 similiter
496 1637 636 1665 maledixit
653 1642 734 1672 atque
754 1637 836 1664 devo-

57 1684 114 1711 tavit
128 1684 197 1711 diem
222 1684 372 1712 nativitatis
387 1691 442 1711 sua:
457 1683 490 1709 “.
503 1682 536 1710 Et
563 1682 652 1710 adhuc
672 1683 714 1710 his
734 1681 836 1717 majora

57 1731 115 1758 dixit
134 1730 276 1759 Jeremias.
289 1730 363 1758 Dixit
389 1730 462 1758 enim
484 1730 516 1757 de
542 1729 651 1756 nomine
675 1729 755 1764 ejus:
775 1727 836 1754 Non

59 1779 184 1806 nominabo
200 1786 295 1806 nomen
309 1778 365 1812 ejus
382 1777 505 1812 amplius,
524 1783 547 1804 el
568 1785 618 1804 non
631 1776 725 1811 loquar
735 1775 781 1802 ulli
791 1775 838 1801 Ito-

59 1825 145 1850 minum
160 1825 185 1851 in
199 1825 305 1851 nomine
318 1823 375 1858 ejus
387 1823 419 1851 ⁸⁷.
431 1822 471 1850 01)
487 1831 568 1858 quam
584 1830 655 1855 rem,
668 1821 746 1848 beate
759 1820 837 1848 Jere—

60 1871 125 1898 mia?
141 1871 252 1906 Propter
280 1869 489 1897 inobedientiam
507 1876 600 1896 eorum
612 1887 619 1900 ,
643 1871 724 1901 atque
740 1871 837 1893 contu-

61 1917 161 1943 maciam
177 1917 299 1948 lllorum,
321 1915 383 1950 quia
401 1915 488 1941 factus
499 1920 538 1941 est
554 1913 605 1940 illis
623 1919 712 1939 sermo
729 1911 835 1938 Domini

63 1962 85 1989 in
98 1963 265 1994 derisiortem,
286 1962 381 1989 nolunt
400 1961 486 1993 illum,
504 1964 530 1987 et
548 1967 597 1994 ego
613 1962 665 1985 tota
682 1957 726 1985 die
746 1957 837 1992 peregi

59 2008 224 2036 subsannalus
240 2009 275 2035 ab
291 2007 354 2035 illis.
366 2005 471 2034 Idcirco
494 2005 567 2032 enim
586 2003 668 2030 anitni
688 2002 780 2030 dolore
793 2009 838 2028 re-

60 2054 143 2089 pletus,
154 2061 180 2083 et
198 2055 270 2082 diem
287 2053 438 2081 nativitatis
455 2051 612 2082 maledixit,
628 2055 652 2076 et
674 2054 771 2076 czetera
785 2047 837 2074 alia

59 2100 152 2128 locutus
170 2105 220 2128 est.
241 2100 287 2127 Sic
306 2106 425 2133 namque
444 2102 471 2124 et
494 2096 543 2123 Job
564 2096 638 2130 prior
658 2094 703 2121 illo
718 2101 838 2128 pracven~

62 2151 97 2174 tus
115 2147 252 2174 nimietate
280 2146 405 2172 dolorum
432 2143 572 2171 maledixit
596 2142 667 2168 diem
687 2139 839 2168 nativitatis

61 2199 116 2225 ante,
128 2198 153 2220 et
163 2192 402 2227 responditdicens
416 2199 423 2217 :
440 2189 598 2217 Maledictus
611 2189 665 2214 dies
680 2186 724 2213 ille
739 2186 766 2212 in
786 2193 837 2216 qua
853 2206 876 2234 Β

61 2243 129 2265 natus
141 2247 197 2265 sum
212 2239 246 2266 ⁸⁸,
264 2238 352 2272 Super
363 2236 453 2264 omnia
469 2243 529 2271 quae
547 2234 671 2269 superius
689 2236 838 2259 memorata

60 2288 124 2316 sunt,
138 2289 164 2311 et
176 2283 258 2311 etiam
284 2283 338 2310 hoc
361 2282 527 2316 praecipuum
549 2280 611 2314 quia
637 2277 776 2304 maledixit
789 2274 839 2302 Job

61 2327 120 2355 diem
144 2328 315 2356 nativitatis:
332 2328 395 2362 quia
419 2327 471 2354 nisi
494 2326 530 2352 ita
550 2316 644 2350 amare
664 2321 775 2349 deﬁeret
788 2320 839 2347 Job

61 2381 144 2407 ptenas
167 2375 241 2410 ipsas
260 2379 342 2408 atque
362 2372 486 2403 dolores,
505 2379 557 2398 non
581 2370 673 2404 utique
689 2368 839 2395 aestimaret

62 2420 132 2448 homo
156 2429 243 2456 neque
270 2422 395 2448 crederet
420 2419 491 2454 quod
513 2419 549 2444 ita
577 2423 672 2451 aspera
697 2420 725 2442 et
746 2420 838 2441 amara

62 2465 165 2494 fuissent
179 2469 203 2494 ei
218 2469 276 2502 ipsa
292 2466 424 2501 supplicia
438 2470 519 2499 atque
531 2467 673 2490 tormenta.
685 2460 761 2487 Nunc
776 2467 839 2486 vero

62 2512 142 2540 volens
157 2514 282 2541 omnibus
294 2511 437 2540 ostendere
455 2512 551 2538 beatus
568 2507 617 2535 Job
641 2507 836 2533 immanitatem

63 2559 278 2586 amarissimarum
307 2564 448 2593 poenarum
478 2560 560 2589 atque
583 2553 705 2579 dolorum
728 2558 787 2585 qme
814 2550 839 2577 ei

63 2602 171 2631 diabolus
185 2604 309 2638 ingessit,
319 2601 409 2634 deflet,
422 2599 608 2635 conqueritur,
619 2598 655 2624 ita
672 2601 699 2624 et
712 2595 841 2622 amat-iter

64 2652 86 2674 et
99 2648 281 2676 miserabiliter
297 2652 379 2682 atque
397 2644 625 2674 lamentabiliter,
641 2647 670 2668 ιιι
685 2640 840 2667 nativitatis

64 2700 111 2720 sum
125 2694 294 2721 malediceret
311 2693 402 2724 diem,
421 2692 514 2718 dicens
533 2699 541 2718 ε
560 2687 718 2716 Maledicta:
742 2686 796 2712 dies
814 2686 841 2712 in

65 2747 107 2773 quo
118 2748 188 2767 naias
211 2748 279 2768 tum.
299 2739 356 2766 Non
374 2736 563 2768 maledicatur,
579 2735 677 2769 inquit,
693 2732 751 2760 dies
769 2738 842 2758 mor-

579 2831 651 2860 “Job
669 2839 708 2865 ιιι,
723 2830 751 2858 '5.

96 2837 116 2854 “
132 2838 227 2868 lerem.
248 2847 294 2874 xx,
312 2837 355 2866 l7.
393 2837 415 2853 "
430 2835 496 2864 ibid.
513 2834 540 2864 9.

789 2829 812 2845 α’
827 2826 915 2856 Eccle.
932 2833 970 2860 vi,
983 2824 1009 2852 5.

879 225 947 251 culo.
964 223 1012 251 Est
1032 232 1149 259 namque
1170 226 1366 253 consummatio
1380 230 1407 253 et
1428 227 1535 261 requies
1556 232 1583 254 et
1600 228 1671 255 dolo-

880 278 939 297 rum
952 272 1072 297 oumium
1092 271 1222 298 transitus
1237 279 1269 299 ac
1281 272 1424 307 depositio.
1441 272 1504 300 Dies
1523 273 1672 301 nativitatis

879 316 999 343 omnium
1011 316 1213 344 tribulationum
1226 321 1254 344 et
1265 318 1461 353 angustiarum,
1471 318 1594 346 dolorum
1606 327 1674 354 quo-

880 370 932 397 que
943 368 970 390 et
981 363 1166 396 miseriarum,
1175 363 1297 391 omnium
1312 364 1488 392 nihilominus
1500 370 1673 399 peccatorum

881 414 963 444 atque
984 410 1152 444 impietatum
1179 410 1285 437 initium
1301 415 1343 437 est
1367 416 1448 445 atque
1465 411 1612 444 introitus,
1627 417 1675 446 per

881 463 961 490 quem
976 461 1090 490 pereunt
1103 455 1193 490 impiae
1206 461 1289 491 atque
1315 456 1473 492 irreligioso:
1487 458 1594 490 animm,
1610 465 1675 493 ergo

881 501 1000 529 omnimn
1021 501 1115 529 borum
1131 510 1191 536 quae
1213 507 1361 529 memorata
1387 507 1450 530 sunt
1471 503 1578 530 initium
1593 508 1675 538 atque

883 548 1010 576 introitus
1034 548 1220 582 corruptibilis
1244 548 1393 575 nativitatis
1423 548 1480 575 dies
1499 554 1550 576 est.
1580 549 1676 577 Merito

883 594 1043 623 maledictus
1057 595 1116 622 dies
1133 595 1158 622 in
1179 603 1234 630 quo
1252 600 1331 622 natus
1348 602 1408 621 sum
1420 615 1428 627 ,
1444 595 1506 629 quia
1529 595 1624 623 melior
1634 600 1676 623 est

884 644 942 671 dies
967 644 1063 671 mortis
1079 651 1160 678 quam
1179 644 1338 676 nativitatis,
1361 644 1433 671 sicut
1455 644 1520 671 dicit
1539 644 1676 672 Ecclesia-

884 694 940 716 stes
955 687 988 720 °°,
1000 693 1028 715 et
1040 693 1182 723 propterea
1202 689 1365 716 raaledictiis
1390 689 1448 716 dies
1471 690 1497 716 in
1517 697 1571 724 quo
1598 695 1677 716 tratus

884 742 954 762 sum.
969 735 1059 768 Quare
1072 734 1158 769 iquia
1180 742 1228 770 per
1242 735 1328 768 hunc,
1347 735 1449 769 inquit,
1466 736 1498 763 ad
1515 743 1610 764 omnes
1628 736 1677 763 hos

886 781 1017 808 nefandos
1037 781 1147 815 perveni
1168 781 1285 814 dolores.
1307 781 1370 815 quia
1389 789 1437 816 per
1451 782 1522 809 hunc
1536 782 1570 808 ad
1585 782 1677 809 omnia

886 827 944 854 bare
956 827 1125 854 amarissima
1141 827 1252 862 perverti
1265 827 1408 862 supplicia,
1421 827 1483 862 quia
1500 835 1547 862 per
1559 827 1631 854 httnc
1643 827 1678 854 ad

886 878 1022 900 terrenum
1037 873 1088 900 hoc
1105 873 1217 900 veniens
1230 873 1359 900 saeculum
1375 873 1533 907 nequissimi
1548 874 1679 901 adversa-

886 919 918 947 rii
934 920 1053 947 sustineo
1067 919 1168 952 zelum,
1182 927 1215 946 ac
1227 919 1416 954 malignissimi
1435 919 1533 946 diaboli
1549 924 1679 957 supporto

885 966 1165 1001 supplicium.Probis
1175 973 1240 1001 ergo
1257 965 1385 993 omnibus
1403 965 1564 994 malediclus
1581 967 1639 994 dles
1651 967 1678 993 in

885 1020 938 1047 quo
949 1017 1026 1039 natus
1039 1020 1109 1039 sum.
1125 1011 1263 1046 Plerique,
1277 1011 1376 1046 inquit.
1388 1011 1529 1038 hominum
1543 1012 1594 1039 sub
1607 1012 1679 1039 malo

885 1058 1019 1085 carnalem
1032 1057 1103 1086 hanc
1111 1058 1195 1085 solam
1208 1057 1372 1085 delectantes
1383 1057 1477 1090 vitam,
1488 1065 1518 1085 ac
1525 1057 1582 1085 sola
1592 1063 1679 1085 terre.

885 1111 918 1131 na
928 1111 988 1138 qua:
1004 1104 1104 1131 suntin
1117 1104 1291 1138 corruptione
1303 1103 1569 1138 respicientes,diem
1580 1103 1678 1130 nativi-

885 1150 948 1176 tatis
958 1157 1012 1177 sttaa
1026 1149 1218 1177 delectabiliter
1228 1149 1366 1177 celebrare
1385 1149 1503 1181 student,
1523 1149 1636 1177 boneSLe
1652 1149 1678 1177 ir.

885 1197 927 1224 die
938 1196 1087 1224 nativitatis
1099 1204 1154 1223 suae
1166 1195 1348 1230 jucundantes
1362 1195 1511 1231 splendide.
1527 1195 1593 1222 Nam
1610 1196 1680 1223 hanc

884 1243 1042 1269 existimant
1064 1243 1215 1277 portionem
1233 1250 1321 1274 suam,
1337 1247 1420 1276 atque
1436 1241 1636 1272 btereditatem,
1651 1245 1679 1268 et

885 1296 934 1324 per
955 1289 1012 1315 haec
1028 1293 1140 1322 sperant
1152 1295 1181 1315 se
1192 1289 1295 1315 diutius
1313 1287 1407 1315 vivere
1420 1287 1446 1314 in
1460 1293 1582 1322 corpore,
1597 1291 1681 1320 atque

885 1335 1052 1369 augmentari
1071 1334 1121 1361 sibi
1142 1341 1229 1361 annos
1243 1339 1270 1361 et
1282 1333 1354 1360 dietn
1371 1333 1521 1360 nativitatis
1535 1340 1601 1360 suae.
1623 1331 1680 1360 Hoc

884 1381 1010 1409 videlicet
1025 1380 1128 1407 faciunt
1157 1388 1209 1408 non
1224 1381 1259 1408 ob
1287 1380 1338 1408 hoc
1352 1380 1423 1414 quod
1439 1384 1538 1407 aeterna
1555 1382 1678 1414 sperent,

885 1428 927 1456 vel
938 1435 997 1455 eam
1008 1435 1067 1462 quae
1079 1435 1132 1455 non
1140 1427 1250 1455 videtur
1261 1426 1492 1461 incorruptionem
1503 1430 1679 1460 exspectent:

885 1474 929 1509 qui
943 1478 1075 1501 aeternam
1100 1473 1183 1500 vitam
1204 1473 1274 1508 apud
1302 1473 1385 1501 Deum
1403 1472 1430 1499 in
1449 1472 1526 1499 ctelis
1545 1478 1607 1499 esse
1627 1478 1680 1498 non

885 1520 1017 1558 credunt,
1045 1520 1142 1547 merito
1168 1524 1303 1547 terrenam
1329 1519 1402 1546 hanc
1435 1525 1517 1552 atque
1542 1517 1680 1544 carnalem

887 1556 968 1593 vitam
984 1566 1068 1593 solam
1090 1566 1256 1593 delectantes
1265 1556 1408 1592 belebrant
1434 1565 1506 1592 diem
1529 1563 1680 1591 nativitatis

887 1621 957 1646 sine;
984 1613 1055 1640 diem
1081 1620 1147 1640 vero
1168 1612 1263 1639 mortis
1289 1618 1340 1638 nec
1364 1610 1497 1637 nominari
1530 1611 1680 1646 patiuntur.
1713 1643 1716 1645 _

888 1658 954 1694 Ego,
971 1659 1068 1693 inquit.
1085 1667 1102 1685 υ
1115 1658 1175 1691 viri,
1207 1661 1311 1684 tantum
1338 1657 1401 1684 odio
1430 1656 1516 1683 habeo
1541 1655 1679 1682 carnalem

888 1705 958 1732 banc
973 1705 1066 1735 vitam.
1086 1707 1116 1730 ut
1131 1711 1181 1738 pro
1198 1702 1335 1729 celebrare
1350 1703 1419 1729 diem
1445 1701 1604 1733 nativitatis,
1622 1709 1680 1728 rna-

888 1752 1003 1779 ledicatn
1031 1755 1112 1784 atque
1135 1749 1255 1776 abdicem
1281 1747 1355 1774 illum
1379 1747 1499 1774 dicens:
1521 1746 1680 1774 Maledicta:

888 1798 943 1824 dies
959 1797 986 1823 in
1001 1804 1052 1832 quo
1070 1801 1147 1822 natus
1162 1803 1219 1821 sum
1233 1794 1256 1809 ⁷⁰
1290 1794 1311 1820 υ
1325 1801 1406 1828 quam
1422 1793 1570 1826 profundus
1580 1799 1620 1819 est
1636 1793 1680 1820 hic

888 1851 978 1871 sermo
992 1841 1142 1869 valentibus
1155 1840 1309 1875 inquirere!
1335 1839 1402 1866 Nam
1418 1840 1532 1874 primatu
1558 1838 1681 1873 disputa-

889 1891 988 1917 tionem
1003 1888 1135 1916 facientes
1150 1887 1229 1914 etiam
1242 1893 1315 1913 nune
1329 1885 1407 1919 hujus
1422 1892 1517 1913 sensus
1532 1892 1579 1920 per
1594 1892 1680 1920 pauca

889 1936 1043 1964 necessarie
1073 1933 1238 1961 mentionem
1279 1932 1418 1959 faciemus.
1449 1931 1615 1964 Maledictus,
1639 1931 1679 1958 in<

888 1983 956 2019 quit,
972 1983 1029 2010 dies
1044 1981 1204 2012 nativitatis,
1238 1979 1301 2014 quia
1326 1982 1498 2013 peccatorum
1514 1985 1545 2004 ac
1565 1977 1679 2004 delicto-

888 2038 947 2057 rum
959 2035 1002 2057 est
1020 2028 1193 2065 principium.
1208 2026 1399 2054 Verumtamen
1415 2024 1484 2052 beati
1500 2024 1517 2050 ii
1533 2023 1577 2058 qui
1597 2024 1624 2050 in
1638 2023 1681 2050 die

889 2075 1049 2107 nativitatis,
1067 2075 1117 2101 hoc
1134 2077 1185 2105 est,
1199 2073 1225 2099 in
1252 2071 1386 2107 principio
1407 2070 1469 2097 vitae
1488 2077 1543 2097 suat
1567 2069 1681 2096 benedi-

889 2128 999 2156 cuntur,
1015 2122 1065 2149 hoe
1087 2125 1131 2147 est
1153 2127 1184 2146 ea
1212 2126 1272 2154 qua:
1297 2118 1377 2153 digna
1404 2122 1467 2144 sunt
1493 2115 1681 2143 benedictione

890 2168 1043 2204 perficiunt.
1063 2167 1137 2194 Beati
1155 2172 1264 2201 quoque
1278 2169 1305 2191 et
1323 2164 1340 2190 ii
1359 2163 1405 2198 qui
1426 2163 1451 2189 in
1469 2166 1590 2196 tempore
1609 2161 1680 2188 nati-

891 2216 983 2243 vitatis
998 2222 1064 2247 suaa,
1089 2213 1140 2240 hoc
1155 2217 1196 2239 est
1212 2211 1238 2238 in
1254 2210 1387 2245 principio
1402 2208 1491 2235 :etatis
1505 2212 1586 2242 atque
1603 2207 1680 2242 igno-

891 2262 978 2290 rantia
993 2259 1144 2296 iuventutis
1160 2265 1226 2289 sine,
1256 2257 1318 2284 licet
1335 2255 1529 2282 maledicantur
1550 2261 1598 2289 pro
1615 2261 1681 2289 pec-

892 2308 961 2334 catis
985 2312 1066 2340 atque
1093 2303 1244 2340 ignorantia
1274 2302 1433 2337 juventutis,
1448 2301 1474 2328 in
1498 2301 1569 2328 diem
1585 2299 1680 2327 mortis

891 2353 1014 2388 atquein
1033 2352 1112 2379 linem
1136 2351 1223 2378 aetatis
1238 2357 1293 2377 sum
1307 2356 1401 2375 rursus
1427 2346 1634 2378 benedicentur,
1654 2349 1682 2372 et

891 2399 1106 2427 benedictionem
1132 2397 1360 2432 promerebuntur
1377 2401 1425 2428 per
1439 2394 1574 2420 sinceram
1595 2392 1681 2426 pomi-

892 2448 1023 2476 tndincin,
1036 2449 1118 2478 atque
1132 2444 1229 2478 dignos
1248 2441 1414 2477 pmnitentiae
1435 2439 1549 2466 fructus.
1568 2437 1614 2465 Vm
1630 2445 1679 2464 auo

893 2499 945 2521 tem
974 2491 1038 2523 illis,
1062 2494 1089 2517 et
1111 2489 1253 2516 animabus
1267 2495 1373 2519 corum,
1388 2486 1434 2520 qui
1452 2490 1479 2512 et
1503 2486 1530 2511 in
1548 2483 1681 2519 principio

893 2549 952 2572 suo,
967 2545 995 2566 et
1008 2539 1150 2573 juventute
1167 2543 1214 2563 sua
1231 2533 1427 2561 maledicentur
1440 2531 1637 2564 delinquentes,
1654 2534 1681 2556 et

894 2587 920 2615 in
933 2586 985 2613 line
1004 2591 1059 2612 sua:
1073 2582 1162 2610 :etatis
1176 2589 1230 2608 non
1252 2579 1429 2606 absolventur
1444 2577 1618 2610 ptenitentes,
1631 2582 1681 2601 ne-

893 2640 947 2669 que
966 2631 1160 2659 benedicentur
1173 2635 1221 2662 per
1236 2626 1331 2660 dignos
1350 2625 1453 2651 fructus
1468 2622 1632 2657 pmnitentia:
1646 2620 1680 2647 ad

894 2680 977 2707 Deum
1015 2676 1200 2707 confugientes
1231 2681 1240 2702 :
1268 2678 1381 2707 quorum
1411 2668 1565 2697 maledictio
1600 2672 1680 2700 atque

895 2724 1033 2754 damnatio
1052 2727 1150 2750 aeterna
1165 2719 1236 2755 apud
1262 2718 1362 2745 inferos
1382 2718 1533 2752 permanet,
1548 2713 1618 2741 sicut
1631 2718 1680 2740 eo-

1066 2822 1089 2839 "
1105 2820 1155 2850 Job
1170 2827 1211 2854 tn,
1223 2818 1250 2846 '5.
