1909 3080
225 112 283 140 515

775 110 964 138 ANONYMUS
980 110 1013 137 IN
1033 110 1103 138 JOB.
1123 127 1156 132 ——
1176 111 1240 139 LIB.
1262 111 1305 138 Ill.

1807 111 1851 138 516

226 180 302 216 rum.
314 174 359 207 qui
380 171 570 207 paenitudinem
598 170 743 198 sinceriter
755 170 891 204 gesserint
910 174 1010 197 aeterna
1026 173 1049 200 Α
1063 175 1090 196 et
1102 169 1191 196 anima
1209 169 1280 196 idem
1295 174 1357 197 sunt
1380 169 1525 197 indiscrete
1551 173 1632 204 atque
1652 168 1815 201 indivisive,
1829 173 1851 197 et

226 215 334 253 renuies
350 218 375 244 in
398 217 596 244 resurrectione
625 217 699 244 erit!
732 216 790 243 Alia
817 215 1014 250 quamplurima

225 271 287 292 cum
307 264 441 298 possimus
456 263 547 289 dicere
565 263 598 290 de
623 263 674 289 hoc
693 269 830 294 sermone,
856 262 913 288 haec
944 261 1015 288 desi-

226 314 320 337 nentes
333 315 393 343 quae
406 313 556 342 sequuntur
576 314 830 334 commemoremus.
853 306 959 339 Pereat,
975 306 1015 332 in-

224 355 292 390 quit,
308 355 361 380 dies
374 355 400 380 in
412 361 463 388 quo
481 359 558 379 natus
572 361 630 379 sum
648 353 682 378 “.
717 352 779 379 Hice
805 353 931 379 nimirum
950 352 1014 379 dicit

225 401 319 428 beatus
335 400 395 430 Job,
409 405 436 426 ut
448 399 604 426 ostenderet
618 398 744 425 omnibus
756 398 850 432 quales
863 398 1014 425 sustinebat

222 446 339 478 dolores,
352 445 392 472 vel
405 445 495 480 qualia
512 445 688 479 sttpportabat
704 444 847 479 supplicia.
857 443 904 471 Sic
917 444 1012 471 beatus

223 499 255 518 ac
274 491 462 519 sanatissimns
480 489 612 517 Jeremias
641 490 667 516 in
700 490 890 524 suggillatione
917 490 1013 516 animze

221 537 376 569 devolutus,
392 537 490 564 similia
507 543 536 563 ut
557 536 609 564 Job
631 536 738 563 locutus
754 541 805 566 est.
832 536 908 570 juxta
921 536 1011 563 omnia

223 591 284 619 qua:
301 583 426 617 superius
445 583 577 610 veraciter
601 586 749 609 memorata
778 587 841 608 sunt
862 582 895 607 ⁷¹.
924 581 1011 616 Super

223 637 284 664 qua:
301 629 426 655 universa
452 628 504 655 hoc
525 629 606 655 etiam
623 629 754 655 debemus
780 628 932 660 advertere,
947 628 1009 662 quia

224 683 277 702 non
294 674 435 701 defuerunt
449 675 550 701 sanctis
565 673 673 700 dolores
687 681 719 700 ac
741 673 936 707 tribulationes,
953 680 1010 700 mo-

224 720 309 747 lestia:
323 728 428 754 quoque
444 724 524 754 atque
546 720 698 754 passiones,
727 726 780 746 non
798 724 901 745 tantum
920 727 967 754 pro
980 727 1008 747 se

223 771 353 800 quantum
369 774 416 800 pro
438 766 516 793 nobis
533 774 540 791 :
561 770 590 791 ut
602 765 755 792 noverimus
766 771 814 791 nos
828 770 908 799 atque
922 764 1007 792 infor-

224 819 337 842 memur,
351 812 411 846 quia
424 819 471 845 per
494 811 683 838 tribulationes
698 818 729 837 ac
749 810 866 842 labores,
883 818 932 845 per
946 818 1006 845 pas

223 857 313 884 siones
327 862 354 885 et
369 858 501 888 miserias,
522 865 569 891 per
586 857 694 884 dolores
709 863 816 891 quoque
839 864 870 883 ac
893 857 1009 891 gemitus

221 911 316 943 omnes
337 903 422 930 sancti
438 903 491 929 Deo
521 903 692 937 placuerunt,
711 908 738 929 et
765 910 860 929 omnes
880 901 946 936 justi
968 903 1009 930 in-

223 949 358 976 troierunt
375 950 401 975 in
418 957 529 983 regnum
546 949 592 975 Dei
608 953 689 982 atque
705 948 826 976 hatredes
843 948 931 976 ellecti
948 954 1010 976 sunt

221 994 291 1029 apud
314 994 396 1021 Deum
420 995 514 1021 aeterni
548 994 693 1029 refrigerii,
721 1002 774 1021 non
794 994 961 1021 exsultantes
983 995 1009 1021 in

222 1040 406 1074 corruptione,
422 1048 475 1067 non
500 1039 626 1067 delectati
653 1040 679 1067 in
696 1047 790 1072 carae,
807 1048 858 1066 non
878 1041 963 1067 securi
974 1041 1009 1067 lin

223 1086 314 1118 terris,
324 1085 369 1112 sed
386 1093 494 1113 omnem
516 1086 655 1113 miseriam
670 1091 781 1120 propter
793 1086 919 1119 pietatem
932 1086 1011 1113 susti-

223 1136 327 1163 nentes,
350 1136 451 1158 mterna
476 1131 677 1165 incorruptione
704 1132 775 1165 digni
798 1131 885 1158 effecti
907 1136 967 1158 sunt
985 1131 1010 1158 in

222 1177 319 1210 gloria.
331 1176 376 1203 Sic
384 1177 466 1213 etiam
478 1176 610 1210 gloriatur
623 1176 721 1203 Paulus
735 1177 761 1202 in
779 1177 1011 1210 persecutionibus

223 1224 279 1250 suis
294 1228 377 1257 atque
392 1222 561 1256 passionibus
578 1222 612 1249 ⁷³.
629 1221 676 1249 Sic
697 1221 827 1257 gloriatur
840 1227 867 1248 et
881 1221 1011 1250 Jeremias

223 1269 294 1302 quod
309 1269 409 1295 sederit
423 1268 506 1300 solus,
536 1268 598 1302 quia
615 1268 800 1295 amaritudine
819 1268 900 1295 fuerit
926 1268 1012 1303 reple-

224 1317 280 1345 tus,
293 1319 320 1340 et
335 1314 397 1348 quia
413 1320 464 1340 non
486 1313 554 1340 abiit
580 1315 607 1340 in
623 1314 735 1340 consilio
751 1314 895 1348 impiorum
918 1313 1012 1341 luden-

225 1360 291 1386 tium
308 1359 340 1385 ".
363 1359 432 1392 Quid
447 1364 537 1386 autem
555 1359 698 1391 miramur,
718 1361 788 1394 quod
801 1359 853 1386 Job
867 1359 904 1386 ita
917 1360 1011 1394 ingen-

227 1409 268 1431 tes
280 1405 416 1432 sustinens
429 1404 538 1432 dolores
550 1409 715 1438 conquestus
727 1404 820 1438 fuerit,
836 1405 877 1431 vel
893 1405 938 1432 alii
950 1412 1012 1432 san-

225 1451 261 1478 cti
285 1458 347 1477 cum
373 1450 474 1477 terreni
500 1450 615 1477 fuissent
640 1450 763 1478 homines
788 1458 820 1478 ex
848 1458 963 1486 corpore
986 1456 1013 1479 et

225 1497 314 1524 anima
343 1503 405 1523 vere
432 1495 568 1530 plasmati,
599 1503 659 1522 cum
683 1500 710 1523 et
733 1496 790 1530 ipse
817 1497 862 1531 qui
890 1497 1009 1524 omnium
1025 1513 1048 1544 Ο

224 1548 381 1569 sanctorum
411 1547 510 1574 rector,
535 1546 562 1568 et
595 1542 717 1570 conditor
742 1542 803 1569 coeli
827 1550 857 1570 ac
882 1548 1012 1575 terrar,et

225 1589 357 1616 mediator
372 1587 417 1614 Dei
434 1591 461 1614 et
475 1587 612 1614 hominum
628 1587 707 1615 Jesus
723 1588 846 1616 Christus
861 1589 946 1617 Filius
964 1589 1011 1617 Dei

224 1634 290 1667 vivi,
305 1642 365 1661 cum
386 1634 504 1660 humano
519 1641 550 1660 se
571 1633 694 1660 indueret
709 1641 832 1669 corpore,
845 1642 906 1662 cum
921 1643 1013 1663 corru-

225 1681 346 1716 ptibilem
373 1680 423 1707 sibi
449 1679 632 1706 circumdaret
658 1679 785 1712 formam,
813 1689 875 1708 cum
898 1682 950 1709 iret
978 1683 1012 1710 ad

224 1727 377 1761 passionem
402 1731 482 1759 atque
499 1726 532 1752 ad
558 1732 679 1758 crucem,
704 1730 817 1760 questus
838 1732 879 1754 est
893 1727 985 1755 dicens
1003 1736 1009 1754 :

225 1771 318 1803 Pater,
332 1771 355 1798 si
372 1771 430 1805 ﬁeri
443 1775 526 1805 potest
553 1775 666 1797 transeat
679 1779 695 1797 a
708 1779 748 1798 me
762 1772 832 1799 calia:
849 1773 897 1800 iste
909 1774 943 1805 ”,
962 1774 1012 1802 hoc

224 1823 266 1845 est
288 1818 345 1844 haec
358 1818 457 1852 passio,
470 1821 496 1844 et
507 1817 589 1851 cmpit
603 1817 750 1851 trepidare,
765 1823 792 1845 et
806 1823 916 1846 maestus
932 1821 1012 1847 esse?

225 1862 284 1890 Non
298 1863 360 1897 quia
385 1863 560 1897 trepidaverit
582 1863 679 1893 deitas.
706 1863 752 1890 sed
775 1864 838 1898 quia
858 1865 950 1893 carnis
968 1866 1011 1892 in-

227 1908 385 1936 ﬁrmitatem
410 1908 537 1936 ostendit.
564 1909 640 1936 Sicut
666 1917 732 1944 ergo
760 1909 804 1937 ille
828 1910 958 1938 Dominus
983 1916 1012 1939 ut

225 1954 380 1982 ostenderet
411 1954 543 1990 quianon
570 1959 630 1981 erat
651 1956 822 1989 phantasma,
842 1957 889 1983 sed
913 1965 1012 1991 corpus

225 2007 290 2027 vere
302 2000 479 2035 corruptibile
491 2001 606 2032 habens,
630 2007 659 2028 se
678 2000 798 2028 dolorem
814 2006 895 2036 atque
909 2003 1012 2037 passio-

226 2053 288 2073 nem
299 2047 389 2073 crucis
402 2046 498 2073 timere
516 2047 655 2080 ostendit;
670 2047 709 2073 sic
723 2048 803 2074 etiam
818 2046 879 2080 Job,
893 2054 920 2075 et
936 2048 1013 2076 Jere-

227 2092 295 2119 mias
313 2097 393 2126 atque
417 2092 462 2119 alii
488 2093 587 2125 sancti,
609 2098 639 2119 ut
663 2094 850 2125 ostenderent,
866 2096 928 2128 quia
949 2103 1010 2123 cum

227 2143 317 2164 essent
328 2138 450 2165 carnales
467 2146 527 2165 cum
539 2138 632 2166 dolore
645 2139 833 2166 sustinuerunt
853 2147 885 2166 ac
898 2148 1012 2174 suppor—

1024 846 1046 874 Β

1067 223 1138 243 nime
1160 216 1186 242 in
1208 216 1297 248 terris,
1310 220 1338 242 et
1354 215 1379 242 in
1396 215 1599 242 resurrectione
1615 215 1641 242 in
1659 214 1756 246 caelis,
1772 215 1851 249 quod-

1065 268 1172 295 cunque
1184 261 1354 288 seminaverit
1382 268 1479 295 corpus
1498 269 1580 296 super
1595 266 1716 292 terram,
1740 261 1792 288 hoc
1804 269 1852 288 me-

1067 311 1102 333 tet
1122 307 1211 333 anima
1230 307 1255 333 in
1283 307 1498 340 resurrectione,
1521 307 1707 342 quodcunque
1730 312 1852 340 operatur

1065 359 1162 387 corpus
1183 352 1209 379 in
1228 353 1401 387 corruptione
1422 361 1428 380 :
1447 353 1498 380 hoc
1530 353 1603 379 enim
1621 352 1699 387 quod
1729 353 1851 386 seminat,

1065 398 1115 424 hoc
1128 402 1155 424 et
1166 402 1258 425 metet.
1278 398 1431 432 Sicutergo
1444 399 1503 426 haec
1519 399 1589 426 idem
1610 402 1686 430 sunt,
1705 398 1745 424 ita
1765 403 1793 425 et
1804 399 1853 425 dies

1063 449 1091 470 et
1108 451 1158 470 nox
1175 443 1246 471 idem
1266 448 1339 471 sunt.
1361 444 1438 477 Quod
1455 444 1480 470 in
1501 443 1544 471 die
1561 443 1602 475 ﬁt,
1621 443 1675 471 hoc
1688 443 1766 470 nocti
1784 451 1852 478 repu-

1063 493 1144 522 tatur,
1160 495 1187 517 et
1204 489 1275 524 quod
1289 489 1314 516 in
1332 494 1412 516 nocte
1428 489 1467 522 fit,
1480 489 1532 516 hoc
1554 489 1607 516 diei
1625 489 1802 523 designatur.
1814 489 1852 516 Sic

1062 543 1179 570 namque
1193 535 1283 563 omnia
1298 542 1466 570 quaecunque
1487 535 1583 562 fecerit
1595 542 1712 570 corpus.
1737 535 1795 562 sive
1809 535 1851 562 bo-

1063 590 1137 615 num,
1156 583 1213 609 sive
1227 582 1338 615 malum,
1351 581 1447 608 anima:
1462 586 1631 614 rcputantur,
1643 585 1672 608 et.
1688 582 1784 608 omnia
1798 589 1852 608 cor-

1060 628 1118 661 pori
1141 628 1167 654 in
1192 627 1292 661 judicio
1322 633 1403 662 atque
1430 627 1606 662 inquisitione
1641 632 1848 655 succensentur.

1061 672 1127 699 Nam
1151 673 1292 706 utriusque
1324 673 1432 708 utrique
1461 673 1620 707 itnputatur,
1655 673 1805 706 utriusque
1828 673 1849 700 in

1064 723 1177 753 utroque
1218 718 1365 752 requiritur
1406 723 1487 752 atque
1522 719 1689 745 vindicatur.
1740 717 1849 752 Utraque

1058 764 1130 791 enim
1147 769 1173 791 et
1189 772 1284 799 corpus
1297 769 1324 791 et
1339 764 1427 791 anima
1449 772 1510 791 cum
1526 764 1606 791 simul
1622 765 1692 797 sint,
1723 770 1753 791 et
1778 765 1849 791 simul

1059 814 1263 842 couversentur,
1282 810 1361 837 simul
1376 811 1564 845 adjudicantur
1579 817 1679 845 paenae,
1700 814 1752 837 aut
1777 805 1849 837 simul

1060 856 1244 891 suseipientur
1260 856 1286 883 in
1300 856 1405 890 requie.
1434 857 1504 891 Ergo
1519 857 1581 891 quia
1598 857 1668 888 haec,
1698 856 1800 890 inquit,
1819 856 1848 882 ita

1061 907 1135 935 sunt,
1158 902 1255 929 merito
1276 906 1302 928 et
1321 909 1371 936 ego
1391 909 1477 936 neque
1501 903 1534 929 de
1564 907 1641 929 nocte
1665 902 1747 934 silui,
1773 909 1850 936 neque

1061 948 1131 976 diem
1150 948 1258 982 reliqui.
1273 946 1324 975 Sed
1336 953 1435 983 pereat,
1451 947 1528 980 dixit,
1544 948 1598 974 dies
1614 948 1657 974 ille
1670 948 1700 973 in
1714 956 1768 982 quo
1780 953 1849 974 natu:

1060 1003 1128 1028 sum,
1151 1000 1174 1021 et
1193 1003 1245 1021 ηοω
1260 995 1286 1021 in
1303 1003 1355 1029 qua
1379 994 1478 1021 dictum
1500 998 1538 1020 est
1554 1002 1563 1020 :
1578 993 1645 1020 Ecce
1668 993 1817 1020 masculus.
1831 994 1847 1020 Α

1060 1048 1114 1075 quo
1137 1040 1238 1067 dictum
1257 1039 1317 1067 est?
1340 1039 1381 1066 Ab
1409 1039 1460 1070 his,
1486 1039 1582 1074 inquit,
1596 1039 1641 1073 qui
1658 1039 1850 1066 nuntiaverunt

1061 1086 1130 1120 patri
1155 1093 1215 1113 meo
1232 1085 1336 1112 Zareb.
1357 1085 1468 1112 Plurimi
1489 1092 1605 1119 namque
1625 1084 1662 1111 illi
1691 1085 1849 1119 prmdicare-

1062 1137 1126 1159 runt
1142 1131 1224 1158 lilium
1242 1135 1347 1164 natum,
1371 1130 1441 1157 altcr'
1454 1130 1568 1157 alterum
1585 1130 1740 1164 anticipare
1758 1137 1847 1165 prope-

1062 1181 1165 1210 rantes,
1182 1181 1211 1204 ut
1225 1184 1274 1211 per
1296 1177 1321 1204 id
1345 1177 1416 1212 quod
1438 1177 1552 1204 honeste
1573 1176 1787 1203 celebraverunt
1808 1183 1848 1210 per

1062 1223 1183 1257 singulos
1206 1230 1292 1250 annos
1315 1223 1350 1250 ab
1369 1230 1402 1250 eo
1427 1223 1591 1258 accipientes
1619 1222 1749 1249 dicerent
1768 1221 1847 1248 :Ecce

1063 1274 1143 1295 natus
1157 1273 1198 1296 est
1216 1268 1264 1296 tibi
1285 1268 1431 1296 masculus.
1447 1259 1500 1296 Sed
1512 1273 1540 1296 et
1554 1273 1619 1303 puto
1633 1269 1708 1303 quod
1730 1269 1793 1303 ipsa:
1806 1268 1846 1294 ob-

1062 1315 1186 1342 stctrices
1197 1315 1276 1341 matri
1291 1313 1340 1342 Job
1350 1313 1436 1341 Bosor
1444 1314 1666 1341 renuntiaverunt
1679 1314 1734 1350 (sic
1741 1321 1846 1348 namque

1065 1359 1220 1396 vocabant),
1235 1360 1299 1395 quia
1325 1360 1472 1387 masculum
1490 1360 1622 1395 genuerit.
1646 1359 1712 1387 Haec
1739 1367 1846 1394 namque

1064 1407 1231 1434 demonstrat
1251 1407 1343 1434 dicens
1357 1413 1363 1430 :
1380 1406 1413 1433 Et
1430 1414 1481 1433 non:
1503 1406 1550 1433 illa
1563 1405 1589 1432 in
1602 1414 1654 1440 qua
1670 1407 1774 1432 dictant
1791 1411 1823 1432 ut
1837 1413 1844 1430 :

1064 1451 1131 1480 Ecce
1149 1452 1293 1480 masculus.
1317 1452 1364 1480 Ubi
1381 1452 1448 1486 dies,
1469 1452 1523 1479 illic
1536 1457 1561 1479 et
1574 1459 1637 1479 nox.
1655 1451 1690 1479 Et
1703 1451 1775 1486 quod
1788 1451 1843 1480 diei.

1064 1499 1115 1526 hoc
1131 1499 1212 1525 etiam
1227 1498 1308 1525 nocti.
1338 1497 1377 1525 0b
1394 1497 1445 1525 hoc
1462 1505 1526 1533 ergo
1540 1497 1603 1532 quia
1623 1505 1709 1524 unum
1720 1501 1782 1525 sunt
1796 1497 1845 1524 dles

1064 1552 1094 1571 ac
1110 1553 1173 1577 nox,
1189 1552 1248 1571 cum
1265 1544 1317 1570 diei
1335 1543 1525 1576 malediceret,
1541 1544 1615 1571 nocti
1639 1551 1695 1570 non
1721 1543 1843 1578 pepercit.

1064 1590 1170 1624 Pereat,
1185 1590 1283 1625 inquit,
1302 1590 1358 1616 dies
1371 1590 1398 1616 in
1416 1597 1466 1623 quo
1491 1594 1570 1616 natus
1586 1597 1656 1620 sum,
1689 1594 1714 1616 et
1740 1596 1791 1616 ποι
1804 1588 1843 1614 illa

1062 1637 1089 1663 in
1103 1645 1154 1671 qua
1177 1636 1278 1662 dictant
1301 1641 1338 1662 est
1361 1642 1371 1661 :
1388 1635 1455 1662 Ecce
1478 1635 1623 1662 malculus.
1653 1633 1713 1661 Nox
1733 1635 1776 1662 illa
1791 1642 1844 1669 quae

1062 1683 1205 1718 praeteriit,
1217 1690 1278 1716 qua:
1297 1681 1416 1713 transiit,
1433 1689 1494 1716 qum
1508 1681 1617 1714 defecit,
1637 1689 1700 1716 qur.
1727 1689 1778 1708 non
1796 1684 1841 1707 est.

1064 1728 1120 1755 Nox
1145 1727 1188 1754 illa
1205 1728 1276 1754 sicut
1295 1731 1323 1754 et
1345 1727 1403 1754 dies
1429 1727 1472 1754 ille
1488 1734 1602 1753 manens
1617 1726 1643 1752 in
1664 1726 1794 1757 tenebris,
1806 1725 1842 1751 ille

1063 1774 1108 1808 qui
1124 1781 1176 1800 non
1194 1774 1311 1806 videtur,
1325 1773 1370 1807 qui
1389 1780 1441 1799 non
1462 1772 1624 1805 invenietur,
1639 1773 1685 1806 qui
1704 1779 1757 1799 non
1775 1778 1841 1798 γενος

1063 1825 1152 1852 catur,
1166 1819 1212 1854 qui
1232 1827 1284 1846 non
1310 1823 1362 1845 cst.
1389 1817 1464 1845 Sicut
1484 1825 1549 1852 ergo
1561 1826 1613 1845 nox
1633 1817 1688 1849 illa,
1705 1817 1741 1844 ita
1755 1822 1780 1843 et
1793 1816 1840 1842 dies

1064 1865 1108 1893 ille
1121 1870 1234 1900 pereant
1259 1869 1385 1899 tauquam
1400 1871 1460 1898 quae
1477 1871 1530 1890 non
1547 1868 1620 1895 sunt,
1638 1863 1769 1890 deficiant
1789 1866 1839 1889 tan-

1062 1919 1141 1946 quam
1155 1918 1214 1945 qua:
1225 1918 1275 1938 non
1286 1910 1421 1942 videntur,
1438 1917 1523 1944 neque
1536 1909 1766 1936 demonstrantur.
1781 1907 1838 1935 Cum

1063 1958 1115 1984 ista
1132 1964 1197 1990 ergo
1209 1964 1268 1991 quae
1282 1963 1335 1983 non
1348 1961 1411 1983 sunt
1425 1955 1598 1982 maledixerit
1613 1954 1677 1988 Job,
1693 1960 1722 1981 et
1736 1962 1765 1981 ea
1788 1960 1838 1988 qua

1062 2011 1114 2030 nou
1133 2008 1196 2030 sunt
1214 2002 1303 2037 perire
1319 2001 1443 2035 voluerit,
1473 2001 1722 2036 irreprehensibilis
1740 1999 1837 2027 omnino

1063 2050 1089 2076 in
1101 2048 1226 2076 omnibus
1243 2048 1428 2082 permanebat.
1454 2047 1648 2074 Vehementem
1673 2047 1748 2074 enim
1775 2044 1838 2073 dolo-

1063 2103 1119 2123 rem
1145 2102 1224 2129 quem
1250 2093 1402 2120 sustinebat
1424 2092 1537 2120 dellebat
1566 2094 1668 2127 absque
1697 2093 1769 2120 illius
1792 2099 1837 2118 m0-

1063 2141 1150 2168 lestia.
1165 2141 1233 2168 Puto
1249 2140 1322 2174 quod
1337 2139 1449 2167 forsitan
1476 2139 1539 2166 olim
1564 2139 1590 2166 in
1608 2139 1684 2165 initio
1702 2136 1837 2172 iuventutis

229 2188 356 2210 laverunt
369 2185 499 2218 supplicia
516 2189 596 2219 atque
608 2192 701 2218 poenas
714 2192 775 2218 quae
794 2185 833 2211 eis
847 2185 1009 2213 acciderunt.
1027 2182 1051 2212 D
1064 2186 1242 2215 celebraverit
1269 2185 1319 2213 Job
1334 2186 1405 2212 diem
1424 2185 1574 2212 nativitatis
1595 2193 1662 2217 suae,
1694 2185 1759 2212 item
1778 2188 1836 2209 nunc

228 2228 325 2256 Merito
352 2236 417 2264 ergo
437 2230 502 2256 dicit
519 2229 592 2257 Job:
615 2228 708 2256 Pereat
728 2230 783 2256 die:
807 2231 834 2257 in
858 2239 908 2265 quo
933 2237 1010 2259 natus

228 2283 297 2306 sum,
319 2275 396 2309 juxta
408 2277 497 2302 omnia
512 2284 571 2310 qum
591 2277 715 2310 superius
726 2282 834 2304 ostensa
861 2283 940 2312 atque
956 2287 1012 2306 tne-

230 2327 333 2347 ntorata
347 2327 418 2353 sunt,
443 2328 466 2348 et
494 2331 545 2349 nox
562 2322 609 2349 illa
634 2324 661 2349 in
680 2331 730 2357 qua
748 2323 845 2350 dictum
867 2330 904 2350 est
918 2331 928 2349 .'
944 2324 1012 2352 Ecce

229 2367 361 2394 masculus
375 2367 409 2392 ⁷⁸.
429 2367 513 2394 Porro
529 2369 637 2401 quando
652 2374 730 2395 natus
746 2376 786 2401 es,
814 2377 830 2396 ο
852 2370 930 2397 beate
944 2369 1011 2397 Job?

229 2419 278 2448 per
295 2414 376 2445 diem,
395 2421 428 2439 an
441 2421 489 2447 per
501 2414 624 2440 noctem?
644 2415 672 2441 Si
686 2414 712 2441 in
728 2415 771 2442 die
784 2421 863 2443 natus
877 2423 918 2448 es,
935 2421 1014 2444 nocte

235 2460 299 2494 quid
315 2459 461 2486 irasceris?
486 2459 538 2486 Sed
552 2459 574 2486 si
591 2460 617 2486 in
636 2466 714 2488 nocte
728 2466 808 2488 natus
825 2470 863 2494 es,
880 2462 951 2489 diem
966 2471 1015 2490 cur

230 2505 392 2532 maledicis?
408 2505 485 2532 Sicut
502 2509 591 2532 autem
613 2510 692 2533 testas
706 2512 733 2534 et
749 2507 837 2535 hiems
857 2508 926 2535 idem
942 2514 1014 2543 sunt,

229 2552 269 2579 sic
283 2557 310 2580 et
327 2559 379 2579 nox
395 2557 422 2579 et
434 2553 492 2579 dies
505 2560 513 2584 ;
527 2552 597 2586 quod
619 2552 690 2578 enim
704 2560 751 2587 per
770 2558 889 2580 aestatem
909 2554 948 2588 lit,
965 2556 1015 2583 hoc

227 2598 403 2624 nihilominus
433 2605 480 2632 per
509 2598 624 2624 hiemem
661 2599 831 2626 consumitur
859 2608 866 2626 :
891 2605 919 2627 et
943 2601 1015 2635 quod

228 2643 317 2670 hieme
337 2643 512 2678 superfuerit,
528 2644 578 2671 hoc
594 2643 687 2678 procul
711 2645 792 2672 dubio
814 2650 909 2673 aestate
934 2646 1015 2673 semi-

228 2696 318 2721 natur,
339 2694 434 2716 aestate
451 2689 603 2722 laboratur,
628 2690 698 2717 sicut
719 2691 744 2717 in
772 2691 815 2719 die
833 2699 840 2718 :
867 2692 954 2719 hieme
971 2699 1015 2719 re-

227 2734 385 2768 quiescitur,
407 2735 477 2762 sicut
501 2736 527 2762 in
559 2741 649 2763 nocte.
668 2736 701 2763 Et
716 2737 804 2764 adhuc
825 2738 896 2764 sicut
916 2745 1014 2772 corpus

263 2794 284 2808 '”
300 2793 348 2821 Job
365 2802 407 2826 ιιι,
420 2795 445 2822 5.
484 2795 506 2810 ⁷²
519 2794 729 2826 Jerem.xx.M.
768 2796 790 2811 ⁷³
803 2795 893 2824 llCor.

289 2794 348 2835 "Job
365 2802 407 2826 ιιι,
420 2795 445 2822 5.
484 2795 506 2810 ⁷²
519 2794 620 2822 Jerem.
631 2803 676 2829 xx,
687 2796 729 2824 Μ.

228 2836 270 2856 Ill.
289 2837 316 2855 ο.

1065 2234 1151 2268 ipsunt
1166 2231 1324 2271 reprobatis,
1341 2231 1403 2265 quia
1421 2239 1473 2258 non
1487 2230 1676 2262 celebrandus,
1688 2230 1735 2257 sed
1748 2229 1837 2256 lamen-

1066 2279 1164 2306 tandus
1179 2283 1260 2312 atque
1272 2277 1419 2311 plorandus
1432 2281 1473 2303 est
1491 2276 1548 2303 dies
1557 2276 1673 2303 carnalis
1687 2273 1834 2302 nativitatis.

1065 2329 1157 2359 utpote
1173 2328 1309 2350 tantarum
1326 2322 1502 2350 tentationum
1523 2327 1603 2356 atque
1624 2322 1746 2349 dolorum
1764 2321 1836 2347 intro.

1064 2371 1140 2399 itus:
1159 2374 1187 2396 et
1210 2376 1263 2396 non
1286 2369 1371 2396 solum
1400 2376 1451 2396 non
1480 2368 1628 2395 celebravit
1651 2368 1779 2398 ulterius,
1796 2364 1833 2392 sed

1063 2415 1201 2445 maledixit
1226 2423 1257 2442 ac
1274 2415 1363 2450 perire
1383 2415 1488 2448 optavit
1508 2414 1599 2442 dicens
1618 2423 1625 2441 :
1643 2413 1740 2441 Pereat
1753 2412 1834 2438 dieein

1062 2471 1113 2498 quo
1130 2467 1206 2489 natus
1223 2469 1290 2487 sum.
1304 2460 1354 2494 Qui
1371 2460 1447 2487 dies?
1462 2459 1518 2494 llle,
1539 2460 1636 2494 inquit,
1654 2460 1698 2494 qui
1718 2459 1778 2485 olim
1792 2455 1834 2482 fuit

1065 2510 1197 2537 honestus
1217 2511 1245 2534 et
1261 2507 1363 2540 hilaris,
1380 2506 1492 2533 festivus
1505 2511 1532 2533 et
1547 2505 1625 2533 laetus
1637 2511 1719 2540 atque
1732 2501 1833 2538 splendi-

1065 2555 1125 2582 dus.
1142 2553 1190 2581 Hic
1209 2560 1273 2588 ergo
1292 2558 1384 2587 pereat
1408 2553 1474 2579 dies.
1504 2551 1583 2580 Unde
1604 2551 1717 2586 pereat?
1739 2551 1774 2578 Ex
1796 2554 1832 2574 50-

1064 2600 1213 2630 lemnitate.
1226 2607 1258 2627 ex
1277 2599 1379 2632 lattitia,
1402 2606 1433 2626 ex
1449 2598 1603 2633 splendore,
1616 2605 1650 2625 ex
1665 2597 1725 2624 istis
1743 2597 1830 2631 pereat.

1063 2652 1090 2674 et
1102 2653 1237 2679 nunquam
1251 2646 1277 2672 in
1294 2645 1334 2672 his
1350 2645 1516 2672 inveniatur.
1529 2643 1595 2671 Cum
1612 2643 1663 2671 hoc
1678 2647 1763 2670 autem
1785 2639 1828 2669 die,

1063 2692 1142 2718 etiatn
1173 2699 1224 2718 nox
1256 2691 1298 2718 illa
1326 2695 1420 2725 pereat
1443 2691 1469 2717 in
1491 2698 1542 2723 qtta
1569 2690 1669 2716 dictllm
1697 2685 1829 2716 estzEcce

1068 2738 1214 2764 tnasculus.
1238 2736 1300 2764 lla-c
1324 2737 1462 2764 audientes
1482 2743 1543 2769 nos,
1564 2736 1654 2768 oviri,
1668 2742 1719 2762 non
1733 2731 1829 2769 gaudea-

942 2804 979 2830 xt,
1002 2797 1011 2824 Ξ

1084 2796 1108 2813 ⁷³⁸
1134 2796 1233 2824 Jerem.
1265 2803 1310 2827 xv,
1344 2796 1387 2822 l7.
1426 2795 1448 2810 ⁷⁵
1467 2793 1722 2831 Μαιιιι.νιιιινι,59,
1754 2787 1827 2818 "Job
