1909 3080
226 103 278 132 Μθ

765 101 957 132 ANONYMUS
975 102 1010 130 IN
1029 102 1098 130 JOB.
1118 118 1153 123 —
1171 102 1235 130 LIB.
1255 102 1301 132 111.

1807 102 1859 131 520

226 164 284 192 ait:
300 164 403 191 Memor
417 171 476 191 sum
491 171 521 190 ea
535 170 595 198 quin
608 171 623 190 a
636 163 734 191 saeculo
746 169 810 191 sunt
829 164 1010 196 dinumerare,
1025 166 1048 194 Α
1063 165 1179 191 ctionem
1190 165 1306 197 Domini,
1316 164 1362 191 sed
1375 172 1427 192 non
1440 163 1531 191 veniat
1543 163 1667 191 inlucem
1681 162 1780 189 vultus
1787 163 1858 197 ejus,

226 218 279 238 non
297 210 384 237 solum
403 214 522 242 tempora
536 213 564 236 et
582 214 730 240 momenta,
745 214 773 236 et
789 209 858 241 dies,
876 215 904 236 et
918 217 1014 242 annos,

225 257 272 284 sed
285 256 351 291 quin
381 255 469 290 potius
482 255 603 281 omnittm
622 254 761 281 hominum
781 255 870 282 cordis
897 256 1013 289 occulta,

221 301 297 336 juxta
309 303 359 328 hoc
369 301 439 336 quod
451 301 554 327 dictum
568 305 609 328 est
625 309 631 326 :
642 300 694 333 Qui
703 300 777 334 ﬁngit
789 300 924 334 sigillalim
934 302 1013 328 corda

223 355 324 377 eorum,
335 347 380 382 qui
394 346 517 381 intelligit
533 348 621 374 omnia
636 354 715 379 opera
729 355 818 373 eorum
832 347 864 372 ⁸⁸.
880 347 913 374 Ει
924 347 1013 375 adhttc

223 393 286 420 alibi
304 400 311 418 :
327 392 387 427 Ipse
401 399 489 419 aulem
511 394 582 420 nouit
594 393 697 419 occulta
710 394 797 420 cordis
816 392 851 420 5‘.
870 393 1013 428 Apostolus

225 445 290 465 vero
317 439 361 465 his
387 444 568 466 consonanter
588 439 653 466 dicit
670 447 677 465 :
699 439 733 466 In
752 439 795 466 die
812 448 864 474 qua
880 439 1012 474 judicabit

221 483 294 512 Deus
306 484 410 511 occulta
422 485 557 511 hominum
570 485 603 511 ⁸¹.
625 484 670 511 llle
689 485 761 512 enim
779 485 836 512 dies
851 484 1010 512 manifesta-

220 531 261 558 bit
277 531 381 562 omnia,
398 531 424 557 in
440 531 500 565 igne
520 530 643 557 revelans
662 535 770 557 cuncta.
784 530 908 558 Scientes
919 530 1011 564 itaque

221 583 282 609 nos,
298 583 315 603 o
327 576 388 607 viri,
403 576 465 610 quia
487 576 628 603 adversum
649 581 701 602 tam
719 576 866 603 terribilem
882 576 1011 604 habemus

216 621 348 656 judicem,
365 627 459 649 sancte
484 622 640 649 conversari
656 626 682 649 et
711 623 736 649 in
763 622 842 649 factis
854 627 880 648 et
903 622 929 649 in
950 629 1011 649 ver-

221 668 263 695 bis
282 669 448 700 stndeamus,
471 672 500 694 ut
522 675 574 694 non
589 676 638 703 pro
652 668 877 695 condemnatione
894 668 919 694 in
936 668 1008 701 judi-

220 714 274 746 cio,
301 714 347 741 scd
372 722 421 750 pro
445 714 634 748 requie‘atqne
654 714 737 749 gloria
762 719 861 740 aeterna
890 714 1010 748 inquira-

221 767 292 787 mur.
308 759 419 790 Deinde.
432 767 482 785 non
495 759 540 792 sit,
558 759 656 793 inquit,
679 759 707 786 in
723 760 814 786 diebus
826 760 900 792 anni,
927 767 1008 794 neque

221 810 372 832 numeretur
391 806 417 831 in
433 805 523 832 diebus
550 805 677 832 mensium
691 804 724 832 ⁵³.
741 805 827 838 Quis?
849 805 1007 832 Maledictus

220 856 301 886 atque
324 851 445 885 perditus
465 851 510 878 ille
526 851 594 877 dies.
621 850 675 878 lsle
698 859 751 878 non
783 851 818 878 sit
851 851 878 878 in
911 850 1007 878 diebus

220 899 294 929 anni.
324 904 411 932 neque
427 903 583 924 numeretur
601 897 627 923 in
641 896 734 924 diebus
760 897 905 923 mensium.
931 895 1009 923 Nunc

218 944 361 971 ostendisti
377 943 528 975 evidenter,
552 951 568 970 ο
587 944 665 970 beate
689 942 750 975 Job,
768 942 829 976 quia
857 949 909 969 non
937 942 1008 969 diem

219 994 351 1017 creatura!
368 989 540 1020 maledixisti,
552 989 614 1023 quia
629 996 679 1015 non
695 988 766 1015 diem
792 988 856 1015 anni
878 988 918 1015 vel
934 995 1009 1015 men-

218 1035 289 1063 sium
306 1035 449 1068 devotasti,
465 1036 510 1062 sed
529 1036 602 1061 illum
614 1035 659 1068 qui
681 1042 732 1061 non
744 1039 786 1061 est
806 1034 831 1060 in
846 1033 1008 1066 substantia,

219 1088 308 1112 neque
324 1082 350 1108 in
367 1089 490 1111 munero,
508 1089 594 1115 neque
616 1081 643 1107 in
660 1084 797 1114 computo.
818 1079 920 1107 Omnes
935 1080 1007 1107 enim

219 1127 279 1155 dies
294 1135 365 1154 anno
390 1131 419 1153 et
441 1126 580 1153 mensibus
606 1126 810 1153 circumdantur
827 1125 867 1152 vel
899 1132 1008 1159 compn-

219 1177 322 1200 tantur.
346 1172 427 1199 Extra
446 1180 545 1198 aunum
574 1177 663 1198 autem
688 1176 715 1198 et
734 1178 842 1198 menses
861 1170 949 1198 nullus
969 1175 1009 1198 est

218 1218 288 1246 dies.
302 1218 373 1252 Ergo
397 1218 419 1245 si
441 1219 499 1244 dies
516 1218 562 1252 qui
580 1217 640 1245 istic
664 1217 821 1244 maledictns
840 1222 881 1243 est
897 1223 928 1243 ac
948 1223 1009 1251 per-

219 1264 292 1291 ditus
304 1269 354 1297 est,
371 1271 423 1291 non
438 1268 480 1291 est
496 1263 523 1290 in
546 1271 627 1295 anno,
652 1269 680 1290 et
697 1268 725 1290 tu
742 1264 808 1290 dicis
825 1271 831 1288 :
852 1262 913 1289 Non
931 1263 966 1289 sit
981 1262 1009 1288 in

218 1309 312 1336 diebus
334 1310 396 1336 anui
416 1317 425 1336 :
446 1317 499 1336 non
526 1314 567 1337 est
583 1310 608 1336 in
624 1309 773 1342 mensibus,
796 1313 823 1336 et
838 1309 906 1335 dicis
925 1317 931 1334 :
947 1307 1008 1334 Non

219 1360 371 1382 numeretur
393 1356 419 1382 in
448 1355 540 1382 diebus
565 1355 704 1387 mensium,
727 1354 792 1380 nihil
809 1359 861 1386 est,
877 1360 1008 1388 nusquam

219 1407 272 1434 est,
283 1402 334 1429 hoc
350 1403 420 1436 quod
435 1409 486 1428 non
498 1406 539 1428 est
557 1400 706 1431 maledicis,
721 1399 859 1426 maledicis
872 1399 943 1426 enim
963 1398 1008 1434 qui

220 1455 275 1475 non
293 1452 336 1474 est
364 1448 454 1481 perire
468 1447 569 1474 volens.
600 1446 632 1473 Et
650 1445 746 1473 merito
763 1444 1008 1480 irreprehcnsibilis

1066 217 1152 243 neque
1169 210 1257 236 videat
1270 208 1409 236 luciferum
1427 209 1558 236 orientem
1574 208 1706 242 Spiritum
1725 215 1858 236 sanctum

1064 253 1232 281 Paracletnm
1247 255 1280 281 de
1298 254 1412 282 excelsis
1431 255 1463 280 ad
1485 254 1620 288 apostolos
1636 253 1767 280 missum.
1783 253 1858 281 Alia-

1064 308 1117 335 que
1131 300 1244 334 plurima
1261 301 1478 328 demonstrantur
1501 308 1533 327 ex
1550 300 1616 333 ipsis
1634 299 1706 326 beati
1724 298 1781 326 Job
1796 306 1855 326 ser-

1063 346 1190 373 monibus
1202 366 1209 376 .
1227 354 1286 380 qua:
1300 347 1326 373 in
1344 347 1542 373 resurrectione
1557 350 1638 379 atque
1659 345 1770 380 judicio
1788 352 1856 378 pne-

1062 392 1173 419 venient
1195 392 1284 426 impiis
1304 397 1386 426 atque
1408 393 1515 427 mjustis
1536 397 1663 425 tanquam
1692 390 1854 417 abortivum

1062 437 1155 466 exiens
1168 440 1200 465 de
1213 444 1306 466 ventre
1319 438 1413 466 matris
1429 446 1494 465 suae
1508 438 1580 469 Illic,
1593 437 1681 471 inquit
1693 458 1700 468 ,
1717 437 1798 470 impii
1813 445 1854 463 re-

1061 485 1212 518 quieverunt
1236 486 1267 511 ab
1292 485 1334 511 ira
1354 484 1547 518 indignationis
1561 503 1568 515 ,
1584 483 1640 510 illic
1664 484 1853 516 requieverunt

1061 532 1178 558 dolentes
1194 531 1341 565 corpore".
1355 525 1421 563 Illic,
1437 530 1534 564 inquit,
1550 530 1576 556 in
1594 530 1812 561 resurrectione,
1826 529 1852 556 in

1061 576 1236 612 inquisitione
1248 596 1256 608 ,
1273 577 1300 603 in
1321 576 1434 609 judicio.
1448 576 1503 603 Illic
1517 576 1588 602 enim
1606 576 1759 610 requiescit
1776 580 1851 602 eate-

1061 629 1111 648 nus
1136 622 1284 657 indignatio
1301 627 1381 655 atque
1409 621 1485 648 furor
1500 621 1642 656 impiorum
1655 641 1662 653 ,
1689 629 1754 647 cum
1769 621 1849 655 digna

1060 668 1114 695 illis
1130 668 1203 694 illata
1222 667 1304 694 fuerit
1320 667 1461 694 damnatio
1474 672 1556 702 atque
1573 671 1742 694 tormentum
1760 675 1767 692 :
1786 672 1849 693 tunc

1059 719 1140 742 erunt
1161 719 1287 749 tanquam
1312 715 1438 741 aborsum
1461 714 1554 740 exiens
1577 714 1610 740 de
1634 718 1732 740 ventre
1752 713 1850 741 matris

1059 768 1113 788 sua!
1126 780 1133 793 ,
1151 761 1223 788 sicut
1251 760 1366 788 infantes
1381 761 1426 794 qui
1442 767 1493 787 non
1515 760 1640 787 viderunt
1663 759 1765 786 lucem.
1781 757 1848 786 Nam

1059 806 1128 833 sicut
1142 807 1263 834 abortiva
1286 807 1318 834 de
1338 811 1432 833 ventre
1448 806 1542 833 matris
1565 813 1621 832 suae
1647 806 1777 832 cxeuntia
1795 812 1848 832 non

1060 852 1187 878 viderunt
1204 851 1289 878 lucem
1304 871 1311 883 ,
1328 852 1374 878 sed
1384 859 1422 879 ex
1439 851 1555 878 tenebris
1576 851 1601 878 in
1618 851 1748 878 tenebras
1761 855 1827 876 eunt
1839 870 1847 883 ,

1059 904 1092 924 ex
1108 898 1226 925 tenebris
1241 901 1323 931 atque
1345 897 1471 932 angustia
1488 897 1557 924 uteri
1582 897 1696 924 materni
1722 897 1749 924 in
1771 902 1849 924 tene-

1059 943 1123 971 bras
1141 948 1169 970 et
1188 943 1326 978 angustias
1346 948 1424 970 terra:
1448 948 1528 976 atque
1552 943 1667 977 sepulcri
1688 952 1694 970 :
1711 944 1752 970 sic
1772 943 1847 977 impii

1059 990 1092 1018 de
1111 990 1229 1017 tenebris
1251 989 1278 1016 in
1303 990 1429 1016 tenebras
1450 993 1534 1021 eunt,
1554 995 1587 1015 ex
1605 989 1729 1023 angustia
1749 988 1778 1015 in
1797 996 1847 1016 an-

1059 1037 1174 1073 gustiam
1189 1036 1368 1070 expellentur,
1387 1036 1419 1062 de
1439 1043 1552 1069 corpore
1569 1036 1596 1062 in
1611 1035 1789 1070 sepulcrum,
1814 1041 1848 1062 ex

1059 1082 1184 1118 sepulcro
1211 1083 1237 1109 in
1261 1081 1412 1116 angustiam
1441 1081 1611 1115 expellenlur
1639 1086 1721 1116 atque
1748 1080 1847 1116 judicii

1058 1128 1261 1155 damnationem
1274 1147 1281 1159 ,
1305 1131 1333 1153 et
1353 1127 1380 1153 in
1396 1126 1522 1152 tenebras
1537 1125 1688 1152 exteriores
1703 1145 1711 1157 ,
1726 1125 1773 1153 ubi
1791 1132 1847 1153 non

1059 1180 1101 1202 est
1122 1175 1167 1201 lux
1181 1195 1189 1206 ,
1206 1182 1293 1209 neque
1310 1173 1437 1200 videbunt
1458 1173 1540 1199 vitam
1563 1172 1698 1199 homines.
1726 1172 1847 1199 Pusillus

1058 1225 1083 1248 et
1094 1229 1215 1255 mugitus,
1231 1220 1329 1254 inquit.
1346 1219 1382 1245 ibi
1396 1223 1433 1245 est
1451 1218 1484 1245 ".
1497 1217 1553 1245 Non
1568 1223 1608 1245 cst
1625 1218 1696 1245 enim
1716 1225 1847 1252 persona—

1060 1273 1117 1293 rum
1133 1270 1260 1299 acceptor
1280 1265 1355 1299 regni
1373 1264 1455 1297 hujus
1469 1271 1526 1290 rex.
1541 1263 1637 1289 Merito
1651 1271 1684 1290 ex
1699 1271 1778 1297 :cquo
1797 1263 1847 1289 im-

1059 1311 1141 1346 pertit
1157 1310 1281 1338 omnibus
1295 1315 1322 1337 et
1347 1309 1452 1345 pusillis
1466 1315 1493 1337 et
1509 1309 1611 1343 magnis
1625 1329 1633 1341 ,
1648 1313 1676 1336 et
1698 1309 1847 1336 humilibus

1059 1362 1086 1385 et
1098 1357 1160 1384 altis
1177 1358 1250 1391 regni
1266 1356 1344 1390 hujus
1358 1355 1499 1383 introitum
1516 1364 1522 1382 :
1543 1355 1596 1382 illis
1607 1362 1674 1382 sane
1695 1354 1741 1389 qui
1756 1362 1847 1389 aequa-

1059 1403 1124 1430 liter
1146 1403 1220 1429 illum
1247 1406 1381 1434 metuunt,
1399 1402 1444 1435 qui
1470 1401 1613 1435 aequaliter
1628 1401 1702 1427 illum
1718 1401 1844 1436 diligunt.

1062 1447 1179 1475 Pusillus
1203 1452 1227 1475 et
1245 1455 1366 1482 magnus.
1392 1447 1429 1473 lbi
1446 1452 1489 1474 est
1515 1445 1634 1472 Lazarus
1653 1445 1767 1480 pusillus
1784 1453 1844 1471 cum

218 1493 248 1521 ir.
264 1493 392 1521 omnibus
416 1499 568 1527 pennanes,
592 1492 750 1519 beatissime
778 1491 824 1518 Dei
846 1491 932 1518 amice
946 1491 1007 1519 Job.
1022 1500 1043 1529 ο
1060 1495 1194 1521 Abraham
1215 1501 1322 1528 magno.
1348 1491 1382 1519 Et
1409 1500 1496 1520 ten-us
1516 1501 1568 1520 non
1588 1493 1681 1519 limem
1710 1492 1845 1519 dominum

218 1539 274 1566 Aut
299 1538 381 1565 ctiam
396 1538 476 1565 aliter
491 1537 672 1572 intelligamus
690 1537 862 1564 maledictum
880 1537 951 1564 hunc
967 1541 1010 1564 at-

218 1592 275 1619 que
286 1584 422 1618 perditum
442 1583 512 1610 diem
525 1583 559 1610 de
575 1590 629 1617 quo
643 1583 710 1609 dicit
726 1591 733 1609 :
749 1582 811 1609 Dies
824 1581 867 1609 ille
883 1583 916 1609 sit
929 1582 956 1608 in
971 1587 1010 1609 te-

219 1630 317 1662 ulnis,
328 1635 352 1656 et
361 1638 411 1656 non
423 1629 539 1664 inquirat
561 1628 635 1655 illum
649 1627 776 1655 Dommus
796 1627 915 1660 desuper.
933 1627 1010 1662 Figu-

218 1681 278 1704 rate
286 1676 421 1711 significat
430 1683 477 1710 per
487 1675 543 1702 haec.
558 1673 692 1702 infelicem
703 1673 776 1701 illum
787 1673 895 1707 Judam,
905 1674 1010 1708 perista

218 1722 252 1749 de
260 1722 338 1756 longe
346 1729 407 1748 eum
420 1721 549 1752 ostendit,
558 1721 603 1756 qui
614 1720 745 1748 debuerat
753 1727 813 1748 esse
823 1720 880 1747 dies
887 1726 1009 1752 serenus,

217 1773 246 1796 et
253 1768 408 1803 splendidus
421 1776 453 1794 ac
468 1767 672 1802 perspicuus,et
682 1766 733 1793 sibi
744 1766 893 1793 luminosus
909 1770 936 1793 et
951 1765 1010 1793 aliis

218 1812 334 1846 lucidus,
346 1813 435 1841 factus
447 1818 488 1841 est
502 1813 662 1840 tenebrosus
673 1819 721 1846 per
741 1811 915 1846 semetipsum
931 1816 1011 1845 atque

217 1860 362 1887 obscurus.
380 1859 457 1886 Hunc
470 1866 534 1893 ergo
549 1858 707 1894 significans
718 1858 797 1885 dicit:
808 1857 871 1884 Dies
884 1856 928 1884 ille
937 1857 972 1884 sit
984 1856 1010 1883 in

220 1905 340 1932 tenebris
350 1906 395 1939 qui
407 1905 494 1931 lucem
507 1904 660 1938 dereliquit,
671 1903 715 1938 qui
731 1902 814 1930 aluce
822 1902 955 1934 discessit,
964 1902 1010 1936 qui

220 1950 308 1978 lucem
316 1951 342 1978 in
353 1956 466 1978 mortem
477 1950 596 1982 tradidit,
604 1953 631 1976 et
645 1957 697 1975 non
707 1949 826 1983 inquirat
838 1949 910 1975 illum
922 1948 1012 1975 Domi-

220 2003 270 2024 nus
279 1998 405 2030 desuper,
419 2004 479 2023 cum
498 1996 652 2030 inquisierit
666 1994 775 2022 Petrum
790 1999 936 2022 etczcteros
947 2001 1012 2027 apo-

219 2042 303 2069 stolos
313 2049 455 2076 resurgens
465 2049 480 2068 a
492 2041 616 2069 mortuis.
624 2040 682 2067 Non
693 2042 727 2068 sit
740 2040 765 2066 in
775 2039 870 2067 diebus
879 2040 952 2071 anni,
961 2040 1012 2066 Ec-

221 2087 313 2116 clesiae
323 2087 516 2115 festivitatibus
526 2093 606 2122 atque
618 2086 891 2118 sanctiﬁcationibus,
902 2094 953 2113 non
976 2086 1012 2113 sit

219 2133 248 2160 in
265 2133 370 2160 unitate
386 2133 524 2165 Ecclesiae,
542 2141 596 2161 non
611 2138 770 2160 numeretur
784 2133 853 2159 inter
868 2132 926 2159 dies
937 2139 1011 2159 men-

219 2179 302 2211 sium,
319 2179 346 2206 in
365 2186 479 2205 numero
494 2179 635 2206 duodecim
661 2178 856 2213 apostolorum,
881 2182 1008 2211 tanquam

220 2225 364 2252 duodecim
381 2225 526 2258 mensium,
551 2225 597 2252 sed
619 2224 743 2251 deleatur
767 2224 799 2251 de
825 2223 893 2250 libro
915 2223 1009 2249 viven-

223 2270 302 2302 tium,
318 2275 346 2297 et
363 2277 424 2296 cum
443 2269 524 2303 justis
540 2278 592 2298 non
606 2271 752 2298 scribatur.
766 2269 812 2297 llis
829 2274 1009 2296 consonanter

221 2315 338 2342 inferius
364 2316 519 2343 universum
543 2317 670 2352 populum
689 2316 843 2343 Judmorum
866 2315 1010 2350 designans

223 2365 306 2395 atque
328 2361 482 2395 increpans,
499 2368 659 2396 noctemque
670 2369 730 2389 eum
745 2368 904 2395 nuncupans
919 2359 985 2387 dicit
999 2369 1006 2387 :

222 2405 404 2433 Obscurentur
419 2406 507 2433 sidera
521 2409 602 2434 noctis
615 2407 698 2434 illius.
713 2407 797 2441 Cujus
816 2406 921 2434 noctis?
936 2406 1009 2434 Illius

222 2453 258 2479 de
271 2454 324 2486 q‘ua
335 2453 399 2479 dicit
416 2452 562 2487 Apostolus
576 2462 582 2479 :
598 2453 660 2479 No.1;
683 2453 815 2486 prweeuit
832 2452 865 2479 ⁸⁸.
894 2452 958 2486 Qua:
971 2453 1010 2480 si-

225 2498 289 2525 dera
306 2497 505 2525 obscurentur?
535 2498 704 2530 Sacerdotes,
720 2504 748 2527 et
763 2498 877 2531 Scribae,
898 2504 926 2526 et
940 2498 1010 2525 Pha-

223 2543 294 2571 risaei
311 2551 318 2570 :
331 2551 390 2571 nam
404 2545 430 2571 hi
441 2546 485 2580 qui
495 2545 644 2572 debuerant
657 2545 682 2571 iu
696 2545 802 2572 modum
812 2545 949 2573 stellarum
961 2545 1012 2571 ful-

223 2588 470 2623 gereatquelucere
478 2590 504 2616 in
514 2589 571 2624 lege
581 2594 707 2624 tanquam
717 2589 743 2616 in
752 2594 840 2622 nocte,
849 2588 938 2617 effecti
949 2592 1012 2616 sunt

223 2640 319 2660 omnes
327 2635 461 2662 tenebrosi
469 2640 549 2670 atque
560 2635 681 2663 obscuri.
694 2634 840 2667 Sustineat,
848 2634 947 2669 inquit,
957 2642 1011 2661 nox

225 2676 427 2708 illaJudaaorum
443 2681 602 2709 tenebrosus
610 2680 733 2716 populus,
743 2681 878 2708 sustineat
890 2688 1011 2708 resurre-

261 2780 284 2796 '°
297 2780 366 2807 Psal.
377 2781 516 2816 xxxtt,15.
553 2782 575 2798 ⁸⁸
595 2781 666 2809 Psal.
682 2789 758 2811 mn.
773 2781 818 2809 22.
856 2782 879 2798 "
896 2781 973 2809 Rom.
986 2790 1015 2815 ιι,
1030 2782 1073 2809 16.

227 2816 252 2832 ⁸⁸
270 2816 334 2844 ibid.
350 2817 391 2844 l9.

1061 1549 1148 1567 suum.
1164 1539 1191 1566 In
1208 1539 1382 1573 corruptione
1396 1545 1467 1565 enim
1481 1545 1534 1565 non
1554 1542 1595 1564 est
1613 1537 1738 1564 dominus
1751 1544 1845 1564 corm-

1060 1586 1174 1622 ptibilis,
1188 1593 1275 1620 neque
1288 1584 1405 1611 carnalis
1417 1603 1425 1616 ,
1441 1584 1487 1611 sed
1503 1591 1563 1610 cum
1582 1582 1739 1617 apparuerit
1764 1582 1845 1609 facies

1060 1632 1179 1660 caelestis
1198 1631 1304 1658 Domini
1329 1636 1412 1664 atque
1426 1629 1526 1664 judicis
1538 1649 1546 1661 ,
1573 1633 1638 1656 tunc
1653 1627 1844 1662 corruptibiles

1061 1683 1143 1712 atque
1156 1678 1278 1705 carnales
1291 1676 1393 1704 domini
1410 1683 1543 1710 nusquam
1558 1675 1737 1710 apparebunt.
1751 1675 1844 1701 Merito

1061 1724 1116 1750 illic
1129 1728 1171 1750 est
1186 1730 1282 1751 servus
1297 1730 1350 1750 non
1367 1723 1465 1749 timens
1480 1721 1616 1748 dominum
1633 1728 1724 1747 suum.
1743 1720 1842 1748 Memo-

1063 1774 1137 1797 ratus
1150 1769 1222 1796 enim
1241 1769 1322 1796 timor
1333 1768 1439 1803 judicii,
1458 1772 1546 1794 terror
1566 1773 1646 1801 atque
1671 1767 1788 1794 formido
1802 1766 1828 1793 fu

1062 1821 1185 1843 tororum
1201 1837 1208 1848 ,
1223 1822 1332 1842 onmem
1353 1815 1477 1842 timorem
1489 1813 1693 1848 corruptibilem
1708 1818 1737 1840 et
1749 1820 1841 1840 carna-

1060 1862 1114 1889 lem
1138 1862 1164 1889 in
1179 1861 1344 1888 oblivionem
1359 1861 1468 1888 deducit
1485 1864 1565 1894 atque
1582 1860 1656 1887 foras
1673 1859 1768 1886 mittit.
1786 1858 1840 1885 Non

1061 1908 1132 1934 enim
1147 1907 1218 1933 servi
1233 1905 1402 1933 dominorum
1423 1905 1527 1932 timoris
1551 1904 1739 1936 recordantnr,
1757 1911 1841 1938 neque

1061 1951 1162 1978 domini
1187 1950 1274 1978 servis
1290 1951 1424 1985 imperare
1450 1954 1607 1976 occurrunt.
1625 1948 1700 1976 Unus
1715 1949 1787 1976 enim
1806 1948 1840 1974 ti-

1061 2004 1121 2024 mor
1146 1996 1330 2031 inquisitionis
1354 2001 1435 2030 atque
1458 1994 1552 2030 judicii
1577 1994 1763 2028 apprehende:
1779 2002 1839 2021 cun-

1060 2048 1131 2070 otos.
1147 2042 1243 2069 Merito
1261 2041 1315 2068 illic
1329 2046 1371 2068 est
1393 2048 1487 2068 servus
1510 2048 1563 2067 non
1589 2041 1687 2066 timens
1707 2040 1838 2067 dominum

1061 2096 1150 2117 suum.
1169 2087 1208 2115 lbi
1225 2092 1267 2115 cst
1284 2087 1386 2114 Abdias
1400 2094 1453 2113 non
1473 2087 1569 2113 timens
1594 2086 1688 2113 Achab
1706 2086 1838 2113 dominum

1061 2141 1151 2161 suum.
1168 2133 1206 2159 lbi
1223 2137 1265 2159 est
1291 2131 1435 2159 Onesimus
1461 2139 1513 2158 non
1537 2132 1635 2158 timens
1658 2130 1837 2158 Philemonem

1025 2169 1047 2196 Β
1062 2180 1199 2207 dominum
1215 2185 1304 2205 suum.
1320 2177 1426 2212 Aliique
1441 2178 1574 2204 innumeri
1590 2177 1763 2212 reperiuntur
1776 2177 1837 2204 etin

1061 2226 1122 2259 lege
1135 2245 1142 2257 ,
1157 2230 1184 2251 et
1203 2225 1228 2251 in
1248 2224 1394 2258 Evangelio
1408 2224 1451 2250 his
1465 2224 1566 2251 similes
1580 2243 1587 2255 ,
1605 2223 1651 2258 qui
1666 2223 1773 2250 caelesti
1788 2223 1837 2249 Do-

1061 2271 1133 2298 mino
1145 2278 1176 2298 ac
1193 2270 1248 2297 Deo
1263 2270 1383 2297 omnium
1398 2269 1558 2301 servientes,
1572 2276 1625 2296 non
1640 2269 1785 2295 timuerunt
1796 2276 1837 2295 su-

1061 2324 1108 2352 per
1121 2322 1221 2344 terram
1241 2316 1364 2344 dominos
1377 2316 1501 2343 carnales
1514 2316 1547 2342 ad
1562 2315 1745 2342 obediendum
1760 2315 1797 2342 eis
1812 2315 1835 2341 in

1061 2363 1150 2395 malis,
1168 2370 1255 2396 neque
1271 2362 1297 2389 iu
1311 2361 1387 2389 ccelis
1400 2369 1448 2388 eos
1472 2361 1567 2388 timent
1581 2362 1607 2388 in
1625 2365 1772 2394 conspectu
1785 2361 1835 2386 veri

1062 2408 1166 2436 Domini
1181 2408 1330 2436 venientes.
1355 2406 1423 2434 Nam
1443 2415 1504 2434 cum
1525 2407 1683 2434 servitutem
1706 2406 1835 2433 carnalem

1062 2461 1129 2488 pure
1144 2454 1182 2480 eis
1206 2458 1285 2488 atque
1300 2454 1395 2481 devote
1421 2453 1607 2480 exhibuissent
1619 2472 1626 2484 ,
1643 2460 1696 2478 non
1712 2452 1836 2478 discesse-

1064 2503 1126 2526 runt
1152 2507 1167 2525 a
1183 2499 1330 2538 .Creatoris
1357 2499 1498 2526 servitute.
1525 2497 1580 2524 Hoc
1598 2504 1715 2531 namque
1739 2501 1834 2532 oportet

1061 2545 1176 2572 reddere
1201 2552 1293 2572 servos
1317 2544 1472 2572 carnalibus
1496 2542 1613 2581 dominis
1636 2543 1714 2574 suis,
1735 2548 1764 2569 ut
1788 2549 1832 2569 non

1062 2589 1198 2622 frandent,
1213 2595 1307 2617 utnon
1325 2589 1550 2622 circumveniant,
1568 2593 1597 2615 ut
1613 2595 1665 2615 non
1683 2587 1834 2614 insidientur

1061 2634 1179 2662 dominis
1200 2635 1256 2661 suis
1271 2654 1279 2667 ,
1297 2638 1327 2661 ut
1346 2641 1398 2660 non
1416 2633 1450 2660 ad
1465 2632 1571 2660 oculum
1587 2631 1727 2663 serviant,
1748 2635 1831 2656 utnon

1061 2680 1089 2708 in
1113 2679 1182 2707 facie
1203 2680 1323 2715 ﬁngant,
1343 2679 1390 2707 sed
1418 2678 1484 2706 foris
1499 2678 1533 2705 ab
1548 2677 1636 2705 oculis
1648 2696 1657 2710 ,
1678 2676 1726 2704 sed
1741 2675 1802 2703 foris
1819 2682 1831 2700 ιι

1111 2783 1195 2810 “Job
1218 2791 1258 2815 Ill,
1271 2783 1298 2810 6.
1336 2782 1358 2798 ³⁵
1373 2781 1451 2809 Rom.
1477 2788 1535 2814 ιιιιι,
1548 2779 1589 2808 12.
1628 2778 1651 2794 ⁸⁸
1666 2778 1716 2807 Job
1736 2787 1775 2813 ιιι,
1793 2778 1827 2806 17.
