1909 3080
72 159 122 188 Sil

548 154 719 191 Apowc'ta
739 160 807 194 PRO
825 163 987 193 ORIGENE.
1008 180 1043 185 —
1064 163 1237 194 nomen.

1646 170 1700 199 523

73 221 143 250 facie
164 228 273 249 omnem
288 221 402 257 gratiam
419 221 538 250 dominis
555 223 612 253 suis
631 224 786 252 ostendant.
803 224 857 252 llu-
874 228 897 256 Α
913 225 975 252 istic
987 232 1035 259 per
1049 225 1172 253 ordinem
1191 246 1198 256 .
1224 230 1251 253 et
1263 230 1361 254 cuncta
1379 234 1439 262 qua
1464 227 1490 255 in
1508 229 1591 264 priori
1608 231 1699 259 multi-

71 267 115 301 jns
128 275 247 302 namque
265 268 303 295 rei
329 268 464 303 ingentem
481 268 508 296 in
523 269 601 299 caelis
615 271 751 305 accipient
767 278 859 298 remu-

72 313 240 341 nerationem
258 321 273 340 a
299 314 412 345 Domino
433 315 554 343 omnium
569 320 651 350 atque
671 316 764 350 judice
779 318 857 344 vivo-

30 387 33 389 _
72 366 129 386 rum
149 363 178 386 et
199 365 378 387 mortuorum.
394 359 427 387 In
447 368 549 388 urvum
571 362 739 390 venundatus
759 366 798 390 est
810 362 858 390 Jo-

70 404 131 438 uplt
146 404 181 435 ",
195 404 243 433 sed
259 405 287 432 in
304 405 375 433 malo
394 410 476 441 atque
490 407 575 442 impio
588 413 651 435 actu
672 416 725 436 non
740 410 858 438 ohedivit

69 449 184 479 dominae
199 457 263 478 sum.
279 450 373 478 Merito
387 456 414 479 et
431 452 456 479 in
479 454 560 480 terris
580 453 606 480 in
621 453 741 490 [Egypto
755 476 763 488 ,
788 461 816 483 et
831 456 858 482 in

72 496 147 526 celis
163 496 191 523 in
210 501 340 531 perpetuo
354 498 540 526 duminabitur
556 499 593 526 illi
607 519 615 532 ,
630 507 691 535 quae
709 501 805 528 illicito
821 501 859 537 ad

70 546 173 576 tempus
193 542 329 571 dominari
352 543 410 570 visa
434 548 488 572 est.
514 544 578 573 Haec
603 546 707 574 scilicet
733 547 858 575 universa

71 593 116 621 pro
133 587 269 614 bonorum
294 588 506 621 commouitione
521 590 641 618 diximus
653 610 660 622 .
686 599 699 618 a
716 592 794 621 beato
809 592 859 620 Job

65 633 146 660 etiam
163 640 215 661 nos
230 634 263 661 de
281 634 326 663 his
343 634 474 662 admoniti
487 656 495 669 ,
510 636 620 665 dicente
634 644 668 665 eo
692 638 834 667 evidenter
850 649 856 666 :

71 679 185 707 Pusillus
199 685 226 707 et
246 689 356 716 magnus
371 681 408 708 lbi
421 688 471 714 est,
492 687 517 710 et
530 691 619 714 servus
635 690 686 711 non
701 684 793 712 timens
813 685 858 712 do-

70 726 164 752 minum
188 733 268 754 suum
282 726 316 754 ".
339 724 458 754 Inveniet
478 727 524 761 qni
551 727 692 762 inquirere
708 728 855 760 studuerit.

69 772 146 801 etiam
162 776 263 800 calere
276 772 328 803 alia
345 772 387 800 ltis
400 773 578 804 consonantia
591 794 599 807 ,
613 778 641 801 et
656 781 687 803 ea
705 782 765 809 quae
783 782 856 804 nunc

912 270 1022 305 pliciter
1038 278 1052 297 a
1065 271 1140 305 justo
1156 271 1200 298 illo
1217 276 1280 299 sunt
1294 273 1364 300 dicta
1382 273 1416 301 de
1432 274 1478 303 Dei
1492 276 1678 311 magnitudine
1689 297 1699 310 ,

911 322 940 345 et
965 317 999 345 de
1013 325 1061 345 sua
1079 317 1222 350 tolerantia
1236 338 1243 350 ,
1262 327 1322 354 quae
1347 321 1476 349 sustinuit
1500 312 1604 357 absque
1619 324 1697 359 culpa

912 363 1043 390 innocens
1062 364 1088 390 in
1106 369 1252 398 conspectu
1270 364 1335 399 Dei,
1353 370 1380 393 et
1401 375 1493 395 coram
1509 369 1634 396 omnibus
1650 369 1699 397 hoc

912 408 1029 435 minibus
1041 428 1049 443 ,
1072 416 1132 444 quae
1147 409 1277 436 sustinuit
1293 417 1354 437 cum
1372 412 1522 446 gratiarum
1544 414 1697 441 actionibus

910 460 993 490 atque
1008 455 1227 484 confessionibus
1251 456 1318 489 Dei,
1335 464 1394 491 quae
1416 459 1545 486 sustinuit
1558 461 1609 496 piae
1628 461 1696 488 tole-

911 501 1006 528 rantia
1025 501 1138 533 formam
1155 503 1279 537 prmbens
1296 503 1321 530 in
1338 509 1471 539 perpetuo
1485 506 1601 534 cunclis.
1621 507 1695 534 Beati

910 547 956 582 qui
981 552 1006 575 te
1035 547 1133 575 fuerint
1163 549 1259 577 imitati
1275 570 1283 582 ,
1298 551 1456 578 beatissime
1471 551 1532 580 Job.
1556 550 1632 580 Beati
1648 553 1696 588 qui

910 597 955 620 tua
981 594 1095 629 vestigia
1120 594 1220 622 fuerint
1237 597 1334 626 secuti.
1360 596 1436 625 Beati
1460 598 1506 633 qui
1524 598 1650 627 similiter
1667 604 1696 628 ut

910 643 938 666 tu
961 639 987 666 in
1004 639 1056 667 [ide
1069 662 1076 674 ,
1090 645 1118 668 et
1133 641 1233 676 pietate
1245 662 1254 676 ,
1272 648 1354 678 atque
1376 644 1402 672 in
1418 644 1538 672 omnlunt
1555 646 1606 673 sibi
1620 647 1694 674 acci-

907 685 1027 713 dentium
1064 687 1206 714 tolerautla
1244 690 1424 717 consummati
1457 690 1568 719 fuerint.
1593 691 1625 718 Hi
1650 699 1694 720 re-

906 730 1047 765 quiescent
1064 733 1091 760 in
1106 738 1237 768 perpetuo
1251 735 1322 769 apud
1340 736 1425 768 Deum
1445 736 1564 770 Patrem,
1576 737 1618 766 cui
1636 738 1694 774 glo-

910 776 949 803 ria
963 776 988 804 in
1007 778 1107 805 smeula
1124 778 1296 808 saeculorum.
1313 781 1409 809 Amen.

73 845 1683 874 mm

131 947 412 1069 0Plllil
460 949 568 1069 lli
614 949 1043 1132 manu:
1095 952 1631 1077 SPlill'l‘lN’l‘ll.

676 1223 1085 1283 ADMONITIO

324 1335 378 1366 AD
397 1334 711 1366 APOLOGETICUM
732 1335 933 1366 LIBELLUM
957 1337 987 1366 S.
1011 1336 1205 1368 PAMPHILI
1227 1337 1434 1369 MARTYRIS

727 1385 805 1416 PRO
826 1385 1014 1417 ORIGENE.

105 1546 125 1577 1.
140 1549 194 1578 Sub
208 1549 289 1581 linem
303 1550 365 1578 anni
381 1549 467 1584 quinti
483 1554 625 1578 commota:
640 1558 654 1577 a
680 1551 846 1579 Diocletiano

902 1552 952 1588 Γὴν
972 1551 1001 1579 δὲ
1022 1552 1091 1588 ὑπὲρ
1120 1552 1273 1588 Ὠριγένους
1286 1552 1471 1587 Ἀπολογίαν,
1489 1552 1527 1585 ὡς
1546 1552 1660 1590 ἔφημεν,
1676 1554 1691 1582 6

73 1594 225 1631 imperatore
246 1595 380 1629 adversus
404 1595 555 1624 Eectesiam
581 1597 798 1630 persecutionis,
821 1597 849 1625 id

74 1647 109 1670 est
122 1642 216 1671 Christi
231 1642 297 1675 307,
317 1642 484 1678 Pamphilus,
502 1642 611 1670 natione
626 1642 754 1675 Phoenix,
768 1643 848 1672 domo

74 1685 196 1722 Berytius,
222 1687 318 1720 Pierii,
341 1692 371 1714 ut
394 1687 491 1715 scribit
513 1686 639 1720 Photius,
658 1688 849 1716 Alexandrina:

75 1730 189 1761 Ecclesia
207 1733 360 1768 presbyteri
380 1733 539 1769 discipulus.
557 1732 603 1768 qui
620 1737 675 1761 tum
701 1734 774 1762 inter
788 1733 847 1762 (ἰτε-

76 1779 192 1808 sariensis
206 1779 336 1808 Ecclesia:
356 1779 531 1815 presbyteros
547 1780 693 1812 eminebat.
710 1784 806 1816 captus
821 1784 849 1808 et

78 1823 100 1851 in
111 1832 240 1854 carcerem
258 1825 409 1861 coniectus,
431 1826 535 1854 biennii
554 1827 670 1862 spatium
685 1826 713 1854 in
736 1826 849 1854 vinculis

76 1871 162 1905 exegit.
179 1872 215 1900 Eo
238 1877 361 1908 tempore
376 1872 508 1901 Eusebius
526 1873 642 1900 amicum
658 1877 685 1901 et
701 1874 848 1901 contuber-

77 1918 152 1948 nalem
170 1927 248 1949 suum
273 1919 392 1948 invisens
418 1919 538 1952 assidue.
559 1928 607 1948 seu
631 1919 769 1950 communi
785 1927 847 1951 cum

77 1971 216 1992 eocarcere
231 1964 361 1996 inclusus.
387 1969 414 1992 ut
427 1965 466 1991 ait
485 1964 604 1996 Photius,
623 1965 742 2000 quinque
762 1965 848 1993 libros

78 2008 227 2044 Dcfcntiunis
263 2010 387 2046 Origenis
414 2011 439 2038 in
467 2018 578 2038 carcere
609 2017 660 2038 una
692 2018 754 2038 cum
783 2011 847 2044 illo,

77 2061 169 2083 sextum
195 2065 258 2085 vero
280 2062 308 2084 et
337 2056 460 2083 ultimum
485 2056 606 2092 ejusdem
629 2058 719 2090 operis
748 2057 847 2086 librum

78 2107 172 2130 mortuo
192 2103 298 2130 demum
322 2103 441 2133 absolvit
466 2102 621 2138 Pamphilo.
657 2100 754 2130 Totum
779 2110 847 2138 opus

79 2147 261 2176 conlessoribus
280 2149 312 2175 ad
335 2148 443 2176 metalla
463 2148 613 2178 Palaestinae
638 2149 797 2185 degentibus
813 2149 846 2178 ab

79 2189 180 2221 Eusebio
193 2198 220 2221 et
237 2193 377 2229 Pamphilo
404 2199 588 2229 nuncupatum
600 2199 652 2228 est,
668 2195 846 2229 quemadmo-

900 1598 1043 1633 Πάμφιλος
1070 1599 1119 1625 σὺν
1145 1596 1268 1634 Εὑσεὸίῳ
1281 1597 1478 1634 καθειργμένος
1497 1598 1536 1633 τῷ
1560 1599 1690 1635 οἰκήματι

902 1644 1108 1680 συνεγράψατο,
1138 1643 1186 1670 καὶ
1214 1643 1316 1679 ταύτην
1342 1643 1410 1679 πρὸς
1439 1644 1557 1685 τοὺςίὲν
1590 1644 1689 1679 μετάλ-

900 1690 956 1722 λοις
971 1690 1014 1717 διὰ
1033 1689 1149 1726 Χριστὸν
1164 1690 1437 1725 ταλαιπωρουμένους
1449 1689 1630 1725 διεπέμψατο·
1651 1687 1690 1719 ὧν

898 1734 933 1772 ἦν
946 1736 977 1763 τὸ
993 1735 1156 1772 ἀκροθίνιον,
1184 1735 1399 1771 Πατερμούθιος,
1424 1735 1438 1761 ὀ
1451 1735 1520 1771 μετὰ
1535 1735 1622 1771 βραχὺ
1639 1736 1689 1772 τῆς

900 1782 1042 1818 Παμφίλου
1059 1781 1229 1813 ἀναλύσεως,
1251 1781 1295 1808 διὰ
1309 1781 1395 1817 πυρὸς
1408 1782 1456 1807 καὶ
1467 1780 1549 1813 αὐτὸς
1564 1782 1612 1808 σὺν
1629 1781 1689 1808 ὲτέ-

899 1837 958 1865 ροις
971 1827 1016 1855 τὸν
1040 1827 1097 1863 βίον
1115 1824 1277 1859 τελειωθείς.
1298 1836 1307 1853 ι
1326 1826 1390 1860 Ejus
1413 1834 1496 1861 porro
1520 1826 1688 1862 Apologiam,

900 1879 929 1902 ut
942 1875 1072 1906 diximus,
1089 1873 1245 1907 Pamphilus
1261 1880 1313 1900 una
1333 1880 1394 1900 cum
1411 1872 1536 1905 Eusebio,
1551 1873 1689 1901 communi

900 1928 1012 1949 carcere
1031 1919 1129 1949 inclusi
1146 1920 1378 1955 conscripserunt,
1394 1918 1572 1954 eamdemque
1586 1919 1620 1947 ad
1639 1927 1688 1947 eos

899 1967 944 2003 qui
962 1975 1010 2003 pro
1022 1966 1123 1995 Christi
1139 1966 1248 1994 nomine
1262 1966 1295 1992 ad
1319 1966 1426 1993 metalla
1441 1966 1559 1993 damnati
1576 1973 1688 1994 exerce-

899 2013 1009 2045 bantur.
1034 2012 1213 2040 consolationi
1239 2012 1389 2045 miserunt;
1422 2018 1537 2046 quorum
1561 2012 1687 2046 princeps

899 2061 960 2085 erat
982 2056 1196 2089 Patermuthius,
1222 2056 1268 2091 qui
1283 2059 1344 2090 post
1365 2055 1496 2090 Pamphili
1512 2063 1559 2090 per
1585 2061 1688 2091 marty-

900 2101 969 2128 rium
1006 2098 1227 2136 emigrationem,
1266 2100 1342 2128 brevi
1377 2100 1519 2135 interjecto
1554 2105 1684 2135 tempore,

898 2145 1015 2174 ﬂammis
1034 2151 1061 2173 et
1078 2147 1135 2181 ipse
1159 2153 1220 2173 cum
1237 2145 1298 2173 aliis
1316 2146 1370 2172 vita
1389 2145 1481 2180 pulsus
1504 2150 1554 2173 est.
1573 2155 1582 2171 I
1600 2145 1686 2182 Hujus

899 2192 1033 2226 Apologia:
1052 2191 1183 2219 Eusebius
1205 2191 1252 2218 lib.
1271 2199 1297 2218 vr
1313 2190 1384 2218 Hist.
1411 2191 1487 2224 ποίη
1512 2199 1573 2226 cap.
1589 2191 1634 2224 35,
1648 2192 1687 2219 sic

81 2236 132 2264 dum
143 2240 232 2266 scribit
255 2240 324 2266 idem
341 2238 453 2267 Photius
468 2239 622 2266 Bibiiothec.
646 2239 739 2266 codice
763 2246 846 2266 cxvm

902 2238 1023 2265 mentinit
1043 2247 1050 2265 :
1068 2237 1138 2265 ’Ὀσα
1164 2238 1192 2264 δὲ
1211 2238 1344 2272 ἀναγκαῖα
1358 2237 1412 2264 τῶν
1423 2237 1487 2273 περὶ
1502 2237 1583 2264 αὐτὸν
1599 2237 1687 2274 (Ὦρι-

81 2281 116 2309 his
126 2284 207 2311 verbis
222 2293 229 2311 :
249 2284 418 2320 ’Δνεγνώσθη
433 2284 575 2320 Παμφίλου
588 2284 634 2311 τοῦ
650 2283 788 2320 μάρτυρος
800 2284 847 2311 καὶ

82 2327 192 2356 Εὐσεΰιου
215 2330 284 2366 ὑπὲρ
302 2331 464 2366 Ὠριγένους⁶
481 2330 558 2366 τόμοι
582 2329 610 2357 δὲ
633 2330 662 2356 τὸ
679 2329 779 2365 βιϐλίον
806 2329 845 2363 ἒξ,

81 2369 110 2399 ὧν
120 2375 141 2401 οἱ
155 2376 200 2411 μὲν
215 2377 306 2409 πέντε,
324 2376 458 2412 Παμφίλῳ
467 2375 498 2402 τὸ
513 2376 699 2411 δεσμωτήριον
711 2375 845 2407 οἰκοῦντι,

82 2423 250 2458 συμπαρόντος
278 2424 325 2451 καὶ
357 2422 497 2453 Εὑσεῦίου,
527 2421 746 2457 ὲξεπονήθησαν·
771 2423 785 2448 ὁ
818 2421 846 2448 δὲ

83 2465 155 2499 ἕκτος.
173 2470 231 2496 ἐπεὶ
246 2471 260 2496 ό
284 2469 389 2505 μάρτυς
406 2469 476 2503 ξίφει
489 2467 536 2495 τοῦ
561 2467 610 2504 ζῇν
629 2467 772 2503 ἀπαχθεὶς,
801 2468 846 2494 ἀν-

83 2512 148 2540 ιλυσε
170 2515 234 2551 πρὸς
251 2515 281 2542 ὃν
296 2515 386 2542 ἐπόθει
409 2515 484 2547 Θεὸν,
510 2513 631 2550 Εὑσεὸίῳ
649 2513 741 2541 λοιπὸν
757 2513 847 2549 ἀπαρ-

84 2558 178 2590 τίζεται.
193 2571 203 2588 ι
223 2561 297 2589 Lecti
310 2566 375 2589 sunt
397 2561 530 2596 Pamphili
552 2560 682 2596 martyris
698 2566 725 2588 et
740 2559 847 2587 Eusebii

86 2608 125 2635 Pro
138 2604 244 2641 Origene
260 2607 319 2635 libri
334 2614 392 2639 sex,
405 2614 520 2642 quorum
537 2606 657 2641 quinque
668 2611 731 2634 sunt
741 2614 755 2633 a
766 2606 846 2634 Pam-

87 2648 146 2681 philo
160 2651 184 2679 in
205 2661 322 2685 carcere.
348 2657 480 2687 praesente
502 2652 583 2680 etiam
608 2651 738 2683 Eusebio.
753 2652 846 2679 elabo-

88 2695 128 2722 rati
143 2703 250 2727 :sextus
264 2706 328 2728 vero
341 2704 484 2734 postquam
503 2698 559 2733 jam
575 2704 678 2734 martyr
700 2698 771 2725 ferro
791 2698 846 2733 pri-

89 2745 152 2769 vatus
163 2743 224 2776 vita.
248 2745 281 2773 ad
301 2746 379 2773 unice
394 2745 577 2773 desideratum
598 2745 681 2772 Deum
703 2744 844 2780 migrarat,

90 2784 230 2819 thuseb'to
248 2796 291 2818 est
307 2790 455 2823 absolutus.
476 2801 486 2818 ι
508 2790 542 2819 Ει
555 2791 648 2826 paucis
670 2790 820 2825 interjectis
837 2797 844 2815 :

99 2872 188 2904 "Psal.
201 2886 251 2912 etv,
267 2880 308 2909 l7.
344 2881 367 2897 ⁸⁷
382 2880 431 2908 Joh
446 2889 490 2913 tu,
505 2881 546 2908 19.

172 2924 298 2956 Parnm"
321 2928 377 2958 Gn.
404 2927 501 2958 XVII.

898 2284 990 2320 γένην)
1016 2285 1160 2320 διαγνῶναι
1173 2283 1218 2320 ἦν,
1233 2284 1319 2311 ταῦτα
1333 2285 1379 2311 καὶ
1394 2285 1426 2311 ὲκ
1445 2285 1495 2320 τῆς
1518 2284 1589 2320 ὑπὲρ
1605 2284 1686 2311 αὐτοῦ

899 2329 1089 2367 πεπονημένης
1102 2331 1167 2367 ἡμῖν
1178 2339 1208 2357 τε
1225 2330 1271 2357 καὶ
1286 2330 1325 2366 τῷ
1337 2330 1397 2357 καθ’
1413 2331 1486 2366 ἡμᾶς
1504 2330 1569 2365 ἱερῴ
1584 2329 1687 2366 μάρτυ-

899 2384 926 2411 ρι
953 2375 1087 2411 Παμφίλῳ
1116 2376 1302 2411 Ἀπολογίας,
1330 2375 1461 2411 πάρεστιν
1488 2375 1685 2409 ἀναλέξασθαι·

897 2421 930 2456 ἢν
948 2420 1002 2447 τῶν
1020 2420 1159 2456 φιλαιτίων
1172 2421 1252 2448 ἕνεκα
1267 2422 1489 2458 συμπονήσαντες
1497 2422 1632 2457 ἀλλήλοις,
1643 2421 1687 2449 διὰ

899 2466 1016 2501 σπουδῆς
1028 2466 1211 2502 πεποιήμεθα.
1232 2476 1241 2493 t
1257 2466 1429 2502 Quaacunque
1442 2474 1508 2495 vero
1519 2474 1631 2494 necesse
1644 2472 1687 2494 est

900 2512 933 2538 de
954 2511 999 2538 illo
1016 2511 1156 2548 (Origene)
1179 2520 1336 2548 agnoscere,
1363 2520 1394 2540 ea
1423 2513 1477 2548 peti
1509 2517 1623 2546 possunt
1651 2521 1686 2540 ex

899 2557 1067 2592 Apalogetico
1096 2559 1142 2592 qui
1169 2566 1184 2585 a
1212 2558 1290 2586 nobis
1316 2563 1344 2585 et
1367 2565 1382 2585 a
1404 2562 1578 2585 sacrosancto
1599 2558 1685 2585 nostri

902 2604 1032 2638 temporis
1061 2609 1180 2640 martyre
1199 2603 1342 2639 Pamphilo
1365 2611 1416 2639 pro
1440 2603 1512 2631 illius
1531 2603 1686 2631 defensione

902 2650 1070 2686 conscriptus
1087 2655 1145 2684 est;
1171 2658 1251 2685 quem
1269 2650 1377 2685 quidem
1401 2657 1451 2678 nos
1471 2655 1582 2685 propter
1604 2649 1687 2677 male-

899 2696 975 2724 volos
991 2697 1121 2731 quosdam
1134 2697 1334 2725 obtrectatores
1345 2696 1484 2724 communi
1497 2696 1587 2725 studio
1603 2700 1686 2731 atque

898 2749 980 2778 opera
995 2742 1109 2777 junctim
1129 2743 1339 2773 elaboravimus.
1365 2752 1375 2770 ι
1403 2743 1532 2771 Socrates
1555 2743 1620 2770 item
1636 2742 1684 2770 lib.

899 2796 928 2816 tu
954 2787 1024 2817 Hist.
1041 2789 1146 2824 ualet,
1170 2797 1231 2825 cap.
1254 2789 1271 2816 7
1292 2797 1299 2816 :
1329 2789 1469 2825 Ὠριγένης
1491 2788 1521 2815 δὲ
1546 2786 1685 2824 πανταχοῦ

1492 2922 1530 2952 17
