1909 3080
230 161 283 190 5‘25

830 160 859 188 S.
880 160 1042 187 PAMPIIILI
1062 158 1244 188 MABTYRIS

1806 163 1866 192 525

231 223 280 258 μὲν
296 223 325 250 ὲν
341 224 395 254 τοῖς
423 221 579 257 φερομένοις
605 221 686 248 αὑτοῦ
705 221 818 257 βιϐλίοις
834 221 954 257 ἔμψυχον
969 221 1003 248 τοι

1066 222 1198 252 exercuit,
1216 221 1315 247 nullam
1333 220 1358 248 in
1376 227 1425 248 suo
1438 220 1566 256 Catalogo
1581 220 1698 248 virorum
1712 221 1865 249 illustrium

229 269 474 304 ὲνανθρωπήσαντα
490 265 558 294 οἶδεν
571 276 578 282 θ
604 267 695 299 ιδικῶς
717 268 745 294 δὲ
766 269 780 294 ὁ
805 269 848 300 εις
860 267 918 302 τὴν
930 267 1018 294 Γένε-

228 322 281 341 σιν
290 313 364 349 αὐτῷ
376 313 562 348 πεπονημένος
576 313 685 345 {vva-mc
696 314 788 349 τόμος,
803 313 835 340 τὸ
847 314 910 349 περὶ
922 314 1017 340 τούτου

229 357 375 392 μυστήριον
403 357 584 392 ἐφανέρωσεν,
606 358 670 384 ἔνθα
704 358 788 393 ’Λδὰμ
816 358 865 392 μὲν
880 358 925 384 τὸν
952 359 1017 394 Χρι-

227 404 298 436 στὸν,
317 403 387 429 Εὕαν
400 403 497 439 δὲ,τὴν
513 404 674 439 Ἐκκλησίαν
691 402 758 430 εἶναι
772 404 937 440 πλατύτερον
953 414 1017 432 κατ-

226 449 372 476 εσκεύασε·
401 450 539 485 μάρτυρες
565 449 667 477 τούτων
691 450 852 483 ἀξιόπιστοι,
873 451 927 478 ὅτε
945 451 1016 486 ἱερὸς

227 495 377 530 Πάμφιλος,
404 496 450 522 ια).
472 496 486 521 ὁ
507 495 536 528 ἐξ
562 496 644 523 αὐτοῦ
659 496 835 532 χρηματίζων
864 497 993 529 Εὐσέϐιος
1006 507 1012 513 ’

224 542 308 577 ἄμφω
324 541 378 578 γὰρ
393 544 469 578 κοινῇ
484 543 529 569 τὸν
551 542 702 578 Ὠριγένους
716 543 926 579 παρατιθέμενοι
947 543 1013 578 βίον,

224 587 271 614 καὶ
287 587 355 622 πρὸς
374 587 436 618 τοὺς
458 588 490 613 ὲκ
517 586 678 622 προλήψεως
690 587 927 622 ἀπεχθανομένους
946 587 1014 622 πρὸς

224 633 270 660 τὸν
286 633 371 669 ἄνδρα
392 632 574 664 ἀπαντῶντες,
601 632 714 665 ἐνδόξοις
738 632 850 667 βιϐλίοις
866 633 1012 667 ἀπολογίαν

225 679 295 714 ὑπὲρ
320 678 402 706 αὑτοῦ
424 678 589 714 ποιούμενοι,
613 679 643 704 οὐ
671 678 778 713 πρῶτον
801 679 940 714 Ὠριγένην
966 679 1012 706 ἐπὶ

222 725 325 761 ταύτην
337 725 386 761 τὴν
399 725 590 761 πραγματείαν
605 726 691 753 ἐλθεῖν
710 734 801 760 φασιν,
819 726 886 753 ἀλλὰ
898 727 947 762 τὴν
962 727 1012 762 τῆς

230 771 392 807 Ἐκκλησίας
414 771 547 806 μυστικὴν
562 772 727 807 ἑρμηνεῦσαι
740 771 896 808 παράδοσιν.
919 781 927 797 ι
947 772 1010 800 Ori-

223 823 305 850 genes
329 823 435 851 quoqma
460 816 487 844 in
515 817 642 844 omnibus
668 817 745 843 libris
771 817 838 849 suis,
871 817 1009 845 Christum

225 862 359 890 hominem
381 862 481 890 factum
505 863 595 890 anima
623 863 763 898 praeditum
784 871 843 891 esse
861 864 1006 897 agnoscit:

1070 267 1234 293 mentionem
1250 267 1321 293 fecit.

1105 312 1135 339 ll.
1152 313 1230 340 Anno
1254 312 1357 340 Christi
1383 312 1445 345 597,
1464 312 1589 344 Rufinus,
1615 320 1631 340 e
1658 313 1804 340 Palzcstina
1834 314 1862 340 in

1069 357 1171 384 Italiam
1186 365 1200 384 a
1226 364 1321 385 sancto
1337 358 1505 389 Chromatio,
1522 357 1703 392 Aquileiensis
1727 359 1864 387 Ecclesiae

1067 404 1205 439 episcopo,
1226 409 1364 436 evocatus,
1383 405 1427 431 ubi
1450 405 1563 432 Romam
1591 405 1711 437 advenit,
1737 406 1862 442 primum

1067 450 1147 484 hujus
1162 451 1295 485 Apologia:
1325 451 1424 478 librum
1450 451 1546 478 Latine
1571 451 1664 481 vertit.
1682 456 1710 478 et
1728 452 1781 478 sub
1798 452 1861 480 solo

1066 496 1192 531 martyris
1215 495 1348 531 Pamphili
1375 497 1485 524 nomine
1510 497 1668 531 publicavit.
1690 497 1747 524 Cur
1764 502 1858 525 autem

1067 541 1092 568 id
1107 542 1197 576 operis
1208 549 1354 576 aggressus
1367 543 1411 573 sit.
1427 542 1466 570 sic
1478 542 1534 577 ipse
1549 543 1661 576 exponit
1674 542 1722 569 lib.
1738 550 1745 569 ι
1762 543 1858 570 adm-

1064 595 1109 614 suu
1126 586 1337 622 Hieronymum:
1351 597 1360 612 (
1377 586 1425 613 Vir
1441 587 1501 620 lidc,
1518 588 1681 618 eruditione,
1697 587 1857 620 nobilitate,

1064 632 1117 658 vita
1132 631 1222 659 clarus
1236 632 1370 660 Macarius
1388 641 1448 659 cum
1472 633 1601 667 opuscula
1617 633 1750 660 adversus
1768 633 1857 661 fatum

1063 677 1103 705 vel
1120 678 1260 705 mathesim
1279 679 1391 706 haberet
1410 678 1436 706 in
1463 678 1600 711 manibus,
1630 686 1719 712 eaque
1735 679 1796 706 utili
1827 685 1856 707 et

1063 725 1265 758 pernecessario
1291 725 1388 752 sudore
1416 730 1591 760 componeret
1617 734 1624 752 :
1651 725 1677 752 in
1705 725 1856 759 aliquantis

1061 777 1136 803 vero,
1149 771 1211 805 quia
1227 775 1288 798 erat
1304 770 1467 806 perdiﬁiciljs
1485 772 1609 803 materia,
1624 772 1657 799 de
1673 772 1776 799 divina:
1789 772 1855 800 Pro-

1061 817 1186 844 videntia:
1212 817 1458 852 dispensationibus
1481 817 1631 850 haesitaret,
1660 825 1710 851 per
1725 825 1853 853 soporem

1060 862 1111 889 sibi
1128 870 1142 888 a
1158 863 1271 889 Domino
1286 862 1338 890 tale
1352 863 1452 897 aliquid
1466 863 1574 890 dicebat
1589 868 1732 890 ostensum
1748 872 1756 890 :
1779 865 1852 898 quod

223 909 269 936 sed
286 908 439 943 specialiter
453 909 479 936 iu
495 917 566 936 nono
581 914 654 936 tomo
673 909 928 936 Commentariorum
941 918 1009 945 quos
1026 896 1046 924 Β
1061 907 1137 933 navis
1152 907 1176 934 ei
1193 907 1315 941 quaedam
1333 908 1566 935 demonstraretur
1579 909 1687 936 eminus
1703 909 1853 936 adventare

222 955 333 990 scripsit
347 955 374 982 in
395 954 526 987 Ceneu’m,
546 955 626 991 hujus
654 956 692 983 rei
711 961 910 983 sacramentqu
926 964 1009 992 expo-

221 1000 260 1026 nit
276 1007 284 1026 :
300 1008 353 1034 quo
374 999 432 1028 loco
451 1000 583 1027 Adamum
604 1001 712 1035 quidem
728 1000 840 1033 Christi,
868 1001 950 1028 Evam
963 1010 1010 1029 au-

218 1039 273 1073 tem
287 1045 414 1073 Ecclesia:
429 1051 521 1081 typum
535 1053 630 1082 gerere
641 1046 764 1081 pluribus
775 1047 863 1074 verbis
877 1048 1006 1075 asseruit.

220 1090 304 1125 Hujus
317 1091 355 1118 rei
374 1096 455 1118 testes
482 1096 546 1118 sunt
566 1091 771 1125 locupletissimi
799 1091 828 1120 S.
849 1091 1007 1127 Pamphilus

219 1142 257 1171 et,
271 1138 314 1172 qui
328 1137 364 1164 ab
383 1137 429 1164 illo
449 1144 547 1164 nomen
566 1137 659 1170 traxit,
674 1137 816 1166 Eusebius.
832 1139 919 1166 Ambo
934 1140 1006 1167 enim

219 1189 279 1210 cum
296 1182 377 1210 simul
392 1182 479 1217 juncti
498 1182 580 1209 vitam
605 1181 729 1217 Origenis
745 1183 961 1217 c0uscriberent,
979 1189 1007 1212 et

219 1232 254 1260 iis
265 1232 310 1267 qui
329 1240 362 1259 ex
380 1232 526 1266 anticipata
554 1231 671 1266 quadam
690 1232 818 1267 opinione
841 1240 902 1260 eum
925 1241 1005 1261 aver-

219 1279 358 1310 sabantur,
375 1277 578 1312 responderent,
594 1277 620 1305 in
634 1278 771 1312 praeclaris
788 1278 841 1306 illis
853 1279 928 1307 libris
937 1287 1005 1314 quos

219 1332 268 1359 pro
291 1324 349 1359 ejus
369 1324 525 1351 defensione
546 1323 757 1357 elucubrarunt,
781 1324 923 1360 Origenem
949 1333 1003 1354 non

219 1372 334 1406 primum
358 1372 385 1399 in
403 1372 453 1399 hoc
473 1376 631 1407 argumento
648 1377 786 1400 versatum
817 1380 878 1400 esse
900 1373 1003 1406 dicunt,

218 1419 265 1445 sed
278 1418 420 1453 mysticam
435 1418 563 1446 Ecclesiae
577 1418 749 1446 traditionem
765 1426 824 1446 esse
839 1419 1004 1453 interpreta-

221 1471 286 1492 tum.
303 1475 312 1492 ι
331 1465 473 1492 Socratem
487 1465 610 1500 sequitur
625 1465 794 1500 Nicephorus
809 1465 936 1494 Callistus
954 1466 1002 1494 lib.

219 1521 247 1545 x,
262 1519 322 1546 cap.
346 1511 391 1539 Η.
413 1512 572 1547 Anonymus
596 1517 703 1545 auctor,
726 1512 772 1547 qui
800 1518 875 1539 sexto
905 1513 1003 1540 sarculo

217 1553 346 1592 cpiﬂolas
360 1557 503 1593 synodicae
529 1564 544 1584 a
562 1557 595 1586 ll.
613 1557 641 1584 P.
657 1556 732 1592 Lupo
745 1557 831 1584 editas
841 1557 959 1592 collegit,
976 1558 1002 1584 in

217 1604 273 1631 suis
288 1604 320 1630 ad
335 1603 477 1638 epistolam
502 1603 552 1630 l98
568 1603 807 1632 observationibus
823 1603 904 1638 hujus
919 1604 1000 1631 etiam

216 1652 256 1679 sic
274 1651 414 1679 meminit:
432 1659 442 1676 ι
466 1651 598 1678 Eusebius
619 1651 644 1678 in
665 1657 747 1686 opere
763 1650 932 1686 apologetico
953 1658 1002 1685 pro

216 1697 331 1733 Origene
343 1703 371 1724 ct
382 1697 552 1732 dogmatibus
561 1697 630 1732 eius,
644 1697 670 1724 id
682 1702 734 1730 est,
745 1704 793 1731 pro
810 1698 1001 1732 przeexsisten-

217 1744 253 1771 tia
279 1748 308 1770 et
335 1743 506 1771 restitutione
532 1743 695 1778 composito,
720 1743 793 1777 quod
820 1743 947 1779 martyris
975 1750 1002 1770 et

216 1789 298 1824 ipsius
318 1789 425 1817 Eusebii
446 1789 621 1816 Caesariensis
646 1789 799 1816 nominibus
821 1793 999 1823 praenotatur,

216 1836 306 1862 multis
322 1835 398 1862 valde
413 1835 620 1870 prmcedentium
634 1834 744 1862 Patrum
760 1835 923 1864 tcstimouiis
936 1843 1000 1864 usus

214 1887 255 1908 est
272 1889 320 1916 pro
336 1881 471 1914 pncdiCtis
489 1882 638 1908 erroribus.
660 1891 668 1907 ι
686 1881 762 1914 Quod
785 1887 875 1909 autem
892 1883 929 1909 ait
947 1882 1001 1909 En-

214 1927 304 1954 sebius
319 1928 387 1954 hanc
398 1935 413 1954 a
424 1935 452 1955 se
465 1932 492 1954 et
506 1935 519 1953 a
534 1931 653 1963 martyre
665 1927 806 1963 Pamphilo
819 1928 999 1963 Defensionem

214 1972 334 2008 Origrnis
359 1973 440 2001 fuisse
464 1973 649 2008 conscriptam
677 1983 686 1999 ι
715 1978 826 2008 propter
853 1973 999 2001 malevolos

213 2019 343 2049 quosdam
358 2020 566 2050 obtrectatores,
585 2028 594 2045 ι
613 2019 685 2046 haud
707 2019 765 2046 scio
782 2027 815 2046 an
833 2027 886 2046 non
905 2020 998 2054 praeci-

213 2073 264 2099 pue
282 2065 408 2100 respiciat
429 2065 603 2099 Methodium,
618 2065 722 2100 Olympi
741 2065 767 2092 in
796 2065 877 2101 Lycia
891 2065 998 2100 episco-

213 2119 285 2146 pum,
304 2111 349 2146 qui
371 2117 426 2138 tmu
448 2111 601 2138 eruditione
623 2111 819 2139 celeberrinms
841 2117 910 2139 erat.
931 2111 997 2138 Nam

214 2157 365 2193 «{Eusehins
374 2147 548 2184 Cagsarieusls
565 2157 708 2192 episcopus
720 2167 731 2183 ι
747 2158 842 2193 (verba
856 2163 918 2185 sunt
934 2157 998 2186 Hie-

213 2204 315 2239 ronymi
333 2204 380 2231 lib.
395 2211 402 2230 l
417 2203 550 2242 Apologia
567 2203 692 2230 adversus
709 2202 848 2238 Ruﬁnum)
867 2203 893 2230 in
919 2209 997 2230 sexto

1061 959 1108 986 per
1130 953 1251 987 pelagus,
1278 960 1341 987 qua:
1369 961 1430 981 cum
1457 958 1564 987 portum
1586 953 1684 981 fuisset
1714 954 1849 989 ingressa.

1058 999 1145 1025 nodos
1157 1006 1212 1025 sum
1227 999 1405 1027 luesitationis
1418 1000 1581 1027 absolveret.
1599 1000 1759 1035 Exsurgens
1772 1008 1847 1032 vero,

1058 1051 1119 1070 cum
1134 1044 1167 1071 de
1182 1044 1242 1071 visu
1266 1044 1399 1072 sollicitus
1417 1045 1560 1079 cogitaret,
1584 1053 1633 1072 nos
1657 1046 1850 1080 supervenisse

1057 1090 1148 1117 aiebat
1159 1090 1186 1117 in
1200 1095 1336 1125 tempore:
1350 1091 1449 1125 quibus
1461 1092 1590 1118 continuo
1600 1096 1627 1118 et
1641 1091 1774 1125 opuscula
1787 1099 1849 1124 sua,

1057 1141 1084 1163 et
1107 1137 1310 1172 ambiguitatem
1334 1137 1475 1169 iudicavit,
1500 1143 1528 1165 et
1549 1138 1648 1164 visum.
1673 1137 1744 1170 Quid
1767 1144 1849 1171 porro

1056 1183 1196 1217 Origenes,
1209 1191 1288 1218 quem
1306 1184 1526 1218 opinatissimum
1540 1184 1610 1219 apud
1625 1183 1737 1211 Graecos
1756 1183 1847 1211 audie-

1058 1234 1110 1262 rat,
1130 1229 1245 1256 sentiret
1263 1229 1296 1257 de
1321 1230 1419 1257 talibus
1441 1234 1645 1264 percunctatur,
1671 1230 1848 1265 breviterque

1056 1275 1107 1303 sibi
1135 1272 1194 1309 ejus
1221 1275 1255 1303 de
1285 1276 1400 1311 singulis
1427 1276 1580 1311 quibusque
1602 1277 1755 1304 sententias
1785 1282 1847 1305 orat

1055 1323 1164 1356 exponi.
1179 1322 1234 1358 Ego
1259 1330 1315 1350 rem
1343 1323 1462 1356 primum
1477 1323 1600 1351 dicebam
1620 1323 1692 1350 factu
1707 1331 1768 1351 esse
1779 1323 1846 1351 dilli-

1055 1368 1150 1400 cilem;
1176 1374 1298 1396 sanctum
1317 1373 1405 1396 tamen
1424 1369 1593 1404 Pamphilum
1612 1375 1762 1405 martyrem
1788 1370 1845 1397 dixi

1055 1415 1171 1448 quadam
1191 1422 1223 1442 ex
1244 1419 1320 1449 parte
1336 1414 1390 1442 tale
1412 1415 1514 1450 aliquid
1533 1415 1622 1450 operis
1646 1416 1845 1450 conscripsisse

1055 1460 1082 1487 in
1099 1460 1268 1495 Apologetico
1284 1468 1343 1488 suo.
1360 1460 1496 1488 Continuo
1517 1461 1542 1488 id
1557 1461 1607 1488 sibi
1622 1462 1710 1496 poscit
1726 1462 1754 1488 iu
1768 1461 1844 1489 Lati-

1055 1514 1118 1532 nmn
1138 1506 1215 1533 verti.
1236 1506 1341 1534 Nullum
1354 1507 1477 1533 dicebam
1505 1514 1547 1533 me
1563 1514 1640 1534 usum
1654 1506 1844 1541 hujuscemodi

1054 1552 1144 1586 operis
1158 1552 1293 1585 habuisse,
1306 1557 1332 1580 et
1345 1553 1378 1580 ad
1394 1552 1518 1580 Latinum
1531 1560 1684 1580 sermonem
1700 1553 1841 1581 tricennali

1053 1598 1108 1632 jam
1125 1605 1193 1632 pcne
1208 1599 1312 1626 incuria
1331 1599 1477 1634 torpuisse.
1494 1598 1618 1626 Perstitit
1641 1603 1734 1627 tamen
1746 1599 1842 1634 depre-

1053 1652 1118 1671 cans
1131 1645 1314 1679 qualicunque
1327 1652 1455 1672 sermone
1471 1645 1595 1672 notitiam
1606 1645 1657 1672 sibi
1675 1649 1781 1672 tantum
1793 1653 1839 1673 eo-

1054 1698 1112 1717 rum
1129 1698 1189 1725 quae
1213 1691 1348 1725 cupiebat,
1364 1691 1482 1718 ostendi.
1510 1690 1632 1726 Cumque
1658 1692 1684 1719 id
1699 1699 1754 1726 quo
1765 1692 1839 1728 potui

1051 1743 1177 1763 sermone
1197 1735 1332 1768 fecissem,
1355 1736 1449 1770 majori
1473 1737 1606 1765 desiderio
1637 1745 1772 1766 accensus
1798 1743 1838 1766 est

1051 1783 1084 1809 ad
1109 1782 1153 1809 illa
1177 1782 1235 1817 ipsa
1260 1783 1365 1817 plenius
1387 1784 1586 1818 cognoscenda,
1607 1791 1622 1810 e
1637 1784 1738 1818 quibus
1753 1792 1837 1819 pauca

1051 1828 1096 1855 illa
1110 1835 1171 1863 quae
1195 1829 1385 1856 transtulerant
1406 1829 1569 1856 videbantur
1584 1836 1735 1865 assumpta.
1755 1831 1837 1858 Excu-

1051 1879 1155 1902 santem
1174 1882 1217 1901 me
1235 1881 1332 1909 urgere
1347 1875 1536 1903 veheuientius
1555 1876 1652 1911 ccepit,
1677 1882 1706 1903 et
1719 1877 1770 1904 sub
1791 1877 1835 1905 Dei

1052 1920 1205 1948 testimonio
1218 1921 1363 1948 convenire
1378 1929 1411 1948 ne
1424 1920 1474 1948 sibi
1488 1922 1522 1948 ad
1535 1928 1602 1957 opus
1615 1922 1717 1949 bonum
1733 1930 1794 1958 qua:
1807 1931 1836 1950 se

1051 1967 1147 1994 auxilia
1169 1967 1265 2001 juvare
1293 1972 1403 2002 possent
1430 1968 1602 2003 denegarem.
1616 1967 1740 2004 Cumque
1759 1969 1834 1996 vehe-

1049 2014 1166 2041 mentius
1181 2013 1331 2047 insisteret,
1360 2017 1388 2041 et
1412 2013 1576 2041 desiderium
1602 2014 1660 2048 ejus
1686 2015 1832 2043 secundum

1050 2059 1134 2086 Deum
1147 2067 1207 2087 esse
1221 2060 1417 2094 perspicerem,
1434 2059 1558 2094 acquievi
1572 2060 1692 2092 tandem.
1708 2067 1735 2088 et
1753 2061 1832 2088 inter-

1049 2110 1170 2140 pretatus
1186 2113 1256 2134 sum.
1277 2115 1286 2131 ι
1305 2105 1339 2132 At
1352 2113 1414 2132 vero
1427 2104 1608 2140 Hieranymus
1624 2106 1670 2133 lib.
1693 2114 1723 2134 ιιι
1741 2107 1830 2134 adrer-

1047 2159 1091 2178 sua
1109 2150 1234 2186 Ruﬁnum
1250 2152 1289 2179 sic
1304 2152 1411 2179 deridet
1431 2152 1502 2178 hanc
1521 2151 1610 2178 Rufini
1626 2153 1829 2181 narrationem:

1050 2207 1059 2223 ι
1082 2197 1104 2225 0
1119 2198 1270 2229 triremem,
1288 2197 1385 2238 inquit,
1400 2197 1652 2232 locupletissimam,
1666 2201 1727 2233 tjue
1740 2198 1830 2226 Orien-

212 2249 279 2276 tibro
304 2244 354 2283 τῆς
379 2248 550 2283 Ἀπολογίας
578 2248 703 2283 origeuis
737 2248 787 2275 hoc
815 2247 884 2275 idem
904 2248 995 2282 objicit
1012 2248 1033 2276 υ
1049 2243 1147 2271 talibus
1161 2248 1188 2271 et
1198 2242 1334 2279 Egyptiis
1352 2243 1488 2271 mercibus
1510 2243 1637 2271 Romana:
1652 2245 1730 2272 urbis
1746 2245 1831 2272 ditare

211 2294 344 2321 Methoilu
358 2294 483 2328 episeopo
494 2299 520 2321 et
537 2294 659 2330 martyri,
672 2294 743 2328 quod
763 2299 791 2320 tu
809 2293 835 2321 in
857 2294 925 2321 meis
940 2293 996 2321 luu-

210 2341 288 2368 dibns
309 2339 480 2373 criti-inuris;
497 2345 524 2368 et
542 2341 608 2367 dicit
625 2350 632 2368 :
653 2350 662 2366 ι
684 2340 824 2373 Quomodo
849 2348 931 2368 ausus
956 2346 997 2368 est

209 2387 359 2416 Methodius
377 2395 448 2414 nttuc
462 2393 554 2414 contra
569 2387 712 2422 Origenem
727 2387 856 2419 scribere,
877 2386 922 2422 qui
940 2386 997 2414 hinc

208 2440 236 2460 et
251 2435 308 2461 haec
323 2434 356 2461 de
371 2433 494 2469 Origeuis
521 2433 627 2460 loeutus
645 2437 686 2460 est
711 2432 903 2467 dogmatibus?
922 2442 932 2458 ι
953 2432 996 2459 Li-

209 2480 286 2506 brum
303 2479 340 2506 De
361 2479 551 2506 resurrectione
573 2479 683 2514 scripsit
696 2479 848 2506 Methodius
864 2479 994 2506 adversus

207 2533 364 2568 Origeuetu,
382 2533 495 2560 testibus
510 2531 675 2566 Hieronymo
689 2537 716 2559 et
727 2532 878 2567 Epiphanio
891 2540 898 2558 ι
913 2537 995 2565 atque

208 2581 265 2607 lucc
278 2587 359 2607 causa
374 2579 458 2606 fuisse
470 2578 578 2606 videtttr
588 2585 638 2605 cur
651 2577 783 2605 Eusebius
796 2579 821 2604 in
836 2578 891 2605 suis
906 2577 994 2604 Histo-

207 2631 254 2657 ria:
265 2630 450 2657 ecclesiarum
466 2628 544 2656 libris
565 2627 666 2655 nullam
691 2627 751 2662 ejus
767 2627 935 2654 mentionem
958 2627 995 2654 fe-

206 2682 284 2709 cerit.
300 2681 366 2708 Nam
381 2688 442 2708 eum
459 2687 554 2707 omnes
569 2679 626 2707 fere
650 2679 850 2707 ecclesiasticos
875 2678 991 2713 Scripto-

208 2740 251 2760 res
263 2733 289 2760 iu
304 2730 356 2760 hoc
369 2740 451 2767 opere
464 2737 591 2760 accurate
606 2732 873 2763 commemoraverit,
887 2731 991 2758 Metho-

209 2781 280 2810 dium
294 2786 383 2808 tamen
403 2781 437 2808 de
449 2781 580 2809 industria
598 2781 785 2816 praztermisit,
799 2788 832 2808 eo
845 2780 915 2815 quod
932 2780 994 2808 Ori-

208 2838 314 2865 geuem,
331 2839 410 2866 quem
425 2831 481 2865 ipse
503 2831 638 2865 prmcipue
664 2831 827 2863 mirabatur,
853 2831 992 2864 impugna-

210 2883 301 2911 visset.
319 2883 369 2919 Sic~
387 2883 566 2918 llicrOuymus
583 2883 684 2915 Rulini,
705 2883 814 2917 quicum
838 2883 990 2911 simultates

1048 2294 1160 2317 venerat
1174 2295 1358 2325 paupertatem
1372 2290 1378 2317 !

1400 2335 1438 2362 Tu
1452 2336 1581 2363 maximus
1592 2335 1637 2363 ille
1653 2345 1691 2370 ea,

1119 2380 1192 2408 Unus
1206 2381 1251 2416 qui
1267 2381 1339 2409 nobis
1360 2381 1497 2408 scribendo
1511 2382 1629 2409 restituis
1647 2390 1712 2408 rem.

1047 2426 1116 2462 Ergo
1135 2428 1187 2455 nisi
1209 2428 1242 2455 de
1266 2427 1376 2455 Oriente
1404 2428 1523 2454 venisses
1538 2447 1547 2460 ,
1571 2427 1770 2455 eruditissimus
1790 2429 1826 2454 vir

1047 2474 1163 2501 hazreret
1189 2473 1278 2502 adhuc
1309 2474 1378 2501 inter
1409 2474 1625 2506 mathematicos,
1654 2479 1682 2501 et
1709 2475 1824 2501 homines

1046 2519 1207 2552 Christiani,
1224 2519 1288 2554 quid
1315 2524 1410 2547 contra
1431 2519 1515 2546 latum
1531 2519 1705 2552 dissererent,
1724 2520 1823 2554 ignora-

1045 2571 1115 2594 rent.
1137 2575 1146 2592 ι
1164 2565 1404 2593 Eminentissimus
1419 2564 1566 2592 cardiualis
1579 2564 1703 2592 Norisius
1720 2565 1820 2591 Dimrt.

1045 2613 1139 2640 histor.
1156 2613 1187 2639 de
1208 2612 1302 2647 synod.
1325 2619 1358 2642 ν,
1380 2619 1440 2646 cap.
1461 2611 1512 2644 l5,
1536 2615 1565 2637 ut
1587 2610 1672 2645 aperti
1697 2610 1820 2637 mendacii

1047 2659 1171 2685 Ituﬁuum
1195 2663 1301 2693 arguat,
1319 2657 1415 2691 objicit
1433 2657 1458 2683 iu
1479 2657 1530 2684 hoc
1547 2657 1722 2691 Apologetico
1739 2657 1819 2684 libello

1044 2712 1124 2739 quem
1142 2705 1191 2731 sub
1208 2704 1319 2731 nomine
1340 2702 1472 2738 Pamphili
1490 2702 1617 2737 martyris
1638 2702 1741 2734 edidit,
1760 2702 1817 2729 nihil

1045 2749 1186 2785 probatum
1207 2749 1258 2784 legi
1281 2753 1376 2775 contra
1393 2748 1599 2775 mathematicos
1611 2747 1653 2774 vel
1670 2747 1718 2773 fati
1739 2754 1817 2774 asser-

1046 2800 1132 2828 tores;
1150 2795 1196 2822 sed
1212 2799 1315 2822 tantum
1331 2795 1364 2822 de
1382 2794 1472 2827 Patre,
1489 2794 1522 2821 de
1543 2793 1602 2821 Filii
1620 2794 1778 2823 aeternitate,
1789 2793 1815 2818 de

1045 2840 1163 2874 Spiritus
1177 2840 1263 2867 sancti
1282 2840 1439 2871 divinitate,
1466 2840 1500 2866 de
1522 2839 1599 2867 Verbi
1622 2839 1813 2869 incarnatione,

1045 2895 1075 2913 ac
1103 2886 1209 2913 Christo
1229 2886 1357 2920 Domino,
1382 2886 1415 2913 de
1433 2885 1521 2921 [uenis
1541 2886 1741 2918 damnatorum,
1765 2889 1811 2912 etc.
