1909 3080
111 192 165 220 55:5

588 195 759 224 APOLOGIA
779 194 847 224 PRO
865 193 1024 222 ORIGENE.
1045 210 1078 215 —
1098 193 1267 223 MONITUM.

1689 195 1742 226 εκ

114 259 124 275 ε
142 249 286 284 Quodnam
304 250 398 285 igitur,
423 251 520 286 inquit,
539 258 608 286 opus
632 257 727 281 contra
749 252 902 279 mathema-
915 259 939 288 Α
955 251 1021 278 leris
1036 258 1050 278 a
1065 255 1092 278 te
1106 251 1330 287 posse-contingi.
1346 250 1444 279 Postea
1462 260 1526 281 vero
1544 261 1592 288 per
1608 254 1741 291 interpre‘

111 297 180 323 ticos
202 295 359 331 Pamphilus
380 296 511 332 scripsit?
531 306 541 324 ι
565 297 618 325 Sed
645 299 788 333 responsio
812 297 900 325 facilis

110 347 160 370 est.
179 341 217 370 Ut
230 343 302 370 enim
321 343 414 370 darem
431 343 457 382 in
473 344 561 378 primo
584 338 721 380 Apologia
744 344 813 372 libro
832 342 899 372 nihil

110 393 207 415 contra
223 387 430 416 mathematicos
445 386 542 421 fuisse,
555 395 584 417 at
597 395 710 418 czeteros
729 391 799 418 forte
815 384 899 418 libros

110 439 266 470 sequentes,
285 435 311 462 in
326 435 423 469 quibus
438 435 535 462 alicubi
547 425 664 464 iorsitan
681 430 731 464 fati
746 441 898 464 assertOres

109 481 333 514 confutabantur,
355 472 451 510 Latine
471 482 588 510 reddere
605 482 632 510 in
650 483 741 511 animo
764 488 825 510 erat
840 480 897 509 Ru-

109 527 176 560 fino,
193 535 275 562 quem
298 529 332 555 ab
353 528 405 556 hoc
429 526 521 557 labore
539 529 671 556 deterruit
697 528 771 557 solus
807 525 897 557 Maca-

109 574 165 602 rius
177 574 263 602 libros
276 574 346 609 Hepi
361 574 461 610 ἀρχῶν
476 576 582 604 videndi
605 577 731 612 cupidus.
750 577 797 605 llic
812 578 894 610 enim,

108 624 178 647 teste
189 619 289 647 Ruﬁno
305 620 352 647 lib.
367 628 375 647 ι
395 620 531 656 Apologia
544 622 671 649 adversus
687 621 892 658 Hieronymum,

107 666 175 694 lecta
191 667 253 695 libri
270 667 348 702 primi
366 667 531 704 Apologetici
548 670 684 703 versione,
706 679 715 696 ι
735 670 830 705 majori
847 671 895 698 de-

107 711 208 740 siderio
231 720 364 740 accensus
381 718 423 741 est
449 714 483 741 ad
511 714 568 748 ipsa
599 714 644 742 illa
669 705 776 750 plenius
795 723 896 755 cogno-

106 758 215 790 scenda,
232 766 249 786 e
261 759 359 794 quibus
373 767 458 795 pauca
474 760 529 795 illa,
546 768 631 798 quae:
649 762 826 790 transtulerat
841 762 896 790 Ru.

108 804 186 836 linus,
206 813 216 830 ι
237 805 400 832 videbantur
413 811 564 842 assumpta.
581 816 591 833 ι
609 807 828 836 Translationem
844 809 894 836 ila-

105 857 157 884 que
175 850 309 878 librorum
326 851 396 887 Περὶ
408 851 510 887 ἀρχῶν
529 853 638 888 aggredi
655 858 765 882 coactus
781 859 823 882 est
838 854 894 882 Ru-

107 896 184 923 linus.

955 295 1084 324 tationem
1097 302 1169 324 tuam
1184 297 1334 332 quaestione
1345 302 1441 326 contra
1454 298 1598 334 Origenem
1610 305 1666 328 toto
1674 302 1740 329 orbe

953 348 1101 376 cominola,
1127 343 1153 370 in
1178 344 1332 378 quaerendis
1358 344 1560 380 exemplaribus
1583 347 1739 381 diligentior

953 386 1003 420 fui,
1019 392 1047 416 et
1065 387 1091 415 in
1109 388 1269 417 Ctesariensi
1291 389 1456 418 bibliotheca
1473 391 1582 419 Eusebii
1597 399 1645 419 sex
1663 393 1740 420 voluo

952 434 1024 461 mina
1040 435 1129 469 reperi
1141 434 1315 470 Ἀπολογίας
1322 431 1398 470 ὑπὲρ
1411 436 1588 471 Ὠριγένους.
1599 437 1663 471 Quae
1675 446 1735 466 eum

951 479 1090 515 legissem,
1111 481 1228 516 primum
1248 489 1310 508 eum
1337 481 1436 509 librum
1454 483 1639 517 deprehendi,
1656 490 1737 518 quem

951 530 978 553 tu
995 522 1070 553 solus
1087 527 1136 554 sub
1154 527 1264 554 nomine
1284 527 1413 562 martyris
1430 528 1550 560 edidisti,
1572 530 1605 556 de
1622 530 1691 557 Filio
1708 536 1736 557 et

951 571 1055 606 Spiritu
1078 577 1173 600 sancto
1187 572 1214 599 iu
1230 573 1328 600 bonam
1344 579 1449 608 partem
1463 574 1597 609 plerisque
1609 575 1736 612 blasphe-

949 617 1012 645 miis
1031 619 1214 646 commutatis.
1231 627 1240 645 ι
1257 617 1329 647 Idem
1360 619 1440 647 habet
1457 620 1503 648 lib.
1520 629 1526 648 l
1541 623 1674 657 Apologia
1690 626 1736 650 ml-

949 671 1036 690 versus
1060 663 1206 698 Ruﬁnum:
1228 674 1237 691 ‹
1264 664 1318 692 Sex
1341 665 1436 698 libros,
1454 670 1483 693 ut
1505 671 1569 694 ante
1585 668 1641 703 jam
1662 668 1734 702 dixi,

949 708 1083 737 Eusebius
1097 709 1276 738 Caesariensis
1297 711 1452 747 episcopus,
1472 711 1580 740 Arianae
1596 714 1733 748 quondam

948 755 1062 790 signifer
1079 755 1218 788 factionis,
1234 763 1284 792 pro
1298 755 1417 793 Origene
1435 758 1556 793 scripsit,
1572 758 1733 788 latissimum

948 805 975 828 et
991 801 1160 830 elaboratum
1174 810 1252 837 opus,
1269 807 1297 832 et
1313 803 1404 832 multis
1421 805 1584 833 testimoniis
1596 807 1732 841 approba-

948 847 1142 883 vitOrigencm
1155 848 1232 883 quta
1246 856 1276 876 se
1292 849 1467 882 catholicum,
1485 851 1509 878 id
1524 856 1577 884 est,
1591 851 1669 886 juxta
1684 861 1734 881 nos

946 893 1077 921 Arianum
1097 901 1168 922 esse.
1197 894 1300 922 Horum
1329 898 1357 922 tu
1385 895 1501 931 primum
1531 897 1631 925 librum
1650 899 1733 927 vertis

139 940 181 967 lll.
201 940 396 977 Hieronymus,
412 943 515 971 codicis
535 942 642 978 Graeci,
657 951 738 980 quem
762 951 777 972 ιι
796 936 895 973 Ruﬁno
911 945 932 972 Β
946 939 996 967 sub
1015 940 1126 967 nomine
1144 940 1274 976 martyris
1293 961 1300 968 .
1319 961 1326 969 .
1344 962 1352 969 .
1371 961 1378 968 .
1395 941 1544 977 paucisque
1567 943 1734 973 testimoniis

107 991 248 1014 mutuatus
259 992 329 1020 erat,
345 987 424 1015 titulo
441 988 521 1016 iidem
543 989 684 1021 adhibens,
700 990 817 1025 primum
833 998 894 1018 cre-

106 1031 209 1058 diderat
221 1032 407 1067 Defensionem
422 1033 544 1068 Origenis
565 1035 616 1062 sub
634 1036 743 1063 nomine
758 1035 892 1070 Pamphili

107 1077 252 1112 vulgatam,
271 1086 339 1112 opus
363 1087 423 1106 esse
447 1080 584 1107 diversum
606 1088 621 1108 a
647 1088 696 1109 sex
712 1081 846 1114 Pamphili
866 1087 893 1110 et

108 1122 309 1162 Eusebii_libris
325 1132 373 1159 pro
386 1125 504 1160 Origene
521 1125 680 1161 elaboratis,
699 1127 893 1163 propriumque

107 1169 187 1197 solius
214 1169 370 1205 Pamphili,
400 1171 448 1198 sed
477 1173 529 1200 hac
553 1173 725 1208 postmodum
750 1173 892 1209 Pamphilo

108 1215 237 1248 detracta,
256 1223 341 1243 unum
358 1223 419 1244 esse
435 1224 467 1245 ac
481 1218 606 1246 eumdem
621 1218 705 1247 solius
725 1219 833 1248 Eusebii
854 1220 892 1249 fe-

109 1263 160 1287 tum
185 1262 289 1289 acriter
315 1262 465 1300 contendit.
486 1270 496 1289 α
519 1263 596 1292 Nune
622 1269 747 1300 tantum,
767 1276 778 1294 ›
805 1267 892 1302 inquit

108 1303 151 1334 lib.
170 1314 189 1335 tt
210 1308 338 1335 adversus
366 1308 503 1343 Ruﬁnum,
521 1319 530 1335 ι
551 1310 604 1338 tuis
624 1311 821 1340 assertionibus
843 1312 892 1340 ob-

108 1352 190 1380 viasse
205 1353 333 1387 sulliciat,
352 1358 379 1382 et
400 1355 451 1382 hoc
468 1355 589 1383 breviter
609 1357 770 1391 prudentem
788 1357 892 1385 instru-

108 1397 175 1425 xisse
189 1398 331 1432 lectorem,
349 1407 392 1427 me
411 1400 491 1427 istum
518 1399 628 1433 librum,
648 1401 692 1436 qui
710 1402 761 1429 sub
781 1403 891 1431 nomine

108 1442 234 1480 Pamphili
253 1444 407 1479 ferebatur,
434 1446 536 1474 vidisse
561 1447 676 1481 primum
704 1447 835 1482 scriptum
863 1449 889 1476 in

109 1489 196 1517 codice
211 1495 272 1522 tuo;
293 1495 321 1518 et
339 1491 402 1526 quia
426 1498 480 1519 non
501 1496 561 1519 erat
579 1484 643 1519 mihi
662 1494 734 1520 curat
754 1493 820 1528 quid
841 1501 890 1528 pro

110 1533 232 1564 heretico
245 1534 394 1570 diceretur,
412 1537 453 1565 sic
467 1543 575 1572 semper
590 1537 736 1571 habuisse,
752 1539 831 1574 quasi
845 1539 889 1566 di-

109 1586 210 1609 versum
239 1586 316 1610 esset
341 1590 409 1618 opus
431 1582 567 1619 Pamphili
588 1588 615 1612 et
638 1576 767 1612 Eusebii:
793 1590 888 1618 postea

111 1633 178 1662 vero,
194 1629 345 1664 quaestione
369 1633 459 1662 mota,
483 1630 592 1664 scriptis
611 1637 706 1657 eorum
724 1631 888 1666 respondere

109 1673 229 1709 voluisse,
245 1679 274 1703 et
292 1675 326 1702 ob
351 1675 421 1703 hanc
438 1683 548 1703 causam
565 1676 664 1710 legisse
676 1677 742 1712 quid
758 1684 807 1711 pro
826 1676 889 1704 Ori-

109 1725 171 1753 gene
193 1721 381 1757 unusquisque
408 1722 539 1753 sentiret;
567 1722 762 1757 perspicueque
787 1721 911 1762 depre-.

111 1764 238 1799 hendisse,
256 1768 331 1803 qttod
348 1768 453 1803 primus
470 1763 538 1795 liber
549 1774 597 1795 sex
614 1767 779 1796 voluminum
799 1763 887 1796 Euse-

110 1810 142 1838 bii
158 1812 213 1846 ipse
233 1817 325 1846 esset,
343 1814 389 1848 qui
409 1820 479 1840 unus
499 1812 549 1840 sub
573 1813 682 1841 nomine
703 1812 835 1848 Pamphili
872 1821 887 1840 a

111 1861 135 1884 te
146 1858 228 1886 editus
242 1863 288 1887 est
305 1863 359 1886 tam
378 1858 471 1886 Graece
493 1866 574 1893 quam
599 1857 715 1892 Latine,
736 1858 887 1887 immutatis

111 1902 234 1932 duntaxat
252 1904 380 1932 sensibus
400 1904 433 1932 de
447 1900 517 1932 Filio
535 1909 562 1932 et
583 1904 687 1939 Spiritu
709 1910 814 1938 sancto,
840 1905 886 1940 qui

110 1954 223 1983 apertam
245 1950 447 1985 blasphemiam
475 1950 669 1986 praeferebant.
700 1949 777 1979 Unde
802 1952 884 1978 etiam

111 1999 167 2022 ante
189 2003 274 2024 annos
299 1996 387 2025 ferme
407 1997 520 2029 decem,
553 2004 614 2024 cum
653 1997 752 2024 Dexter
782 1996 886 2024 amicus

111 2048 189 2074 meus,
206 2043 250 2077 qui
269 2042 460 2078 praefecturam
474 2042 679 2070 administravit
694 2042 826 2077 praetorii,
843 2049 886 2069 me

112 2092 224 2121 rogasset
241 2094 270 2116 ut
292 2093 433 2116 auctorum
450 2094 550 2116 nostra:
570 2088 712 2123 religionis
727 2088 752 2115 ei
767 2088 883 2115 indicem

112 2137 230 2166 texerem,
249 2134 323 2161 inter
343 2138 456 2161 ctcteros
481 2134 643 2161 tractatores
664 2127 742 2168 posui
767 2138 794 2161 et
813 2135 885 2161 tuine

112 2176 198 2206 librqu
219 2187 234 2207 a
255 2172 408 2215 Pamphilo,
435 2180 472 2206 ita
495 2184 594 2214 putans
613 2185 674 2207 esse
693 2185 722 2207 ut
741 2188 756 2207 a
778 2185 803 2208 te
819 2185 846 2208 et
869 2188 884 2207 a

113 2224 159 2251 tuis
178 2225 315 2260 discipulis
341 2225 431 2253 fuerat
460 2225 637 2260 divulgatum.
664 2225 717 2253 Sed
740 2233 802 2253 cum
828 2227 884 2262 ipse

112 2268 174 2297 dicat
194 2270 324 2299 Eusebius
346 2271 516 2306 Pamphilum
539 2271 608 2299 nihil
631 2271 785 2307 scripsisse,
801 2279 883 2300 exce-
899 2289 923 2317 υ

113 2315 158 2347 ptis
174 2314 299 2344 brevibus
323 2317 448 2352 epistolis
469 2317 501 2344 ad
527 2317 648 2350 amicos,
669 2322 697 2345 et
719 2318 824 2352 primus
846 2318 880 2345 li-

113 2359 154 2387 ber
168 2369 210 2389 sex
224 2362 391 2390 voluminum
409 2363 480 2390 illius
501 2362 596 2390 eadem
616 2368 643 2390 et
664 2363 765 2391 eisdem
793 2364 883 2391 verbis

114 2407 235 2435 cuntineat
247 2417 306 2443 quae
322 2408 372 2436 sub
386 2409 496 2436 nomine
510 2408 645 2444 Pamphili
661 2417 675 2436 a
691 2414 716 2436 te
731 2409 792 2437 ficta
807 2414 883 2443 sunt,

115 2453 270 2486 perspicuum
287 2459 329 2482 est
345 2461 370 2482 te
385 2455 488 2482 idcirco
501 2453 599 2482 librum
614 2455 687 2482 hunc
704 2455 883 2483 disseminare

115 2497 227 2532 voluisse,
246 2505 275 2528 ut
291 2502 341 2528 sub
358 2509 473 2536 persona
502 2501 630 2536 martyris
653 2500 780 2528 haeresim
798 2502 882 2528 intro-

115 2541 223 2574 duceres.
242 2556 252 2573 ι
269 2547 340 2575 ldem
357 2552 451 2575 narrat
473 2547 520 2575 lib.
538 2555 566 2575 Ill
593 2547 719 2574 adversus
736 2546 881 2581 Ruﬁnum:

117 2596 127 2613 ί
142 2589 310 2628 DePamphili
329 2593 398 2621 libro
420 2601 473 2621 non
493 2593 649 2625 ridiculosa,
674 2597 702 2620 ut
718 2597 745 2620 tu
771 2593 880 2627 scribis,

116 2635 155 2663 Sed
173 2638 280 2666 ridicula
299 2640 363 2667 mihi
388 2639 459 2667 forte
483 2647 527 2667 res
551 2639 666 2672 accidit;
687 2643 716 2666 ut
737 2644 880 2674 postquam

117 2679 212 2711 Eusebii
232 2686 393 2723 asseruerim
408 2693 479 2719 esse,
499 2693 552 2713 non
570 2685 717 2720 Pamphili,
736 2686 769 2712 ad
786 2691 880 2714 extre-

118 2733 179 2755 mum
193 2730 312 2764 dixerim,
329 2732 411 2760 etiam
434 2739 477 2759 me
499 2739 587 2760 annos
605 2732 738 2767 plurimos
755 2732 805 2759 hoc
832 2740 882 2767 pu-

119 2775 189 2807 iaSile.
205 2778 272 2811 quod
288 2778 417 2814 Pamphili
432 2777 526 2811 fuerit,
549 2783 578 2806 et
592 2785 608 2805 a
624 2782 651 2805 te
666 2778 806 2812 exemplar
830 2778 881 2805 hu-

118 2815 154 2849 ius
165 2821 301 2850 voluminis
316 2829 466 2851 mutuatum
483 2842 491 2851 .
508 2843 516 2851 .
535 2844 543 2851 .
563 2842 572 2852 .
588 2843 596 2851 .
616 2843 623 2851 .
642 2844 649 2851 .
665 2823 704 2851 De
720 2829 766 2851 tuo
787 2825 881 2851 codice

120 2866 185 2896 quasi
201 2866 324 2903 Pamphili
342 2869 479 2905 exemplar
491 2871 657 2905 accepimus.
673 2869 782 2898 Credidi
796 2870 878 2898 Clu-i-

121 2909 239 2945 lliano,et
249 2915 348 2943 credidi
361 2916 510 2944 monacho:
528 2923 580 2944 non
594 2915 686 2952 putavi
699 2920 804 2943 tantum
820 2923 880 2943 scc-

945 985 979 1013 de
1001 984 1071 1014 Filio
1095 982 1141 1013 Dei
1162 991 1190 1014 et
1215 984 1319 1021 Spiritu
1343 993 1439 1015 sancto
1466 990 1652 1022 commutatis,
1672 996 1733 1026 qua:

944 1032 1051 1060 sciebas
1078 1031 1249 1068 displicitura
1279 1033 1428 1066 Romanis,
1455 1037 1554 1062 caetera
1583 1044 1668 1072 usque
1697 1038 1732 1066 ad

945 1077 1025 1105 linem
1043 1078 1147 1113 integra
1166 1079 1305 1107 dimisisti.
1329 1088 1340 1106 ›
1362 1081 1395 1108 Μ
1409 1088 1473 1108 vero
1488 1087 1600 1110 sanctus
1624 1081 1730 1116 duetor,

944 1123 990 1159 qui
1005 1128 1166 1151 constanter
1182 1124 1248 1152 locis
1269 1125 1349 1152 modo
1370 1125 1464 1154 citatis
1478 1130 1617 1155 asseverat
1630 1127 1730 1156 librum

943 1169 1018 1198 hunc
1032 1177 1046 1197 a
1063 1168 1160 1198 ltulluo
1173 1169 1269 1197 Latine
1287 1170 1460 1205 translatum,
1473 1178 1534 1200 esse
1549 1172 1667 1207 primum
1681 1180 1731 1203 sex

943 1212 1111 1243 voluminum
1130 1214 1240 1243 Eusebii
1262 1215 1441 1251 Ἀπολογίας
1458 1217 1535 1252 ὑπὲρ
1546 1216 1728 1254 Ὠριγένους.

942 1262 1109 1289 contrarium
1124 1262 1246 1296 omnino,
1262 1270 1360 1297 nempe
1376 1263 1446 1290 sexti
1462 1263 1524 1291 libri
1545 1271 1607 1293 esse
1623 1263 1728 1300 princi-

943 1307 1027 1343 pium,
1046 1312 1144 1335 czetera
1159 1310 1225 1334 vero
1258 1309 1379 1335 membra
1411 1316 1427 1336 a
1448 1309 1562 1345 Didymo
1582 1310 1624 1338 vel
1642 1311 1676 1338 ab
1690 1311 1729 1338 al-

942 1357 1002 1380 tero
1012 1352 1133 1388 quolibet
1149 1354 1239 1381 addita
1254 1353 1340 1382 fuisse
1353 1354 1445 1383 dicere
1461 1355 1569 1384 videtur
1583 1356 1633 1384 sub
1647 1357 1727 1385 linem

941 1399 1024 1434 epist.
1040 1399 1085 1432 Η,
1102 1399 1169 1427 alias
1183 1399 1230 1430 65.
1244 1400 1277 1427 ad
1295 1399 1501 1429 Pammachium
1519 1407 1547 1429 et
1569 1401 1726 1430 Oceanum:

944 1453 954 1470 ι
970 1443 1048 1472 Sexti
1063 1445 1125 1472 libri
1138 1441 1246 1473 Eusebii
1258 1453 1339 1481 super
1349 1444 1471 1482 Origenis
1484 1442 1641 1480 Defensione
1652 1447 1728 1485 prin-

940 1491 1040 1526 cipium
1057 1498 1144 1526 usque
1160 1491 1193 1518 ad
1210 1491 1283 1519 mille
1298 1492 1383 1520 ferme
1405 1500 1499 1521 versus
1516 1493 1587 1521 liber
1602 1494 1665 1527 iste,
1679 1502 1726 1530 qui

940 1529 1073 1572 Pamphili
1089 1537 1201 1571 dicitur,
1222 1538 1355 1570 continel,
1380 1543 1408 1566 et
1429 1538 1456 1566 in
1482 1539 1593 1574 reliquis
1607 1529 1727 1575 scriptor

941 1582 1060 1616 ejusdem
1074 1584 1165 1617 operis
1190 1583 1295 1619 profert
1319 1584 1485 1617 testimonia,
1510 1585 1608 1620 quibus
1631 1586 1728 1614 nititur

903 1615 926 1646 (ἶ
941 1615 1248 1663 approbare-Origenem
1263 1628 1350 1657 fuisse
1363 1615 1538 1658 catholicum.
1550 1630 1683 1660 Eusebius
1699 1637 1727 1660 et

939 1673 1096 1708 Pamphilus
1113 1679 1215 1702 tantam
1232 1675 1303 1702 inter
1317 1681 1348 1702 se
1364 1675 1483 1704 habuere
1498 1678 1682 1711 concordiam,
1697 1683 1727 1706 ut

940 1719 1021 1747 unius
1041 1720 1140 1747 animae
1156 1719 1284 1748 homines
1305 1726 1395 1755 putes,
1419 1725 1446 1749 et
1461 1721 1495 1749 ab
1518 1729 1572 1749 uno
1585 1722 1655 1750 alter
1674 1732 1724 1750 uo-

939 1772 1000 1792 men
1016 1766 1161 1801 acceperit.
1183 1765 1325 1799 Quomodo
1343 1766 1426 1801 Igitur
1447 1767 1520 1795 inter
1537 1774 1567 1795 se
1580 1768 1724 1798 dissentire

939 1815 1095 1845 potuerunt,
1111 1817 1140 1839 ut
1156 1812 1290 1841 Eusebius
1307 1813 1333 1840 iu
1350 1817 1407 1840 toto
1420 1821 1503 1849 opere
1516 1822 1565 1842 suo
1579 1814 1722 1850 Origeneni

937 1856 1030 1884 Ariani
1045 1858 1141 1892 probet
1159 1858 1303 1893 dogmatis,
1328 1863 1356 1886 et
1372 1858 1529 1895 Pamphilus
1543 1859 1659 1889 Nicrenze
1673 1869 1721 1897 sy-

938 1903 1012 1936 nodi,
1034 1910 1094 1938 qua:
1116 1901 1166 1931 fuit
1181 1908 1287 1939 postea,
1308 1904 1500 1933 defensorem?
1515 1906 1553 1934 Ex
1565 1914 1619 1942 quo
1631 1912 1725 1936 ostent-

937 1949 1013 1976 ditur
1025 1949 1066 1976 vel
1081 1949 1201 1985 Didymi,
1217 1950 1260 1978 vel
1273 1947 1416 1985 cujuslibet
1435 1952 1548 1980 alterius
1567 1960 1628 1980 esse
1641 1961 1722 1988 opus-

937 1995 1039 2028 culum,
1060 1995 1117 2031 qui,
1138 1996 1208 2024 sexti
1237 1995 1297 2024 libri
1320 1997 1407 2032 capite
1424 1997 1600 2031 detruncato,
1625 2004 1722 2026 (πέπιθε-ιι

938 2042 1057 2070 membra
1082 2042 1205 2070 sociarit.
1235 2052 1245 2069 ι
1272 2039 1308 2071 Ut
1332 2042 1443 2070 tollatur
1461 2048 1554 2076 aperta
1576 2045 1720 2072 verborum

937 2088 1114 2123 repugnantia
1129 2109 1137 2120 ,
1165 2088 1398 2116 eminentissimus
1422 2089 1572 2117 cardinalis
1598 2089 1721 2118 Norisius

938 2130 1047 2161 Diuert.
1073 2134 1202 2161 historica
1217 2135 1249 2161 de
1273 2134 1373 2169 synodo
1392 2134 1496 2168 quinta,
1519 2142 1580 2170 cap.
1597 2135 1641 2170 i3,
1660 2144 1719 2164 eam

937 2179 1024 2213 rejicit
1047 2180 1073 2207 in
1094 2180 1301 2208 amauuensium
1320 2186 1454 2212 errorem,
1473 2180 1519 2216 qui
1540 2189 1602 2209 cum
1618 2182 1645 2209 in
1669 2184 1721 2210 hac

935 2227 968 2252 ad
992 2221 1196 2254 Pammachium
1213 2231 1240 2253 et
1254 2225 1392 2254 Oceanum
1406 2227 1520 2262 epistola
1536 2227 1657 2263 legerent
1668 2229 1719 2256 ab-

936 2270 1072 2299 breviatas
1087 2271 1170 2299 hasce
1187 2277 1278 2300 notas:
1299 2282 1308 2298 ι
1329 2280 1355 2299 vt
1374 2272 1420 2299 lib.
1437 2272 1546 2301 Eusebii
1562 2282 1643 2308 super
1658 2273 1718 2303 Ori-

935 2317 1011 2351 genis
1027 2313 1186 2345 defensione
1207 2318 1381 2352 principium,
1401 2319 1471 2346 sexti
1489 2319 1550 2347 libri
1579 2320 1687 2348 Eusebii
1707 2330 1716 2347 ι

936 2361 1121 2396 reddiderunt,
1138 2371 1198 2391 cum
1211 2372 1220 2388 ‹
1232 2368 1279 2391 sex
1293 2360 1424 2391 librorum
1442 2364 1549 2392 Eusebii
1559 2373 1640 2400 super
1655 2367 1718 2394 Uri-

935 2407 1011 2442 genis
1024 2407 1181 2437 defensione
1194 2409 1369 2444 principium,
1389 2419 1398 2436 ι
1415 2410 1534 2439 scribere
1549 2411 1718 2440 debuissent.

935 2453 980 2480 Sic
990 2452 1072 2481 etiam
1090 2453 1169 2488 paulo
1185 2459 1244 2489 post
1258 2454 1410 2489 legentibus
1423 2463 1429 2481 :
1449 2462 1459 2480 ι
1471 2455 1515 2489 qui
1529 2463 1554 2482 vt
1570 2455 1617 2484 lib.
1630 2457 1720 2491 capite

934 2501 1103 2530 detrltncalo,
1112 2509 1122 2524 ι
1133 2507 1185 2526 non
1192 2500 1400 2527 exscribendum
1409 2500 1450 2527 eis
1457 2505 1527 2533 erat,
1534 2510 1542 2526 ι
1549 2502 1618 2529 sexti
1626 2502 1716 2534 libri,»

934 2544 992 2575 sed,
1006 2552 1015 2569 ι
1028 2548 1076 2571 sex
1091 2543 1230 2573 librorum.
1244 2544 1339 2582 »ρειοᾱ
1346 2549 1434 2572 autem
1445 2545 1518 2572 addit
1527 2545 1718 2583 Hieronymus,

936 2601 946 2618 ι
967 2591 1008 2620 vel
1023 2591 1140 2627 Didymi,
1160 2591 1201 2619 vel
1224 2592 1370 2626 cujuslibet
1392 2593 1504 2621 alterius
1521 2601 1580 2621 esse
1599 2601 1717 2628 opusm-

933 2637 1002 2669 lum,
1018 2637 1074 2673 qui,
1090 2645 1137 2665 sex
1152 2637 1283 2664 librorum
1305 2637 1394 2672 capite
1413 2638 1574 2666 detruncata
1586 2658 1594 2670 ,
1619 2643 1716 2666 caetera

935 2684 1056 2712 membra
1076 2683 1200 2714 sociarit,
1221 2691 1230 2709 ι
1246 2690 1299 2710 non
1314 2683 1350 2710 ita
1366 2683 1551 2718 accipiendum
1567 2689 1619 2716 est,
1640 2685 1717 2717 quasi

933 2730 997 2757 velit
1012 2729 1166 2765 Apologiam
1183 2737 1230 2764 pro
1252 2728 1366 2764 Origene
1383 2737 1398 2757 a
1418 2729 1517 2757 [iulino
1536 2731 1586 2757 sub
1609 2730 1718 2757 nomine

933 2775 1065 2811 Pamphili
1089 2776 1207 2809 editam,
1229 2783 1322 2803 revera
1338 2783 1399 2803 esse
1421 2776 1545 2811 Didymi;
1567 2776 1613 2804 sed
1629 2777 1718 2811 expli-

933 2823 1047 2850 candum
1070 2822 1142 2850 istud
1156 2827 1197 2850 est
1208 2829 1240 2849 ex
1254 2822 1307 2850 alio
1323 2822 1384 2850 loco
1399 2830 1479 2858 supra
1499 2822 1579 2850 allato
1592 2830 1608 2850 e
1624 2822 1671 2850 lib.
1687 2830 1716 2851 nl

933 2867 1069 2902 Apologiw
1093 2868 1219 2895 adversus
1240 2867 1374 2902 Ruﬁnum,
1401 2867 1444 2895 ubi
1469 2872 1612 2903 postquam
1634 2868 1717 2895 dixit:

935 2924 944 2940 ι
963 2913 1057 2941 Postea
1075 2921 1140 2940 vero
1155 2921 1203 2948 per
1215 2913 1466 2948 interpretationem
1484 2919 1557 2942 tuatn
1569 2912 1720 2949 quaestioni
