1909 3080
195 172 246 199 527

807 172 835 200 S.
857 171 1019 200 PAMPIIILl
1041 172 1220 201 MARTYRIS
1238 190 1240 193 ~

1766 175 1822 202 528

194 239 287 262 contra
304 233 446 268 Origcnem
463 238 518 260 toto
532 232 598 261 orbe
621 239 766 266 commota,
787 234 812 261 in
827 235 982 270 qnazrendis
996 238 1018 265 Α
1033 235 1085 262 dici
1110 243 1163 262 non
1186 235 1288 267 debuit,
1313 238 1392 270 quem
1420 234 1541 267 alterius,
1571 242 1669 270 nempe
1692 235 1822 267 Eusebii.

194 280 394 316 exemplaribus
407 280 563 315 diligentior
583 280 631 312 fui.
653 285 681 308 et
699 280 907 315 inﬂecsariensi
936 281 977 308 bi-

194 327 326 354 bliotheca
343 326 449 353 Eusebii
467 334 513 353 sex
536 326 671 354 volumina
695 327 782 361 reperi
800 327 979 362 Ἀπολογίας

195 373 270 407 ὑπὲρ
287 373 462 407 Ὠριγένους.
474 373 540 406 Quze
554 382 615 401 cum
631 373 765 408 legissem,
781 375 896 409 primum
916 382 977 402 eum

194 419 291 446 librum
306 419 470 453 deprehendi
481 427 566 459 quem
585 425 611 446 tu
629 419 701 447 solus
716 421 765 447 sub
782 421 890 447 nomine
902 428 976 447 mar-

195 464 261 498 tyris
275 463 397 496 edidisti,
413 463 447 490 de
466 463 535 491 Filio
556 469 583 491 et
600 463 702 498 Spiritu
718 469 814 491 saneto
828 465 854 491 in
879 463 975 491 bonam

192 514 295 543 partem
312 508 447 544 plerisque
462 508 637 543 blasphemiis
650 509 835 542 commutatis,
851 519 860 535 ι
880 510 974 537 addit:

193 564 205 582 ι
218 555 250 582 Ει
268 556 319 583 hoc
334 556 376 584 vel
392 555 547 591 Didymum,
564 557 606 584 vel
617 561 654 589 te,
665 557 706 584 vel
720 558 803 584 alium
818 557 913 585 fecisse
929 566 976 584 ne-

192 603 249 629 scio
260 610 351 637 quem,
362 602 434 636 quod
450 607 477 630 tu
486 603 657 638 apertissime
667 603 693 630 in
706 603 781 630 libris
791 603 861 638 Περὶ
874 603 975 639 ἀρχῶν

193 642 289 676 fecisse
304 649 485 676 convinceris.
503 658 513 675 ›
534 648 562 676 ld
576 656 641 684 ergo
656 657 738 676 unum
754 650 900 685 utrobique
921 651 972 677 sibi

191 694 249 721 vult
266 693 456 730 Hieronymus,
475 694 516 722 vel
541 695 694 730 Didytnum,
710 695 751 722 vel
771 695 895 722 Ruﬁnum
908 715 915 728 ,
932 696 974 722 vrl

192 743 273 770 alium
291 743 382 770 nescio
404 751 484 777 quem
502 743 528 770 in
552 743 648 770 bonam
675 747 776 777 partetu
803 748 857 770 tant
881 743 974 771 Cra-ce

193 795 272 822 quatn
289 786 385 814 Latine
410 787 552 822 plerasque
583 787 767 822 blasphemias
792 793 973 816 commutasse

193 840 252 868 quae
275 833 300 859 in
328 832 435 860 Eusebii
462 837 536 859 textu
560 833 762 867 comparebant.
783 832 858 865 Quod
881 837 971 860 utrum

195 879 342 906 verisimile
356 879 407 908 sit.
429 885 489 905 mox
508 878 639 912 indagare
657 879 828 906 tentabimus.

227 924 273 952 lV.
286 923 345 953 Jam
359 932 424 952 vero
437 929 465 951 ut
476 924 568 959 probet
580 924 759 960 Hieronymus
771 924 970 960 Apologeticum

191 971 273 998 istum
292 970 409 997 libellum
427 977 476 1004 pro
494 969 620 1005 Origene,
638 979 690 997 non
705 970 848 1005 Pamphili,
864 971 912 998 sed
928 978 972 997 so-

197 1016 248 1043 lius
264 1015 371 1044 Eusebii
388 1024 458 1048 esse.
469 1016 528 1043 haec
540 1020 603 1043 sunt
617 1015 674 1049 ejus
683 1022 841 1051 argumenta
855 1025 861 1043 :
880 1017 906 1043 ι’
917 1026 926 1042 ‹
942 1016 971 1044 Si

191 1063 242 1090 iste
253 1061 387 1096 Pamphili
402 1062 470 1089 liber
478 1067 530 1095 est,
546 1071 555 1087 ι
570 1061 712 1096 inquit‘lib.
729 1062 854 1097 tApolog.
868 1063 969 1089 advers.

190 1107 324 1142 Ruﬁnum.
341 1117 351 1133 ι
371 1108 404 1134 de
418 1115 465 1134 sex
479 1107 555 1134 libris
567 1107 613 1142 qui
628 1107 681 1134 erit
693 1108 795 1142 primtts
819 1107 926 1135 Eusebii
937 1109 949 1135 ?
959 1118 969 1134 ι

193 1154 341 1189 Responsio
350 1151 441 1180 ‘l'acilis
456 1157 507 1180 est.
530 1153 588 1180 Erit
610 1153 713 1188 primus
732 1153 865 1188 Pamphili
889 1154 970 1181 simul

190 1205 217 1227 et
233 1199 359 1231 Ettsebii;
374 1196 405 1226 2ο
431 1199 513 1226 instat
537 1199 634 1226 ibidem
649 1208 656 1226 :
673 1207 683 1225 ι
702 1199 729 1226 lu
751 1199 808 1234 ipso
823 1200 970 1233 volumine,

190 1246 262 1280 quod
285 1251 312 1272 tu
337 1244 470 1280 Pamphili
498 1244 623 1277 simulas,
645 1245 814 1280 sequentium
841 1245 969 1272 librorum

189 1291 258 1318 facta
272 1291 372 1318 mentio
389 1294 441 1318 est.
454 1290 484 1317 ln
499 1292 617 1318 secundo
632 1298 740 1326 quoque
758 1296 784 1317 et
805 1290 914 1325 reliquis
931 1291 970 1318 di-

188 1338 226 1364 cit
243 1336 374 1364 Eusebius
387 1337 459 1371 quod
484 1337 510 1364 in
527 1337 614 1372 primo
632 1337 702 1364 libro
721 1343 799 1364 antea
815 1337 931 1369 dixerat,
944 1342 971 1364 et

187 1383 258 1418 quod
275 1383 369 1410 cadent
383 1387 506 1417 repetere
517 1390 570 1410 non
588 1383 694 1410 debeat.
712 1393 721 1409 ι
743 1382 841 1409 Nullihi
855 1383 882 1409 in
902 1382 970 1410 libro

186 1429 274 1464 primo
293 1429 327 1456 de
341 1429 446 1456 caeteris
471 1430 635 1456 mentionem
656 1429 713 1456 ﬁeri
736 1431 906 1463 reperimus:
924 1429 970 1456 sed

186 1481 246 1503 esto
267 1475 293 1502 in
312 1475 405 1503 Graeco
431 1475 500 1502 facta
523 1475 614 1506 fuerit,
637 1475 701 1510 quid
724 1474 845 1501 mirum?
869 1470 970 1510 Nempe

187 1522 307 1557 quinque
321 1521 426 1555 priores
439 1529 453 1548 a
476 1520 617 1555 Pamphilo
633 1521 712 1547 simul
729 1525 755 1548 et
775 1520 889 1548 Eusebio
912 1521 968 1547 col-

187 1567 241 1594 lata
254 1575 335 1602 opera
352 1567 457 1594 fuerant
476 1566 622 1599 elaborati;
635 1567 664 1593 3°
678 1567 764 1601 pergit
778 1567 876 1594 ibidem
893 1575 899 1593 :
915 1576 923 1591 ι
939 1566 966 1594 Si
981 1579 1002 1606 ρ

186 1617 271 1640 totum
287 1620 355 1647 opus
375 1612 506 1647 Pamphili
523 1617 575 1645 est,
593 1619 642 1639 cur
667 1612 784 1646 reliquos
808 1612 894 1640 libros
914 1620 969 1639 non

186 1658 338 1686 transfers?
355 1669 365 1684 ο
385 1658 498 1686 Scilicet
517 1658 605 1685 obfuit
620 1652 729 1685 Macarii
750 1658 925 1689 desiderium,
939 1664 968 1685 ut

181 1703 237 1738 iam
253 1705 368 1731 diximus
393 1713 400 1731 :
423 1705 463 1732 vel
484 1704 573 1738 potius
591 1704 664 1731 nulla
689 1705 740 1731 alia
762 1704 868 1731 videtur
884 1704 967 1732 fuisse

184 1758 276 1781 causa,
293 1758 374 1784 qttatu
388 1751 459 1786 quod
476 1750 564 1777 Ruﬁni
579 1750 663 1777 codex
679 1750 788 1777 u’nicum
803 1749 883 1782 huius
897 1750 967 1784 Apo-

183 1796 260 1830 logite
279 1796 376 1822 librum
394 1797 511 1831 primum
536 1795 587 1823 sub
610 1797 718 1825 nomine
732 1789 870 1830 Pamphili
894 1803 968 1823 mar-

183 1842 253 1878 tyris
268 1840 430 1869 contineret.
443 1841 522 1869 Certe
535 1841 582 1868 lib.
597 1849 616 1868 ll
634 1842 735 1868 advers.
752 1841 875 1876 Ruﬁnum
897 1842 966 1869 fale-

183 1891 228 1914 tur
248 1887 304 1922 ipse
329 1886 511 1922 llierOnymus
534 1894 562 1914 se
579 1896 589 1912 ι
609 1887 690 1915 istum
706 1887 826 1921 'lihrtnn,
846 1888 896 1923 qui
917 1888 968 1915 sub

183 1934 290 1961 nomine
304 1933 436 1968 Pamphili
463 1934 610 1966 ferebatur,
630 1933 729 1962 vidisse
753 1934 871 1969 primum
895 1935 966 1962 scri-

181 1984 256 2014 ptum
281 1979 308 2006 in
333 1979 426 2007 codice
443 1979 544 2011 Ruﬁni,
561 1985 590 2007 et
604 1980 667 2014 quia
691 1987 743 2007 non
766 1980 826 2006 erat
844 1980 868 2006 ei
894 1987 966 2006 etme

180 2025 245 2060 quid
267 2033 315 2059 pro
338 2026 464 2053 lueretico
482 2026 631 2058 diceretur,
653 2026 693 2052 sic
712 2033 821 2058 semper
835 2025 966 2053 imbuisse

180 2072 256 2105 quasi
274 2071 410 2099 diversum
421 2076 493 2099 esset
504 2079 572 2106 opus
582 2070 713 2105 Pampltili
729 2077 756 2098 et
773 2070 897 2104 Eusebii;
916 2079 925 2097 ›
938 2078 965 2099 et

178 2116 225 2144 lib.
246 2124 277 2144 ιιι
292 2117 330 2144 ait
346 2124 376 2144 se
389 2125 402 2143 a
413 2117 509 2144 Ruﬁno
523 2126 532 2142 ι
549 2116 685 2151 exemplar
698 2116 776 2152 hujus
791 2117 961 2149 voluminis,s

180 2163 243 2197 (non
254 2170 300 2190 scx
316 2163 490 2199 voluminum)
505 2162 589 2190 fuisse
600 2171 610 2188 ι
630 2167 798 2195 mutuatum;
814 2172 823 2189 I
837 2160 872 2190 ἰ’
887 2162 961 2197 Obii-

178 2210 215 2235 cit
234 2208 415 2244 Hieronymus
443 2208 510 2236 nihil
541 2209 644 2244 proprii
671 2208 761 2242 operis
788 2206 960 2242 Pamphilum

1029 289 1110 316 opera
1129 281 1236 315 adjutus
1249 280 1409 308 elaboravit.
1428 280 1485 309 llue
1501 281 1570 309 adde
1592 282 1663 316 quod
1680 286 1754 310 totus
1773 282 1822 309 itle

1029 331 1136 355 constat
1153 327 1220 355 locis
1234 325 1360 363 Origenis
1382 334 1415 355 ex
1434 327 1518 354 variis
1543 326 1601 361 eius
1615 328 1746 362 eperlbus
1768 335 1822 355 cx-

1029 374 1139 408 cerptis.
1163 373 1185 400 si
1214 374 1294 400 modo
1321 373 1462 408 exceperis
1486 372 1604 404 initittm,
1631 374 1702 407 quod
1722 373 1822 407 aliquo

1028 420 1108 447 modo
1121 419 1187 446 nihil
1205 419 1276 446 aliud
1291 423 1333 446 est
1357 425 1436 453 quam
1452 418 1565 452 epistola
1590 418 1623 446 ad
1644 418 1821 446 confessores

1028 466 1060 492 ad
1075 465 1180 492 metalla
1193 467 1334 492 damnatos
1351 475 1356 492 :
1373 472 1403 492 ac
1421 464 1532 500 proinde
1549 469 1637 499 potest
1647 465 1718 492 inter
1731 465 1818 492 Pam-

1027 510 1093 544 phili
1115 511 1243 544 epistolas
1256 511 1345 538 locum
1361 511 1501 543 obtinere;
1518 510 1546 538 5·
1565 520 1574 536 t
1599 509 1676 542 Date,
1694 519 1703 536 ι
1725 511 1819 545 inquit

1024 552 1207 592 Hieronymus
1219 556 1353 592 epist.63,
1363 557 1395 583 ad
1407 556 1610 584 Patnmaehinm
1622 561 1646 584 et
1660 556 1816 589 Oceanum.

1028 612 1037 628 ι
1057 604 1193 637 quodlibet
1211 603 1283 630 aliud
1295 610 1361 637 optts
1376 602 1521 637 Pamphili.
1536 600 1673 637 Nusquam
1693 603 1817 637 reperie-

1027 649 1069 676 tis.
1084 647 1141 675 lloc
1160 650 1241 674 unum
1263 653 1316 675 est.
1343 646 1420 676 Unde
1441 649 1522 683 igitur
1538 649 1621 675 sciam
1636 649 1711 683 quod
1731 648 1816 676 Pam-

1025 694 1090 728 phili
1102 694 1137 721 sit
1148 694 1161 720 ?
1177 693 1307 721 Videlicet
1323 694 1408 728 st‘ylus
1424 698 1450 720 et
1464 693 1546 721 saliva
1573 694 1673 722 docere
1693 701 1737 721 me
1760 703 1813 729 po-

1025 742 1088 768 terit
1099 738 1110 767 τ
1124 749 1133 766 ›
1144 739 1166 767 Ε
1177 740 1246 776 stylo
1256 740 1363 774 quidem
1375 747 1424 768 nos
1432 740 1513 767 hodie
1524 739 1674 774 diiudicare
1681 747 1735 768 non
1744 748 1812 776 pos.

1023 794 1118 814 sumus
1131 793 1164 813 an
1179 783 1316 820 Pamphili
1339 792 1407 820 opus
1431 786 1483 817 sit;
1499 794 1592 813 verum
1610 786 1635 813 id
1654 783 1734 814 facile
1749 793 1812 814 erat

1024 832 1068 865 iis,
1086 832 1185 867 quibus
1202 832 1268 860 illud
1283 839 1345 859 cum
1364 831 1422 866 ejus
1435 832 1568 867 epistolis,
1581 840 1640 867 qua:
1658 832 1750 860 adhuc
1763 841 1812 860 su-

1022 878 1293 913 pererant,conferre
1308 878 1441 914 integrum
1455 883 1525 905 erat.
1542 878 1600 912 Ipse
1615 878 1810 914 Hieronymus,

1023 924 1068 957 qui
1091 924 1205 958 idipsum
1223 923 1344 958 profecto
1368 923 1497 957 contulit,
1511 930 1635 952 asserere
1652 931 1706 951 non
1723 933 1812 953 ausus

1022 975 1065 997 est
1079 970 1202 997 eumdem
1216 977 1276 997 esse
1290 969 1352 997 libri
1367 969 1447 1003 huius
1469 969 1634 1004 EnSehiique
1644 970 1764 1006 stylum;
1781 974 1810 997 et

1023 1016 1112 1051 reipsa
1128 1016 1162 1043 ab
1184 1015 1294 1043 Eusebii
1312 1015 1395 1044 saliVa
1424 1015 1564 1050 paululum
1581 1016 1711 1043 diversus
1729 1015 1811 1043 abire

1019 1060 1138 1089 videtur.

1059 1107 1091 1134 V.
1117 1106 1363 1143 Obiicit-praeterea
1390 1105 1570 1144 Hieronymus
1593 1106 1639 1135 lib.
1658 1115 1682 1134 ‘ll
1702 1107 1806 1134 adven.

1023 1152 1160 1187 Rufinum.
1182 1153 1270 1180 virum
1292 1153 1480 1181 doctissimum
1503 1153 1648 1180 Eusebium
1670 1153 1808 1188 (doctissi-

1022 1206 1105 1232 mum,
1124 1205 1177 1226 non
1200 1199 1375 1233 catholicum)
1393 1208 1403 1224 ι
1433 1206 1480 1234 per
1507 1205 1555 1226 sex
1580 1199 1716 1227 volumina
1741 1200 1806 1226 nihil

1022 1245 1093 1272 aliud
1107 1250 1199 1280 agere,
1216 1245 1268 1272 uisi
1292 1250 1321 1272 ut
1345 1244 1488 1280 Origenem
1509 1253 1566 1272 suae
1585 1244 1715 1272 ostendat
1732 1245 1806 1277 ﬁdei,

1021 1291 1047 1318 id
1060 1295 1101 1318 est
1113 1291 1220 1318 Arianae
1239 1291 1379 1323 perﬁdiae;
1396 1300 1406 1317 ι
1421 1291 1522 1318 nullam
1532 1298 1602 1326 ergo
1616 1291 1696 1324 huius
1714 1291 1806 1326 operis

1021 1341 1125 1371 partem
1149 1338 1182 1363 ad
1201 1335 1375 1372 Pamphilum
1394 1337 1540 1373 tnartyrein
1563 1337 1711 1372 pertinere,
1727 1337 1807 1371 cuius

1022 1382 1100 1410 ﬁdem
1121 1382 1218 1418 probat
1231 1381 1363 1410 Ecclesia.
1391 1383 1490 1410 Eadetn
1509 1383 1608 1418 repetit
1632 1383 1701 1410 locis
1723 1390 1806 1417 supra

1020 1429 1119 1460 citatis,
1135 1434 1163 1456 et
1178 1429 1241 1456 ιιι.ὴί
1256 1429 1373 1463 passim.
1390 1429 1462 1456 unde
1481 1429 1618 1457 concludit
1639 1428 1739 1456 librum
1755 1429 1806 1456 sub

1020 1474 1152 1509 Pamphili
1182 1475 1291 1502 nomine
1315 1475 1429 1507 editum,
1450 1475 1484 1502 ab
1506 1475 1598 1510 aliquo
1623 1475 1650 1502 in
1667 1473 1804 1502 Trinitate

1020 1521 1152 1548 catholico
1164 1520 1247 1548 fuisse
1260 1521 1440 1554 emendatum,
1456 1521 1501 1556 qui
1516 1520 1658 1556 plerasque
1678 1520 1805 1555 blasphe-

1021 1565 1089 1593 mias
1108 1567 1141 1593 de
1154 1565 1224 1594 Filio
1239 1571 1266 1593 et
1289 1566 1392 1601 Spiritu
1418 1571 1513 1593 sancto
1540 1571 1594 1593 tam
1607 1566 1707 1594 Graece
1719 1574 1799 1601 quam

1019 1612 1115 1639 Latine
1131 1612 1157 1638 in
1181 1613 1280 1639 bonam
1297 1617 1400 1647 partem
1419 1612 1603 1640 eomtnutarit.
1622 1621 1631 1638 ι
1651 1612 1705 1639 Sed
1721 1613 1800 1640 ﬁdem

1019 1656 1063 1685 hic
1075 1657 1238 1699 Hieronymo
1254 1657 1408 1685 habendatu
1426 1664 1478 1684 non
1491 1664 1553 1685 esse
1569 1657 1742 1685 validissimis
1755 1666 1797 1685 ar-

988 1709 994 1718 '
1018 1704 1154 1739 gtltncnlis
1172 1704 1259 1731 cvinci
1287 1708 1376 1738 potest
1400 1703 1499 1739 (inquit
1515 1702 1606 1730 Bullus
1628 1703 1665 1731 De
1683 1703 1749 1730 Filii
1760 1703 1799 1739 τῷ

1017 1750 1162 1785 ὁμοουσὶῳ,
1175 1753 1233 1785 cap.
1243 1749 1274 1782 ’9,
1289 1754 1341 1777 art.
1353 1749 1411 1784 20).
1426 1749 1493 1777 Nam
1506 1760 1512 1777 :
1533 1749 1559 1776 ια
1578 1749 1691 1777 thius
1706 1750 1796 1777 codice

1016 1804 1099 1824 cxvnt
1115 1799 1232 1823 testatur
1246 1803 1275 1823 se
1291 1796 1316 1822 in
1336 1794 1432 1824 Graeco
1455 1796 1553 1830 legisse
1569 1795 1702 1830 Pamphili
1724 1803 1795 1822 vmar-

1018 1842 1086 1878 tyris
1098 1836 1246 1870 ct‘Eusebii
1260 1841 1344 1869 libros
1352 1844 1416 1874 'Sex,
1432 1841 1459 1868 in
1481 1841 1580 1876 quibus
1601 1841 1675 1868 nulla
1691 1842 1795 1869 Ariante

1016 1888 1135 1922 perﬁdiae
1150 1888 1260 1923 vestigia
1277 1892 1352 1915 notat
1371 1891 1482 1915 severus
1494 1887 1538 1914 ille
1550 1891 1657 1920 ce'uso’r,
1674 1887 1719 1922 qui
1730 1888 1792 1914 alio-

1016 1934 1061 1969 qui
1082 1934 1108 1961 in
1128 1934 1245 1961 aliorum
1271 1933 1381 1968 scriptis
1412 1935 1570 1961 'constamer
1588 1933 1660 1961 solet
1686 1933 1792 1960 minima

1015 1987 1128 2015 quaeque
1145 1980 1355 2014 reprehendere,
1370 1986 1430 2014 qua:
1446 1979 1493 2006 'vel
1517 1980 1634 2014 speciem
1649 1979 1791 2006 Arianismi

1016 2033 1071 2060 prae
1087 2033 1116 2053 se
1134 2025 1224 2052 lerant
1238 2034 1245 2058 ;
1259 2026 1291 2051 '2-
1303 2025 1372 2053 idem
1386 2025 1498 2053 Photius
1516 2025 1575 2053 cod.
1593 2032 1665 2054 cxvn
1679 2031 1790 2053 veterem

1014 2071 1157 2105 quemdam
1179 2075 1317 2097 auctorem
1328 2077 1492 2106 anonymum
1512 2079 1729 2099 commemorans
1744 2072 1789 2106 qui

1013 2117 1167 2152 Apologim‘n
1194 2117 1285 2144 itidem
1310 2125 1357 2152 pro
1389 2116 1500 2152 Origene
1523 2118 1733 2152 conscripserat,
1755 2117 1789 2144 ait

1014 2168 1153 2190 auctorem
1176 2162 1250 2189 illum
1264 2163 1291 2190 in
1311 2163 1437 2198 Apologia
1459 2170 1507 2191 sua
1526 2167 1574 2198 pro
1588 2162 1708 2198 ’Origen'e
1721 2163 1788 2197 eius-
1838 2197 1841 2199 _

1013 2216 1066 2244 que
1091 2209 1234 2236 sententiis
1253 2212 1396 2244 pugnasse
1414 2209 1577 2237 auctoritate
1601 2214 1657 2236 tum
1677 2209 1786 2237 aliorum

179 2255 350 2289 scripsisset
365 2254 397 2281 Et
415 2254 473 2289 ipse
485 2254 594 2288 quidem
605 2254 707 2290 proprii
726 2253 827 2288 operis,
844 2264 854 2280 ι
869 2255 959 2290 inquit
978 2252 999 2280 D
1012 2255 1193 2289 antiqttiorutu
1217 2255 1391 2290 scriptorum,
1419 2259 1475 2282 tum
1503 2255 1635 2290 imprimis
1660 2254 1784 2289 Pamphili

178 2299 226 2327 lib.
249 2308 258 2327 t
280 2300 381 2326 advers.
401 2299 535 2334 Ruﬁnum.
568 2309 578 2326 ι
604 2300 670 2328 nihil
700 2297 812 2327 omnino
836 2301 960 2336 scripsit,

175 2347 296 2379 exceptis
326 2346 458 2380 epistolis.
487 2353 555 2379 quas
579 2347 612 2373 ad
643 2346 746 2373 amicos
768 2344 844 2374 forte
870 2347 960 2375 mitte-

174 2391 221 2419 bat
235 2391 284 2426 (5),
298 2391 324 2418 in
339 2396 442 2418 tantum
458 2399 488 2418 se
503 2391 655 2419 humilitate
671 2392 816 2427 deiecerat.
831 2391 958 2420 Veterum

174 2442 263 2464 autem
278 2442 412 2464 tractatus
431 2436 597 2471 scriptorum
621 2436 725 2471 legebat
747 2438 954 2471 studiosissime,

171 2488 199 2510 et
213 2484 238 2510 in
252 2490 346 2510 eortnn
361 2483 538 2510 meditatione
554 2482 654 2517 iugiter
667 2483 838 2510 versabatur.
859 2483 960 2512 Defen—

171 2537 217 2557 sor
232 2528 367 2564 Origenis,
381 2534 408 2556 et
423 2529 546 2556 laudator
559 2529 689 2564 Pamphili
711 2530 777 2557 dicit
789 2529 958 2565 Pamphilum

171 2576 237 2603 nihil
252 2576 362 2603 ommno
374 2576 527 2610 scripsisse,
542 2583 592 2603 nec
604 2575 708 2611 proprii
722 2574 869 2610 quidquam
893 2584 958 2604 con-

170 2615 270 2649 didisse
282 2621 414 2649 serutonis
433 2630 439 2647 :
454 2626 481 2648 et
498 2622 549 2648 hoc
563 2622 639 2652 dicit,
654 2621 709 2653 iam
729 2620 871 2655 Pamp'hilo
886 2629 957 2648 mar-

172 2667 240 2702 tyrio
252 2672 390 2699 coronato,
410 2675 443 2694 ne
456 2667 557 2694 habeas
572 2666 718 2701 suffugium
737 2672 795 2702 post
815 2667 903 2694 editos
921 2667 954 2694 ab

172 2711 286 2739 Eusebio
310 2712 395 2739 libros
420 2713 470 2739 hoc
493 2711 662 2745 Pamphilum
689 2711 842 2746 scripsisse.
870 2722 879 2738 ι
899 2713 952 2740 Sed

171 2757 256 2783 nodus
276 2758 319 2784 hic
330 2765 459 2792 perquam
485 2757 566 2784 facile
584 2763 689 2792 poterat
711 2765 725 2783 a
753 2757 849 2784 Ruﬁno
873 2758 951 2785 solvi.

170 2801 274 2836 Quippe
300 2803 435 2837 proprium
456 2802 590 2837 Pamphili
612 2810 681 2837 opus
697 2802 881 2836 Apologeticus
906 2803 952 2831 ille

204 2888 243 2923 (ὃ)
259 2889 355 2916 Euseb.
374 2889 419 2915 lib.
434 2896 461 2915 ιιι
483 2888 520 2915 De
536 2890 587 2915 vita
605 2887 753 2923 Pamphili.

1010 2301 1137 2335 martyris
1150 2305 1176 2327 et
1190 2300 1298 2327 EuScbii
1317 2300 1500 2328 Cre‘sa‘ricnsis.
1520 2300 1627 2328 Μᾶλλον
1641 2299 1681 2331 δὲ,
1696 2299 1783 2335 inquit,

1007 2346 1060 2373 τῶν
1079 2346 1164 2373 ἄλλων
1176 2346 1313 2374 ἁπάντων.
1336 2346 1470 2382 Παμφίλῳ
1497 2351 1526 2373 τε
1545 2347 1592 2382 Δ’.τῷ
1610 2347 1726 2383 μάρτυρι
1740 2348 1783 2374 ἑπ-

1006 2390 1136 2426 ερείδεται
1153 2391 1200 2418 καὶ
1215 2391 1253 2426 τῷ
1265 2391 1398 2426 Εὑσεδίῳ,
1418 2392 1443 2418 id
1458 2397 1509 2424 cst,
1524 2402 1533 2418 ι
1547 2400 1602 2427 prae
1613 2393 1715 2420 ueteris
1727 2400 1784 2421 vero

1008 2435 1268 2472 Pamphilomartyri
1282 2437 1437 2464 innitituret
1449 2437 1576 2470 Eusebio,
1592 2448 1603 2465 ι
1617 2439 1780 2466 utindubium

1012 2483 1077 2509 mihi
1105 2483 1229 2510 videatur
1255 2487 1419 2518 anonymum
1443 2483 1517 2510 illum
1536 2485 1660 2511 eamdem
1682 2492 1780 2519 prorsus

1010 2536 1070 2555 cum
1087 2528 1266 2563 Patitp‘hilo‘et
1277 2527 1396 2556 Eusebio
1409 2528 1551 2564 Origenem
1568 2529 1724 2558 defendendi
1739 2538 1777 2556 ra-

1005 2574 1106 2601 tiOnem
1123 2578 1248 2602 secutum
1266 2581 1338 2602 esse.
1370 2572 1495 2608 Nunquid
1518 2583 1581 2602 vero
1606 2576 1718 2603 'Ariauus
1737 2575 1776 2603 luit

1006 2620 1183 2655 apologista?
1204 2619 1276 2647 Nihil
1302 2620 1402 2648 tttinus.
1422 2619 1490 2648 Nam
1512 2622 1570 2655 ipse
1594 2621 1714 2654 Photius,
1737 2622 1774 2656 qui

1007 2666 1106 2700 alioqui
1129 2662 1419 2701 plerosque'Origeuis
1440 2674 1548 2694 errores
1572 2665 1610 2694 illi
1635 2669 1730 2700 tribuit,
1743 2667 1774 2695 di-

1007 2717 1078 2738 serie
1093 2712 1167 2744 ‘dlcit,
1179 2713 1252 2746 quod
1269 2713 1332 2747 περὶ
1354 2712 1403 2747 τῆς
1419 2712 1498 2746 ἁγίας
1515 2712 1630 2748 Τριάδος
1643 2713 1716 2740 οὐδὲν
1727 2713 1771 2741 τῶν

1005 2756 1180 2792 ἐσφαλμένων
1195 2757 1280 2792 λέγει’
1297 2768 1306 2783 ι
1325 2758 1358 2785 de
1370 2759 1399 2785 S.
1414 2757 1547 2785 Triuitate
1560 2759 1626 2787 nihil
1637 2767 1770 2787 erratortttu

1006 2801 1093 2830 alIcrt.
1107 2813 1116 2829 ι
1133 2803 1273 2836 Quomodo
1285 2809 1374 2832 autem
1385 2804 1527 2840 Origenem
1542 2805 1663 2833 defendit
1672 2804 1767 2834 auctor!
