1909 3080
152 130 207 156 529

631 128 804 157 APOLOGIA
820 130 887 157 PRO
905 130 1063 160 ORIUENE.
1084 148 1116 153 ——
1137 131 1305 161 MONITUM.

1729 135 1782 163 550

153 188 276 223 Φησὶδὲ,
306 189 392 224 inquit
414 188 540 222 Pbotius,
565 191 611 217 καὶ
632 191 698 226 περὶ
719 190 766 217 τοῦ
791 191 943 226 Ὠριγὲνους

996 194 1088 226 fuisse,
1104 194 1224 230 nunquid
1237 195 1299 222 inde
1312 199 1474 229 sequeretur
1491 201 1543 222 non
1557 194 1640 222 fuisse
1653 198 1782 230 martyris

155 234 240 270 μηδὲν
252 234 333 261 αὐτὸν
349 234 417 261 κατὰ
431 234 509 268 δόξαν
522 235 653 270 ἐσφάλθαι
663 236 728 271 περὶ
746 236 793 272 τῆς
813 237 926 274 Τριάδος
935 246 941 252 ·

157 290 166 305 ι
188 280 255 315 quin
283 281 364 308 etiam
388 281 439 308 hoc
460 281 558 308 aSserit
577 281 611 309 de
635 281 763 316 Origene.
793 282 859 309 nihil
882 289 943 309 eum

153 326 227 361 quod
235 327 342 360 quidem
352 327 385 353 ad
395 327 491 362 dogma
504 328 537 354 de
548 327 680 359 Trinitate
692 328 799 361 attinet,
809 335 924 355 errasse.
933 338 941 354 ι

155 372 201 398 Ait
216 380 277 398 mox
295 372 408 402 Pholius
422 373 583 407 scriptorem
599 373 673 403 illum
686 374 841 408 quindecim
854 374 944 410 capita

154 416 266 453 Origeni
281 417 399 452 objecta,
414 426 530 453 quorum
554 419 604 446 tria
620 419 717 454 prima,
734 419 868 447 decimutn
890 423 945 447 ter-

157 463 225 489 tium
245 468 273 490 et
290 463 414 490 ultimum
439 465 471 493 ad
490 465 634 492 articulum
652 465 684 492 de
708 464 841 492 Triuitate
859 465 943 500 perti—

155 513 234 540 nent,
253 510 384 543 probasse
400 510 526 543 διαϐολὰς
551 508 632 543 εἶναι,
661 511 694 537 ὲκ
716 510 771 537 τῶν
789 510 836 541 τρῦ
863 511 943 537 αὐτοῦ

154 555 262 582 ἐκείνου
284 556 506 592 συγγραμμάτων
530 556 691 592 ποιούμενον
715 557 778 588 τοὺς
799 556 942 592 ἐλέγχουςν

158 610 167 626 ε
191 609 280 629 meras
309 609 369 633 esse
391 602 555 634 calumnias,
578 610 609 635 ex
637 602 779 637 ipsiusmet
798 602 943 639 (Origenis)

154 648 266 681 scriptis
284 647 372 675 allatis
384 648 562 683 argumentis.
580 657 589 673 ι
609 648 739 675 Eauuletn
761 648 842 685 plane
863 648 946 675 ratio-

155 700 219 721 nem
237 701 269 721 ac
286 693 440 722 methodum
465 699 556 721 servat
583 693 711 729 Apologia
741 693 790 720 sub
811 693 943 728 Pamphili

155 739 269 766 nomine
293 747 307 766 a
324 739 422 766 Ruﬁno
438 739 520 767 edita.
545 739 618 767 Sane
631 747 664 765 ex
689 739 731 766 his
755 739 820 770 illud
849 739 943 771 saltem

152 783 283 816 edicitur,
297 792 312 812 a
326 784 420 812 Graeco
434 784 567 819 scriptore
578 785 662 812 veteri
680 785 726 819 qui
743 785 768 812 in
784 784 898 812 articulo
912 786 945 812 de

155 831 186 857 S.
201 829 346 864 Triuitate,
361 831 403 858 vel
419 831 518 858 Photio
535 831 639 865 judice,
654 830 811 858 catholicus
829 831 890 865 fuit,
906 831 944 857 al-

156 877 211 904 lata
229 877 312 906 fuisse
339 885 373 908 ex
396 878 462 913 ipsis
489 877 614 913 Origenis
636 877 754 912 scriptis,
781 882 862 912 prout
887 883 942 907 tum

152 923 250 951 Graece
269 928 420 958 exstarent,
448 923 614 957 testimonia,
634 931 693 958 quae
710 923 870 951 catholicum
896 931 943 958 pa-

153 970 224 996 riter
246 969 330 997 fuisse
346 969 372 996 in
398 970 492 997 eodem
514 969 627 998 articulo
647 969 791 1005 Origenem
819 970 944 996 ostende-

153 1020 229 1049 rent,
252 1020 334 1050 atque
358 1015 409 1046 hoc
431 1015 529 1045 fecisse
553 1020 692 1046 auctorem
714 1016 787 1042 illum
811 1014 942 1049 Pamphili

153 1062 284 1098 martyris
307 1065 334 1089 et
358 1061 465 1093 Eusebii
492 1061 627 1095 exemplo,
651 1069 799 1096 eorumque
822 1061 944 1096 vestigiis

154 1109 338 1135 insistentem.
364 1117 374 1134 ι
392 1108 420 1134 5·
439 1107 591 1137 Verisimile
620 1115 673 1134 non
701 1112 743 1135 est
766 1107 821 1142 jam
839 1112 895 1134 tum
909 1107 943 1133 ad

153 1154 286 1181 Arianam
301 1154 425 1183 hmresim
443 1153 576 1181 defecisse
589 1153 747 1187 Eusebium,
760 1161 821 1181 cum
842 1153 868 1180 in
883 1161 944 1189 gra-

154 1199 222 1227 tiam
238 1200 363 1234 Origeuis
391 1200 534 1227 scriberet.
557 1199 623 1232 Quis
637 1199 709 1226 enim
726 1199 831 1232 credat,
850 1199 872 1225 si
887 1198 943 1234 jam

154 1251 214 1273 tmn
232 1245 329 1273 fuisset
343 1246 472 1280 Ariauus,
488 1245 514 1273 id
529 1253 558 1272 se
573 1245 624 1273 sibi
652 1245 820 1279 probandum
850 1252 944 1272 susce-

154 1292 229 1327 pisse
245 1292 280 1318 ab
298 1291 414 1327 Origene
433 1291 515 1318 statui
541 1300 550 1316 ι
572 1291 643 1326 quod
660 1290 771 1325 aequalis
797 1290 833 1317 sit
854 1289 944 1316 'l‘riui-

154 1341 198 1364 tas
218 1346 225 1364 :
243 1340 315 1371 quod
329 1344 382 1367 non
401 1344 485 1372 purus
499 1337 592 1369 homo,
606 1336 653 1364 sed
670 1336 768 1364 divina:
788 1341 893 1363 natura;
907 1335 942 1363 sit

153 1382 305 1410 Christus:
325 1382 398 1415 quod
414 1387 493 1413 extra
515 1381 600 1410 ullum
621 1381 728 1409 initium
749 1381 784 1408 sit
805 1381 944 1418 generatio

155 1427 220 1456 Filii
238 1428 284 1455 Dei
299 1436 306 1454 :
322 1428 393 1462 quod
411 1435 464 1454 non
477 1428 514 1455 sit
530 1426 611 1455 Pater
625 1428 770 1460 antequam
783 1426 881 1459 Filius,
897 1427 942 1454 sed

153 1479 311 1504 coaeternus
328 1473 363 1503 sit
376 1473 461 1504 Filius
478 1472 573 1500 Patri:
589 1473 661 1508 quod
676 1480 729 1500 non
750 1480 795 1508 per
811 1472 943 1508 prolatio-

155 1527 220 1547 nem
235 1524 314 1551 natus
326 1520 362 1548 sit
375 1519 459 1551 Filius
474 1529 481 1546 ε
493 1519 564 1554 quod
574 1518 761 1554 inseparabilis
774 1519 809 1545 sit
821 1518 941 1546 aPatre:

153 1566 229 1600 quod
247 1566 341 1598 eadem
356 1566 392 1593 sit
408 1564 652 1593 inconvertibilitas
664 1564 765 1597 Patris,
780 1570 807 1592 et
829 1564 900 1597 Filii,
918 1571 944 1592 et

153 1611 275 1646 Spiritus
294 1612 381 1642 sancti
400 1620 407 1638 :
426 1611 496 1646 quod
513 1611 583 1638 sicut
599 1610 680 1638 Pater
695 1610 771 1637 novit
794 1611 869 1637 initia
887 1618 945 1638 om-

154 1658 234 1684 nium
253 1663 279 1685 et
298 1658 376 1691 lines,
393 1658 433 1690 sic
444 1662 470 1685 et
484 1657 580 1691 Filius,
594 1657 634 1684 sic
643 1662 671 1684 et
685 1656 802 1691 Spiritus
817 1662 942 1684 sanctus:

151 1705 229 1739 quod
240 1712 273 1732 ex
289 1704 344 1732 Deo
358 1703 437 1731 Patre
454 1708 532 1730 natus
543 1704 578 1730 sit
591 1703 687 1736 Filius,
701 1710 734 1730 ac
743 1703 822 1730 unius
834 1708 860 1730 et
871 1702 943 1736 ejus-

153 1753 218 1779 dem
235 1758 296 1779 cttm
320 1750 401 1778 Patre
426 1750 602 1783 substantiae;
631 1749 737 1778 alienus
760 1757 824 1777 vero
851 1758 865 1776 a
881 1750 939 1778 sub-

154 1798 265 1827 smntiis
285 1802 484 1830 creaturarum,
508 1807 517 1823 ι
537 1801 603 1829 etc.,
620 1804 682 1831 quae
700 1804 716 1823 e
731 1796 866 1823 diametro
888 1796 944 1824 bte-

155 1843 212 1871 resi
240 1843 350 1872 Arianze
375 1841 575 1869 adversantur?
609 1841 676 1874 Quis
701 1841 752 1868 sibi
782 1841 945 1876 persuadeat

153 1896 231 1920 eum,
246 1888 308 1915 dum
336 1887 544 1922 prteclarissima
569 1886 615 1913 illa
639 1885 764 1920 Origenis
790 1886 943 1914 testimonia

154 1938 319 1968 excerperet
334 1925 404 1961 unde
425 1933 543 1960 Arianus
560 1940 638 1959 error
660 1932 827 1965 confoditur,
842 1932 943 1959 Ariona

155 1981 224 2017 ipsis
236 1980 395 2009 infersisse?
409 1980 437 2006 4°
459 1979 560 2007 lnvicte
579 1979 750 2006 demonstrat
769 1978 945 2006 doctissimus

155 2031 253 2054 noster
263 2026 378 2055 domnus
397 2025 565 2056 Prudentius
580 2024 673 2052 Maran
688 2024 714 2051 in
730 2032 778 2051 suo
792 2024 831 2051 De
847 2024 944 2051 diuini-

155 2078 211 2100 tate
239 2072 336 2099 Christi
356 2071 404 2100 lib.
430 2079 468 2100 tv.
489 2078 550 2106 cap.
577 2070 671 2102 14-16,
701 2075 730 2097 et
750 2069 814 2098 alibi
830 2070 943 2104 passim,

154 2119 266 2147 Arianae
281 2118 378 2149 haeresi
400 2117 554 2148 nullatenus
568 2116 659 2145 {avere
674 2116 818 2150 Origenem
834 2116 885 2153 (Δ),
897 2117 944 2144 sed

154 2165 325 2197 econtrario
349 2164 510 2199 scriptorem
534 2163 700 2190 catholicum
722 2163 944 2197 acerrimumque

997 239 1147 275 Pamphili?
1162 241 1271 268 Minime
1289 240 1421 272 omnium,
1434 240 1476 267 vel
1493 241 1606 276 ipsomet
1619 239 1781 275 llicr0uymo

991 285 1107 318 judich
1122 285 1173 314 Sed
1187 287 1404 313 concedamus’ex
1417 286 1578 321 superﬂuo.»
1596 286 1685 320 inquit
1698 286 1778 320 epist.

995 331 1038 362 65.
1049 332 1081 359 ad
1098 332 1300 360 Pammachiqu
1317 338 1343 360 et
1357 332 1504 364 Oceanum,
1516 342 1525 357 ι
1542 337 1571 358 ιιι
1585 332 1714 366 Pamphili
1728 332 1778 363 sit;

995 379 1041 405 sed
1067 380 1182 406 necdum
1212 380 1349 414 martyris.
1374 381 1444 406 Ante
1468 380 1539 406 enim
1564 379 1673 413 scripsit
1697 387 1779 413 qualn

996 423 1154 457 martyrium
1184 427 1380 457 perpetraretur.
1415 423 1446 449 Et
1476 424 1620 456 quomodo,
1661 422 1777 458 inquies,

995 468 1127 503 martyrio
1149 468 1247 503 dignus
1261 469 1332 495 fuit?
1353 469 1462 496 Scilicet
1485 473 1513 494 ut
1533 469 1664 504 martyrio
1678 468 1780 495 deleret

994 521 1127 547 errorem,
1145 519 1174 540 ut
1192 522 1274 541 unam
1298 515 1404 549 culpam
1431 515 1568 550 sanguinis
1588 514 1629 542 sui
1649 514 1780 541 effusione

995 565 1132 594 purgaret.
1153 560 1252 596 Quanti
1272 561 1297 587 iu
1314 561 1380 591 orbe
1397 566 1539 595 martyres,
1557 565 1700 594 antequam
1727 566 1778 586 cae-

994 605 1133 637 derentur,
1169 606 1253 635 variis
1276 605 1435 639 suhjacnrrc
1463 606 1599 640 peccatus!
1634 615 1643 630 ι
1675 605 1781 637 Quibus

994 651 1084 678 verbis
1102 655 1230 685 tanquam
1247 642 1362 689 suffugio
1388 652 1475 678 utitur
1497 651 1687 686 llierouyntus,
1703 654 1731 676 ut
1756 650 1778 676 si

995 697 1083 722 minus
1115 696 1194 724 fidem
1223 696 1376 734 famamque
1407 696 1498 724 Ruﬁni
1527 696 1656 728 elevaret,
1685 695 1779 722 saltem

993 741 1128 776 Pamphili
1146 742 1290 777 martyris,
1304 749 1384 777 quem
1405 742 1484 777 hujus
1496 742 1631 777 Apologim
1644 746 1780 768 auctorem

994 796 1047 821 non
1061 788 1173 815 omnino
1187 787 1293 816 dillileri
1311 789 1403 821 audet,
1423 789 1617 816 auctoritatem
1635 788 1779 815 minueret.

995 834 1047 862 Sed
1064 841 1096 862 eo
1115 834 1250 862 inﬁrmius
1265 833 1325 869 ejus
1342 839 1383 863 est
1401 839 1601 871 argumentum,
1627 835 1698 868 quod
1727 838 1781 860 tor-

996 886 1085 907 menta
1101 880 1214 914 plurima
1231 881 1305 915 prius
1320 873 1421 914 passus‘
1431 885 1500 907 esset
1518 880 1684 913 Pamphilus.
1701 887 1780 914 quam

995 927 1145 959 scriberet;
1163 927 1284 960 adeoque
1303 926 1359 961 jam
1375 931 1439 954 tunc
1454 934 1517 953 vcrc
1533 931 1592 953 erat
1608 931 1722 961 martyr,
1737 934 1781 954 se-

995 972 1110 1000 cundum
1128 972 1264 1007 vulgarem
1280 973 1338 1011 ejus
1353 973 1482 1006 temporis
1505 972 1631 1006 loquendi
1659 972 1779 1000 modum.

994 1017 1159 1054 Hieronymo
1192 1022 1281 1045 autem
1309 1018 1349 1049 sic
1376 1019 1522 1052 respondet
1551 1018 1664 1045 Rufinus
1682 1017 1780 1046 Invect.

995 1063 1040 1091 lib.
1057 1072 1074 1090 ιι
1090 1073 1097 1090 :
1111 1072 1121 1089 ‹
1140 1063 1168 1090 Si
1184 1063 1211 1090 in
1230 1069 1333 1090 tantum
1348 1064 1457 1091 volebas
1473 1064 1619 1096 audere,ut
1635 1069 1780 1099 martyrem

994 1109 1219 1144 reprehenderes,
1238 1109 1308 1136 dicta
1330 1109 1398 1144 ipsa.
1417 1117 1477 1142 quze
1493 1109 1540 1136 tibi
1560 1109 1720 1136 videbantur
1736 1117 1780 1136 re-

994 1154 1196 1189 prehensibilia,
1212 1154 1237 1180 in
1251 1154 1368 1181 medium
1387 1152 1507 1187 proferre
1515 1153 1661 1185 debueras;
1676 1157 1703 1180 et
1718 1158 1782 1180 tunc

995 1199 1182 1234 unusquisque
1199 1199 1461 1233 legentiumvidisset
1473 1199 1537 1233 quid
1551 1198 1585 1225 ibi
1599 1203 1670 1226 esset
1685 1198 1779 1225 absur-

994 1244 1068 1276 dum,
1096 1244 1161 1279 quid
1189 1251 1371 1278 consequens,
1390 1243 1453 1277 quid
1475 1243 1610 1277 iniquum,
1627 1243 1691 1277 quid
1706 1248 1781 1270 certe

994 1295 1086 1318 contra
1105 1289 1267 1324 apostolicus
1284 1289 1389 1324 regulas
1404 1297 1411 1316 :
1426 1289 1474 1317 sed
1487 1293 1590 1316 tantum
1609 1289 1701 1316 nescio
1716 1289 1781 1324 quid

994 1336 1152 1369 impietatis,
1170 1344 1219 1371 pro
1240 1344 1305 1371 quo,
1320 1335 1440 1366 utdicis,
1466 1335 1602 1369 cxpiando
1622 1335 1779 1369 sanguinem

994 1391 1072 1410 suum
1088 1383 1189 1410 fuderit
1204 1388 1318 1418 martyr.
1332 1381 1388 1417 Ipsa
1405 1381 1449 1408 illa
1468 1382 1549 1409 verba
1569 1381 1591 1409 si
1609 1381 1779 1416 legeret.jam

995 1436 1047 1455 non
1063 1432 1119 1460 tua,
1133 1429 1179 1456 sed
1197 1436 1244 1455 sua
1268 1428 1418 1460 sententia,
1432 1433 1477 1453 aut
1494 1434 1603 1455 errasse
1619 1432 1777 1462 martyrem,

996 1476 1043 1500 aut
1061 1472 1170 1500 nomine
1183 1472 1311 1507 martyris
1321 1472 1466 1498 absurdam
1481 1477 1509 1498 et
1526 1471 1635 1503 impiam
1658 1471 1778 1498 conseri<

996 1520 1117 1554 ptionem
1139 1519 1173 1546 ab
1201 1518 1254 1545 alio
1281 1518 1385 1546 diceret
1407 1525 1467 1545 esse
1482 1517 1671 1552 compositam.
1704 1517 1781 1544 Nunc

995 1572 1059 1592 vero
1080 1565 1170 1592 sciens
1185 1564 1248 1599 quia
1266 1565 1287 1597 si
1315 1564 1441 1599 legantur
1457 1571 1487 1591 ea
1507 1571 1568 1599 quae
1592 1563 1778 1598 reprehendis,

995 1615 1059 1637 nota
1084 1610 1284 1644 retorquebitur
1306 1610 1331 1636 in
1357 1617 1418 1637 eum
1445 1609 1491 1644 qui
1513 1609 1604 1644 culpat
1620 1609 1729 1643 injuste,
1747 1615 1779 1635 ea

995 1656 1103 1690 quidem
1118 1663 1178 1690 quae
1194 1656 1371 1690 reprehendis
1399 1664 1451 1683 non
1475 1655 1590 1689 profers.
1609 1664 1618 1680 ι
1635 1655 1667 1681 Et
1692 1654 1779 1689 reipsa

995 1701 1062 1729 nihil
1079 1699 1129 1727 nisi
1144 1701 1294 1736 generatim
1314 1701 1428 1735 protulit
1444 1700 1624 1735 llieronymus
1650 1701 1779 1726 adversus

995 1749 1066 1776 hanc
1085 1747 1251 1782 Apologiam.
1275 1746 1331 1774 lmo
1357 1747 1523 1781 promiserat
1547 1745 1594 1772 lib.
1611 1753 1630 1772 lt
1654 1746 1778 1772 advorsus

996 1792 1130 1827 Ruﬁnum,
1145 1792 1212 1819 sein
1233 1792 1408 1827 sequentibus
1425 1797 1518 1818 contra
1549 1790 1633 1824 ipsam
1657 1790 1778 1824 scriptu-

996 1846 1065 1871 rmn,
1076 1838 1098 1865 si
1112 1837 1230 1865 dictandi
1244 1838 1359 1871 spatium
1370 1841 1453 1868 esset,
1469 1843 1518 1864 nec
1528 1840 1615 1862 tamen
1634 1836 1778 1870 quidquam

995 1884 1136 1919 scripsisse
1165 1883 1299 1916 novimus,
1328 1883 1450 1917 quamvis
1470 1882 1559 1917 plures
1579 1889 1663 1909 annos
1685 1887 1778 1916 postea

995 1931 1102 1957 vixerit.

1030 1975 1073 2002 Vl.
1088 1975 1140 2003 Sed
1156 1980 1246 2002 tamen
1263 1980 1292 2001 ut
1308 1974 1501 2010 Hieronymum
1516 1981 1575 2001 cum
1598 1975 1688 2010 scipso
1714 1983 1780 2002 con«

995 2021 1094 2054 ciliem,
1107 2029 1160 2048 non
1175 2020 1279 2048 inﬁcias
1296 2020 1372 2047 ierim
1384 2020 1470 2047 videri
1483 2021 1592 2055 quidem
1606 2020 1779 2055 Pamphilum

996 2072 1022 2094 et
1034 2067 1178 2095 Eusebium
1197 2066 1223 2093 in
1244 2066 1398 2100 Defettsione
1415 2065 1460 2092 illa
1475 2066 1597 2100 quzedam
1613 2066 1735 2093 attulisse
1745 2074 1779 2093 ex

995 2113 1112 2149 Origene
1123 2112 1290 2144 testimonia,
1299 2112 1398 2147 quibus
1410 2111 1513 2139 vocula:
1524 2117 1552 2139 et
1564 2112 1635 2139 dicta
1650 2112 1778 2139 nonnulla

996 2159 1109 2187 admista
1125 2162 1235 2192 essent,
1253 2165 1313 2193 qum
1327 2156 1472 2185 catholicis
1494 2157 1606 2185 auribus
1623 2156 1778 2192 Hieronymi

155 2209 228 2237 sacri
241 2209 275 2237 de
292 2208 428 2239 Triuitate
441 2208 575 2243 dogmatis
587 2208 758 2236 defensorem
776 2208 874 2235 haberi
896 2207 944 2234 de-
959 2209 981 2238 D
995 2210 1074 2233 :etate
1088 2205 1178 2232 minus
1194 2205 1366 2239 placuerunt,
1385 2209 1478 2239 utpote
1494 2204 1527 2231 ab
1543 2203 1651 2231 Arianis
1676 2208 1730 2229 tum
1746 2203 1779 2229 ad

155 2256 240 2288 bere;
258 2260 285 2282 et
311 2262 371 2289 qua:
396 2255 574 2289 objiciuntur,
591 2260 638 2282 aut
653 2254 715 2282 ficta
743 2261 804 2281 esse
817 2258 844 2280 et
862 2253 896 2280 ab
910 2260 943 2280 eo

155 2300 260 2333 aliena,
278 2305 326 2328 aut
342 2300 440 2334 partim
460 2299 698 2335 prreclarissimam
716 2299 818 2326 habere
833 2303 943 2326 senten-

156 2346 236 2379 tiam,
249 2346 272 2374 si
290 2351 363 2373 recte
380 2346 579 2380 interpreteris,
599 2345 697 2379 partim
715 2353 767 2372 non
792 2345 943 2375 incommo-

155 2391 232 2423 dam,
249 2391 271 2418 εἰ
295 2399 356 2418 cum
382 2390 442 2418 aliis
464 2390 523 2426 ejus
551 2389 690 2425 principiis
713 2395 777 2425 apte
800 2390 942 2418 concilies.

155 2436 300 2469 Quomodo
323 2435 406 2470 igitur
427 2435 560 2464 Eusebius
584 2436 610 2462 in
635 2436 872 2470 praestantissimis
889 2435 944 2463 illis

154 2482 341 2514 contextihus,
357 2483 454 2516 quibus
471 2481 598 2517 Origenis
625 2482 776 2512 doctrinam
794 2481 828 2508 ab
841 2482 943 2509 Ariana

156 2527 219 2555 labe
231 2527 363 2560 vindicat,
380 2527 531 2562 approbare
543 2527 677 2561 potuisset
692 2529 780 2563 ipsum
799 2527 942 2563 Origenem

157 2574 241 2601 fuisse
262 2573 415 2605 Arianum?
440 2573 514 2606 Quas
533 2573 714 2608 blasphemias
735 2573 898 2606 infersisset,
919 2573 942 2600 si

155 2621 224 2648 nihil
240 2621 277 2648 sit
292 2620 318 2648 in
334 2620 449 2655 Origene
458 2620 528 2654 quod
547 2620 579 2646 ad
596 2620 861 2649 haeresimArianam
873 2620 942 2652 trahi

155 2666 253 2694 merito
266 2666 367 2701 queat?
380 2665 514 2693 (Laterum
532 2665 605 2700 dato,
628 2674 679 2693 non
697 2672 786 2694 autem
801 2674 942 2699 concesso,

156 2711 364 2748 Apologeticum
378 2711 497 2738 libellum
516 2711 565 2738 sub
583 2712 693 2738 nomine
708 2711 839 2746 Pamphili
856 2719 871 2738 ιι
886 2710 943 2737 llu-

154 2757 212 2787 ϋηο
224 2758 338 2791 editum,
353 2757 455 2786 Ariauo
467 2765 571 2785 veneno
583 2757 609 2784 in
623 2762 695 2785 textu
703 2757 797 2785 Grazco
815 2758 943 2785 infectant

996 2252 1120 2279 hmresim
1136 2259 1212 2279 suam
1232 2252 1431 2286 prapagandam
1448 2254 1595 2286 usurpata:
1612 2257 1680 2285 quas
1697 2257 1779 2276 vocu-

995 2297 1052 2330 las,
1066 2296 1108 2324 vel
1123 2304 1182 2331 qua:
1203 2297 1272 2323 dicta
1297 2301 1438 2331 propterea
1466 2295 1616 2323 resecuisse
1638 2295 1745 2321 videtur
1764 2302 1779 2320 a

995 2351 1043 2370 sua
1057 2343 1180 2370 versione
1192 2342 1316 2374 Ruﬁnus,
1328 2346 1354 2369 et
1370 2342 1529 2377 quibusdatn
1545 2341 1654 2373 additis,
1666 2341 1778 2375 quibus-

996 2389 1057 2416 dam
1081 2388 1209 2416 detractis
1230 2388 1375 2420 emollisse,
1393 2391 1421 2414 ut
1445 2386 1606 2414 catholicam
1627 2379 1778 2413 doctrinam

996 2434 1086 2461 verbis
1102 2433 1182 2468 plane
1204 2434 1345 2461 catholicis
1362 2434 1491 2461 traderet.
1509 2431 1586 2465 Quod
1604 2432 1715 2459 innuere
1740 2431 1779 2458 vi-

996 2480 1074 2508 detur
1091 2480 1148 2514 ipse
1165 2479 1299 2512 Ruﬁnus,
1316 2487 1376 2507 cum
1395 2480 1420 2506 in
1439 2479 1545 2515 epilogo
1568 2479 1601 2505 ad
1624 2478 1780 2505 translatio-

996 2533 1057 2554 nem
1071 2533 1148 2554 suam
1162 2527 1194 2553 ad
1206 2526 1355 2563 Macarium
1373 2526 1411 2552 ait
1426 2533 1456 2552 se
1475 2535 1484 2551 ι
1502 2524 1700 2559 Apologeticum
1715 2531 1778 2550 san—

995 2573 1031 2600 cti
1050 2573 1175 2608 martyris
1195 2571 1326 2606 Pamphili
1340 2592 1348 2605 ,
1362 2576 1441 2606 prout
1459 2571 1562 2604 potuit,
1576 2571 1619 2598 vel
1636 2578 1678 2597 res
1692 2577 1778 2605 popo-

995 2619 1057 2651 scit,
1078 2618 1173 2648 Latino
1189 2625 1313 2645 sermone
1326 2618 1485 2651 digessisse.
1503 2626 1512 2643 r
1531 2616 1688 2652 Huiusmodi
1707 2623 1776 2643 rese-

995 2664 1092 2697 ctionis
1129 2663 1277 2690 etiamnum
1316 2663 1457 2698 vestigium
1494 2666 1593 2690 exstat.
1620 2659 1778 2695 Pamphilus

996 2711 1075 2747 hujus
1081 2710 1214 2746 Apologitz
1222 2717 1281 2745 cap.
1291 2712 1318 2742 4,
1330 2709 1366 2736 De
1375 2708 1474 2743 Spiritu
1482 2713 1581 2739 sancto,
1595 2707 1779 2734 testimonium

997 2757 1104 2785 adducit
1118 2765 1133 2785 e
1148 2763 1206 2792 cap.
1223 2755 1240 2783 5
1275 2755 1334 2782 libri
1349 2761 1357 2781 ι
1370 2774 1378 2788 ,
1391 2753 1460 2788 Περὶ
1483 2752 1583 2788 ἀρχῶν
1595 2773 1604 2787 ,
1624 2751 1700 2786 cujus
1723 2751 1779 2779 fra—

194 2848 234 2883 (ιι)
258 2847 326 2893 Vide
340 2847 410 2875 infra
427 2851 504 2876 notas
522 2847 549 2876 in
565 2830 719 2882 Origeuian.
731 2846 776 2875 lib.
792 2854 824 2881 It,
841 2854 899 2882 cap.
911 2845 939 2880 2,
953 2850 1046 2881 qumst.
1063 2845 1090 2872 '2.
