1909 3080
155 146 204 174 551

754 145 783 173 S.
804 143 968 171 PAMPHILI
987 142 1165 171 MARTYRIS

1726 140 1780 171 533

155 209 292 242 gmentum
302 205 425 233 Graecum
443 205 551 234 exhibet
562 205 708 240 imperator
722 203 891 235 Iustinianus
906 203 939 233 ad
956 207 977 235 Α
992 203 1038 230 lib.
1052 211 1059 233 ι
1081 203 1185 230 advers.
1196 201 1321 236 [inlinunt
1334 201 1375 229 his
1385 202 1474 230 verbis
1489 212 1495 229 ε
1511 211 1520 227 ι
1536 201 1687 236 Paucisque
1700 203 1779 230 testi-

155 251 258 279 calcem
272 251 392 287 epistolas
405 250 437 281 ad
455 249 573 281 Menam,
585 250 656 284 quod
673 256 725 276 non
741 256 834 285 parum
848 249 940 276 crimi-

155 302 255 324 nantur
268 297 327 330 ipse
341 295 529 327 Justiniauus,
546 295 711 322 Athanasius
732 295 759 322 in
773 294 872 322 Matth.
889 302 938 327 xit.

154 343 206 377 52;
223 341 387 377 Theophilus
399 342 424 369 in
441 342 516 374 epist.
532 345 545 368 t
564 342 700 376 paschali:
718 341 897 377 Hieronymus
913 341 939 368 in

154 387 234 423 epist.
262 390 295 415 ad
320 388 427 415 Avitum
441 408 449 420 ,
472 393 501 415 ct
523 388 637 414 Photius
655 388 780 414 Biblioth.
804 388 864 416 cod.
879 396 938 416 \‘lll.

153 433 194 460 En
210 432 256 459 lilii
277 433 391 466 ipsamet
409 432 490 458 verba
505 441 511 459 :
529 432 590 459 Ὅτι
604 433 618 459 ό
635 433 685 468 μὲν
701 432 767 464 Θεὸς
780 432 828 459 καὶ
844 433 939 468 Πατὴρ

153 479 270 514 συνέχων
284 478 318 504 τὰ
334 478 422 505 πάντα
435 477 529 512 φθάνει
543 479 583 516 εὶς
599 478 712 505 ἕκαστον
724 478 778 504 τῶν
786 478 880 509 ὄντων,
893 487 940 514 με-

151 525 271 557 ταδιδοὺς
281 525 389 559 ἑκάστῳ
399 525 452 552 ἀπὸ
462 524 509 551 τοῦ
524 524 590 559 ῑδίον
600 525 630 551 τὸ
641 522 727 551 εἶναι’
741 523 779 551 ὢν
789 525 843 559 γάρ
854 525 936 551 ἐστιν.

157 571 289 599 Ἐλάττων
303 571 330 597 δὲ
342 572 410 607 πρὸς
422 571 468 598 τὸν
480 571 587 606 Πατέρα
599 572 613 597 ὸ
623 570 686 602 Υἱὸς
694 569 802 605 φθάνων
814 570 860 596 ἐπὶ
871 570 939 605 μόνα

150 617 184 644 τὰ
209 617 319 651 λογικά·
335 617 460 653 δεύτερος
486 618 540 653 γάρ
560 617 617 643 ἐστι
635 616 682 646 τοῦ
704 616 828 652 Πατρός·
850 615 890 642 ἔτι
910 616 939 642 δὲ

149 661 230 699 ἧττον
246 664 277 690 τὸ
291 663 402 698 Πνεῦμα
418 664 448 690 τὸ
472 663 549 698 ἆγιον
571 663 616 689 ἐπὶ
641 662 737 698 μόνους
759 663 821 694 τοὺς
844 661 938 696 ἁγίους

149 709 345 745 διικνούμενθν.
355 710 436 736 Ὥστε
449 709 518 736 κατὰ
531 708 608 735 τοῦτο
623 708 723 744 μείζων
736 709 752 743 ἡ
766 708 878 744 δύναμις
890 707 937 734 τοῦ

149 756 255 791 Πατρὸς
279 756 353 792 παρὰ
373 755 418 782 τὸν
445 755 507 793 Υεᾲν
530 755 577 785 καὶ
599 754 629 781 τὸ
652 754 764 791 Πνεῦμα
791 754 821 781 τὸ
851 754 936 788 ἅγιον.

150 800 254 831 Πλειων
270 800 298 827 δὲ
310 801 325 836 ἠ
341 801 387 827 τῡῦ
401 800 466 827 Υἱοῦ
481 799 556 836 παρὰ
570 799 600 838 si)
616 799 727 835 Πνεῦμα
738 799 768 825 τὸ
782 799 859 834 ᾆγιον
869 807 875 814 ·
893 799 938 838 καὶ

150 846 231 873 πάλιν
243 846 406 882 διαφέρουσα
421 846 521 882 μᾶλλον
535 845 581 880 τοῦ
594 846 670 880 ἁγίου
687 845 843 881 Πνεύματος
859 846 876 883 ἠ
890 840 941 872 δύ)

991 249 1090 276 maniis
1104 248 1288 281 commutatis,
1298 255 1358 284 quae
1370 247 1477 277 sciebas
1491 247 1660 283 displicitura
1679 248 1780 275 Roma-

990 296 1050 328 nis,
1073 301 1171 323 caztera
1197 294 1268 327 (libri
1292 295 1373 329 primi
1399 294 1520 329 Eusebii)
1543 302 1631 329 usque
1647 295 1681 321 ad
1696 293 1778 322 linem

990 341 1094 376 integra
1109 339 1247 368 dimisisti.
1264 350 1273 366 ι
1294 339 1366 367 ldem
1384 339 1505 375 apertius
1521 339 1610 367 innuit
1627 339 1654 367 in
1662 339 1778 374 epistola

989 388 1023 416 ad
1038 386 1244 415 Pammachium
1261 391 1287 414 et
1301 386 1449 414 Oceanum.
1465 385 1521 413 lmo
1537 386 1581 413 vix
1598 386 1778 414 continerese

989 439 1077 470 potest
1090 433 1115 460 ili
1139 433 1189 461 hac
1206 433 1299 460 eadem
1315 431 1427 468 epistola
1439 453 1446 465 ,
1464 432 1529 467 quin
1545 431 1579 459 ab
1592 431 1646 459 alio
1658 431 1778 467 quolibet

989 481 1123 515 scriptore
1136 487 1216 514 quam
1235 478 1372 512 Eusebio,
1388 478 1494 505 scilicet
1516 477 1557 505 vel
1580 478 1711 513 Didyme.
1733 478 1776 506 vel

989 527 1105 562 ipsomet
1129 525 1248 558 Rufino,
1273 529 1357 557 totum
1378 524 1450 551 hunc
1471 524 1568 550 librum
1593 523 1666 550 dicat
1691 523 1776 551 fuisse

989 573 1178 608 compOsitum.
1198 581 1207 597 ι
1224 571 1319 602 Porro,
1330 571 1428 605 inquit,
1444 570 1514 605 quod
1531 569 1699 605 Pamphilum
1714 578 1776 605 pro-

988 619 1080 647 ferunt
1093 619 1261 646 laudatorem
1277 617 1335 652 ejus
1352 616 1499 653 (Origenis)
1510 636 1518 648 ,
1537 617 1639 651 gratias
1656 616 1709 644 illis
1725 624 1776 654 ago

988 673 1049 693 meo
1065 665 1173 692 nomine
1185 684 1193 697 ,
1207 664 1280 699 quod
1297 664 1408 701 dignum
1431 671 1475 691 me
1497 668 1680 697 putaverunt,
1694 670 1775 698 quem

987 718 1048 737 cum
1063 715 1183 745 martyre
1201 709 1445 737 calumniarentur.
1464 708 1491 736 Si
1507 709 1579 736 enim
1599 709 1633 736 ab
1656 709 1775 737 inimicis

987 756 1112 792 Origenis
1126 756 1209 784 libros
1227 755 1286 788 ejus
1302 755 1392 783 dicitis
1406 763 1467 783 esse
1485 755 1600 783 violatos
1616 760 1645 782 ut
1660 757 1776 784 infama-

988 807 1092 834 rentur,
1108 809 1193 836 quare
1209 802 1273 829 mihi
1290 809 1342 829 non
1357 801 1438 829 liceat
1454 802 1547 829 dicere
1561 801 1594 830 ab
1606 802 1701 835 amicis
1715 803 1774 837 ejus

987 853 1013 876 et
1029 848 1216 876 sectatoribus
1231 847 1411 882 compositum
1427 854 1488 875 esse
1503 848 1552 875 sub
1573 847 1681 875 nomine
1695 848 1775 876 Pam-

149 901 231 927 ναμις
245 893 320 928 παρὰ
338 892 372 920 τὰ
386 892 452 920 ἄλλα
467 892 543 927 am.
561 902 570 918 ‹
590 892 666 926 Quod
687 891 759 919 Deus
779 891 886 927 quidem
909 898 929 919 ei

991 894 1056 929 phili
1073 893 1211 927 volumen,
1229 893 1300 928 quod
1317 893 1390 920 illum
1417 893 1573 921 testimonio
1594 894 1722 929 martyris
1739 894 1773 922 ab

148 936 231 965 Pater
246 938 337 965 omnia
354 943 497 966 continens
511 938 545 965 ad
566 945 786 972 unumquemque
801 937 933 973 pervenit,

148 990 208 1010 esse
231 984 376 1017 unicuique
401 984 559 1018 impertiens
575 983 609 1012 de
632 990 700 1010 suo:
722 983 779 1017 ipse
802 983 874 1010 enim
894 988 935 1018 est

148 1029 192 1063 qui
210 1033 261 1057 est.
277 1029 354 1063 Quod
376 1037 439 1058 vero
464 1034 564 1064 praeter
579 1028 690 1056 Patrem
717 1028 799 1063 Filius
821 1029 856 1056 ad
877 1028 934 1056 sola

148 1076 319 1103 rationabilis
335 1077 475 1111 pervenit,
490 1081 532 1103 est
550 1075 622 1103 enim
643 1075 779 1110 secundus
801 1083 815 1102 a
831 1074 932 1107 Patre:

146 1121 235 1149 adhuc
251 1127 342 1158 autem
368 1123 456 1154 minor
474 1114 596 1158 Spiritus
614 1128 725 1156 sanctus
741 1123 774 1149 ad
788 1122 859 1156 solos
872 1129 934 1148 san-

145 1170 206 1195 ctos
218 1168 358 1203 pertingit.
373 1167 412 1199 lla
429 1176 461 1199 ex
479 1168 529 1195 hoc
543 1167 629 1202 major
638 1172 680 1195 est
697 1172 817 1202 potestas
831 1167 931 1202 Patris,

145 1220 227 1247 quam
238 1213 300 1243 Filii
311 1218 338 1241 et
355 1214 473 1248 Spiritus
487 1214 585 1249 sancti.
599 1214 721 1249 Amplior
734 1215 799 1242 item
813 1219 933 1249 potestas

144 1259 207 1286 Filii
234 1266 291 1294 prie
318 1259 420 1294 Spiritu
443 1265 560 1293 sancto;
582 1268 615 1293 ac
642 1268 737 1288 rursus
759 1260 933 1299 prtestantior

144 1306 231 1333 sancti
255 1306 375 1341 Spiritus
397 1306 502 1340 virtus,
528 1313 610 1342 quam
634 1306 748 1343 aliorum
773 1311 930 1341 sanctorum

144 1352 259 1380 entium.
275 1361 284 1377 I
306 1351 384 1386 Haec,
403 1352 527 1387 quamvis
550 1352 705 1384 duriuscula
727 1352 815 1387 prima
842 1351 931 1380 fronte

144 1397 299 1427 videantur,
311 1396 333 1422 si
345 1398 407 1430 quis
421 1402 510 1427 tamen
527 1397 560 1424 ad
577 1402 693 1425 mentem
707 1397 796 1432 potius
808 1397 932 1432 Origenis

144 1450 228 1477 quam
242 1442 275 1469 ad
288 1442 367 1469 verba
384 1442 538 1476 attenderit,
552 1450 648 1479 sanum
663 1443 795 1478 recipient
810 1451 930 1474 sensum,

143 1493 170 1515 et
197 1487 231 1514 ab
255 1487 370 1522 ipsomet
392 1487 490 1515 Huetio
517 1494 683 1526 excusantur
711 1488 930 1524 Origenianorum

144 1535 191 1569 tib.
216 1541 247 1565 II.
263 1540 322 1567 cap.
340 1533 374 1565 2,
391 1539 486 1569 quaest.
503 1534 535 1568 2,
555 1542 630 1562 num.
643 1535 677 1562 27
693 1540 721 1562 et
742 1534 787 1562 28.
803 1535 842 1562 lbi
858 1535 929 1562 enim

143 1579 234 1614 agitur
255 1578 288 1606 de
309 1579 414 1613 ratione
433 1579 578 1615 principii,
593 1579 677 1607 fontis
694 1585 722 1608 et
737 1581 861 1616 originis.
877 1580 930 1609 Sed

143 1633 174 1658 ea
187 1624 313 1662 RufinusI
323 1625 387 1660 quia
398 1633 446 1653 sua
458 1630 538 1654 aetate
554 1626 642 1653 minus
653 1626 807 1667 placebant,
819 1628 932 1662 quibus-

142 1671 204 1704 dam
229 1671 346 1705 additis,
372 1672 532 1708 quibusdam
555 1672 686 1704 resectis,
712 1673 748 1700 ita
774 1677 802 1700 et
825 1673 851 1700 in
880 1674 930 1701 hac

141 1718 289 1754 Apologia,
302 1719 367 1747 etin
385 1719 454 1746 libro
470 1719 561 1754 ιπερὶ
574 1718 675 1755 ἀρχῶν
687 1719 817 1748 emollivit
833 1727 861 1746 τ(
880 1721 930 1748 Ar-

144 1763 231 1794 bitror
243 1764 325 1799 igitur
339 1764 524 1800 operationem
538 1765 646 1800 quidem
663 1772 722 1793 esse
735 1764 825 1793 Patris
840 1770 866 1793 et
881 1765 928 1793 Fi-

141 1810 170 1838 lii
187 1815 239 1837 tam
255 1810 281 1841 in
298 1811 400 1840 sanctis
411 1818 492 1846 quam
505 1811 530 1838 in
546 1812 753 1846 peccatoribus;
767 1812 794 1839 in
810 1812 928 1840 rationa-

144 1856 244 1895 bilibus
257 1856 412 1888 hominibus
423 1877 431 1890 ,
448 1861 476 1884 et
492 1857 517 1884 in
537 1857 618 1884 mutis
634 1857 816 1891 animalibus;
831 1858 878 1886 sed
901 1863 928 1885 et

141 1902 168 1929 in
191 1902 233 1929 his
252 1909 314 1937 qua:
338 1902 463 1930 exanima
480 1907 561 1935 sunt,
576 1907 604 1930 et
625 1902 651 1929 in
674 1903 802 1931 omnibus
816 1903 927 1931 omnino

140 1957 203 1983 quae
213 1953 276 1976 sunt
287 1958 294 1975 :
307 1949 491 1983 operationem
508 1955 573 1975 vero
588 1948 707 1984 Spiritus
723 1949 810 1976 sancti
825 1957 928 1984 nequa~

139 2002 220 2029 quam
236 2001 347 2026 prorsus
364 1994 483 2021 incidere
495 1993 539 2022 vel
556 1994 582 2020 in
595 2001 627 2022 ea
643 2002 703 2029 quae
713 1994 838 2022 exanima
851 2000 924 2029 sunt.

139 2040 182 2067 vel
196 2040 222 2067 in
243 2048 274 2067 ea
290 2048 351 2075 qua:
368 2040 516 2068 animantia
536 2040 646 2075 quidem
661 2060 669 2073 ,
684 2041 730 2072 sed
754 2046 828 2072 muta
844 2048 924 2069 sunt:

138 2087 186 2115 sed
198 2093 232 2114 ne
248 2086 275 2113 in
291 2087 343 2114 illis
356 2087 464 2122 quidem
484 2086 601 2114 inveniri
615 2088 661 2124 qui
676 2087 851 2122 rationabiles
862 2088 924 2123 qui-

139 2133 199 2160 dem
225 2137 304 2164 sunt,
329 2132 376 2163 sed
399 2133 426 2159 in
444 2132 546 2160 malitia
568 2133 670 2168 positi,
690 2141 742 2168 nec
762 2133 874 2161 omnino
890 2134 924 2163 ad

139 2175 251 2203 meliora
267 2176 403 2204 conversi.
422 2176 452 2204 ln
469 2176 522 2204 illis
540 2182 629 2204 autem
645 2177 710 2206 solis
731 2178 850 2206 arbitror
864 2186 923 2211 esse

137 2228 204 2255 opus
217 2221 335 2256 Spiritus
350 2222 449 2253 sancti,
464 2225 509 2257 qul
521 2222 578 2258 jam
592 2230 622 2251 se
634 2223 667 2250 ad
682 2224 794 2252 meliora
809 2232 923 2252 conver-

140 2271 208 2297 tunt,
225 2271 252 2294 et
267 2275 316 2302 per
329 2267 387 2295 vias
400 2267 463 2295 Jesu
479 2268 581 2305 Christi
594 2269 734 2304 incedunt,
754 2271 780 2298 id
799 2275 858 2304 est,
876 2272 921 2306 qui

137 2312 239 2340 suntin
256 2313 331 2340 novis
347 2313 451 2346 actibus
467 2314 621 2347 incedentes
634 2335 642 2348 ,
654 2321 681 2342 et
704 2316 730 2342 in
747 2316 802 2343 Deo
814 2324 923 2351 perma-

138 2362 244 2384 nentes.
263 2366 272 2383 ι
290 2356 340 2384 Vix
353 2357 463 2385 dubium
477 2364 520 2388 est
534 2361 598 2394 quin
615 2361 647 2395 ad
671 2361 742 2388 hunc
752 2365 921 2398 contextum,

136 2407 165 2430 et
188 2402 221 2430 ad
245 2410 346 2438 paucos
364 2405 496 2438 quosdam
517 2404 634 2433 fortasse
651 2406 754 2440 similes
774 2407 922 2435 attenderit

135 2447 318 2484 Hieronymus
329 2469 338 2482 ,
356 2457 417 2477 cum
434 2450 484 2478 ait‘
497 2450 622 2478 Rufinum
638 2452 782 2487 plerasque
797 2453 921 2489 blasphe-

135 2492 216 2524 mias,
235 2500 296 2528 qua:
319 2494 352 2522 de
379 2494 448 2522 Filio
471 2500 499 2523 et
520 2496 620 2530 Spiritu
641 2502 735 2525 sancto
761 2498 787 2525 in
812 2499 920 2529 Eusebii

137 2542 210 2564 textu
225 2539 429 2573 comparebant,
443 2540 602 2573 detraxisse,
620 2545 648 2568 et
665 2542 691 2569 in
703 2542 801 2573 bonam
816 2549 919 2578 partem

134 2589 327 2612 commutasse.
343 2584 467 2614 Forsitan
486 2587 560 2614 dicas
577 2587 634 2614 ﬁeri
657 2595 735 2622 posse
749 2594 777 2616 ut
792 2589 918 2624 Pamphi-

135 2627 176 2655 lus
189 2633 217 2655 et
232 2629 377 2665 Eusebius,
394 2631 514 2659 nondum
538 2633 733 2667 qumstionibus
759 2634 793 2662 de
808 2634 877 2663 Filio
893 2640 920 2663 et

136 2674 238 2708 Spiritu
251 2682 346 2704 sancto
364 2682 503 2715 tantopere
518 2686 567 2705 sua
582 2684 662 2706 aetate
675 2680 785 2715 agitatis
796 2700 804 2714 ,
818 2681 919 2708 clario-

135 2726 180 2748 res
189 2722 427 2757 expressioresque
440 2722 566 2758 Origenis
580 2724 614 2752 de
625 2724 761 2753 Trinitate
777 2717 919 2755 contextus

134 2771 188 2791 non
204 2768 382 2801 extraxerint,
400 2761 515 2803 quorum
534 2770 593 2798 loco
606 2772 673 2799 alios
686 2773 844 2807 expressius
855 2762 918 2801 con.-

135 2810 389 2840 substantialitatem
403 2815 549 2848 probantes
560 2816 673 2845 Rulinus
688 2817 757 2845 forte
769 2819 918 2847 substitue-

137 2855 180 2886 t'it.
192 2854 281 2891 Atque
296 2857 322 2884 id
340 2858 448 2901 quidem
472 2860 592 2888 indicare
612 2861 718 2890 videtur
735 2862 918 2902 Hieronymus

987 938 1097 967 infamia
1115 938 1285 966 vindicaret?
1298 939 1365 966 Ecce
1385 947 1433 967 vos
1444 939 1595 966 emendatis
1608 939 1634 966 in
1648 939 1773 975 Origenis

985 983 1062 1015 libris
1077 983 1148 1018 quod
1172 983 1216 1010 ille
1241 990 1294 1010 non
1311 983 1440 1018 scripsit;
1462 988 1488 1010 et
1505 983 1640 1011 miramini
1663 985 1685 1011 si
1710 985 1773 1012 edat

985 1028 1082 1063 aliquis
1096 1028 1208 1061 librum,
1223 1037 1303 1064 quem
1328 1028 1372 1057 ille
1391 1037 1444 1057 non
1468 1029 1571 1057 edidit?
1584 1030 1638 1058 Vos
1657 1031 1684 1058 in
1699 1031 1773 1059 edito

984 1082 1067 1109 opere
1083 1076 1194 1114 potestis
1212 1076 1356 1111 redargui:
1375 1075 1420 1103 ille
1435 1076 1481 1110 qui
1498 1076 1566 1103 nihil
1589 1076 1662 1104 aliud
1676 1077 1773 1118 edidit,

984 1120 1091 1148 facilius
1104 1125 1176 1155 patet
1201 1121 1354 1151 calumniae.
1377 1120 1445 1148 Date
1458 1121 1597 1155 quodlibet
1612 1122 1685 1150 aliud
1703 1130 1772 1157 opus

984 1166 1128 1205 Pamphili.
1143 1166 1280 1202 Nusquam
1294 1167 1448 1202 reperietis.
1463 1166 1519 1196 Hoc
1534 1176 1616 1196 unum
1627 1173 1679 1196 est.
1694 1168 1772 1196 Unde

984 1212 1066 1247 igitur
1082 1212 1177 1245 sciam,
1190 1214 1261 1247 quod
1277 1212 1408 1248 Pamphili
1422 1213 1480 1241 sit?
1501 1213 1631 1242 Videlicet
1646 1214 1732 1250 stylus
1743 1219 1771 1242 et

983 1257 1068 1291 saliva
1082 1259 1181 1286 docere
1206 1266 1248 1286 Ine
1267 1259 1389 1293 poterit?
1404 1259 1546 1294 Nunquam
1569 1260 1679 1288 credam
1698 1261 1769 1296 quod

982 1304 1078 1333 doctus
1090 1305 1133 1332 vir
1152 1305 1254 1344 prin-os
1271 1305 1370 1341 ingenii
1393 1305 1433 1332 sui
1457 1305 1562 1334 fructus
1576 1306 1770 1340 quaestionibus

982 1355 1009 1388 et
1021 1349 1138 1377 infamiae
1152 1350 1303 1381 dedicarit.
1321 1369 1329 1378 .
1346 1371 1352 1379 .
1369 1350 1455 1379 Unum
1476 1359 1546 1379 nunc
1562 1351 1710 1386 proferam,
1724 1353 1769 1382 cui

983 1397 1172 1424 contradicere
1184 1396 1225 1424 vel
1250 1397 1325 1424 stulti
1342 1397 1399 1430 sit,
1412 1397 1454 1425 vel
1473 1397 1648 1433 impudentis.
1659 1393 1720 1426 ‘Scx
1734 1399 1770 1426 li-

981 1442 1093 1470 brorum
1109 1443 1217 1470 Eusebii
1236 1450 1318 1478 super
1339 1442 1462 1479 Origenis
1486 1443 1643 1479 Defensione
1665 1445 1769 1480 princi-

981 1488 1055 1524 pium
1073 1496 1158 1526 usque
1185 1489 1219 1516 ad
1246 1489 1318 1517 mille
1330 1496 1425 1518 versus
1447 1489 1516 1518 liber
1542 1491 1603 1524 iste,
1621 1491 1667 1526 qui
1686 1491 1769 1519 Pam-

981 1534 1046 1569 phili
1071 1533 1190 1568 dicitur,
1218 1535 1358 1568 continet,
1382 1540 1409 1563 et
1432 1535 1460 1564 in
1486 1536 1598 1572 reliquis
1617 1537 1768 1575 (versibus)

982 1580 1101 1615 scriptor
1113 1580 1232 1617 ejusdem
1250 1582 1341 1616 operis
1361 1582 1464 1618 profert
1479 1583 1651 1616 testimonia.
1668 1585 1768 1619 quibus

982 1626 1077 1653 nititur
1091 1628 1241 1661 approbare
1258 1627 1405 1662 Origenem
1419 1628 1506 1657 fuisse
1522 1629 1697 1658 catholicum.
1715 1631 1768 1658 Eu-

981 1672 1072 1700 sebius
1087 1679 1115 1700 et
1135 1672 1294 1709 Pamphilus
1311 1679 1413 1702 tantam
1432 1674 1504 1702 inter
1519 1683 1549 1705 se
1563 1675 1685 1709 habuere
1698 1684 1766 1704 con-

980 1717 1114 1751 cordiam,
1133 1724 1162 1746 ut
1176 1718 1255 1747 unius
1268 1719 1365 1747 animai
1377 1720 1502 1748 homines
1515 1725 1604 1756 putes,
1621 1725 1648 1749 et
1664 1723 1699 1749 ab
1711 1730 1767 1750 uno

980 1762 1049 1790 alter
1073 1771 1169 1791 nomen
1195 1766 1342 1800 acceperit.
1362 1765 1503 1800 Quomodo
1531 1766 1616 1802 igitur
1638 1767 1711 1796 inter
1736 1775 1767 1796 se

979 1810 1125 1838 dissentire
1141 1815 1296 1846 potuerunt,
1314 1816 1342 1839 ut
1359 1807 1491 1840 Eusebius
1507 1812 1534 1840 in
1547 1806 1603 1841 toto
1616 1821 1699 1849 opere
1715 1822 1766 1844 suo

978 1854 1123 1890 Origenem
1144 1855 1237 1883 Ariani
1261 1857 1357 1891 probet
1382 1857 1536 1895 dogmatis,
1558 1863 1584 1886 et
1605 1850 1765 1894 Pamphilus

979 1900 1094 1928 Niczenae
1108 1901 1201 1937 synodi
1216 1922 1224 1935 ,
1242 1909 1301 1936 quae
1314 1903 1366 1930 fuit
1385 1908 1478 1938 postea
1493 1923 1501 1937 ,
1519 1904 1711 1932 defensorem?
1724 1905 1764 1933 Ex

978 1955 1033 1982 quo
1046 1948 1198 1975 ostenditur
1213 1948 1255 1975 vel
1277 1948 1402 1986 Didymi,
1421 1949 1463 1976 vel
1489 1949 1634 1984 cujuslibet
1649 1950 1764 1979 alterius

978 2000 1038 2020 esse
1051 1995 1276 2029 opusculum,qui
1288 2002 1334 2022 sex
1348 1994 1476 2022 librorum
1487 1995 1576 2030 capite
1589 1996 1761 2030 detruncato,

975 2046 1073 2068 uetera
1090 2040 1212 2068 membra
1230 2041 1349 2069 sociarit.
1367 2050 1377 2068 ι
1397 2041 1497 2069 Verum
1512 2041 1565 2070 sibi
1588 2050 1640 2069 non
1655 2048 1763 2070 constat

976 2085 1163 2123 Hieronymus.
1177 2086 1243 2114 Nam
1261 2086 1426 2114 contrarium
1438 2087 1550 2115 omnino
1564 2088 1660 2115 statuit
1678 2088 1726 2116 lib.
1740 2096 1761 2117 lt

975 2132 1099 2160 adversus
1123 2131 1258 2166 Ruﬁnum,
1285 2131 1330 2159 ubi
1359 2136 1475 2160 testatur
1501 2133 1619 2168 primum
1643 2133 1762 2167 Eusebii

975 2180 1074 2208 librum
1099 2180 1194 2207 eadem
1213 2184 1238 2207 et
1254 2179 1348 2206 iisdem
1369 2179 1460 2207 verbis
1479 2180 1622 2208 continere
1635 2188 1695 2216 qua
1710 2181 1761 2209 sub

976 2225 1086 2260 nomine
1106 2225 1238 2259 Pamphili
1257 2232 1271 2252 a
1288 2225 1387 2253 Ruﬁno
1403 2226 1475 2253 edita
1491 2231 1571 2260 sunt,
1586 2232 1613 2254 et
1633 2226 1760 2254 Ruﬁnum

974 2280 1071 2301 sensus
1094 2273 1225 2300 duntaxat
1242 2273 1277 2301 de
1296 2273 1366 2301 Filio
1389 2279 1415 2302 et
1435 2273 1540 2308 Spiritu
1554 2277 1650 2300 sancto
1662 2273 1761 2300 immu-

974 2325 1048 2353 tasse
1075 2326 1123 2346 seu
1146 2319 1331 2357 pervertisse,
1347 2319 1393 2355 qui
1417 2323 1539 2353 apertam
1563 2318 1758 2354 blasphemiam

972 2362 1162 2397 praeferebant.
1178 2373 1187 2389 Ι
1208 2363 1407 2399 Perspicucque
1426 2373 1436 2390 ι
1460 2363 1642 2399 deprehendi,
1658 2363 1758 2399 inquit.

975 2417 984 2433 ε
1000 2409 1072 2443 quod
1101 2409 1205 2445 primus
1224 2409 1292 2443 liber
1309 2417 1355 2437 sex
1377 2409 1544 2437 voluminum
1568 2409 1676 2437 Eusebii
1701 2410 1758 2445 ipse

971 2459 1054 2487 esset.
1065 2446 1113 2490 qui
1123 2463 1193 2482 unus
1204 2456 1254 2483 sub
1267 2456 1375 2483 nomine
1395 2455 1527 2491 Pamphili
1542 2463 1557 2483 a
1573 2461 1599 2484 te
1612 2455 1702 2483 editus
1717 2460 1759 2484 est

973 2504 1027 2527 tam
1043 2499 1138 2528 Graece
1154 2508 1235 2537 quam
1257 2500 1363 2538 Latine,
1381 2501 1532 2528 immutatis
1548 2501 1680 2528 duntaxat
1696 2509 1758 2529 sen-

972 2547 1047 2574 sibus
1063 2547 1097 2574 de
1114 2546 1183 2574 Filio
1198 2552 1226 2574 et
1246 2546 1348 2584 Spiritu
1365 2552 1470 2581 sancto,
1492 2547 1538 2582 qui
1559 2551 1679 2582 apertam
1701 2547 1757 2575 bla-

970 2591 1119 2627 sphemiam
1135 2592 1334 2627 praeferebant.
1344 2613 1351 2620 .
1364 2613 1371 2620 .
1385 2592 1419 2620 Et
1430 2585 1490 2620 cum
1505 2593 1609 2629 primus
1621 2593 1691 2621 liber
1708 2601 1756 2621 sex

970 2639 1137 2666 voluminum
1159 2638 1229 2666 illius
1243 2638 1374 2674 (Eusebii)
1397 2639 1491 2666 eadem
1510 2632 1537 2667 et
1557 2639 1653 2666 iisdem
1667 2640 1756 2667 verbis

969 2683 1107 2710 contineat
1120 2690 1180 2718 quae
1192 2683 1242 2711 sub
1265 2684 1377 2712 nomine
1394 2683 1526 2719 Pamphili
1544 2691 1558 2711 a
1576 2689 1601 2712 te
1615 2685 1678 2712 Iicta
1694 2690 1756 2712 sunt

971 2749 978 2757 .
995 2747 1003 2756 .
1020 2748 1027 2756 .
1041 2737 1157 2765 cumque
1174 2730 1207 2758 de
1229 2730 1281 2758 hoc
1296 2730 1355 2765 ipso
1370 2730 1457 2762 libro,
1474 2737 1554 2765 quem
1570 2730 1705 2766 Pamphili
1718 2731 1754 2758 si-

969 2769 1069 2806 mulas,
1081 2774 1166 2801 multa
1182 2775 1359 2809 perveneris,
1375 2780 1403 2802 et
1417 2775 1496 2802 aliter
1512 2775 1539 2803 in
1553 2774 1660 2808 Graeco,
1675 2775 1754 2804 aliter

968 2820 995 2847 in
1011 2820 1108 2847 Latino
1123 2821 1177 2852 sit,
1197 2829 1208 2846 ι
1224 2825 1278 2848 etc.
1300 2820 1404 2849 Sensus
1420 2821 1553 2850 duntaxat
1573 2821 1611 2848 ait
1627 2821 1753 2855 Rutilium

970 2865 1142 2900 pervcrtisse,
1158 2865 1286 2895 nimirum
1303 2867 1415 2896 verbula
1428 2868 1566 2904 quaedam,
1583 2875 1644 2905 qua:
1658 2867 1753 2896 Hiero-
