1909 3080
107 140 162 169 5’53

585 114 757 169 ΑρὸιοςιΑ
776 141 843 169 PRO
863 141 1022 170 ORIGENE.
1046 156 1078 161 ~—
1096 140 1265 169 MONITUM.

1685 143 1737 170 55%

110 208 209 235 nymus
227 200 253 226 in
275 199 374 226 malam
397 204 500 233 partem
517 200 654 232 trahebat,
669 200 831 236 quibusdam
848 201 896 227 ad-
911 203 932 231 Α
949 200 1041 232 nolim,
1061 200 1132 235 quod
1157 204 1220 226 ante
1234 203 1258 226 et
1280 203 1340 233 post
1357 199 1501 226 concilium
1527 199 1663 227 Nicmnnm
1691 208 1736 228 u-

108 245 192 277 ditis,
212 244 374 279 quibusdam
393 245 523 277 resectis,
539 245 571 272 ad
592 245 688 273 bonam
706 247 894 279 convertisse;

109 298 164 317 non
180 290 303 325 integros
319 294 462 317 contextus
480 290 650 318 subtraxisse
665 296 692 317 et
713 292 781 319 alios
794 291 894 319 substi-

108 337 206 365 tuisse.
222 337 255 363 Et
269 337 338 364 hanc
354 343 416 365 esse
427 337 584 373 Hieronymi
601 343 717 366 mentem
733 339 895 374 intelligitur

107 391 145 410 ex
163 383 209 409 lib.
225 390 254 410 Ill
273 384 397 409 adversus
416 383 550 418 Ruﬁnum,
568 384 612 412 ubi
629 385 667 411 ait
680 385 721 412 vel
741 385 895 420 Didymunt,

108 428 153 456 vel
171 427 310 460 Ruﬁnum,
329 427 370 456 vel
384 429 467 456 alium
484 429 574 456 nescio
585 437 665 464 quem
683 431 709 457 in
723 430 819 458 bonum
835 438 897 466 par-

111 478 166 499 tem
179 477 235 499 tam
249 471 342 499 Graece
355 480 437 507 quam
451 471 546 500 Latine
563 473 704 508 plerasque
715 473 898 508 blasphemias

108 523 312 550 commutasse,
330 526 390 553 qua:
416 519 442 546 in
467 518 575 546 Eusebii
594 523 667 547 textu
692 522 894 555 comparebant.

108 564 188 597 Quod
213 571 265 591 non
288 564 360 591 aliud
383 564 520 598 signillcat
548 572 628 600 quam
653 573 714 600 quae
740 566 896 602 blasphema

108 607 277 645 Hieronymi:
289 611 461 643 videbantur,
475 610 533 638 solo
546 611 689 639 verborum
702 619 782 639 sensu
799 613 897 640 humu-

108 661 178 688 tato,
201 656 235 683 ad
257 656 423 684 catholicum
439 663 548 684 sensum
562 657 719 685 adduxisse.
742 659 808 686 Rem
824 661 895 687 enim

108 702 229 736 aliquam
255 703 281 730 in
302 702 398 730 bonam
421 708 525 738 partem
543 709 728 736 commutare,
751 711 792 733 est
811 706 895 741 ipsam

107 749 288 783 eamdemque
307 756 373 780 rem,
388 757 448 784 quae
468 749 537 776 mala
553 750 594 777 vel
608 755 678 783 erat,
696 751 735 777 vel
749 759 808 779 esse
824 752 897 780 vidc-

108 795 202 827 batur,
215 796 249 821 ad
261 795 361 822 bonum
377 801 549 824 convertere.
562 795 614 823 Res
630 796 723 824 cadent
735 804 875 832 permanet
887 807 895 832 ;

107 846 196 868 status
210 841 248 868 rei
265 849 318 868 non
334 841 417 868 idem.

952 247 1050 274 tholice
1067 247 1168 273 dictum
1185 251 1246 278 est;
1265 245 1336 280 quod
1356 245 1520 280 Theophilus
1538 247 1734 279 Antioeheuus,

950 293 1021 326 quod
1039 292 1175 325 Justinus,
1199 292 1270 326 quod
1288 291 1415 323 lreuacns,
1435 292 1506 326 quod
1529 291 1682 320 Orientales
1706 293 1735 319 in

950 340 1076 374 exemplo
1100 339 1160 366 fidei
1188 343 1280 365 contra
1297 338 1455 371 Pbotinum,
1472 339 1598 374 quodque
1615 339 1736 366 Hilarius

949 392 976 414 et
988 385 1153 414 Athanasius
1168 385 1275 412 Arianae
1292 385 1403 412 haeresis
1420 385 1548 411 acerrimi
1563 385 1736 420 impugnata-

951 440 1005 463 res,
1023 439 1056 458 eo
1067 438 1148 458 sensu
1164 438 1218 465 quo
1232 430 1375 464 Origenes,
1389 430 1523 462 dixerunt,
1537 434 1567 457 nt
1582 429 1650 457 infra
1662 431 1737 458 vide-

951 478 1039 504 bimus
1053 478 1079 503 in
1097 477 1253 510 Origeuian.
1270 475 1317 502 lib.
1335 483 1366 508 tt,
1379 483 1438 510 cap.
1463 476 1492 506 ‘2,
1507 481 1603 510 qltzest.
1616 476 1644 508 2,
1661 484 1736 503 num.

951 524 995 552 Η.
1007 524 1083 557 Quod
1099 528 1188 549 autem
1200 523 1238 548 ait
1253 522 1444 557 Hieronymus,
1458 521 1589 556 Spiritum
1612 528 1736 550 sanctum

952 570 977 596 iu
990 577 1022 596 eo
1042 568 1179 595 volumine
1197 575 1249 595 non
1270 568 1303 594 de
1321 568 1418 595 eadem
1433 566 1524 594 Patris
1543 567 1658 603 Filiique
1673 569 1737 596 sub-

950 616 1047 644 stantia
1060 614 1124 645 dici,
1138 615 1164 640 id
1179 621 1310 648 nusquam
1330 612 1410 639 hodie
1426 613 1569 646 reperitur,
1585 620 1634 640 uec
1648 618 1736 640 tamen

952 660 1013 688 inde
1035 659 1250 687 concludendum
1281 666 1353 690 rcor,
1380 659 1608 693 quemadmodum
1626 659 1738 694 conjici:

953 705 1063 732 llnetius
1078 705 1128 740 (5),
1144 713 1176 732 ea
1196 705 1280 732 fuisse
1297 713 1311 732 a
1335 704 1433 731 Ruliuo
1447 712 1535 737 erasa,
1552 712 1608 740 quo
1630 713 1736 733 omnem

951 751 1073 786 quaerela:
1086 759 1179 778 ansam
1195 751 1365 786 praeciderat.
1383 750 1508 784 Nunquid
1524 750 1596 777 enim
1613 750 1736 781 liulinus,

950 797 996 832 qui
1024 797 1051 825 in
1070 797 1115 824 illo
1140 797 1198 832 ipso
1222 797 1292 824 libro
1314 796 1439 831 religiose
1463 796 1616 830 proliletur,
1634 804 1645 822 ‹
1666 797 1737 830 quod

951 848 1042 871 sancta
1070 843 1190 871 Trinitas
1213 847 1350 870 coaeterna
1385 843 1431 874 sit,
1456 847 1483 869 et
1514 842 1595 869 unius
1622 846 1737 873 naturae,

146 886 202 914 VH.
219 886 272 914 Sed
288 887 402 914 necdum
416 887 457 914 his
472 892 617 915 contentus
631 895 690 923 qua:
703 896 784 924 supra
797 889 898 924 obiecit
915 886 934 912 Β
949 889 1082 923 uniusque
1100 889 1210 916 virtutis
1221 894 1246 915 et
1263 888 1438 920 substantim,
1464 897 1473 913 ι
1498 893 1579 920 atque
1594 887 1673 914 aliter
1690 887 1738 914 do—

109 932 294 968 Hieronymus
319 933 352 960 ad
378 933 530 968 Apologia»:
558 934 630 961 hanc
657 940 752 962 sancto
783 938 897 972 martyri

107 977 253 1012 Pamphilo
262 978 476 1013 abjudieandam,
488 979 585 1006 iterum
603 980 687 1008 instat
699 981 745 1008 lib.
759 989 777 1008 Il
794 982 897 1009 advers.

108 1024 238 1059 Ruﬁnum
263 1027 306 1054 his
324 1026 434 1053 verbis:
455 1034 464 1052 ε
483 1026 613 1060 Quamvis
635 1027 668 1054 de
692 1027 801 1055 Eusebii
828 1029 898 1056 libro

111 1072 197 1098 multa
215 1072 392 1103 subtraxerit,
409 1076 437 1099 et
455 1072 481 1099 in
498 1072 597 1099 bonam
611 1077 715 1106 partem
734 1072 767 1100 de
783 1072 853 1100 Filio
872 1078 900 1101 et

110 1118 145 1144 de
161 1117 264 1152 Spiritu
277 1123 372 1145 sancto
384 1118 458 1145 nisus
474 1117 510 1145 sit
524 1123 702 1151 commutare,
712 1123 802 1146 tamen
816 1119 899 1146 multa

109 1163 138 1190 in
157 1163 205 1190 illo
219 1163 347 1191 scandala
364 1163 535 1198 reperiuntur
546 1169 574 1192 et
590 1165 766 1199 apertissimze
775 1165 900 1200 blasphe-

113 1210 185 1241 miag,
204 1217 265 1244 qua-
290 1209 341 1236 isle
366 1217 416 1237 sua
441 1218 541 1246 negare
566 1219 620 1238 non
638 1212 750 1246 poterit,
765 1212 899 1239 catholica

110 1263 175 1282 esse
198 1255 389 1290 pronuntians.
415 1255 486 1283 Dicit
503 1257 644 1290 Eusebius,
663 1257 728 1288 imo,
752 1262 780 1284 ut
803 1261 830 1284 tu
846 1257 898 1288 vis,

111 1301 271 1336 Par-philus
301 1302 326 1329 in
353 1302 405 1329 isto
426 1302 562 1330 volumine
587 1302 684 1330 Filium
707 1303 796 1331 Patris
818 1304 899 1331 tuini—

111 1352 218 1381 strum;
234 1347 367 1382 Spiritum
385 1354 510 1376 sanctum
523 1356 575 1376 non
589 1349 622 1376 de
639 1350 734 1376 eadem
750 1349 838 1377 Patris
852 1349 899 1377 Fi-

111 1393 196 1428 liique
216 1394 384 1428 substantia;
401 1396 507 1423 animas
522 1396 660 1423 hominum
684 1395 773 1430 lapsas
793 1403 853 1423 esse
866 1397 899 1423 de

111 1440 194 1472 caelo,
206 1445 233 1468 et
247 1441 274 1468 in
290 1442 339 1468 hoc
355 1442 427 1476 quod
447 1449 542 1470 sumus
564 1442 598 1469 de
613 1442 716 1477 angelis
729 1442 898 1475 commutati,

110 1487 138 1513 in
152 1487 324 1515 restitutione
334 1488 454 1515 omnium
466 1488 584 1523 aequales
594 1493 621 1516 et
631 1488 751 1524 angelos,
766 1489 900 1516 etdtemo—

113 1540 172 1565 nes,
189 1538 217 1560 et
232 1533 358 1561 homines
373 1534 442 1566 fore,
457 1539 484 1561 et
500 1535 552 1561 alia
566 1539 620 1562 tam
644 1535 726 1568 impia
743 1538 769 1562 et
786 1533 898 1566 nefaria,

949 937 1020 964 centi
1037 937 1178 963 anathema
1191 934 1343 966 denuntiat,
1361 934 1427 961 adeo
1439 933 1562 968 stupidus
1572 939 1634 960 esse
1650 933 1738 967 potuit

950 989 979 1011 ut
999 989 1055 1011 tam
1077 983 1191 1018 spissam
1217 981 1413 1016 blasphemiam
1437 979 1463 1006 in
1481 987 1529 1006 sua
1554 978 1736 1020 translatione

950 1035 1074 1065 poneret,
1098 1034 1126 1056 et
1151 1029 1253 1064 absque
1268 1027 1401 1055 monitore
1422 1026 1587 1061 llierouymo
1603 1033 1655 1053 non
1680 1026 1738 1053 aui-

951 1075 1153 1103 madverteret?
1173 1075 1284 1106 Deinde,
1304 1074 1327 1101 si
1346 1081 1406 1101 eam
1423 1080 1438 1100 e
1454 1073 1592 1100 codicibus
1609 1073 1667 1100 suis
1687 1079 1737 1100 ex-

950 1120 1054 1153 punxit,
1064 1119 1135 1146 unde
1147 1118 1229 1154 igitur
1239 1118 1366 1146 evenitut
1375 1117 1476 1144 nullum
1484 1117 1542 1152 ejus
1551 1118 1641 1152 operis
1650 1125 1738 1145 exem-

951 1165 1096 1200 plarhodie
1107 1169 1205 1196 exstet,
1218 1165 1244 1191 in
1256 1171 1310 1199 quo
1326 1162 1493 1197 blasphemia
1510 1163 1554 1190 illa
1571 1163 1739 1197 reperiatur?

951 1211 1017 1237 Nam
1027 1210 1105 1245 longe
1119 1210 1226 1245 lateque
1238 1210 1360 1244 dispersa
1374 1209 1482 1236 fuerant
1501 1209 1651 1236 Ruliuiana:
1671 1217 1736 1236 ver-

950 1256 1034 1284 sionis
1054 1256 1228 1288 exemplaria,
1245 1261 1389 1290 antequam
1405 1255 1468 1282 illud
1490 1255 1623 1289 obiiceret
1638 1255 1733 1283 Hiero~

951 1309 1059 1337 nymus.
1069 1301 1138 1328 Num
1146 1301 1295 1329 verisimile
1311 1305 1353 1328 est
1363 1300 1488 1328 Rufinum
1506 1301 1625 1336 potuisse
1637 1308 1732 1329 clunes

951 1348 1012 1375 illos
1027 1348 1131 1382 priores
1142 1348 1251 1375 codices
1267 1348 1324 1375 sive
1337 1348 1518 1382 supprimere,
1537 1348 1595 1375 sive
1611 1349 1738 1375 emenda-

949 1395 1001 1422 re?
1016 1404 1025 1420 ‹
1044 1394 1113 1428 Quid
1132 1395 1213 1428 igitur
1225 1394 1390 1422 dicendum?
1403 1393 1454 1421 Det
1467 1394 1532 1421 mihi
1547 1393 1632 1421 lector
1644 1402 1737 1428 asquus

950 1440 1120 1475 coujeclandi
1133 1442 1252 1473 veniam,
1266 1441 1354 1476 inquit
1374 1440 1468 1468 Bullus
1483 1440 1648 1473 Defensionis
1674 1440 1736 1474 ﬁdei

952 1486 1069 1514 Nicwnae
1093 1488 1125 1514 de
1150 1485 1215 1513 Filii
1237 1486 1278 1519 τῷ
1293 1486 1444 1523 ὀμοουσίῳ
1465 1495 1525 1522 cap.
1544 1487 1572 1519 9,
1596 1495 1669 1514 uuln.
1690 1487 1735 1514 2i.

952 1533 1109 1568 Pamphilus
1125 1540 1209 1568 prope
1230 1533 1311 1560 linem
1334 1533 1469 1568 Apologiw
1488 1541 1501 1560 a
1521 1533 1618 1562 [tulin
1641 1541 1735 1566 versae,

109 1587 173 1614 quae
188 1580 271 1607 etiam
291 1581 424 1616 replicare
439 1581 474 1608 sit
489 1581 623 1608 criminis.
645 1590 654 1606 ι
671 1581 770 1608 Verum
782 1581 827 1608 hic
839 1589 899 1608 san-
913 1572 934 1601 ε
952 1577 1078 1613 Origenis
1101 1586 1222 1606 errorem
1238 1579 1272 1606 de
1291 1579 1441 1606 animarum
1457 1579 1626 1614 προῦπὰρξει
1649 1578 1737 1606 defen-

109 1630 172 1653 ctus
195 1625 293 1653 doctor
315 1626 365 1654 sibi
392 1627 441 1661 ipsi
470 1632 563 1661 aperte
594 1627 762 1653 adversatur.
782 1626 899 1653 Tantum

111 1671 185 1698 enim
201 1672 280 1699 abest
299 1678 328 1699 nt
342 1672 458 1707 aliquem
471 1673 503 1699 de
526 1672 659 1700 Trinitate
680 1680 801 1700 errorem
818 1672 845 1699 in
868 1680 900 1700 ea

112 1716 206 1744 Ruﬁni
233 1718 461 1753 interpretatione
482 1719 623 1753 repererit,
651 1724 681 1745 ut
700 1718 868 1752 Pamphilum
885 1726 900 1745 e

112 1764 253 1791 contrario
265 1768 373 1791 asserat
388 1764 504 1792 Nicaeus:
522 1765 629 1800 synodi,
642 1773 703 1799 quae
722 1764 769 1791 fuit
794 1770 899 1799 postea,

113 1817 163 1844 per
178 1816 238 1836 eam
254 1810 361 1836 ostendi
375 1809 555 1841 defensorem,
577 1813 604 1836 et
627 1809 688 1836 inde
710 1809 853 1837 concludat
866 1809 900 1836 ab

112 1856 208 1890 aliquo
220 1856 247 1883 in
257 1855 391 1883 Trinitate
403 1855 540 1883 catholico
554 1863 622 1890 opus
637 1855 701 1882 illud
711 1855 795 1882 fuisse
808 1862 898 1882 emen-

112 1902 217 1929 datum.
229 1901 274 1928 Sic
290 1900 361 1928 enim
380 1900 417 1927 ait
430 1901 480 1927 sub
491 1899 571 1926 liuent
586 1899 706 1933 epistola:
729 1898 764 1926 65
775 1899 807 1925 ad
821 1897 901 1924 Pam—

112 1947 251 1974 maebiutn
280 1951 307 1974 et
332 1945 468 1974 Oceanum
489 1955 496 1974 ε
516 1955 526 1972 r
548 1945 601 1973 Sex
629 1946 764 1973 librorum
791 1945 899 1972 Eusebii

110 2001 194 2028 super
214 1992 336 2028 Origenis
361 1992 520 2028 Defensioue
553 1991 715 2027 principiqu
750 1998 837 2025 usque
866 1990 898 2017 ad

114 2039 188 2067 mille
207 2038 293 2066 ferme
308 2046 402 2066 versus
416 2038 486 2065 liber
498 2040 563 2070 iste,
579 2038 624 2072 qui
643 2037 777 2071 Pamphili
790 2037 899 2067 dicitur,

112 2085 277 2114 continet,et
285 2083 310 2110 in
320 2083 432 2119 reliquis
442 2083 559 2118 scriptor
566 2083 689 2117 ejusdem
696 2083 787 2117 operis
798 2083 901 2117 profert

112 2130 272 2157 testimonia
287 2129 385 2164 quibus
397 2129 491 2156 nititur
505 2128 655 2164 approbare
667 2128 809 2164 Origenem
820 2127 901 2155 fuisse

115 2175 296 2203 catholicum.
313 2175 446 2202 Eusebius
466 2179 494 2202 et
510 2174 664 2210 Pamphilus
675 2179 779 2202 tantam
791 2174 861 2201 inter
872 2181 902 2201 se

111 2222 235 2250 habuere
250 2222 437 2253 concordiam,
448 2226 476 2248 ut
484 2221 666 2248 uuiusanitme
678 2221 802 2248 homines
810 2224 899 2255 putes,

111 2272 140 2296 et
148 2267 183 2295 ab
190 2275 246 2294 uno
253 2267 323 2294 alter
330 2275 426 2295 nomen
436 2268 582 2301 acceperit.
589 2267 730 2300 Quomodo
738 2266 805 2302 igitu
811 2276 822 2294 r
829 2267 901 2294 inter

112 2322 143 2341 se
157 2313 307 2341 dissentire
323 2318 478 2348 potuerunt,
508 2317 537 2340 ut
553 2313 686 2340 Eusebius
702 2314 728 2340 iu
749 2319 804 2340 toto
817 2320 900 2348 opere

110 2367 162 2387 suo
178 2360 326 2394 Origenem
338 2359 432 2386 Ariani
450 2361 546 2394 probet
560 2359 703 2394 dogmatis,
720 2364 747 2386 et
770 2359 898 2394 Pamphi-

112 2406 154 2433 lus
166 2405 285 2434 Nicena;
300 2406 407 2441 synodi,
434 2414 494 2440 quin
520 2406 568 2433 fuit
583 2411 687 2440 postea,
704 2405 873 2433 defensorem
887 2405 899 2432 ?

114 2451 153 2478 Ex
171 2459 228 2486 quo
244 2452 398 2478 ostenditur
420 2451 461 2478 vel
485 2451 599 2486 Didymi,
616 2452 656 2478 vel
669 2451 813 2485 cujuslibet
833 2453 900 2479 alte-

114 2498 171 2524 rius
192 2505 256 2524 esse
281 2497 451 2531 opusculum,
471 2497 528 2531 qui,
542 2504 589 2523 sex
605 2496 736 2524 librorum
749 2497 838 2531 capite
851 2497 900 2523 de-

112 2547 253 2574 truucato,
279 2548 377 2570 extera
393 2543 514 2570 membra
540 2542 661 2570 sociarit.
680 2551 689 2568 ι
703 2542 808 2569 Nullam
835 2549 900 2577 ergo

113 2588 240 2616 haeresim
258 2589 284 2615 in
302 2596 334 2615 ea
351 2588 439 2616 Ruﬁni
451 2588 682 2623 interpretatione,
699 2588 801 2615 nullum
821 2596 900 2616 scan-

114 2635 216 2669 dalum,
231 2634 367 2662 nullamve
379 2635 576 2668 blasphemiam
589 2639 654 2662 tunc
669 2636 821 2670 reperiebat
837 2635 900 2663 Hie-

112 2687 255 2715 ronymus.
271 2680 386 2708 Exstant
399 2689 508 2716 qutoem
520 2689 574 2708 ouo
589 2682 740 2711 testimonia
760 2682 804 2709 ubi
816 2681 901 2710 Filius

113 2725 203 2754 Patris
218 2726 343 2755 minister
357 2727 457 2755 dicitur
474 2736 481 2754 :
497 2729 544 2762 sed
566 2729 630 2755 illud
646 2728 833 2763 blasphemum
846 2729 900 2758 dici

146 2784 170 2800 ⁸⁸
191 2784 345 2820 ΕρΙιεε.οιν,
363 2784 407 2813 50.

145 2863 186 2900 (5)
201 2864 358 2900 Origenian.
375 2864 421 2893 lib.
440 2873 470 2900 ιι,
484 2870 579 2900 quaest.
596 2866 639 2901 lt,
655 2874 728 2896 num.
744 2867 786 2894 to.

951 1625 1029 1657 deus,
1046 1625 1087 1652 vel
1102 1631 1175 1652 certe
1189 1632 1332 1656 excusans,
1347 1631 1496 1660 contraque
1521 1633 1569 1652 eos
1594 1626 1737 1660 disputans

952 1668 997 1703 qui
1015 1668 1167 1696 animarum
1183 1669 1383 1696 traductionem
1406 1670 1600 1701 defenderent,
1617 1669 1671 1698 duo
1687 1670 1736 1698 ho-

954 1723 1013 1742 rum
1035 1721 1136 1749 genera
1160 1714 1289 1741 describit
1307 1721 1314 1740 :
1330 1714 1446 1742 alterum
1470 1722 1564 1742 eorum
1581 1714 1646 1749 qui,
1675 1723 1735 1742 Clllll

951 1761 1056 1787 animas
1067 1759 1206 1786 hominum
1220 1766 1254 1786 ex
1271 1760 1382 1787 traduce
1395 1766 1456 1787 esse
1465 1761 1605 1792 docerent,
1622 1760 1736 1794 prhuatu

953 1810 1042 1833 tamen
1060 1805 1178 1832 animam
1188 1811 1222 1832 ex
1238 1805 1285 1832 Dei
1296 1812 1356 1832 esse
1370 1805 1521 1832 substantia
1536 1804 1714 1833 defettdereut
1727 1813 1734 1838 ;

952 1858 1047 1878 eorum
1063 1851 1188 1884 alterum,
1205 1852 1251 1886 qui
1279 1859 1312 1878 ex
1345 1850 1432 1878 nihilo
1448 1851 1546 1879 l'actam
1560 1859 1619 1879 esse
1646 1859 1662 1878 a
1681 1851 1736 1879 Deo

952 1897 1069 1924 animam
1080 1897 1153 1925 illam
1173 1897 1288 1932 primam
1307 1901 1472 1926 assererem.
1482 1897 1619 1925 Adversus
1631 1898 1736 1932 priores

954 1943 991 1969 ita
1007 1942 1118 1970 disserit
1131 1942 1288 1977 Pamphilus
1303 1951 1309 1969 :
1331 1951 1339 1968 ι
1354 1941 1415 1970 Jam
1430 1950 1494 1970 vero
1506 1943 1543 1970 illi
1559 1943 1604 1978 qui
1629 1951 1662 1971 ex
1679 1949 1736 1971 tra—

951 1989 1019 2016 duce
1030 1988 1135 2016 animas
1151 1988 1246 2016 venire
1261 1988 1406 2020 afﬁrmant,
1424 1994 1451 2015 et
1465 1989 1545 2016 simul
1561 1997 1622 2016 cum
1637 1997 1736 2025 corpo-

953 2036 1000 2062 rali
1014 2043 1060 2063 eas
1070 2036 1172 2063 semine
1185 2036 1313 2062 seminari
1325 2044 1332 2069 ;
1348 2036 1490 2070 siquidem,
1505 2042 1534 2063 ut
1545 2037 1653 2072 quidam
1666 2037 1737 2072 ipsn~

952 2089 1010 2108 rum
1021 2079 1155 2109 allirmare
1173 2081 1270 2114 solent,
1281 2089 1333 2108 non
1347 2081 1420 2108 aliud
1433 2082 1653 2110 dicuntauitnam
1663 2091 1737 2115 esse,

951 2135 1032 2162 quant
1050 2127 1258 2155 insulllationem
1287 2128 1405 2162 Spiritus
1430 2129 1488 2161 Dei,
1519 2129 1592 2155 illam
1621 2129 1735 2161 scilicet.

951 2181 1031 2208 quam
1043 2174 1070 2200 in
1084 2173 1159 2200 initio
1171 2173 1282 2200 factura:
1294 2174 1384 2201 tuundi
1395 2173 1465 2202 Deus
1480 2174 1631 2202 iusulllusse
1637 2175 1738 2202 dicitur

953 2220 979 2246 in
990 2220 1087 2252 Adam,
1106 2221 1139 2247 de
1153 2221 1210 2254 ipsa
1232 2220 1278 2247 Dei
1292 2228 1352 2247 esse
1363 2227 1424 2247 eam
1440 2221 1590 2248 substantia
1609 2222 1738 2256 profiten-

953 2271 1011 2299 tes;
1029 2266 1164 2301 quomodo
1181 2274 1233 2293 non
1244 2272 1272 2294 et
1286 2267 1328 2294 isti
1351 2268 1516 2295 videbuntur
1537 2268 1745 2302 quodammodo.

952 2312 1010 2339 haec
1027 2318 1126 2346 praeter
1144 2312 1293 2347 Scriptura:
1321 2314 1441 2349 regulam
1459 2321 1486 2342 et
1504 2316 1635 2343 rationem
1652 2315 1738 2351 pieta-

952 2359 986 2384 tis
1012 2365 1145 2390 asserere,
1166 2359 1239 2393 quod
1268 2360 1421 2387 Substantia
1448 2360 1495 2388 Dei
1514 2361 1575 2388 est?
1594 2370 1604 2387 ι
1623 2360 1673 2388 Vix
1685 2361 1738 2388 du-

951 2404 1008 2431 bito
1025 2405 1089 2438 quin
1106 2412 1137 2431 ex
1152 2405 1193 2431 his
1213 2405 1302 2432 verbis
1318 2405 1397 2432 istam
1416 2405 1556 2441 Pamphilo
1573 2406 1741 2434 calumniam

950 2450 1081 2476 struxerit
1093 2449 1283 2485 Hieronymus.
1306 2451 1409 2486 Quippe
1426 2460 1487 2479 eum
1504 2458 1625 2480 veterum
1646 2452 1737 2480 multis

951 2496 1036 2523 sensit
1062 2495 1255 2532 Hieronymus,
1282 2498 1450 2532 spiraculum
1469 2499 1541 2529 vitae,
1566 2498 1638 2533 quod
1665 2498 1735 2526 Deus

950 2542 1039 2576 primo
1052 2542 1154 2569 homini
1180 2542 1333 2570 iusulllasse
1344 2543 1452 2576 dicitur,
1467 2543 1550 2571 fuisse
1572 2544 1658 2578 ipsum
1675 2544 1735 2579 Spi-

953 2589 1035 2616 ritum
1055 2593 1178 2616 sanctum
1192 2589 1280 2616 eidem
1309 2589 1414 2617 homini
1434 2598 1486 2617 una
1500 2598 1561 2617 cum
1575 2591 1664 2618 anima
1679 2590 1738 2622 eius

953 2634 1081 2662 infusum.
1089 2635 1134 2663 Sic
1143 2636 1168 2663 in
1178 2635 1376 2663 Conmentariis
1383 2636 1408 2663 in
1416 2643 1475 2671 cap.
1485 2644 1509 2663 tv
1515 2636 1600 2672 Epist.
1608 2637 1640 2664 ad
1649 2637 1739 2672 Ephe—

954 2681 1020 2714 sios,
1030 2682 1062 2709 ad
1071 2681 1150 2710 verba
1159 2681 1203 2709 illa
1213 2690 1219 2708 :
1231 2692 1239 2707 ι
1253 2681 1341 2710 Nolite
1355 2683 1517 2710 contristare
1526 2683 1656 2717 Spiritum
1672 2691 1738 2712 saa-

955 2734 1028 2757 ctum
1050 2729 1079 2757 in
1100 2736 1153 2765 quo
1168 2729 1267 2765 signati
1281 2730 1348 2758 estis
1363 2730 1391 2758 in
1407 2730 1451 2758 die
1469 2729 1662 2766 redemptionis
1673 2729 1708 2767 ⁸⁸,
1726 2739 1735 2756 ι
