1909 3080
169 114 222 143 533

770 113 798 139 S.
819 111 983 143 PAMPHILI
1001 109 1177 138 MARTYRIS

1739 107 1799 137 558

170 173 229 202 hac
247 174 380 202 adnotat:
399 182 409 199 ι
428 172 532 207 Signati
562 173 634 200 enim
661 179 754 200 sumus
779 172 882 206 Spiritu
911 171 957 199 Dei
972 174 995 204 Α
1010 171 1118 198 assidue
1145 174 1310 202 versaverat,
1331 170 1357 196 in
1376 176 1426 197 suo
1448 168 1551 196 Histor.
1573 168 1666 195 eccm.
1693 167 1796 201 lih.u,

170 225 275 252 sancto,
300 224 331 247 ut
356 224 383 246 et
402 219 514 254 spiritus
528 222 621 245 noster
632 222 661 245 et
683 218 774 244 anima
800 217 954 252 impriman-

171 270 216 292 tur
245 265 383 301 signaculo
415 263 480 296 Dei,
504 268 532 290 et
567 263 638 290 illam
668 263 830 298 recipiamus
857 262 953 297 imagi-

171 318 232 338 nem
248 315 276 338 et
290 309 505 341 similitudinem,
525 310 557 337 ad
581 315 662 343 quam
682 309 709 336 in
725 308 838 336 exordio
851 308 952 336 conditi

171 363 272 383 sumus.
287 356 341 383 Hoc
355 354 524 389 signaculum
540 354 627 382 sancti
649 354 778 390 Spiritus,
799 354 875 389 juxta
899 354 952 382 elo-

169 403 261 438 quium
275 401 439 433 Servatoris,
451 400 508 429 Deo
529 401 711 436 imprimente.
728 401 860 436 signatur.
879 409 888 426 ι
905 400 954 428 Ubi

171 449 314 484 imaginem
328 452 357 475 et
382 447 588 475 similitudinem
611 447 685 475 illam
706 446 763 480 Dei,
782 447 816 474 ad
828 454 909 482 quam
927 446 954 475 in

169 495 225 527 ipsa
241 501 289 521 sua
308 494 446 521 creatione
467 492 625 520 eﬂormatus
642 493 695 520 fuit
711 493 802 524 homo,
822 493 955 527 interpre-

169 544 241 566 tatur
252 539 422 573 signaculum
436 538 554 573 Spiritus
563 539 649 567 sancti
667 546 674 565 :
688 539 759 573 quod
773 539 832 565 ideo
843 538 954 566 omnino

168 584 264 612 fecisse
277 583 462 619 videtur,quia
472 583 635 618 spiraculum
647 583 797 618 vitae,quod
808 583 878 611 Deus
893 590 953 610 cum

169 629 285 664 primum
302 629 439 656 hominem
455 628 596 659 formaret,
612 628 662 663 ipsi
678 627 830 661 insuﬁlussc
846 627 953 660 dicitur,

169 675 299 709 Spiritum
316 674 401 702 fuisse
417 679 544 702 sanctum
562 674 688 701 credidit.
705 673 762 702 Hoc
775 673 874 700 clarius
886 671 955 699 dixit

170 721 354 748 'l‘ertullianus
377 721 426 749 lib.
443 720 483 748 De
499 720 639 755 baptismo,
653 727 713 754 cap.
727 720 754 752 5,
768 719 813 746 ubi
831 720 864 747 de
877 725 955 753 rege-

170 767 311 794 neratione
323 766 453 799 hominis,
467 773 528 801 qua
542 773 590 800 per
605 765 768 801 baptismum
787 764 829 799 ﬁt,
853 764 893 792 sic
915 764 954 791 lo-

170 813 263 847 quitur
277 821 304 840 :r
319 812 356 840 lta
369 812 521 840 restituitur
534 811 616 839 homo
631 811 684 838 Deo
701 811 733 838 ad
751 810 952 839 similitudinem

170 844 240 893 ejus,
255 859 300 893 qui
319 863 392 886 retro
411 858 444 886 ad
469 858 614 893 imaginem
631 857 677 884 Dei
701 857 827 885 conditus
854 856 954 888 fuerat,
970 844 991 872 Β

170 910 225 935 etc.
252 904 362 938 Recepit
382 904 454 935 enim
473 904 549 931 illutn
564 903 614 935 Dei
634 903 776 937 Spiritum,
793 910 873 938 quem
893 907 957 930 tunc

169 950 204 978 de
226 950 316 978 alliam
341 949 400 984 ejus
429 954 597 984 susceperat.
615 949 662 977 sed
684 953 745 984 post
761 948 892 977 amiserat
908 955 956 983 per

171 988 312 1024 delictum.
329 1005 338 1022 ι
354 996 424 1027 Hinc
446 996 527 1031 igitur
547 996 648 1026 factum
671 995 795 1028 videtur,
816 999 846 1023 ut
867 1002 901 1023 ex
923 1002 956 1023 eo

171 1042 243 1077 quod
261 1041 469 1077 insulﬂationem
484 1041 603 1076 Spiritus
617 1041 664 1069 Dei
682 1041 839 1076 Pamphilus
865 1041 956 1077 (intel-

170 1087 257 1122 ligens
268 1087 396 1115 nimirum
412 1094 459 1122 per
468 1086 687 1119 insuﬁlutionem,
700 1086 775 1122 juxta
788 1093 849 1114 cum
861 1087 956 1114 adver-

168 1130 251 1158 sariis
265 1138 333 1166 quos
344 1130 454 1166 refellit,
469 1129 536 1157 nihil
549 1130 621 1157 aliud
638 1138 720 1166 quam
740 1131 825 1165 ipsam
838 1131 956 1159 hominis

169 1175 299 1212 animam)
313 1180 425 1212 negaret
437 1177 470 1203 de
487 1176 640 1203 substantia
656 1182 716 1203 esse
730 1176 789 1210 Dei,
807 1176 895 1210 ipsum
907 1183 955 1204 ca~

169 1221 317 1250 lumniatus
333 1222 414 1255 fuerit
429 1221 623 1257 Hieronymus,
638 1221 716 1265 quasi
733 1222 871 1250 decuisset
891 1222 955 1257 Spis

169 1267 251 1295 ritum
278 1267 337 1300 Dei,
359 1267 465 1294 tertiam
490 1266 648 1295 Divinitatis
666 1274 822 1302 personam,
838 1268 872 1294 de
889 1268 954 1295 sub-

169 1314 269 1343 stantia
297 1314 343 1341 Dei
372 1322 423 1341 non
448 1320 518 1342 esse.
539 1323 549 1340 i
570 1313 671 1342 Nullibi
694 1314 775 1343 etiam
797 1319 956 1349 comparent

170 1369 230 1396 qua:
242 1366 334 1395 postea
347 1360 523 1395 reprehendit
539 1361 730 1396 Hiemnymus,
745 1360 850 1388 scilicet
868 1370 877 1386 ι
896 1361 956 1388 ani-

171 1413 231 1434 mas
252 1406 390 1436 hominum
406 1406 498 1441 lapsas
510 1414 571 1436 esse
584 1408 617 1434 de
632 1407 714 1439 ctelo,
733 1411 760 1434 et
776 1407 803 1433 in
819 1407 870 1435 hoc
881 1407 954 1442 quod

170 1458 265 1479 sumus
271 1452 304 1479 de
317 1451 420 1486 angelis
427 1452 597 1484 commutati,
610 1452 638 1479 in
651 1451 821 1479 restitutione
832 1453 954 1481 omnium

169 1497 287 1532 aequales
299 1496 357 1524 fore
368 1501 395 1524 et
413 1497 534 1533 angelos,
549 1503 576 1525 et
591 1498 738 1530 diemones,
750 1502 778 1524 et
794 1497 928 1526 homines.
942 1508 952 1525 ι

171 1543 224 1571 Sed
237 1543 294 1570 haec
308 1549 370 1570 cum
390 1543 550 1571 naturaliter
564 1549 712 1578 sequantur
720 1551 752 1570 ex
764 1543 954 1577 praaexsisten-

171 1589 207 1616 tia
228 1589 393 1620 animarum,
410 1596 491 1623 quam
510 1596 642 1616 excusare
667 1593 754 1616 tentat
777 1588 953 1624 Pamphilus.

170 1634 232 1662 inde
250 1642 293 1667 ea,
309 1635 387 1669 quasi
401 1635 423 1663 si
437 1635 509 1663 dicta
523 1635 834 1671 fuissent,exprohrasse
849 1636 955 1665 videtur

172 1679 364 1714 Hieronymus.

206 1725 273 1753 Vlll.
288 1726 328 1753 Ex
344 1726 387 1754 his
404 1725 556 1761 intelligere
575 1726 640 1754 licet
669 1733 791 1761 quaenam
806 1726 840 1753 sit
865 1725 955 1754 lliero-

169 1778 251 1806 nymo
267 1771 333 1799 fides
345 1771 509 1804 adhibenda,
523 1779 584 1799 cum
608 1772 633 1799 in
657 1772 727 1799 hanc
752 1771 875 1806 Origem’s
903 1771 955 1799 De—

169 1816 315 1849 fensionem
333 1822 385 1844 tam
411 1817 512 1844 acriter
528 1817 674 1847 invehitur.
692 1817 792 1845 Nullibi
817 1818 868 1846 sibi
888 1826 954 1846 con-

167 1867 224 1889 stat
235 1867 346 1890 sanctus
359 1863 453 1890 doctor
471 1871 478 1889 ε
497 1863 597 1900 ubique
609 1863 660 1890 sibi
686 1864 854 1892 adversatur.
879 1864 955 1892 Hanc

170 1908 287 1943 primum
312 1908 418 1936 dixerat
431 1909 516 1941 solius
532 1917 593 1938 esse
604 1908 749 1945 Pamphili,
763 1915 855 1945 postea
871 1912 955 1940 solius

168 1954 292 1982 Eusebii.
306 1954 384 1983 Modo
399 1962 459 1983 eam
471 1955 586 1983 Eusebio
601 1955 707 1989 tribuit,
724 1956 805 1984 modo
817 1957 859 1984 vel
870 1957 954 1994 Didy»

168 2009 226 2040 mo,
243 2000 286 2030 vel
300 2001 407 2033 Ruﬁno,
424 2001 467 2028 vel
484 2000 562 2029 alteri
578 2001 701 2034 cuilibet,
718 2002 777 2036 qui,
797 2001 860 2030 libri
874 2003 952 2037 primi

166 2046 276 2076 Eusebii
292 2046 381 2082 capite
392 2048 565 2080 detruncato,
581 2051 680 2074 caetera
695 2048 816 2075 membra
831 2048 952 2076 sociarit.

165 2091 246 2124 Modo
265 2092 336 2121 hanc
349 2099 409 2121 esse
426 2093 464 2120 ait
477 2093 623 2128 ipsummet
637 2092 747 2121 Eusebii
761 2093 878 2128 primum
905 2101 949 2122 vo-

166 2137 266 2173 lumen,
282 2138 362 2170 modo
379 2144 484 2166 sextum
501 2148 508 2172 ;
523 2139 602 2166 modo
616 2138 711 2170 eadem
724 2143 752 2167 et
767 2139 861 2167 iisdem
890 2147 952 2168 ver-

165 2182 207 2211 bis
221 2183 247 2211 in
270 2185 357 2218 primo
388 2183 496 2216 Eusebii
525 2184 595 2212 libro
619 2184 767 2217 contineri,
789 2186 868 2217 modo
892 2187 951 2220 ejus
967 2199 988 2227 υ

164 2229 326 2264 scriptorem
341 2231 374 2258 de
388 2230 446 2265 ipso
470 2230 579 2262 Eusebii
606 2230 676 2259 libro
697 2231 821 2265 quaedam
850 2231 949 2260 immu-

165 2279 257 2307 tasse;
277 2277 358 2303 modo
385 2283 481 2304 sensus
511 2277 645 2305 duntaxat
669 2277 839 2311 immutasse,
870 2278 949 2306 modo

164 2321 223 2355 ipsa
250 2322 403 2350 testimonia
429 2322 608 2356 subtraxisse,
633 2328 662 2352 et
681 2324 733 2351 alia
755 2324 946 2360 substituisse;

164 2369 244 2394 modo
259 2375 353 2402 pauca,
370 2368 449 2396 modo
463 2368 546 2396 multa
561 2378 569 2403 ;
584 2369 664 2397 modo
690 2370 807 2405 denique
833 2371 859 2397 in
890 2371 948 2406 ipsa

163 2413 252 2440 Ruﬁni
268 2412 361 2441 Latina
377 2414 602 2449 interpretatione
613 2415 695 2442 multa
707 2416 854 2443 etiamnum
870 2424 948 2445 scan-

163 2459 235 2492 dala,
253 2465 281 2486 ct
305 2460 493 2494 apertissimas
516 2460 699 2495 blasphemias
721 2462 844 2496 reperiri,
869 2463 948 2491 modo

163 2505 329 2540 Pamphilum
345 2505 461 2533 Niczena:
475 2506 535 2533 ﬁdei
554 2513 602 2541 per
617 2514 676 2534 eam
692 2508 795 2535 ostendi
821 2508 947 2536 defenso-

163 2559 230 2579 rem.
245 2551 430 2587 Undequaque
443 2560 504 2580 sese
517 2557 608 2580 versat
621 2558 731 2580 sanctus
742 2554 848 2588 doctor,
857 2555 946 2582 omnia

163 2602 252 2625 movet
266 2605 299 2625 nc
312 2598 381 2626 liber
398 2599 442 2626 hic
455 2598 590 2634 Pamphili
605 2599 650 2626 sit.
668 2599 748 2634 Atqui
777 2605 866 2627 tamen
894 2608 945 2627 non

162 2647 266 2678 poterat
281 2644 407 2679 ignorare
433 2644 519 2680 ipsum
550 2645 705 2678 Eusebium,
743 2646 819 2681 cujus
846 2646 946 2681 scripta

197 2723 235 2760 (6)
253 2725 329 2751 Φασὶ
355 2725 390 2752 δὲ
419 2727 521 2758 αὐτόν,
545 2732 599 2754 ctc.
627 2728 692 2754 Cum
722 2728 794 2754 dicat
819 2727 952 2753 Eusebius

162 2756 236 2799 ῌὶκιζ
251 2761 407 2799 et-gle5._til).
422 2769 459 2794 vt,
475 2756 536 2799 cap.
550 2762 596 2793 59,
612 2762 756 2799 Origenem
769 2767 796 2788 et
821 2760 903 2788 Decio
926 2765 953 2799 et

164 2795 403 2832 torntentisnfuisse
414 2797 606 2832 superstitem,
620 2795 698 2832 cujus
711 2797 748 2824 rei
767 2801 849 2824 testes
860 2795 952 2830 appel—

164 2828 200 2862 lat
212 2829 297 2864 ipsius
312 2828 437 2863 Origcnis
453 2828 581 2865 epistolas
595 2828 662 2870 post.
679 2831 788 2866 Decium
815 2828 948 2872 scriptas;

1005 224 1065 251 cap.
1079 216 1125 248 33,
1140 220 1233 250 aperte
1247 215 1340 243 testari
1349 222 1365 241 a
1380 222 1410 242 se
1422 218 1472 242 eta
1484 217 1659 241 sacrosancto
1672 218 1798 248 martyre

1004 261 1144 296 Pamphilo
1172 260 1372 295 Apologeticum
1398 267 1446 294 pro
1472 259 1600 294 Origenis
1633 258 1797 286 defensione

1004 307 1141 336 communi
1156 307 1246 335 studio
1259 311 1341 342 atque
1369 313 1451 340 opera
1478 305 1591 340 iunctim
1605 304 1689 333 fuisse
1698 302 1797 332 elabo—

1006 358 1104 386 ratum,
1121 353 1243 387 adeoque
1260 352 1413 387 Apologia":
1425 351 1496 379 hanc
1515 351 1566 379 sub
1579 350 1690 377 nomine
1713 349 1797 376 Pam-

1004 400 1070 434 phili
1089 407 1104 426 a
1117 398 1216 426 Ruﬁno
1232 398 1343 430 editam,
1359 404 1439 432 quant
1454 404 1514 426 esse
1539 396 1638 424 fatetur
1659 395 1798 431 Hieronyc

1004 453 1064 473 mus
1080 446 1226 480 ipsummet
1238 444 1347 473 Eusebii
1359 444 1474 479 primum
1490 443 1625 476 volumen,
1642 449 1703 471 esse
1718 442 1797 469 Pam-

1004 491 1070 526 phili
1086 490 1206 518 simulet
1238 489 1356 517 Eusebii.
1382 489 1496 517 Videtur
1519 496 1582 524 ergo
1611 488 1797 523 Hieronymus

1005 535 1067 563 ideo
1084 535 1206 563 eamdem
1220 534 1270 563 soli
1286 534 1402 561 Eusebio
1413 534 1582 569 ascripsisse,
1595 534 1656 568 quia
1667 533 1795 565 Ruﬁnus,

1004 581 1048 608 cui
1066 586 1128 608 tunc
1147 581 1275 616 temporis
1294 588 1349 615 quo
1374 581 1432 608 haec
1460 579 1596 607 scribebat
1623 587 1677 607 non
1704 579 1797 606 minus

1005 635 1085 663 quam
1106 627 1217 663 Origeui
1235 631 1296 654 erat
1310 626 1450 660 infensus,
1471 625 1520 653 soli
1542 625 1685 661 Pamphilo
1709 625 1796 653 ascri-

1005 678 1115 708 pserat;
1128 678 1156 700 et
1168 673 1229 700 ideo
1253 672 1369 700 Eusebio
1384 671 1433 698 soli
1452 671 1549 699 iterum
1579 672 1751 706 ascripsisse,
1766 675 1796 698 ut

1004 727 1064 747 eam
1076 720 1177 747 Ariana
1187 723 1262 754 peste
1276 725 1337 746 esse
1351 716 1478 745 infectam
1493 716 1598 744 facilius
1608 717 1795 751 persuaderet,

1006 767 1151 802 Ruﬁnique
1163 766 1225 794 fidei
1237 770 1265 796 et
1281 764 1436 793 auctoritati
1454 763 1554 791 certius
1569 763 1722 797 derogaret.
1741 761 1795 789 Sed

1007 812 1073 840 nihil
1094 812 1201 847 proﬁcit
1224 816 1337 840 sanctus
1367 811 1461 839 doctor
1484 814 1578 838 contra
1603 808 1795 836 auctoritatem

1007 859 1092 894 ipsius
1116 857 1236 890 Eusebii,
1265 857 1404 893 Socratis,
1424 856 1576 892 anonymia
1597 854 1631 882 R.
1665 853 1697 884 P.
1718 853 1798 888 Lupo

1006 905 1083 938 editi,
1097 904 1198 936 Photii,
1215 907 1243 932 et
1258 908 1416 932 cancrorum
1427 922 1435 935 ,
1451 902 1496 937 qui
1510 904 1581 930 hanc
1595 900 1741 936 Pamphilo
1755 900 1796 927 si,

1008 950 1062 978 mul
1077 950 1248 985 Eusebioque
1263 949 1434 985 adjudicant;
1449 953 1477 977 et
1493 948 1560 976 satis
1575 947 1653 975 nobis
1667 951 1711 975 est
1726 954 1797 982 prze-.

1006 996 1114 1030 cipmnn
1130 994 1221 1030 operis
1234 999 1373 1022 auctorem
1396 993 1566 1028 Pamphilum
1583 992 1618 1020 ab
1632 991 1751 1020 Eusebio
1766 995 1796 1020 et

1006 1040 1103 1068 Photio
1120 1040 1280 1075 agnoscimt
1293 1039 1380 1070 nullas
1393 1039 1421 1067 in
1447 1046 1480 1067 eo
1501 1038 1686 1074 blasphemiae
1706 1037 1795 1066 exsti-

1008 1086 1072 1113 tisse
1084 1085 1246 1120 judicemus.

1042 1130 1085 1158 IX.
1103 1130 1194 1158 Restat
1204 1131 1260 1166 jutn
1275 1135 1304 1158 ut
1321 1131 1424 1166 aliquid
1436 1130 1470 1158 de
1495 1130 1601 1158 ueteris
1614 1129 1736 1165 quinque
1748 1129 1795 1157 de-

1006 1177 1120 1213 perditis
1138 1177 1214 1205 libris
1240 1177 1372 1205 dicamus.
1398 1176 1526 1205 Socrates
1548 1177 1576 1204 in
1605 1183 1638 1205 eo
1664 1180 1796 1205 contextu

1005 1232 1085 1260 quem
1097 1231 1178 1258 supra
1194 1224 1333 1251 attulimus
1347 1230 1380 1255 ex
1388 1223 1445 1258 ejus
1458 1222 1562 1250 Histor.
1578 1222 1624 1250 lib.
1638 1230 1679 1256 tu,
1696 1229 1756 1256 cap.
1765 1222 1795 1255 'l,

1006 1271 1176 1305 desumptum
1191 1290 1200 1303 ,
1225 1271 1262 1297 ait
1290 1269 1462 1304 Pamphilum
1483 1275 1511 1297 et
1537 1269 1682 1296 Eusebium
1713 1268 1795 1296 simul

1003 1317 1111 1351 junotos
1124 1317 1204 1345 vitam
1223 1316 1349 1351 Origenis
1359 1316 1386 1343 in
1401 1323 1432 1343 ea
1446 1315 1575 1351 Apologia
1586 1315 1794 1350 conscripsisse,

1005 1368 1033 1391 et
1047 1363 1083 1390 ibi
1101 1363 1254 1391 ostendisse
1267 1362 1424 1399 Origenem,
1441 1362 1487 1396 qui
1510 1362 1536 1389 iu
1561 1361 1689 1389 omnibus
1716 1361 1794 1390 libris

1006 1408 1062 1436 suis
1083 1408 1222 1436 Christqu
1243 1408 1380 1436 hominem
1411 1408 1512 1436 factum
1536 1407 1625 1434 anima
1649 1407 1792 1442 praeditum

1005 1462 1066 1482 esse
1081 1455 1214 1490 agnoscit,
1225 1454 1381 1490 specialiter
1396 1454 1422 1481 in
1440 1461 1511 1482 nono
1527 1458 1598 1482 tomo
1626 1453 1794 1481 Commenta-

1006 1499 1105 1526 riorunt
1116 1499 1145 1526 in
1161 1498 1292 1532 Genesim,
1307 1498 1352 1526 ubi
1384 1497 1517 1525 Adamum
1544 1496 1652 1532 quidem
1677 1496 1791 1529 Christi,

1005 1544 1088 1571 Evam
1109 1548 1201 1571 autem
1218 1543 1347 1571 Ecclesia:
1362 1547 1455 1579 typum
1471 1549 1566 1578 gerere
1581 1541 1706 1577 pluribus
1715 1548 1790 1568 asse-

1005 1590 1102 1622 ruerit,
1122 1597 1175 1617 non
1203 1589 1319 1624 primum
1338 1589 1364 1615 in
1391 1588 1443 1616 hoc
1471 1592 1630 1622 argumento
1653 1592 1792 1619 versatum

1005 1644 1076 1669 esse,
1089 1636 1136 1664 sed
1148 1634 1277 1664 Ecclesia:
1299 1634 1472 1662 traditionem
1489 1640 1551 1661 esse
1570 1634 1789 1668 interpretatum.

1005 1682 1082 1716 Quod
1101 1685 1161 1716 post
1172 1681 1312 1709 Socratem
1326 1679 1603 1715 repetitNicephorus
1625 1677 1698 1707 Hist.
1729 1678 1746 1706 L
1761 1686 1790 1717 κε

1005 1736 1065 1764 cap.
1084 1728 1128 1756 14.
1143 1727 1226 1755 Docet
1240 1727 1321 1755 etiam
1345 1725 1478 1753 Eusebius
1491 1724 1562 1752 Hist.
1581 1724 1629 1752 lib.
1643 1732 1681 1757 vt,
1697 1732 1722 1752 c.
1741 1723 1787 1756 25,

1005 1781 1034 1801 se
1048 1774 1074 1801 in
1095 1773 1214 1801 secundo
1230 1772 1310 1806 hujus
1322 1771 1455 1806 Apologia
1478 1770 1547 1799 libro
1560 1770 1718 1805 exposuisse
1741 1770 1791 1805 qui

1006 1824 1094 1847 motus
1107 1818 1286 1847 ordinationis
1299 1817 1423 1853 Origenis
1437 1824 1518 1845 causa
1533 1816 1636 1844 fuerint
1648 1815 1789 1854 concitati,

1005 1871 1032 1895 et
1047 1873 1107 1900 quae
1120 1872 1202 1900 super
1213 1864 1309 1892 iisdem
1327 1863 1445 1893 motibus
1462 1871 1477 1890 a
1505 1862 1666 1898 prasulibus
1694 1860 1787 1890 Eccle-

1005 1912 1107 1942 siarum
1121 1911 1268 1939 constituta
1282 1910 1355 1943 sint;
1369 1913 1406 1943 ,et
1427 1916 1595 1944 qua'cUnque
1618 1908 1671 1936 alia
1695 1908 1791 1946 vigeps

1005 1958 1062 1992 ipse
1070 1956 1201 1991 Origenes
1212 1963 1244 1983 ac
1257 1955 1356 1982 ﬂorens
1373 1955 1399 1982 in
1414 1954 1608 1990 praedicatione
1623 1953 1700 1981 verbi
1720 1954 1789 1981 divi-

1005 2003 1031 2030 ni
1045 2002 1200 2030 contulerit.
1217 2001 1257 2032 Τὰ
1278 2001 1327 2037 μὲν
1344 1999 1391 2028 οὖν
1418 2000 1465 2036 επὶ
1495 2000 1583 2036 τούτῳ
1613 2000 1678 2036 περὶ
1706 1999 1789 2035 αὑταιὶ

1005 2048 1173 2085 κεκινημένα
1185 2057 1192 2063 ·
1209 2047 1244 2083 τά
1256 2056 1285 2074 τε
1299 2047 1345 2074 ἐπὶ
1359 2048 1414 2079 τοῖς
1433 2046 1564 2082 κινηθεῖσι
1575 2046 1724 2082 δεδογμένα
1733 2048 1788 2078 τοῖς

1002 2095 1057 2122 τῶν
1076 2094 1243 2129 Ἐκκλησιῶν
1257 2092 1440 2129 προεστῶσιν·
1456 2093 1506 2120 ὅσα
1519 2101 1549 2120 τε
1572 2092 1639 2120 ἄλλα
1656 2093 1787 2133 ἀκμάζῳν

1003 2140 1120 2176 περὶ-τὸν
1131 2139 1200 2167 θεῖον
1214 2139 1398 2174 εἰσενήνεκται
1410 2138 1497 2173 λόγον,
1512 2138 1579 2170 ἰδίας
1593 2138 1707 2175 δεόμενα
1725 2148 1788 2166 συν-

1001 2186 1114 2219 τάξεως,
1130 2185 1246 2222 μετρίως
1263 2186 1291 2211 ὲν
1303 2181 1342 2221 τῷ
1355 2185 1472 2221 δευτέρῳ
1484 2181 1518 2221 ἧς
1542 2185 1611 2220 ὑπὲρ
1636 2185 1719 2212 αὑτοῦ
1741 2194 1788 2212 πε-

1003 2232 1140 2268 ποιήμεθα
1167 2231 1335 2265 ἀπολογίας,
1370 2230 1572 2266 ἀνεγράψαμεν.
1603 2230 1667 2264 Quee
1697 2231 1787 2258 omnia

1002 2279 1146 2307 conﬁrmat
1157 2273 1270 2305 Photius
1284 2277 1409 2304 Bibliolh.
1433 2278 1526 2305 codice
1540 2285 1640 2311 εει-ιιι,
1670 2277 1712 2304 his
1728 2285 1788 2304 ver-

1001 2325 1062 2352 bis:
1080 2323 1148 2351 Φασὶ
1166 2323 1194 2350 δὲ
1212 2324 1257 2350 τὸν
1280 2323 1419 2360 Ὠριγένην
1438 2325 1467 2350 ὲν
1487 2324 1544 2355 τοῖς
1574 2322 1643 2350 κατὰ
1668 2323 1786 2358 Σευῆρον

1001 2370 1130 2406 διωγμοῖς
1145 2370 1247 2407 γράψαι
1264 2369 1386 2408 Λεωνίδῃ
1406 2369 1500 2405 πατρῖ,
1512 2394 1513 2397 η
1525 2369 1704 2404 ὲπσλείφοντα
1719 2369 1786 2405 πρὸς

1001 2417 1046 2443 τὸν
1068 2417 1115 2443 τοῦ
1141 2416 1291 2452 μαρτυρίου
1305 2416 1414 2452 δρόμον,
1442 2415 1471 2443 δν
1485 2415 1533 2443 καὶ
1546 2414 1636 2447 καλῶς
1658 2415 1787 2450 δραμόντι

1000 2461 1054 2490 τῶν
1072 2462 1205 2499 βραϐείων
1220 2463 1310 2497 τυχεῖν
1326 2461 1478 2496 ἐξεγένετο·
1495 2461 1540 2488 καὶ
1556 2461 1636 2498 αὑτὸν
1647 2460 1675 2487 δὲ
1686 2460 1787 2488 ἀποδύ-

1002 2508 1099 2536 σασθαι
1113 2508 1237 2535 σπεύδειν
1253 2508 1321 2542 πρὸς
1331 2507 1362 2534 τὸ
1385 2507 1438 2534 τῶν
1455 2507 1653 2543 ἀγωνισμάτων
1669 2507 1786 2540 στάδιον.

1001 2554 1050 2590 τὴν
1064 2554 1093 2581 δὲ
1117 2553 1222 2590 μητέρα
1255 2554 1301 2580 καὶ
1323 2554 1424 2580 ἄκοντα
1451 2551 1596 2589 δυνηθῆναι
1624 2552 1675 2588 τῆς
1699 2553 1787 2588 ὁρμῆς

1000 2601 1140 2635 ἐπισχεῖν·
1159 2599 1299 2627 καὶτοῦτο
1313 2599 1360 2626 καὶ
1380 2599 1461 2630 αὐτὸς
1486 2599 1515 2625 ὲν
1540 2598 1667 2634 ἐπιστολῇ
1698 2599 1786 2634 οἰκείᾳ

1000 2645 1220 2681 ἐπισημαίνεται.
1241 2645 1277 2681 (6)
1292 2645 1360 2672 Φασὶ
1373 2645 1401 2672 δὲ
1429 2645 1520 2678 αὑτὸν,
1548 2645 1562 2672 δ
1583 2653 1613 2671 τε
1645 2644 1786 2680 Πάμφιλος

1002 2726 1042 2753 vel
1055 2721 1172 2753 nondum
1188 2724 1292 2752 viderat
1324 2725 1384 2752 illas
1412 2722 1541 2758 epistolas
1557 2722 1664 2757 quando
1677 2721 1706 2749 in
1734 2723 1784 2750 hac

1001 2761 1129 2796 Apologia
1148 2768 1277 2796 unaicutn
1296 2759 1436 2796 Pamphilo
1447 2759 1583 2796 scribebat
1594 2758 1736 2796 Qrigenem
1757 2759 1783 2785 in

1000 2793 1189 2831 persecutione
1200 2795 1274 2831 De_cii
1290 2793 1373 2831 vitam
1387 2794 1490 2831 celebri
1507 2793 1635 2831 martyrio
1648 2793 1782 2831 li‘nivisse;

1001 2827 1042 2859 ite]
1061 2829 1213 2861 inconsulto
1226 2828 1343 2865 Eusebio
1354 2829 1427 2859 solus
1441 2830 1498 2857 haec
1523 2827 1634 2869 scripsit
1657 2827 1783 2863 Pamphi-
