1909 3080
43 133 88 160 537

504 131 677 160 APOLOGIA
695 131 765 160 ι’Ηο
784 131 944 160 ORIGENE.
964 148 998 153 —
1016 131 1187 160 MONITUM.

1601 132 1653 160 538

45 192 149 228 μάρτυς,
165 191 215 218 καὶ
229 190 321 226 ἕτεροι
337 191 465 224 πλεῖστοι,
483 192 583 225 οῐτινες
596 193 643 219 ἀπ’
660 191 751 220 αὐτῶν
763 191 815 218 τῶν

868 192 929 219 dam
944 199 992 220 sua
1011 195 1138 219 testatum
1158 191 1276 225 reliquit.
1292 190 1362 224 Quin
1379 190 1654 228 Pamphilusmartyr,

44 235 195 271 ἑωρακότων
221 235 364 271 Ὠριγὲνην
384 236 418 262 τὰ
433 236 496 271 περὶ
514 236 560 264 τοῦ
587 237 683 272 ἀνδρὸς
696 235 818 272 ἠκριϐῶ-

44 289 124 312 σαντο,
138 280 274 316 διαϐοήτῳ
297 281 440 316 μαρτνρίῳ
459 282 508 308 τοῦ
533 282 592 317 βίου
617 281 816 318 ἐξεληλυθέναι,

45 327 80 354 ἐπ’
88 326 168 361 αὐτῆς
180 326 231 362 τῆς
243 327 409 362 Καισαρείας
421 328 517 357 Δεκίου
532 328 581 364 τὴν
594 327 664 355 κατὰ
677 328 732 355 τῶν
750 329 818 364 Χρι-

46 373 148 400 στιανῶν
158 372 287 408 ὡμάτητα
302 374 436 405 πνέοντος.
454 374 486 400 Οἱ
504 373 533 401 δέ
553 383 634 409 φασιν
655 374 736 401 αὐτὸν
766 374 818 405 ἕως

45 417 134 444 Γάλλου
143 418 189 449 καὶ
203 418 381 445 Βολουσιανοῦ
396 419 585 455 διαρκέσαντα,
605 420 652 447 καὶ
675 419 818 455 ἑξηκοστὸν

44 464 141 490 ἔννατον
156 463 216 495 ἔτος
231 464 280 499 τῆς
296 464 404 499 ἡλικίας
417 466 527 499 ἄγοντα,
542 467 570 492 ὲν
596 465 677 502 Τύρῳ
700 465 748 492 καὶ
773 473 818 491 τε·

44 510 172 545 λευτῆσαι,
188 511 237 537 καὶ
258 513 329 547 ταφῇ
353 512 547 548 παραδοθῆναι.
563 512 641 541 Ἔστι
665 512 693 539 δὲ
720 511 818 548 μᾶλλον

44 552 110 587 οὗτος
121 557 134 582 ό
146 556 225 590 λόγος
236 556 350 592 ἀληθὴς,
365 558 392 584 εῐ
403 565 435 592 γε
447 559 474 584 αἰ
487 557 636 594 φερόμεναι
653 557 736 584 αὑτοῦ
750 556 819 592 μετὰ

43 601 81 628 τὸν
94 602 209 637 διωγμὸν
222 602 318 629 Δεκίου
330 603 469 630 ἐπιστολαὶ
481 604 531 630 οὐκ
543 604 634 639 ἔχουσι
646 603 676 630 τὸ
688 603 817 630 πλαστόν.

44 648 133 679 Παντὸς
147 647 175 674 δὲ
188 647 350 683 μαθήματος
363 649 433 676 ἰδέαν
450 649 530 677 αὐτόν
545 658 611 685 φασι
626 650 673 677 καὶ
682 649 818 685 μετελθεῖν

43 694 82 720 ια).
103 694 244 721 διδάσκειν.
260 694 369 724 ,Τοῦτον
391 696 481 723 τοίνυν
501 696 546 723 τὸν
563 696 712 732 Ὠριγένην,
727 696 756 723 ὃν
771 695 818 723 καὶ

48 740 210 775 Ἀδαμάντιον
222 740 439 776 ἐπονομάζεσθαί
452 750 542 777 φασιν,
559 743 599 770 ὅτι
629 742 818 778 ἀδαμαντίνοις

43 785 137 821 δεσμοῖς
147 786 270 820 ἐῴκεσαν
284 787 331 819 οὒς
342 787 375 814 ἂν
391 788 482 824 δήσειε
494 789 599 823 λόγους,
617 789 754 824 ἀκροατὴν
771 789 818 814 καὶ

43 831 147 866 ὀιάδοχον
163 831 276 866 λέγουσι
301 833 426 867 γενέσθαι
447 833 606 869 Κλήμεντος
619 834 667 861 τοῦ
686 835 816 870 Στρωμα-

868 243 896 266 et
907 238 952 265 alii
971 245 1032 266 cum
1045 245 1078 265 eo
1089 237 1210 272 plurimi,
1218 244 1261 264 res
1275 237 1401 272 Origenis
1415 244 1449 264 ex
1462 236 1515 264 illis
1528 237 1595 272 ipsis
1606 238 1653 273 qui

870 284 1005 312 hominem
1031 283 1167 316 viderant,
1184 283 1339 310 accuratius
1351 283 1526 317 perserutati,
1542 287 1655 310 narrant

868 337 931 357 eum
948 329 1048 357 celebri
1060 329 1193 365 martyrio
1208 334 1264 357 tum
1278 329 1332 356 vita
1344 329 1504 361 decessisse.
1519 336 1584 356 cum
1596 328 1654 356 Ca-

868 383 953 403 sareaa
982 375 1079 413 Decius
1105 383 1182 403 suam
1210 374 1236 402 in
1261 375 1428 402 Christianos
1463 375 1652 402 crudelitatem

867 420 1026 449 ell’underet.
1048 420 1100 447 Alii
1117 425 1206 447 tamen
1220 420 1313 447 volunt
1329 420 1361 446 ad
1377 420 1445 448 Galli
1458 428 1490 448 ac
1515 420 1653 448 Voiusiani

869 473 953 500 usque
965 470 1086 500 tempora
1101 465 1273 501 perdurasse.
1289 470 1319 493 et
1341 466 1537 501 sexagesimum
1554 473 1653 494 nouunt

867 511 954 538 aetatis
965 518 1066 537 annum
1080 514 1205 545 agentem
1222 511 1284 546 Tyri
1303 515 1452 543 morumm,
1465 511 1491 538 in
1504 511 1654 546 eademque

867 557 934 583 urbe
945 556 1080 591 sepultum
1096 556 1146 592 (8).
1163 556 1229 590 Quae
1242 557 1351 591 quidem
1367 557 1456 584 verior
1471 557 1589 584 narratio
1600 562 1652 589 est,

867 602 889 630 si
904 602 983 630 modo
994 609 1130 637 germanae
1145 607 1219 634 sunt,
1231 610 1292 637 qua).
1301 603 1437 635 feruntur,
1449 602 1571 637 epistolae
1581 603 1653 630 illius

868 653 929 684 post
941 648 1013 676 Decii
1029 649 1243 683 persecutionem
1261 649 1432 683 conscriptte.
1447 649 1547 676 Omne!
1563 652 1653 676 autem

866 694 977 721 omnino
992 694 1148 729 disciplinas
1163 695 1251 729 ipsum
1266 700 1292 722 et
1310 695 1475 730 percepisse.
1487 699 1516 722 et
1529 695 1654 722 docuisse

867 739 967 767 ierunt.
984 739 1061 767 Hunc
1078 740 1141 767 item
1157 740 1311 775 Origenetn,
1328 747 1407 775 quem
1421 740 1504 768 etiam
1517 740 1654 767 Adaman-

867 786 932 812 tiunt
949 786 1168 820 cognominatum
1188 793 1222 812 ex
1250 793 1283 814 eo
1301 785 1421 817 tradunt,
1434 785 1505 820 quod
1535 785 1653 812 rationes

866 839 934 866 quas
945 831 1095 865 colligaret,
1110 831 1292 859 adamantinis
1317 831 1480 866 quibusdam
1491 831 1568 866 quasi
1593 830 1654 858 vin-

43 876 107 909 τέως,
121 877 166 904 καὶ
176 877 224 904 τοῦ
243 878 315 905 κατὰ
332 878 382 914 τὴν
401 878 601 915 Ἀλεξάνδρειαν
627 879 815 914 ἐκκλησιαστι-

867 877 934 904 culis
963 884 1016 904 non
1035 877 1174 904 absimiles
1204 878 1371 908 viderentur.
1398 878 1547 905 auditorem
1569 877 1654 904 fuisse

43 922 82 950 κοῦ
95 923 287 951 διδασκαλείου.
306 925 451 960 Κλήμεντα
464 924 493 951 δὲ
521 925 669 952 Πανταίνου
691 925 816 959 γενέσθαι

43 968 135 1002 ὶεγουοι
148 969 192 996 καὶ
205 970 355 1006 ἀκροατὴν,
367 971 414 998 καὶ
427 971 474 998 τοῦ
486 971 672 998 διδασκαλείου
685 971 815 1006 διάδοχονο

44 1015 174 1042 Πάνταινον
185 1015 224 1048 δὲ,
250 1016 306 1042 τῶν
326 1022 355 1045 τε
374 1017 438 1048 τοὺς
465 1016 628 1048 ἀποστόλους
656 1017 818 1052 ἑωρακότων

44 1061 227 1096 ἀκροάσασθαι,
243 1063 275 1088 οὺ
289 1062 342 1098 μὴν
357 1062 425 1089 ἀλλὰ
440 1062 488 1089 καί
502 1071 583 1089 τινων
597 1063 685 1089 αὐτῶν
705 1062 817 1090 ἐκείνοιν

43 1106 175 1134 διακοῦσαι.
190 1107 247 1139 Τὰς
258 1107 288 1134 δὲ
307 1107 377 1134 κατὰ
394 1108 546 1143 Ὠριγένους
568 1109 690 1144 κινήσεις
712 1109 817 1136 ἐκεῖθεν

44 1152 150 1186 λέγουσιν
173 1153 323 1189 ἐκρυῆναι·
353 1154 508 1190 Δημήτριος
526 1154 729 1190 Ἀλεξανδρείας
754 1155 816 1182 ἑπι-

45 1199 135 1230 mensi,
148 1198 176 1230 ὃς
201 1199 343 1235 Ὤριγένην
354 1198 387 1226 δι’
412 1200 532 1227 ἐπαίνων
546 1199 613 1236 εἶχε,
626 1201 673 1229 καὶ
699 1201 728 1232 ἐς
752 1201 816 1233 τοὺς

46 1244 171 1277 φιλτάτους
184 1245 356 1272 συνέταττεν.
383 1245 454 1272 Ἀλλ’
475 1246 615 1282 Ὠριγένης
631 1246 759 1282 ἀπαίρειν
775 1247 816 1279 εἰς

49 1288 147 1325 Ἀθήνας
158 1290 242 1325 χωρὶς
257 1290 309 1326 τῆς
335 1289 382 1317 τοῦ
395 1291 496 1318 οἰκείου
515 1291 627 1328 γνώμης
654 1292 813 1326 ἐπισκόπου,

46 1335 77 1365 εἰς
90 1335 265 1370 πρεσϐύτερον
283 1336 314 1362 οὐ
336 1336 394 1363 δέον
412 1337 442 1363 ὃν
466 1337 668 1370 ἀναϐιϐάζεται.
688 1338 726 1373 (7)
751 1337 816 1364 Θεό-

45 1388 123 1413 rach
137 1382 158 1407 δ’
172 1379 216 1416 ἦν,
232 1383 247 1408 ό
264 1382 336 1409 κατὰ
352 1383 520 1419 Καισάρειαν
533 1383 582 1420 τὴν
605 1384 634 1410 ὲν
650 1383 815 1422 Παλαιστίνῃ

45 1425 82 1452 τὸν
101 1427 287 1463 ἀρχιερατικδν
311 1428 438 1464 χειρίζων
460 1428 552 1464 νόμον,
567 1430 582 1455 ό
597 1428 647 1464 τῆς
663 1429 815 1464 Ὢριγένους

46 1472 173 1508 αὐτουργὸς
185 1474 363 1510 χειροτονίας,
380 1474 449 1510 ἔχων
469 1474 677 1502 συνευδοκοῦντα
702 1475 751 1502 καὶ
769 1475 814 1503 τὸν

51 1518 224 1554 Ἱεροσολύμων
246 1519 431 1556 Ἀλέξανδρον.
454 1520 591 1556 Τρέπεται
606 1521 650 1548 διὰ
666 1521 746 1549 τοῦτο
766 1522 814 1557 Δη·
827 1545 848 1573 C

48 1565 138 1600 μητρίῳ
150 1565 188 1597 εἰς
201 1567 291 1601 μῖσος,
309 1566 339 1592 τὸ
351 1566 476 1602 φίλτρον·
490 1567 538 1593 καὶ
553 1568 578 1593 οἰ
597 1567 703 1594 ἔπαινοι
716 1588 723 1602 ,
745 1568 813 1604 πρὸς

46 1610 97 1642 τοὺς
109 1611 214 1646 ψόγους.
228 1612 286 1639 Καὶ
300 1612 407 1644 σύνοδος
418 1612 571 1648 ἁθροίζεται
586 1614 754 1645 ἐπισκόπων,
766 1615 815 1642 καί

47 1663 112 1683 τινων
124 1657 323 1694 πρεσϐυτέρων,
343 1657 414 1685 κατὰ
440 1659 602 1694 Ὠριγένους.
629 1660 662 1686 Ἦ
681 1660 721 1692 δὲ,
739 1660 778 1692 ὡς
799 1661 814 1688 ὁ

48 1701 170 1736 Πάμφιλός
195 1712 274 1739 φησι,
302 1703 449 1740 ψηφίζεται
465 1724 473 1737 ,
492 1706 657 1741 μεταστῆναι
687 1707 735 1742 μὲν
759 1706 814 1733 ἀπὸ

52 1747 233 1785 Ἀλεξανδρείας
251 1749 300 1776 τὸν
322 1750 472 1786 Ὦριγένην,
487 1751 535 1778 καὶ
548 1752 616 1787 μήτε
627 1752 774 1788 διατρίϐειν
784 1753 814 1780 ιν

48 1793 112 1829 αὐτῇ,
125 1795 188 1829 μήτε
199 1795 346 1823 διδάσκειν.
363 1796 420 1830 Τῆς
444 1796 534 1831 μέντοι
548 1797 596 1824 τοῦ
618 1798 814 1834 πρεσϐυτερίου

47 1839 115 1874 τιμῆς
129 1840 252 1876 οὐδαμῶς
271 1841 494 1877 ἀποκεκινῆσθαι.
517 1843 586 1871 Ἀλλ’
599 1843 646 1877 ὅγε
660 1835 814 1880 Δημῆτριος

47 1883 95 1919 ἅμα
105 1886 170 1913 τισὶν
184 1886 345 1919 ἐπισκόποις
359 1887 530 1922 Αἰγυπτίοις,
545 1888 652 1924 καὶτῆς
665 1889 815 1926 ἱερωσύνης

48 1929 194 1967 ἀπεκήρυξε,
207 1933 472 1968 συνυπογραψάντων
483 1935 530 1962 καὶ
553 1936 586 1971 τῇ
604 1935 739 1970 ἀποφάσει
760 1935 815 1964 τῶν

50 1977 182 2013 σνμψὴφων
195 1978 271 2014 αὐτῷ
286 1979 488 2015 γεγενημένων.
500 1980 704 2016 Φυγαδευθέντα
726 1981 754 2008 δὲ
769 1981 816 2009 τὸν

54 2021 175 2059 Ὧριγένην
191 2025 239 2060 τῆς
256 2024 468 2062 Ἀλεξανδρείας,
490 2026 634 2058 Θεάτεκνος
646 2028 660 2054 ό
672 2026 814 2054 Παλαιστί-

50 2076 96 2103 νης,
107 2069 223 2105 ἀσμένως
238 2079 270 2097 τε
280 2071 382 2105 διάγειν
397 2072 425 2098 ὲν
438 2072 757 2108 Καισαρείᾳιὺπεδέξατο,
769 2073 816 2100 καὶ

50 2114 88 2140 τοῦ
98 2115 223 2143 διδάσκειν
235 2117 324 2143 πᾶσαν
335 2117 459 2150 ἐξουσίαν
470 2119 627 2155 ἐνεχείρισε.
642 2119 697 2145 Καὶ
706 2119 755 2151 τὰς
767 2119 816 2156 μὲν

52 2160 125 2193 αἰτίας
146 2162 174 2195 ἐξ
203 2158 240 2189 ὧν
266 2163 364 2198 συνέϐη
383 2163 433 2196 τὰς
458 2164 583 2196 διαϐολὰς
608 2166 756 2201 ἐκραγῆναι
777 2165 816 2201 τῷ

866 923 1011 951 Clementis
1023 923 1092 958 ejus.
1109 924 1155 957 qui
1168 923 1338 950 Stromateus
1348 923 1436 950 dictus
1451 928 1503 954 est.
1515 922 1652 956 ejusdem-

865 976 917 1004 que
936 969 961 996 in
993 969 1161 996 catecltetica
1178 968 1281 1001 schola,
1308 976 1368 1002 quae.
1389 969 1560 996 Alexandria:
1581 972 1652 1002 erat,

865 1022 1062 1042 successorem.
1097 1014 1264 1043 Clementem
1294 1022 1377 1049 porro
1413 1014 1533 1042 Pantsni
1567 1015 1653 1043 fuisse

865 1061 1036 1096 discipulum.
1052 1060 1205 1096 scholaaque
1217 1068 1425 1088 successorem:
1449 1064 1477 1088 et
1492 1059 1650 1088 Pantaenum

865 1115 972 1134 rursum
989 1107 1022 1134 iis
1031 1114 1109 1134 usum
1123 1107 1271 1142 magistris.
1282 1106 1328 1141 qui
1346 1106 1482 1141 apostolos
1493 1106 1625 1134 vidissent
1641 1116 1649 1134 :

865 1153 929 1188 quin
944 1157 973 1180 et
988 1152 1095 1180 illorum
1115 1152 1260 1180 nonnullos
1280 1152 1410 1180 audiisse.
1424 1151 1558 1179 Caeterum
1588 1152 1652 1180 hinc

865 1199 892 1227 in
905 1197 1048 1234 Origenem
1061 1198 1207 1226 excitatam
1233 1204 1343 1226 omnem
1367 1202 1556 1232 tempestatem
1577 1205 1653 1225 eom—

865 1249 1016 1272 niemnrant
1029 1252 1038 1271 :
1056 1244 1208 1272 Demetrius
1216 1243 1387 1272 Alexandriae
1397 1242 1495 1279 praesul
1507 1244 1650 1278 Origenem

865 1291 977 1318 multum
996 1290 1119 1322 laudans,
1144 1290 1171 1318 in
1192 1290 1284 1325 paucis
1301 1290 1491 1318 charissimutn
1522 1290 1649 1321 habebat.

864 1337 899 1365 At
919 1344 979 1365 cum
993 1337 1038 1364 hic
1051 1337 1152 1372 absque
1184 1336 1253 1364 bona
1276 1335 1395 1371 episcopi
1426 1336 1503 1363 venia
1530 1335 1652 1364 Athenas

865 1383 1033 1418 profecturus
1045 1386 1127 1416 esset,
1142 1382 1328 1414 Theotecnua,
1341 1382 1474 1409 Caesarea:
1498 1381 1651 1409 Palastinaa

865 1434 921 1456 tum
948 1429 1169 1463 archiepiscopus
1183 1447 1190 1461 ,
1213 1435 1290 1456 secus
1315 1435 1377 1455 eum
1401 1435 1482 1462 quam
1501 1433 1649 1462 oporteret,

865 1475 1049 1510 presbyterum
1065 1474 1212 1506 ordinavit,
1225 1481 1278 1501 non
1299 1472 1469 1508 improbante
1485 1473 1586 1500 factum
1599 1473 1650 1500 hoc

865 1520 1017 1548 Alexandro
1026 1520 1255 1554 Jerosolymorum
1269 1519 1406 1555 episcopo.
1429 1519 1498 1547 Hinc
1512 1519 1650 1547 Demetrio

866 1574 942 1595 amor
957 1567 983 1594 in
998 1567 1088 1594 odium
1113 1566 1204 1598 vertit,
1221 1566 1368 1600 laudesque
1383 1573 1444 1593 mox
1458 1573 1520 1593 cum
1543 1565 1650 1599 vitupe-

867 1613 970 1640 ratione
984 1617 1165 1640 comniutatte.
1183 1612 1308 1648 Synodus
1322 1613 1436 1647 insuper
1460 1613 1650 1647 episcoporum

865 1663 968 1691 coacta,
985 1663 1013 1686 et
1026 1659 1246 1693 presbyterorum
1259 1657 1439 1692 quorumdam
1453 1662 1546 1685 contra
1560 1658 1652 1692 Origo.

867 1711 927 1731 nem
944 1712 952 1735 ;
969 1711 1038 1738 qum,
1053 1709 1082 1731 ut
1103 1703 1258 1738 Pamphilus
1285 1703 1384 1736 refert.
1410 1703 1548 1731 decretum
1575 1703 1650 1737 fecit,

866 1750 1029 1778 Alexandria
1042 1749 1150 1785 quidem
1166 1749 1319 1784 pellendum
1343 1748 1499 1784 Origenem.
1523 1755 1609 1783 neque
1623 1749 1649 1776 lu

867 1804 899 1824 ea
915 1796 1017 1824 versari
1043 1799 1090 1823 aut
1118 1796 1215 1823 docere
1241 1795 1472 1830 permittendum;
1504 1794 1649 1822 sacerdotii

870 1848 961 1869 tamen
976 1841 1106 1876 dignitate
1116 1847 1286 1875 nequaquam
1304 1840 1528 1868 submovendum.
1550 1838 1651 1867 Verum

869 1886 1021 1914 Demetrius
1048 1894 1099 1913 una
1119 1893 1179 1914 cum
1202 1885 1313 1922 Egypti
1328 1886 1463 1921 episcopis
1474 1885 1593 1920 aliquot,
1611 1892 1653 1912 sas

868 1933 987 1961 cerdotio
1009 1940 1116 1967 quoque
1141 1932 1216 1959 illum
1244 1931 1397 1966 abjudicat,
1419 1931 1652 1959 subscribentibus

867 1979 948 2007 etiam
967 1978 1059 2007 edicto
1085 1977 1166 2012 huic,
1191 1981 1325 2012 quotquot
1351 1981 1430 2004 antea
1459 1976 1598 2011 suil‘ragati
1626 1977 1651 2003 ei

868 2025 992 2053 fuissent.
1010 2024 1048 2052 lta
1060 2024 1144 2060 igitur
1159 2024 1322 2052 Alexandria
1346 2023 1373 2051 in
1395 2023 1519 2051 exsilium
1546 2023 1651 2058 pulsum

868 2071 1022 2107 Origenem,
1040 2069 1211 2098 Theotecnus
1222 2070 1370 2098 Palatstinaa
1378 2070 1522 2105 episcopus
1537 2069 1653 2097 libenter

869 2117 999 2146 Caesareae
1012 2121 1040 2144 et
1061 2116 1262 2151 degerejussit.
1279 2116 1352 2144 etde
1376 2116 1518 2150 superiore
1534 2115 1594 2144 loco
1608 2115 1653 2142 do-

869 2164 946 2191 cendi
971 2167 1131 2198 potestatem
1149 2162 1224 2190 fecit.
1239 2162 1294 2190 Has
1309 2162 1352 2190 ille
1378 2170 1475 2190 causas
1503 2161 1591 2194 allert,
1619 2168 1652 2189 ex

55 2204 180 2256 Ὠριγένει,
194 2208 296 2240 ταύτας
309 2209 386 2244 φησί.
403 2218 413 2234 ι
428 2210 510 2237 Aiunt
538 2210 620 2245 igitur
650 2209 815 2246 (Pamphilus

869 2208 966 2244 quibus
977 2216 1072 2236 omnes
1088 2207 1139 2235 illa:
1163 2208 1307 2236 calumniae
1331 2208 1357 2235 in
1385 2207 1527 2242 Origenem
1554 2214 1653 2241 erupe-

53 2255 74 2276 et
87 2250 219 2286 Eusebius)
241 2253 386 2289 Origenem
413 2253 505 2281 Severi
532 2255 597 2288 imp.
628 2256 816 2289 persecutione

53 2295 160 2326 Leonida:
187 2300 258 2334 patri
282 2300 412 2335 scriptum
429 2299 548 2333 misisse,
561 2307 615 2336 quo
640 2301 673 2327 ad
694 2300 814 2336 martyrii

53 2345 199 2374 curriculum
212 2354 275 2375 eum
289 2352 436 2376 exacueret
455 2356 462 2375 :
477 2352 504 2375 et
523 2355 587 2375 sane
601 2348 718 2375 stadium
738 2348 815 2375 forti-

53 2395 86 2416 ter
102 2392 242 2420 decurrens
258 2393 301 2420 ille
316 2393 438 2422 bravium
454 2393 569 2428 accepit.
589 2393 699 2420 Addunt
718 2393 816 2428 ipsum-

52 2441 97 2464 met
107 2437 244 2474 Origenem
259 2447 366 2467 summo
381 2439 471 2467 studio
493 2439 563 2466 idem
580 2443 718 2466 certamen
730 2438 816 2466 susci—

53 2488 105 2514 nere
117 2489 237 2511 conatum
251 2483 346 2517 fuisse,
365 2485 413 2512 sed
432 2489 546 2521 matrem
559 2484 688 2519 impetum
700 2483 742 2511 vel
756 2484 815 2519 ipso

52 2525 122 2556 invito
142 2529 301 2558 refrenasse.
328 2529 406 2563 Quod
439 2530 525 2565 ipsum
544 2530 607 2557 item
619 2529 730 2565 epistola
748 2537 813 2564 qua-

54 2582 191 2626 ξιιςειιιιροις
215 2588 364 2622 praecipuus
392 2588 484 2626 operis
499 2593 609 2626 auctor;
638 2587 678 2626 vel
694 2587 818 2626 _Photins

54 2618 347 2658 fortassisdeceptus'est
359 2618 479 2658 martyrii
493 2624 585 2654 verho.
601 2618 671 2658 quod
684 2624 717 2650 de
730 2623 817 2650 omni-

55 2653 94 2692 bus
102 2662 144 2688 pro
156 2657 213 2685 ﬁdei
230 2653 343 2686 veritate
358 2653 480 2686 toleratis
496 2653 663 2686 cntciati'bus
688 2663 761 2685 recte
776 2659 816 2685 di-

55 2693 264 2728 tttur,_qnamvis
293 2694 348 2728 ipsa
379 2701 431 2720 non
454 2698 584 2728 sequatur
600 2701 673 2720 mors
685 2693 732 2728 (eq
742 2694 814 2721 enim

56 2730 121 2751 sensu
132 2725 157 2752 in
176 2727 287 2754 Deciana
301 2725 392 2762 strage
407 2725 567 2763 martyrium
583 2725 700 2755 subiisse
717 2727 810 2763 Orige-

57 2764 105 2799 nytn
117 2767 183 2799 recte
194 2767 280 2799 potest
295 2763 379 2799 dici);
396 2763 438 2790 vel
466 2764 595 2799 memoria
618 2763 707 2797 lapsus
734 2763 813 2789 Parn-

56 2793 115 2824 philo
129 2793 206 2822 etiam
222 2798 313 2825 tribuit
325 2793 394 2831 quod
410 2799 444 2825 ab
457 2798 516 2825 aliis
530 2793 726 2830 tantummodo,
746 2805 814 2832 quos

57 2834 239 2867 commemorat,
255 2831 368 2860 fortasse
378 2833 480 2860 dictum
495 2838 538 2860 est
548 2845 554 2861 ;
564 2833 604 2860 vel
620 2834 736 2867 denique
747 2831 812 2860 illud

59 2862 169 2893 duntaxat
183 2867 292 2904 intelligi
310 2868 393 2896 voluit
405 2868 570 2903 Pamphilus,
594 2862 738 2903 Qrigcu'cm
753 2875 813 2898 cru-

869 2256 934 2291 ript.
960 2263 971 2280 ι
1005 2253 1139 2282 Praeterea
1165 2253 1299 2282 Eusebius
1324 2252 1394 2280 Hist.
1411 2253 1458 2280 lib.
1477 2260 1515 2285 νι,
1534 2260 1595 2288 cap.
1607 2252 1653 2286 56,

868 2300 959 2328 dicere
972 2299 1078 2327 videtur
1096 2306 1126 2327 se
1137 2298 1165 2326 in
1177 2303 1258 2328 sexto
1276 2299 1355 2334 huius
1372 2298 1506 2334 Apologia.-
1517 2299 1586 2326 libro
1597 2299 1654 2334 epi-

868 2345 962 2378 stolas,
974 2353 1043 2380 quas
1055 2346 1089 2373 ad
1110 2344 1259 2373 Fabianum
1276 2352 1373 2380 papam
1399 2350 1426 2372 et
1444 2345 1478 2371 ad
1502 2344 1654 2379 complures

868 2392 936 2420 alios
958 2391 1140 2419 Ecclesiarum
1168 2391 1305 2419 antistites
1321 2391 1354 2418 de
1377 2396 1450 2418 recta
1465 2391 1527 2418 ﬁdei
1543 2398 1598 2418 suae
1613 2398 1656 2416 ra-

869 2439 941 2465 tione
960 2437 1092 2472 Origenes
1114 2438 1275 2472 scripserat,
1297 2437 1445 2464 inseruisse
1468 2446 1474 2464 :
1499 2436 1601 2472 Γράφει
1627 2435 1656 2463 δὲ

869 2484 916 2511 καὶ
927 2482 1052 2518 Φαϐιανῷ
1061 2483 1101 2518 τῷ
1112 2483 1184 2510 κατὰ
1203 2481 1313 2518 Ῥώμην
1328 2482 1470 2518 ὲπισκὸπῳ
1485 2502 1492 2515 ,
1510 2482 1612 2517 ἑτέροις
1626 2489 1656 2507 τε

867 2528 1003 2561 πλείστοις
1016 2529 1147 2568 ἄρχουσιν
1169 2529 1347 2565 Ἐκκλησιῶν,
1363 2529 1427 2564 περὶ
1439 2528 1489 2563 τῆς
1500 2528 1559 2555 κατ’
1576 2527 1656 2554 αὑτὸν

873 2587 989 2615 ciatibus
1004 2595 1036 2614 ac
1049 2587 1170 2615 miseriis
1186 2587 1212 2614 in
1240 2587 1314 2614 Decii
1341 2586 1447 2614 laniena
1468 2585 1576 2617 elisum,
1600 2591 1655 2612 non

871 2622 950 2657 longe
968 2627 1060 2657 postea
1085 2623 1185 2650 vixisse
1209 2632 1217 2649 :
1242 2622 1313 2657 quod
1347 2620 1457 2649 Eusebii
1482 2619 1572 2647 verbis
1602 2627 1656 2647 non

870 2663 1303 2754 ηῗίῗιὲέδτεκνος.μθεθιιάιιηι
1317 2691 1422 2718 videtur
1448 2690 1493 2731 hic
1518 2694 1546 2730 et
1575 2689 1655 2723 infra,

869 2726 904 2754 Θε
920 2736 1039 2754 κτιστος.
1056 2728 1093 2754 Ita
1107 2735 1179 2754 eum:
1191 2732 1303 2753 vocatur
1315 2727 1349 2753 ab
1365 2725 1481 2753 Eusebio
1498 2724 1601 2752 Ηιιιον.
1611 2731 1655 2751 ct:-

869 2732 1039 2760 υεόκτιστος.
1056 2732 1093 2754 Ita
1107 2735 1179 2754 enim
1191 2732 1303 2753 vocatur
1315 2732 1349 2753 at)
1365 2732 1481 2753 wseme
1498 2732 1601 2752 "utor.
1611 2732 1656 2751 et:-

868 2764 929 2789 cles.
945 2764 992 2790 lib.
1002 2770 1039 2794 Vl.
1054 2770 1114 2797 cap.
1129 2762 1162 2789 27
1181 2766 1208 2789 et
1222 2761 1267 2793 46,
1286 2767 1335 2788 nec
1361 2768 1413 2797 non
1432 2762 1466 2788 ab
1492 2759 1656 2795 Hieronymo

869 2797 915 2824 lib.
934 2797 971 2824 De
983 2796 1276 2832 scriptor..ecclesiuu.,
1288 2804 1348 2831 cap.
1365 2796 1410 2824 51L

902 2832 942 2868 (8)
956 2829 1125 2869 Hieronytn.,
1139 2832 1177 2863 De
1191 2833 1310 2867 scriptor.
1323 2829 1479 2864 cci-iuius!”
1491 2837 1550 2866 cap.
1560 2829 1605 2861 54,
