1909 3080
239 120 290 148 539

836 122 867 150 S.
888 122 1048 151 PAMPHILI
1070 123 1249 151 MARTYRIS

1813 121 1877 149 540

238 179 400 216 ὀρθοδοξίας·
410 179 480 215 ἔχεις
494 179 541 206 καὶ
554 179 656 206 τούτων
669 180 718 212 τὰς
731 180 893 214 ἀποδείξεις,
909 183 938 208 ὲν
953 182 1016 218 ἕκτᾳ

1074 187 1101 209 et
1115 182 1228 208 adversa
1250 180 1311 208 lidei
1325 184 1499 208 astruentem.
1513 179 1622 208 Litterae
1647 179 1728 207 verba
1745 179 1876 207 tradunt.

237 226 288 261 τῆς
311 227 462 262 γραφείσης
490 227 556 261 ἡμῖν
582 226 646 261 περὶ
670 226 717 253 τοῦ
739 227 836 262 ἀνδρὸς
863 227 1019 261 ἀπολογίας.

239 271 384 298 Testantur
398 272 479 298 etiam
512 271 639 299 Socrates
657 271 728 298 llirt.
741 272 788 300 lib.
806 281 842 306 tv,
859 280 918 308 cap.
934 273 980 306 27,
994 278 1021 300 et

238 317 403 351 Nicephortts
418 317 464 344 lib.
480 326 518 349 ιιι,
534 326 594 352 cap.
614 318 656 350 19,
676 318 751 346 hisce
770 319 847 346 libris
865 319 1020 354 adjunclam

237 370 297 389 esse
315 362 344 389 S.
356 362 479 397 Gregorii
493 363 689 400 Thaumaturgi
712 366 897 400 panegyricum
921 366 1020 392 oratio-

237 416 304 439 nem.
323 416 403 442 qttant
416 409 460 435 ille
475 409 507 435 ab
520 409 639 444 Origene
650 410 791 438 discedens
803 411 829 437 in
845 409 903 444 ejus
915 411 1019 438 laudent

235 457 397 488 composuit.
412 454 535 489 Ruﬁnus,
548 461 577 482 ut
588 455 644 489 jam
670 456 799 489 diximus,
815 457 862 484 lib.
876 465 883 483 ι
896 457 1020 484 aduentu

236 498 436 535 Hieronymum.
455 501 521 528 dicit
538 501 564 528 in
581 502 632 529 hac
644 502 771 537 Apologia
786 503 828 536 agi
850 504 883 530 de
896 503 951 530 fato
971 510 1018 530 seu

235 546 361 574 mathesi.
376 547 533 582 Anonymus
550 553 645 574 auctor
661 555 675 574 a
691 547 723 575 11.
753 548 783 575 Ρ.
813 547 890 582 Lupo
918 549 1017 581 editus,

235 591 319 618 refert
344 591 513 626 Pamphilum
540 600 708 628 martyrem,
734 598 761 620 et
792 595 936 622 Eusebium
971 604 1019 630 pro

235 637 448 670 praeexsistentia
467 642 494 664 et
508 638 679 665 restitutione
706 639 798 667 multis
825 640 903 668 valde
919 648 1019 675 praece-

235 683 355 709 dentium
372 683 481 710 Patrum
496 684 657 711 testimoniis
671 692 735 712 usos
753 693 823 713 esse.
850 686 926 713 Alter
941 686 1017 714 deni-

235 735 287 762 que
301 736 449 763 attonymus
464 737 478 756 a
492 729 637 757 Sirtnundo
649 731 737 757 editus
755 732 804 758 sub
821 732 930 759 nomine
944 731 1018 759 Prte-

231 774 368 806 destinati,
381 782 459 809 quem
481 775 525 802 alii
540 776 689 803 Arnobiutn
707 775 842 810 juniorem
856 796 864 810 ,
887 778 931 805 alii
960 778 1018 805 Pri-

235 819 348 845 tnasium
364 826 424 847 esse
443 820 610 852 existimant,
644 822 669 848 itt
690 822 737 849 lib.
763 830 771 849 ι
801 823 837 849 De
863 824 1015 856 hwresibus,

235 865 328 892 Ine'esi
344 872 413 896 xxtt,
431 873 490 902 quae
507 870 550 893 est
573 866 764 901 Apellitarum,
785 868 820 895 ita
838 868 873 895 ait
891 876 898 894 :
935 878 944 894 ι
964 869 1019 896 llos

232 910 363 945 Origenes
378 912 414 939 ita
442 912 561 946 perfecte
586 912 735 947 superavit,
750 919 779 940 ut
810 921 903 941 eorum
937 922 1018 941 causa

233 956 406 992 περιοδευτὴς
419 956 571 992 (circuitor)
584 957 672 990 fieret,
688 963 714 984 et
729 966 776 992 per
794 958 913 993 singulas
937 967 1019 994 quas-

186 1027 188 1029 .
233 1009 285 1036 que
300 1003 380 1030 urbes
399 1010 447 1037 per
459 1003 595 1030 Orientem
608 1005 696 1031 eundo
719 1004 888 1039 prtcdicaret.
905 1005 937 1032 Et
956 1005 1018 1040 quia

233 1045 438 1074 innumerabilia
466 1052 528 1074 suttt
545 1052 722 1074 tractatorum
734 1048 793 1083 ejus
806 1048 954 1081 volumina,
968 1051 1019 1077 lue-

233 1091 312 1119 retici
327 1092 445 1126 superati
462 1092 546 1120 libros
561 1092 619 1125 ejus
635 1093 668 1119 ad
691 1101 755 1120 suos
770 1093 861 1121 libitns
877 1095 1019 1122 callidissi—

234 1145 276 1164 ttta
290 1138 523 1173 argumentatione
539 1143 689 1170 mutarunt,
709 1144 815 1173 utquos
834 1139 933 1167 vellent
947 1141 1018 1167 deci-

232 1183 446 1218 pere,dicerent
479 1184 514 1211 ita
543 1184 685 1219 Origeuem
714 1185 770 1213 suis
797 1185 1017 1220 Expositionibus

232 1228 371 1256 deﬁnisse.
394 1228 469 1256 Unde
487 1230 642 1264 quicunque
656 1237 740 1264 usque
764 1230 846 1258 hodie
872 1231 1016 1264 Origenet-

233 1274 307 1309 legit,
319 1275 342 1301 si
360 1275 483 1309 prudenti
499 1282 559 1302 eum
574 1276 648 1303 novit
665 1276 824 1304 recitatione
839 1277 1016 1312 distingue”,

231 1319 411 1354 deprelteudit
424 1320 481 1349 loca
493 1323 526 1350 ab
545 1323 679 1351 ltaareticis
697 1323 840 1351 maculata.
872 1324 948 1357 Quod
979 1324 1015 1351 ita

232 1372 294 1393 esse
308 1371 416 1394 sanctus
430 1367 587 1403 Pamphilus
604 1375 707 1406 martyr
720 1371 746 1397 in
770 1377 819 1398 suo
847 1370 1016 1405 Apologetico

233 1411 390 1440 declaravit.
412 1423 421 1439 I
438 1413 471 1442 Et
488 1415 583 1443 haeresi
600 1424 678 1450 ηιιι,
705 1422 849 1451 postquam
864 1416 933 1443 dixit
961 1422 1016 1444 tres

233 1456 315 1485 fuisse
329 1457 468 1494 Origenes.
483 1469 564 1488 unum
588 1461 686 1497 Syrum
705 1462 955 1494 sceleratissimum,
971 1463 1015 1497 qui

232 1504 321 1537 turpia
336 1504 467 1538 docuerit,
483 1506 597 1534 alterum
612 1507 656 1541 qui
683 1513 710 1535 et
725 1514 891 1535 mortuorum
926 1515 1016 1536 resur-

233 1549 378 1576 rectionem
389 1552 513 1586 negabat,
527 1557 554 1579 et
564 1551 664 1580 Christi
677 1557 830 1580 creaturam
843 1561 904 1581 esse
927 1554 1015 1590 Spiri-

233 1599 289 1621 tum
314 1601 437 1623 sanctutn
455 1597 576 1631 dicebat,
605 1599 758 1633 paradisum
774 1604 863 1626 autem
879 1604 906 1626 et
932 1601 1017 1628 caelos

231 1640 376 1675 allegorice
401 1642 471 1670 dicta
489 1651 550 1671 esse
577 1643 740 1677 atllrmabat,
775 1645 832 1672 haec
857 1645 1015 1681 subjungit:

234 1695 244 1711 ι
259 1684 292 1713 Hi
309 1687 361 1714 duo
375 1687 506 1721 Origenes
515 1696 598 1723 prava
613 1697 727 1725 quaeque
749 1691 927 1725 scripserunt.
954 1691 1015 1719 Ha:-

232 1732 307 1759 retici
322 1738 347 1760 et
366 1735 486 1768 perversi
510 1735 634 1763 doctores
648 1741 741 1764 nostro
755 1736 864 1771 Origeni
882 1737 1016 1765 catholico

232 1779 371 1806 tractatori
388 1779 565 1813 miscuerunt,
581 1781 812 1816 utadimpleretur
827 1783 898 1816 quod
918 1782 1017 1810 dicitur

230 1831 246 1850 a
273 1823 384 1852 Domino
405 1825 433 1852 in
459 1826 642 1861 Evangeliis"
659 1837 666 1854 :
684 1827 780 1855 Nonne
809 1827 905 1854 bonum
929 1836 1016 1855 semen

228 1869 366 1896 seminasti
393 1871 420 1898 in
446 1879 510 1906 agro
535 1873 600 1899 tuo?
626 1872 701 1900 Unde
729 1881 790 1908 ergo
806 1873 861 1900 haec
885 1874 1017 1902 suauia."

230 1913 283 1946 Qui
309 1917 465 1949 respondent
480 1918 518 1944 ait
555 1928 564 1947 :
591 1918 719 1946 Inimicus
746 1919 824 1946 ltomo
850 1919 906 1946 haec
935 1919 1008 1954 fecit.

230 1959 291 1987 Ideo
307 1962 379 1988 enim
400 1963 544 1998 Origeuem
578 1964 697 1999 legentes
723 1965 876 1992 invenimus
900 1966 1015 1993 catholi-

229 2013 300 2039 cum,
317 2012 344 2034 et
357 2014 450 2035 contra
467 2009 587 2038 haereses
605 2011 778 2038 dimicantem
794 2015 822 2037 et
834 2011 988 2037 vincentem
1005 2019 1013 2038 :

229 2050 375 2081 identidem
389 2054 508 2089 legentes
521 2055 665 2091 Origeuem
682 2056 834 2084 invenimus
845 2056 1012 2090 luereticum,

264 2110 286 2126 "
299 2110 391 2138 Matth.
410 2120 468 2145 χιιι,
487 2113 531 2145 ‘27,
547 2112 592 2140 28.

234 2175 720 2192 Ἦ

1072 233 1098 254 et
1114 234 1210 254 sensus
1231 234 1238 254 :
1256 226 1278 253 si
1294 231 1403 261 possent
1419 231 1446 253 et
1458 225 1543 252 facies
1565 225 1729 260 loqttentium
1742 225 1873 252 demon-

1071 276 1169 304 strare,
1191 279 1310 299 errorem
1327 271 1416 298 nullus
1439 275 1545 306 poterat
1561 271 1594 298 de
1607 278 1722 305 persona
1735 271 1874 298 doctoris

1072 318 1222 347 incurrere.
1238 317 1305 344 Nam
1319 322 1347 345 et
1362 316 1426 343 illud
1445 317 1594 344 cavendum
1612 322 1663 348 est.
1692 316 1764 351 quod
1792 318 1875 343 Am—

1071 363 1205 397 pullianus
1220 363 1328 397 quidam
1345 361 1539 389 Interesiarches
1553 361 1704 396 liythinius,
1716 362 1763 396 qui
1778 362 1874 387 doce—

1071 411 1117 438 bat
1136 414 1194 444 post
1223 409 1365 443 Origenetn
1400 408 1545 435 Ecclesium
1578 408 1635 435 Dei.
1667 407 1716 434 llic
1740 408 1873 435 incurrit

1071 455 1151 482 talem
1176 455 1304 481 hzeresetu
1316 474 1324 487 ,
1339 459 1368 480 ut
1383 453 1485 481 diceret
1497 461 1592 481 omnes
1613 453 1779 481 criminosas
1797 461 1871 480 curn

1070 500 1177 528 diabolo
1188 504 1214 527 ct
1225 500 1367 527 daemoniis
1381 507 1413 526 eo
1434 507 1520 534 usque
1531 500 1556 527 iu
1577 499 1699 534 gehenna
1729 500 1870 534 decoqui,

1070 553 1210 580 usquequo
1237 545 1296 579 puri
1322 545 1416 572 redditi
1441 546 1545 578 possint
1570 546 1630 573 inde
1641 551 1669 572 et
1691 546 1870 572 immaculati

1070 591 1172 623 egredi,
1187 591 1220 617 ad
1233 591 1282 617 ltoc
1298 589 1368 624 quod
1384 594 1462 616 antea
1476 589 1584 616 fuerant
1596 590 1677 616 alieni
1691 598 1705 616 a
1716 589 1795 622 culpa
1810 596 1872 615 suo

1070 637 1166 663 iterum
1187 635 1311 663 Creatori
1329 636 1442 663 restitui.
1467 635 1531 669 llic,
1549 636 1611 662 dtttn
1636 641 1801 670 argueretur
1829 635 1871 662 ab

1069 681 1199 713 Ecclesia,
1221 681 1303 716 erepit
1317 681 1438 715 proferre
1452 680 1536 708 libros
1551 681 1677 715 Origenis
1688 701 1696 713 ,
1707 689 1780 716 quos
1802 682 1869 715 ipse

1069 728 1222 761 vitiaverat,
1235 733 1263 755 et
1277 728 1366 755 dicere
1379 737 1387 756 :
1405 728 1473 755 Ecce
1484 728 1546 763 quia
1557 727 1688 761 Origenes
1705 728 1741 754 ita
1761 728 1866 759 sensit,

1069 779 1096 801 et
1108 774 1241 808 praecipue
1256 774 1282 800 in
1295 772 1413 809 q’uatuor
1425 774 1494 808 Περὶ
1503 773 1602 808 ἀρχῶν
1615 773 1704 801 libris.
1730 773 1786 800 Sed
1813 773 1864 807 qui

1069 821 1126 847 sani
1143 827 1238 847 sensus
1251 825 1302 852 est.
1318 825 1345 847 et
1361 820 1442 847 habet.
1456 820 1555 847 utentis
1576 819 1735 854 splendidus
1749 818 1864 848 oculos.

1071 865 1110 892 sic
1125 865 1195 892 videt
1212 865 1302 892 addita
1318 865 1345 892 in
1371 864 1498 899 Origeuis
1531 864 1669 898 opusculis
1698 863 1771 890 mala
1797 863 1863 894 ista,

1070 916 1152 945 atque
1165 910 1313 946 cognoscit,
1332 911 1401 937 sicut
1418 910 1443 937 in
1461 910 1584 945 stragulo
1607 910 1739 937 coccineo
1754 917 1865 944 pannos

1069 954 1156 986 albos,
1173 960 1220 982 aut
1234 954 1366 989 cujusque
1377 954 1491 982 alterius
1507 954 1606 981 colorls
1621 959 1719 981 cet-nat
1737 959 1863 981 assutos.

1069 1000 1145 1033 Quod
1161 1000 1198 1027 ita
1217 1007 1278 1028 esse
1289 1005 1400 1027 sanctus
1416 1005 1519 1036 martyr
1532 999 1691 1034 Pamphilus
1707 1001 1801 1031 docet.
1815 1000 1862 1034 qui

1070 1050 1214 1079 antequam
1230 1046 1262 1072 ad
1275 1045 1401 1079 martyrii
1421 1052 1551 1072 coronam
1571 1046 1863 1080 attingeret.irrcpre-

1069 1090 1238 1117 heusibiliter
1253 1090 1411 1118 cathedram
1423 1091 1595 1125 episcopatus
1611 1092 1749 1124 obtinuit,
1761 1098 1791 1118 et
1815 1100 1864 1118 sa—

1069 1143 1130 1162 uatn
1146 1136 1296 1163 doctrinam
1309 1135 1356 1163 Dei
1382 1135 1488 1170 populis
1506 1135 1681 1163 ministravit.
1704 1136 1756 1162 Hic
1773 1137 1862 1164 edidit

1068 1180 1273 1216 Apologeticum,
1289 1182 1418 1209 etomuia
1437 1189 1496 1216 qua:
1522 1181 1556 1209 de
1579 1181 1697 1217 Origene
1722 1182 1861 1210 Catholici

1068 1227 1224 1262 ignorantes
1239 1228 1417 1261 mentiuntur,
1439 1228 1566 1260 exclusit,
1577 1230 1726 1256 ostendens
1741 1237 1786 1262 ea,
1798 1238 1862 1264 qua

1068 1273 1293 1308 reprehensibilia
1308 1274 1484 1301 inveniuntur
1500 1275 1525 1301 in
1549 1276 1606 1309 ejus
1620 1276 1777 1310 opusculis,
1798 1276 1861 1303 Ori-

1067 1321 1143 1355 genis
1156 1328 1208 1348 tton
1226 1327 1298 1354 esse,
1312 1321 1358 1347 sed
1371 1328 1465 1348 eorum
1480 1329 1550 1355 quos
1575 1322 1634 1356 ipse
1648 1328 1832 1357 superaverat
1850 1331 1858 1348 :

1067 1365 1118 1392 alia
1135 1373 1208 1398 vero,
1223 1373 1282 1400 qua:
1299 1370 1353 1393 tota
1373 1374 1498 1400 perversa
1518 1373 1590 1400 sunt,
1605 1368 1719 1395 aliorutu
1739 1370 1858 1396 duorum

1067 1412 1258 1443 hereticorum
1275 1419 1345 1443 esse,
1357 1413 1402 1447 qui
1416 1412 1541 1448 Origcuis
1553 1421 1661 1451 nomen,
1677 1423 1732 1442 non
1760 1415 1856 1447 fiderit,

1067 1464 1115 1484 nec
1137 1458 1330 1485 conscientiam
1353 1459 1514 1486 habuerunt.
1540 1469 1549 1486 ι
1576 1460 1672 1488 Nescio
1701 1465 1775 1489 unde
1799 1462 1858 1488 hax:

1066 1503 1188 1531 hauserit
1198 1511 1348 1539 auouymus
1363 1509 1469 1537 auctor,
1484 1505 1530 1531 sed
1545 1513 1578 1532 ex
1599 1506 1711 1540 impuris
1741 1514 1774 1534 ea
1795 1507 1858 1533 l'on-

1067 1549 1138 1576 tibus
1150 1549 1272 1577 hausisse
1282 1549 1391 1577 videtur
1403 1559 1410 1583 ;
1423 1555 1449 1577 et
1466 1557 1562 1578 vereor
1575 1559 1608 1578 ne
1623 1552 1669 1586 qtti
1688 1557 1743 1579 tam
1763 1553 1858 1588 inepte

1067 1596 1236 1630 Pamphilum
1254 1603 1400 1632 martyrem
1424 1598 1569 1633 episcopali
1597 1599 1731 1633 dignitate
1759 1599 1855 1632 donat,

1067 1643 1185 1677 ineptius
1198 1643 1279 1670 etiam
1294 1644 1337 1671 vel
1369 1645 1523 1680 Apologiam
1537 1646 1658 1680 quinque
1680 1646 1758 1674 libris
1786 1655 1855 1675 cou-

1068 1693 1185 1716 stantem
1217 1689 1342 1724 anouytui
1365 1689 1436 1717 illius
1460 1690 1493 1717 de
1513 1699 1568 1726 quo
1591 1691 1702 1720 Photius
1725 1692 1854 1720 Biblioth.

1067 1735 1127 1763 cod.
1147 1742 1230 1768 CXVII,
1244 1736 1286 1762 vel
1300 1735 1391 1763 Rufini
1408 1735 1506 1764 librum
1521 1737 1762 1766 Deadulleralione
1774 1740 1857 1766 libro-

1067 1789 1125 1807 rum
1142 1780 1263 1815 Origenis
1276 1789 1325 1817 pro
1340 1782 1396 1816 ipsa
1412 1781 1543 1816 Pamphili
1569 1784 1696 1819 Apologia
1712 1785 1853 1812 ltahuerit.

1069 1827 1188 1861 Uterque
1200 1828 1273 1854 enim
1287 1828 1372 1855 libros
1388 1828 1496 1861 quidem
1509 1827 1634 1863 Origeuis
1652 1829 1686 1857 ab
1714 1830 1855 1858 hatreticis

1066 1873 1104 1900 ait
1118 1881 1179 1900 esse
1193 1873 1319 1906 vitiatus;
1337 1874 1383 1900 sed
1403 1873 1497 1901 nullibi
1514 1874 1685 1908 Pamphilus;
1706 1876 1760 1902 nisi
1785 1876 1855 1902 forte

1066 1919 1092 1946 id
1111 1919 1210 1947 dixerit
1226 1920 1252 1946 in
1281 1921 1387 1947 caeteris
1415 1920 1491 1948 libris
1510 1925 1659 1955 tetupormn
1685 1921 1786 1955 injuria
1808 1923 1855 1948 ab-

1066 1966 1182 1999 sumptis
1197 1973 1204 1992 :
1219 1964 1253 1991 de
1267 1973 1321 1999 quo
1334 1970 1422 1992 tamen
1438 1974 1488 1993 nec
1504 1966 1646 1999 Eusebius,
1658 1974 1709 1994 nec
1722 1966 1855 2002 Hierony-

1067 2017 1137 2043 mus,
1153 2018 1204 2038 nec
1214 2009 1354 2044 Socrates,
1367 2018 1418 2039 nec
1433 2011 1559 2042 Photius.
1576 2019 1625 2039 nec
1641 2012 1713 2040 ullus
1731 2012 1802 2039 alius
1814 2012 1852 2038 vel

1066 2057 1207 2085 minimum
1227 2058 1327 2085 habent.
1346 2059 1468 2087 verbum.

453 2265 526 2321 IN
569 2239 1118 2324 APOLOGETICUM
1165 2267 1224 2323 s.
1274 2266 1615 2324 PAMPHILI

899 2377 977 2408 PRO
999 2378 1176 2409 ORIGENE

481 2469 692 2514 RUFlNl
732 2469 1051 2515 PRJEFATIO
1087 2469 1162 2514 AD
1199 2470 1508 2516 MACABIUM
1543 2460 1598 2512 (ί).

262 2645 452 2681 Cognoscenda:
464 2647 578 2674 veritatis
587 2655 676 2674 amore
683 2654 826 2682 permotus,
843 2657 858 2675 ο
872 2649 910 2676 uir
928 2650 1117 2678 desideriorum
1133 2649 1264 2682 Mar/tari,
1283 2648 1320 2685 (ἰ)
1331 2648 1447 2684 injnngis
1465 2649 1529 2675 mihi
1543 2657 1607 2680 rem,
1619 2657 1678 2683 qum
1694 2648 1743 2675 tibi
1758 2649 1850 2683 agnitis

262 2706 301 2743 (j)
318 2705 403 2743 "Hanc
421 2706 617 2743 prafationem.
643 2708 839 2742 Apolageticttm
865 2709 1008 2743 Pamphili.

229 2747 260 2766 ac
271 2740 359 2778 Butiui
374 2740 471 2769 librum
486 2742 523 2768 De
540 2740 733 2778 adulteratiané
746 2743 875 2770 librorum
888 2740 1009 2778 Origenis

228 2775 388 2802 contulimus
411 2783 470 2802 cum
486 2784 533 2804 sex
555 2785 618 2804 mss.
632 2786 685 2805 uno
699 2777 864 2809 Corbeiensi,
880 2775 958 2806 hodie
981 2779 1010 2806 S.

229 2809 356 2846 Germani
377 2818 394 2846 a
414 2810 510 2846 l’rzttis.
528 2813 589 2838 noui
606 2812 710 2844 saeculi;
729 2813 816 2840 altero
838 2813 919 2846 Regio
936 2822 1010 2840 nunt.

231 2843 310 2876 16H,
327 2843 422 2871 decimi
444 2846 514 2875 tertii
530 2846 634 2879 sa'culi;
649 2847 678 2873 5°
697 2847 860 2881 Sorbonico;
876 2843 904 2875 Ἄρ
917 2848 945 2876 S.
960 2848 1012 2876 Re-

1064 2710 1138 2744 migii
1154 2709 1314 2742 “emensis;
1342 2709 1371 2736 5ο
1395 2709 1424 2737 S.
1452 2710 1539 2737 Vitelli
1551 2718 1558 2741 ;
1572 2708 1601 2735 6°
1665 2708 1808 2736 Michaelis
1825 2711 1848 2736 in

1064 2743 1187 2772 Pericttlo
1211 2744 1294 2771 tuaris
1310 2755 1316 2772 :
1334 2752 1437 2771 necnon
1458 2749 1485 2771 et
1506 2752 1566 2771 cum
1584 2743 1677 2770 iisdem
1695 2751 1761 2771 mss.
1778 2745 1848 2770 codi-

1065 2780 1142 2820 cibus
1151 2780 1183 2806 ad
1198 2787 1313 2815 quoruttt
1334 2780 1414 2807 [idem
1428 2779 1512 2807 libros
1525 2779 1594 2813 Περὶ
1604 2777 1705 2812 ἀρχῶν
1720 2780 1847 2806 eluenda-

1065 2822 1230 2885 “ligisiuss”
1244 2848 1360 2884 injungis
1373 2849 1435 2878 mihi
1449 2858 1589 2884 remquam
1612 2848 1706 2877 uideris
1721 2854 1846 2884 quantum
