1909 3080
4 137 30 168 II
601 139 774 168 APOLOGIA

857 141 864 166 ι
883 139 1042 168 ORIGENE.
1576 139 1629 167 543

4 201 108 234 tritatis
125 203 248 237 gratiam
272 203 412 238 conferat:
427 202 492 231 mihi
505 207 592 230 tamen
616 211 667 230 non
682 203 772 230 dubito
787 202 852 238 quin
876 203 1002 238 offensam
1017 202 1161 229 maximam
1180 205 1312 235 comparet
1328 208 1430 233 eorum,
1443 200 1490 235 qui
1503 208 1530 228 se
1551 201 1628 228 ltzsos

4 254 79 277 stant
95 251 133 276 ab
150 258 182 277 eo
195 251 240 285 qui
255 251 288 277 de
302 250 413 286 Origene
429 258 481 277 non
497 250 599 287 aliquid
615 250 684 278 male
708 251 828 278 senserit.
845 250 879 277 Et
898 250 1016 285 quamvis
1036 258 1087 276 non
1108 256 1194 276 meam
1211 249 1243 276 de
1265 257 1295 276 eo
1308 248 1475 281 sententiam,
1485 247 1530 274 sed
1543 247 1628 274 sancti

4 296 119 330 tartyris
142 295 283 331 Pamphili
295 297 441 331 sciscitatus
457 298 506 329 sis,
520 303 543 324 et
562 297 657 324 librum
671 298 740 333 ejus,
765 306 841 333 quem
859 306 906 332 pro
921 297 1033 332 Origene
1047 297 1074 323 in
1090 295 1181 323 (ἐνίει-ο
1198 296 1332 330 scripsisse
1350 295 1477 327 traditur,
1490 295 1628 328 transferri

7 342 30 368 lvi
45 343 212 376 poposceris
223 345 251 370 in
265 343 401 376 Latinum,
416 349 503 371 tamen
519 352 571 371 non
588 344 680 371 dubito
696 344 800 379 futuros
816 343 855 380 (5)
870 344 996 379 quosdam
1010 343 1056 378 qui
1073 347 1096 370 et
1113 343 1140 369 in
1157 350 1187 370 eo
1198 342 1274 369 lcesos
1283 350 1309 368 se
1323 346 1423 376 putent,
1437 341 1459 367 si
1474 349 1520 368 nos
1529 340 1627 375 aliquid

4 397 30 415 ro
47 397 80 416 eo
92 390 139 416 vel
154 390 243 417 alieno
256 399 374 418 sermone
387 391 516 418 dicamus.
529 390 601 424 Quos
617 397 705 419 tamen
716 396 741 419 et
759 383 829 426 ipsos
844 393 1015 427 deprecamur
1030 390 1098 418 nihil
1120 395 1277 424 pra'sumpto
1295 389 1335 416 vel
1349 389 1521 424 pra-judicato
1540 389 1628 415 animo
1660 392 1666 411 ‘-

4 442 63 468 θεῖε
79 442 90 460 :
107 435 162 462 sed
183 436 308 471 quoniam
329 436 363 462 ad
375 436 508 470 judicium
521 436 570 463 Dei
581 437 683 464 venturi
696 445 799 470 sumus,
812 445 864 464 non
880 436 1012 475 refugiant
1025 436 1092 462 scire
1106 437 1175 470 quod
1195 443 1282 462 verum
1303 440 1353 467 est,
1370 435 1408 470 (4)
1429 443 1459 461 ne
1472 433 1538 468 forte
1551 434 1628 469 igno-

4 488 78 509 sntes
99 483 283 518 delinquant;
296 484 341 511 sed
354 484 550 512 considerantes
569 486 631 520 quia
642 485 718 520 falsis
735 477 964 518 criminationibus
977 489 1111 519 percutere
1123 484 1240 518 fratrum
1257 482 1423 517 inﬁrmorum
1444 481 1628 512 conscientias,

4 537 10 554 ι
26 527 176 555 Christum
200 537 309 563 peccare
332 534 382 563 est,
404 530 464 557 ideo
479 538 529 557 non
542 530 737 558 accommodent
755 530 971 558 criminatoribus
987 537 1077 557 aurem
1100 536 1189 560 suam,
1210 536 1256 555 nec
1279 527 1311 554 ab
1327 527 1380 554 alio
1400 527 1503 553 discant
1522 526 1629 553 alterius

6 575 78 606 dem,
92 576 220 602 maxime
236 583 295 603 cum
307 584 397 604 coram
414 577 529 612 experiri
544 579 579 604 sit
591 579 680 611 copia,
694 583 718 605 et
732 578 785 605 oris
800 579 842 605 sui
856 577 985 613 confessio
996 576 1060 614 quid
1075 575 1113 603 vel
1132 575 1249 610 qualiter
1263 574 1441 609 unusquisque
1457 573 1537 600 credit
1548 579 1619 599 osten

4 621 111 674 αἰκεῖς
126 623 203 674 enim
214 624 342 660 scriptum
356 628 406 658 est,
420 626 483 660 quia
494 626 575 654 corde
587 626 708 654 creditur
721 626 753 653 ad
764 625 914 660 justitiam,
934 632 981 653 ore
995 630 1084 652 autem
1099 623 1235 652 confessio
1253 622 1284 650 fit
1300 623 1333 650 ad
1349 622 1466 649 salutem
1484 621 1492 637 ί
1509 626 1550 648 :et
1564 628 1573 647 :
1589 620 1631 648 Ea.

4 669 69 721 arbis
84 669 152 721 suis
166 672 558 721 unusquisquejusti/imbitur,
573 678 598 701 et
611 681 644 701 ex
657 674 740 701 verbis
751 673 807 705 suis
819 673 1037 702 condemnabitur
1045 673 1066 700 ’.
1079 671 1118 709 (5)
1135 671 1255 704 Qualiter
1267 679 1329 706 ergo
1336 670 1461 705 Origenes
1475 670 1506 695 de
1523 668 1631 703 singulis

4 716 118 767 cpit-ulis
134 723 292 767 sanctarum
307 718 504 754 Scripturarum
518 723 627 748 senserit
638 727 713 749 tenor
723 721 805 749 libelli
820 721 899 755 hujus
914 721 1032 748 edoceat.
1050 719 1088 750 De
1107 720 1149 747 his
1160 723 1248 746 autem
1262 727 1321 753 qua:
1338 719 1408 753 apud
1428 725 1487 744 eum
1498 716 1632 743 contraria

4 763 35 788 ibi
51 764 248 806 inveniuntur,
265 765 328 799 quid
340 773 428 798 causa:
443 766 489 799 sit,
506 766 534 793 in
554 767 652 794 ultimo
667 767 738 794 brevi
758 766 796 802 (6)
817 766 966 803 adjeclione
985 766 1146 793 docebimus.
1172 765 1230 793 Nos
1246 770 1344 795 autem,
1361 764 1428 790 sicut
1446 763 1574 789 traditum
1594 765 1633 788 est

5 810 60 835 obis
73 818 92 836 a
112 811 220 844 sanctis
236 810 372 846 Patribus,
383 813 421 840 ita
430 818 559 848 tenemus,
570 814 639 848 quod
654 818 747 846 sancta
764 813 882 841 Trinitas
896 818 1027 840 cowterua
1040 813 1087 845 sit,
1104 819 1127 840 et
1143 813 1222 840 unius
1240 816 1354 843 naturat,
1376 810 1505 844 uniusque
1518 808 1633 840 virtutis,

5 864 65 892 tque
76 857 266 886 substantia:
277 864 299 886 et
311 860 381 894 quod
397 859 484 888 Filius
500 860 547 888 Dei
557 861 584 887 in
600 861 740 888 nouissimo
756 866 869 894 tempore
883 860 961 887 homo
975 860 1062 895 factus
1079 864 1127 890 est,
1142 865 1167 886 et
1182 867 1228 894 pro
1242 858 1355 893 peccatis
1370 858 1467 883 nostris
1478 864 1570 890 passus
1583 861 1631 888 est,

4 910 11 932 t
23 907 50 932 in
62 915 96 933 ea
110 907 179 942 ipsa
200 916 290 940 carne,
307 909 335 935 in
347 917 400 944 qua
411 917 504 943 passus
520 914 570 943 est,
582 909 726 938 resurrexit
745 918 761 936 a
782 909 902 942 mortuis,
915 909 1029 944 lpropter
1043 908 1111 943 quod
1129 913 1153 935 et
1167 906 1367 935 resurrectionis
1380 913 1450 938 spem
1464 905 1578 930 humano
1588 911 1633 938 ge-

7 954 43 979 eri
56 953 174 982 tribuit.
190 954 286 982 Carnis
300 964 359 983 rero
378 957 598 984 resurrectionem
621 965 674 984 non
694 965 740 992 per
757 958 860 993 aliquas
875 957 1035 992 prtcstiqias,
1049 957 1117 985 sicut
1138 955 1259 983 nonnulli
1274 953 1483 986 calumniantur,
1496 952 1609 978 dicimus
1620 957 1632 978 ξ

4 1002 34 1027 ed
44 1003 119 1028 hanc
141 1003 232 1038 ipsam
248 1012 365 1037 carnem,
383 1005 473 1040 inqua
488 1013 558 1032 nunc
569 1005 689 1039 vivimus,
705 1009 913 1034 resurrecturum
928 1004 1077 1038 credimus;
1090 1012 1141 1030 non
1156 1003 1237 1030 aliam
1249 1010 1296 1037 pro
1309 1000 1375 1033 alia,
1389 1008 1435 1027 nec
1449 1007 1544 1034 corpus
1558 997 1632 1026 aliud

7 1056 67 1075 uarn
82 1049 175 1084 hujus
195 1051 283 1078 carnis
294 1051 417 1079 dicimus.
431 1050 490 1079 Sive
503 1059 564 1087 ergo
579 1059 672 1086 corpus
683 1057 890 1078 resurrecturum
901 1051 1024 1083 dicimus,
1033 1051 1177 1077 secundum
1195 1047 1350 1083 Apostolum
1360 1047 1490 1078 dicimus;
1504 1045 1552 1072 hoc
1563 1044 1633 1073 enim

4 1094 96 1121 tamine
111 1104 182 1122 usus
194 1101 232 1123 est
243 1095 289 1123 ille
305 1104 316 1123 :
326 1097 380 1124 sive
395 1105 499 1124 carnem
517 1098 640 1129 dicimus,
652 1097 797 1124 secundum
811 1097 980 1124 traditionem
993 1095 1109 1131 Symboli
1125 1094 1293 1129 conﬁtemur.
1306 1092 1395 1122 Stulta
1404 1092 1473 1122 enim
1484 1091 1633 1119 adiuuentio

6 1139 137 1191 alumniat
157 1146 210 1175 est,
227 1151 321 1177 corpus
335 1143 480 1170 humanum
491 1143 565 1169 aliud
579 1148 673 1178 putare
690 1151 746 1170 esse
756 1151 836 1178 quam
852 1150 969 1169 carnem.
989 1142 1050 1170 Sive
1064 1149 1126 1175 ergo
1139 1149 1201 1168 caro
1215 1141 1358 1167 secundum
1371 1145 1532 1165 communem
1543 1136 1634 1172 fidem,

4 1187 40 1212 ive
52 1195 157 1221 corpus
172 1188 316 1214 secundum
327 1187 481 1222 Apostolum
500 1188 600 1214 dicitur
611 1188 682 1223 quod
699 1192 827 1223 resurget,
840 1188 879 1214 ita
892 1187 1052 1214 credendum
1065 1191 1102 1213 est
1118 1186 1186 1213 sicut
1200 1184 1341 1219 Apostolus
1354 1183 1480 1218 deﬁnivit,
1489 1182 1551 1218 quia
1564 1183 1634 1217 quod

5 1240 121 1269 esurget,
139 1235 174 1261 in
191 1236 285 1269 virtute
296 1240 422 1270 resurget,
437 1239 461 1263 et
475 1235 503 1262 in
520 1235 625 1270 gloria;
640 1240 665 1263 et
682 1235 882 1270 incorruptibile
897 1240 1012 1270 resurget
1029 1239 1054 1261 et
1071 1233 1189 1268 spiritale
1210 1240 1304 1267 corpus
1320 1231 1348 1265 ³;
1365 1230 1428 1266 quia
1441 1230 1579 1265 corruptio
1591 1229 1634 1256 itt-

4 1283 202 1316 ‘OFTHpiionem
219 1290 270 1315 non
290 1283 472 1317 possidebit‘.
501 1282 587 1310 Salvis
604 1291 665 1318 ergo
687 1283 728 1310 liis
751 1282 930 1317 prterogativis
952 1281 1037 1316 futuri
1059 1279 1175 1314 corporis
1190 1279 1230 1306 vel
1250 1278 1350 1312 carnis,
1365 1276 1520 1304 resurrectio
1545 1274 1634 1302 carnis

8 1328 124 1355 redenda
150 1332 192 1354 est
209 1328 307 1362 integre
328 1333 405 1363 atque
416 1328 540 1365 perfecte,
553 1333 581 1355 ut
596 1333 620 1355 et
636 1333 732 1355 natura
753 1328 841 1355 carnis
862 1329 951 1356 eadem
970 1332 1095 1359 servetur,
1108 1331 1132 1353 et
1150 1325 1298 1359 incorrupti
1317 1332 1348 1351 ac
1367 1322 1498 1359 spiritalis
1515 1320 1634 1356 corporis

4 1379 75 1402 tutus
88 1382 114 1402 et
124 1375 217 1410 gloria
227 1383 280 1417 non
295 1370 470 1411 infringatur:
490 1374 536 1402 Sic
558 1375 627 1402 enim
644 1375 770 1410 scriptum
786 1379 841 1401 est:
857 1374 922 1402 Hice
936 1374 963 1401 in
976 1373 1149 1409 Jerosolymis
1163 1373 1193 1400 in
1208 1371 1327 1398 Ecclesia
1341 1370 1390 1397 Dei
1407 1378 1424 1398 a
1439 1374 1529 1396 sancto
1544 1375 1633 1395 sacer-

4 1424 48 1448 lote
61 1409 180 1458 ejus_7(7)
194 1413 299 1448 Joanne
320 1409 522 1456 praedicantur:
539 1422 594 1449 haec
610 1430 655 1449 nos
673 1429 732 1448 eum
749 1422 806 1456 ipso
821 1427 845 1450 et
866 1422 989 1453 dicimus,
1006 1426 1031 1448 et
1050 1426 1178 1448 tenemus.
1189 1419 1218 1447 Si
1235 1420 1294 1454 quis
1307 1424 1403 1454 praeter
1414 1417 1470 1444 haec
1481 1415 1522 1444 vel
1541 1415 1636 1447 credit,
1667 1409 1671 1414 ’

4 1467 30 1494 rel
40 1467 131 1500 docet,
146 1468 187 1495 vel
204 1477 219 1495 a
240 1468 315 1495 nobis
339 1469 416 1495 aliter
439 1469 510 1496 credi
529 1477 608 1504 quam
627 1468 797 1504 exposuimus
814 1473 903 1503 putat,
918 1467 1058 1495 anathema
1070 1467 1115 1495 sit.
1134 1466 1241 1494 Nostrm
1260 1473 1322 1500 ergo
1336 1465 1398 1500 fidei
1411 1464 1598 1490 documentum
1611 1461 1635 1488 si

4 1517 50 1551 guis
66 1516 171 1543 habere
185 1515 250 1549 uult,
269 1516 362 1543 habeat
377 1525 409 1543 ex
418 1516 469 1544 Itis.
486 1516 525 1552 (8)
539 1516 568 1544 Si
579 1516 643 1552 quid
657 1522 746 1545 autem
757 1521 802 1543 aut
810 1516 932 1551 legimus,
946 1520 992 1543 aut
1010 1515 1091 1550 hujus
1100 1518 1198 1546 nostra:
1210 1513 1273 1548 ﬁdei
1289 1512 1402 1547 facimus
1414 1511 1526 1542 ratione,
1541 1516 1635 1535 secun~

4 1563 57 1588 ilum
70 1563 246 1597 Apostolum,
263 1562 401 1597 probantes
415 1563 513 1596 omnia,
539 1564 609 1599 quod
625 1565 723 1591 bonum
744 1568 780 1591 est
797 1563 951 1596 obtinentes,
971 1563 1003 1590 ab
1017 1562 1089 1589 omni
1105 1562 1190 1596 specie
1201 1560 1272 1587 mala
1286 1567 1333 1587 nos
1348 1558 1508 1586 abstinentes
1524 1556 1534 1572 '
1549 1564 1556 1583 :
1571 1559 1600 1582 et
1611 1555 1636 1587 si

4 1608 39 1643 qui
60 1607 135 1635 hanc
155 1607 277 1643 regulam
291 1612 450 1643 sequuntur.
467 1615 519 1644 pax
537 1615 619 1644 super
631 1608 692 1636 illos
709 1613 733 1636 et
748 1615 831 1643 super
846 1607 928 1636 Israel
944 1608 1003 1636 Dei.
1020 1607 1105 1634 Amen
1118 1606 1142 1634 °.

405 1669 1596 1685 Μ

646 1760 1000 1819 APOLOGIA

265 1862 564 1913 PAMPHILI
601 1861 911 1913 MARTYBIS
947 1860 1065 1908 PRO
1102 1858 1395 1907 ORIGENE.

294 1999 493 2044 puerulo.

35 2065 74 2092 Ad
87 2064 252 2099 confessores
265 2062 300 2090 ad
312 2061 425 2095 metalla
440 2060 594 2090 Palaestinae
606 2060 757 2089 damnatos.

36 2111 107 2138 Nihil
123 2110 236 2142 mirum,
250 2109 362 2141 fratres,
377 2106 504 2135 videmini
521 2106 559 2142 (9)
575 2106 640 2134 mihi
653 2113 714 2134 esse
733 2113 796 2140 per-

38 2159 44 2174 ¹
60 2158 144 2185 Rom.
160 2157 246 2190 3,10.
284 2157 295 2172 ²
311 2155 407 2183 Matth.
422 2161 471 2187 xtl,
484 2154 530 2181 57.
569 2154 579 2169 ³
597 2153 680 2183 lCor.
696 2161 740 2185 xv,
758 2153 794 2186 42
810 2158 836 2181 et.
864 2161 923 2188 seq.

4 2200 37 2226 tt,
47 2194 95 2221 i6.

7 2242 45 2268 tibi
78 2241 178 2276 agnita:
197 2240 316 2278 veritatis
337 2239 423 2278 gratia
445 2237 491 2278 [ΞΙ.
520 2235 625 2273 gratim]
640 2237 770 2278 'conferat
784 2245 793 2263 :
808 2240 833 2267 Α

6 2278 63 2304 mitti
84 2274 172 2303 tamen
183 2283 235 2302 non
248 2275 339 2301 dubito
352 2274 420 2308 quod
434 2274 716 2308 o/fensantrmaximam
731 2279 794 2298 con-

8 2311 107 2339 scii-erit
131 2311 196 2346 (tus.
221 2307 541 2346 Regius,7cunsecraret,:
566 2307 741 2346 Snrbqnicns,
769 2311 796 2346 et

8 2341 183 2374 S.Micltaélis
197 2347 222 2372 itt
236 2341 361 2372 Périculo
375 2344 468 2375 maris,
478 2343 599 2376 conferat
611 2342 650 2368 vel
662 2341 793 2377 congerat)

8 2390 104 2413 eorum,
130 2388 184 2409 etc.
206 2381 308 2417 Deinde
335 2379 528 2417 mss._plures,
554 2378 599 2417 qui
622 2377 653 2404 de
681 2376 794 2412 Origene

9 2417 105 2452 aliquid
118 2417 188 2443 male
202 2416 345 2452 senserint,
363 2414 441 2452 male.

37 2446 78 2488 ('3)
91 2452 237 2485 Quosdam.
254 2450 394 2478 Omittitur
406 2451 431 2476 in
445 2448 537 2481 editis,
555 2447 602 2475 sed
610 2446 750 2482 suppletur
761 2454 793 2474 ex

9 2495 68 2516 mss.

20 2523 23 2525 ’
39 2524 80 2558 (ι)
97 2522 162 2550 Mss.
177 2521 308 2558 plerique,
322 2528 353 2558 ne
366 2519 433 2558 forte
444 2517 688 2558 ignorantes‘quod
704 2524 794 2558 rerum

10 2551 52 2592 ω’.
70 2551 272 2585 considerantes
295 2555 331 2592 [al
359 2551 627 2592 conside—ranaeque}
643 2553 740 2588 quia...
757 2551 793 2592 Ιξι

12 2587 74 2625 ideo,
88 2599 143 2620 etc.
155 2593 236 2624 Editi,
250 2600 281 2619 ne
295 2587 364 2626 forte
377 2590 527 2626 ignorantes
539 2587 693 2626 delinquant
705 2587 793 2614 consi-

12 2623 127 2656 derantes
146 2623 243 2662 quia...
263 2623 300 2652 Et'
313 2623 514 2662 ideo,’etc.»Sed
528 2623 628 2662 rectius
643 2630 696 2662 prs.
712 2629 792 2662 unus,

14 2670 37 2690 nt
51 2664 76 2691 in
102 2658 190 2696 lexin,
216 2662 267 2689 nisi
283 2663 355 2688 forte
371 2660 511 2696 legendum
527 2660 572 2696 si_|,
589 2666 620 2696 rte
639 2658 709 2696 forte
720 2658 794 2691 igno-

14 2704 93 2725 rantes
106 2692 277 2733 delinquant;
293 2696 337 2723 sed
352 2692 528 2727 considerent,
545 2692 608 2728 μοι,
618 2693 795 2720 considerent-

14 2733 69 2793 ᾳνει)
79 2734 175 2774 quia...
191 2732 227 2759 Et
235 2732 306 2764 ideo,
321 2736 374 2771 etc.

44 2770 60 2793 t.
72 2770 79 2793 t
93 2769 138 2793 Sic
155 2775 208 2793 ms.
225 2767 374 2793 Sorbomcu

44 2761 138 2830 (5)'Sic
155 2775 208 2795 ms.
225 2761 402 2794 Sorbonicus.
416 2764 511 2792 Cmteri
529 2770 593 2791 vero
606 2770 671 2789 mss.
684 2761 795 2795 etctliti,

44 2813 64 2830 tu
76 2805 124 2830 iter
131 2811 193 2830 erao
202 2802 299 2829 sentiat
319 2801 395 2830 (mss.
407 2800 459 2827 duo
473 2800 599 2826 omittunt
615 2797 722 2830 sentiat)
737 2796 795 2823 Ori-

16 2796 124 2836 Qu‘aliter
131 2811 193 2838 ergo
202 2802 307 2838 sentiat_
319 2801 395 2838 (mss.
404 2800 459 2838 duo
469 2800 599 2838 _omittunt
609 2797 724 2838 slent-int).
737 2796 796 2837 0_ri-

16 2831 79 2870 eitum
103 2831 309 2875 [aL'Origenis]
323 2831 364 2864 ‘de
388 2835 498 2870 singulis
519 2839 592 2861 tenor
607 2832 693 2867 libelli
714 2831 796 2868 hujus

18 2874 117 2906 edoceat.
444 2874 445 2877 “

847 2013 930 2048 pessi,
943 2013 1014 2048 quod
1027 2011 1063 2040 ita
1075 2018 1125 2038 vos
1141 2009 1267 2046 Origenis
1284 2006 1449 2043 subterfugit
1468 2005 1635 2040 intellectus,

848 2063 876 2087 ut
887 2066 935 2087 vos
945 2066 1053 2094 quoque
1064 2065 1095 2085 ea
1109 2056 1250 2084 mstimetis
1265 2055 1298 2082 de
1314 2054 1371 2087 illo,
1391 2060 1452 2089 quae
1462 2056 1489 2079 et.
1507 2051 1552 2079 alii
1568 2059 1635 2078 non-

848 2105 936 2132 nulli:
956 2105 1001 2140 qui
1025 2105 1083 2132 sive
1104 2111 1154 2139 per
1178 2102 1342 2137 imperitiam
1365 2101 1418 2133 sui,
1440 2098 1495 2135 (10)
1513 2105 1566 2132 qua
1583 2104 1634 2125 non

970 2152 982 2168 ’⁸
1001 2152 1067 2182 ibid.
1084 2151 1128 2179 50.
1179 2151 1212 2178 ⁵1
1226 2150 1322 2177 Thess.
1336 2157 1361 2181 ν,
1374 2149 1420 2182 Ἡ,
1438 2147 1484 2176 22.
1524 2146 1534 2161 ⁶
1545 2144 1634 2174 Galat.

881 2232 920 2268 (6)
934 2231 979 2259 Sic
1000 2227 1290 2268 ms._Degius._theri
1307 2235 1371 2268 vero
1391 2233 1471 2268 ψει,
1487 2225 1634 2268 adiectione

847 2261 995 2296 docuimus.
1013 2266 1095 2297 Editi,
1106 2261 1212 2291 'addila
1233 2263 1376 2290 assertione
1390 2262 1536 2288 docuimus.
1553 2261 1634 2289 Paulo

847 2308 907 2338 post
929 2301 973 2328 ubi
988 2309 1068 2338 ηιηξε.
1082 2300 1206 2338 φρίκη,
1230 2299 1267 2324 ita
1292 2302 1418 2337 tenemus,
1443 2297 1512 2331 quod
1526 2301 1634 2338 ‘sancta

847 2331 974 2401 Z‘Irinitas,
986 2337 1048 2364 libri
1056 2335 1120 2363 editi
1132 2333 1288 2369 praeferunt,
1299 2333 1450 2365 retinemus,
1463 2331 1532 2366 quod
1544 2338 1634 2359 sancta

870 2378 974 2400 nmtas.

870 2373 974 2400 rinitas.

876 2408 923 2444 ‘(7)
934 2406 1049 2434 Joanne.
1060 2403 1264 2444 ls_esthttnttes
1274 2401 1517 2444 Jerosplymittmus
1529 2403 1636 2444 episeo-

849 2438 1001 2479 pusfquem
1018 2441 1107 2479 multis
1120 2439 1247 2479 _(_)rigenis
1259 2438 1409 2479 erroribus,
1428 2442 1456 2463 et
1471 2438 1587 2465 maxime
1601 2441 1635 2466 de

850 2474 1048 2506 resurrectione
1063 2476 1229 2510 implicatum
1239 2481 1303 2510 esse
1315 2474 1430 2510 probare
1444 2478 1559 2510 co_na_tur
1570 2480 1634 2501 san-

849 2521 910 2541 ctus
936 2506 1114 2546 Hieronymus
1140 2510 1219 2545 epist.
1238 2509 1284 2541 58,
1300 2506 1366 2535 alias
1385 2507 1430 2540 61,
1450 2507 1483 2534 ad
1508 2506 1636 2536 Pamma-

848 2550 949 2577 citium.

884 2585 923 2620 (8)
940 2582 985 2610 Sic
1009 2588 1104 2620 omnes
1120 2579 1352 2620 Insistditirvero'.
1372 2577 1403 2617 Si
1417 2577 1522 2620 quidem
1538 2582 1584 2603 aut
1594 2577 1634 2605 Ie-

847 2612 944 2655 girnus,
963 2622 1009 2645 aut
1031 2617 1110 2651 hujus
1132 2615 1195 2650 fidei
1214 2619 1312 2655 nostras
1333 2613 1445 2655 facimus
1462 2612 1633 2655 Irationem....

847 2647 919 2691 quod
931 2647 1026 2691 bonum
1040 2647 1079 2691 est
1089 2647 1214 2691 tenentes.
1230 2647 1396 2691 Deinde'tus.
1408 2647 1583 2680 Sorbonicus,
1600 2647 1633 2674 ab

849 2685 920 2718 bmni
933 2688 1016 2722 specie
1027 2687 1096 2714 mala
1109 2694 1156 2722 nos
1171 2685 1340 2722 abstinemus.

896 2725 924 2759 9)
939 2718 1029 2759 Mihi,
1043 2722 1122 2750 Deest
1143 2721 1169 2748 in
1185 2720 1275 2751 editis,
1294 2724 1321 2758 et.
1337 2718 1541 2759 restitttitpr'gx
1567 2725 1633 2759 mss.

851 2753 952 2788 Deinde
967 2758 1043 2790 editi,
1058 2762 1084 2783 ut
1103 2765 1147 2784 vos
1161 2763 1262 2791 quoque
1275 2753 1431 2781 existimetis
1446 2754 1478 2780 de
1492 2753 1550 2787 illo,
1564 2753 1635 2789 quod

848 2802 871 2822 et
886 2795 933 2822 alii
946 2793 1076 2821 nonnulli.
1092 2792 1146 2819 Sed
1159 2790 1225 2818 titss.
1240 2790 1306 2817 utin
1321 2793 1406 2816 textu.

883 2830 940 2866 (10)
953 2829 991 2857 lla
1003 2837 1069 2857 mss.
1082 2827 1151 2855 Editi
1167 2834 1242 2858 vero,
1259 2825 1322 2861 quia
1335 2833 1387 2851 non
1401 2825 1498 2859 ualent,
