1909 3080
273 103 326 133 διδ

875 100 905 127 s.
926 83 1054 127 nauem

1113 97 1285 126 iiARTYRIS
1857 98 1898 126 5&1

272 165 363 193 valent
380 171 475 192 sensus
489 162 546 196 eius
562 161 733 189 aititndinem
759 162 902 194 contueri;
923 162 980 191 sive
996 169 1059 196 pra-
1076 165 1098 194 Α
1112 168 1171 196 qua:
1185 160 1212 189 iu
1225 159 1399 194 quaestionem
1410 159 1520 186 veniunt
1534 162 1632 190 movet,
1645 165 1695 187 nec
1705 163 1799 186 tamen
1810 165 1898 184 eorum:

271 212 356 238 vitate
369 209 477 241 utentis,
497 215 549 243 qua
569 207 688 241 studium
710 212 809 242 gerunt
829 215 880 234 non
894 207 979 235 solum
991 207 1061 234 dicta

271 257 330 292 ejus
344 255 401 291 (11)
417 255 554 285 incusare.
580 261 673 281 verum
697 254 779 281 etiam
803 254 932 282 adversus
949 261 995 282 eos
1016 254 1061 288 qui

271 303 327 330 haec
350 301 443 336 legunt
463 299 578 327 hostiles
595 299 753 327 inimicitias
767 306 886 331 sumere,
905 305 959 326 tam
974 299 1060 334 perli-

270 347 373 374 naciter
389 345 415 373 id
429 350 552 380 agentes,
563 350 592 372 ut
607 345 677 372 nulla
688 353 799 380 prorsus
817 345 894 372 venia
908 353 954 373 eos
964 345 1062 381 dignos

269 393 362 421 haberi
388 395 494 426 putent,
517 399 552 418 ne
572 399 603 419 ea
625 392 735 427 quidem
751 390 808 426 (i2)
824 398 903 425 quam
922 391 1061 426 impertire

268 439 368 471 solent,
385 439 459 466 verbi
475 438 572 473 gratia,
592 438 635 466 his
655 438 701 473 qui
718 437 759 464 vel
772 437 930 464 Graecorum
947 437 1061 465 szecula-

269 486 338 513 rium
366 485 461 516 libros,
477 484 518 512 vel
537 491 733 519 nonnunquam
757 483 839 510 etiam
858 482 1058 516 haereticorum,

269 531 464 566 percunctandi
489 536 573 566 atque
595 529 761 565 agnoscendi
785 529 877 558 studio
890 529 1058 557 decurrunt:

269 579 319 605 sibi
340 577 406 605 solis
421 577 525 605 scilicet
543 577 654 605 concedi
669 576 769 603 debere
790 576 915 612 peritiam
927 576 1059 611 probandi

269 624 403 651 sermonis
433 627 536 658 putant,
558 626 588 649 ut.
606 622 629 649 si
653 622 717 657 quid
744 620 800 656 (15)
829 622 898 649 bene
922 621 956 648 ab
970 621 1060 656 aliquo

270 671 370 697 dictum
388 675 439 701 est,
465 669 583 697 retinere
605 669 705 702 sciant,
720 667 756 696 ab
777 668 850 696 omni
867 673 956 696 autem
971 669 1060 703 specie

270 715 338 741 maia
353 714 491 742 abstinere
506 722 535 741 se
545 714 689 742 noverint:
702 713 790 742 abhis
802 721 866 742 vero
875 714 920 748 qui
935 713 1060 749 Origenis

270 760 353 787 libros
379 760 481 795 legunt,
506 760 576 787 istud
597 759 704 794 penitus
724 760 863 788 exclusum
880 765 979 795 putant
1000 767 1060 788 esse

270 807 436 838 mandatum,
447 814 500 841 quo
514 806 669 841 probabiles
680 805 811 840 jubentur
822 805 890 834 eilici
909 806 1056 841 trapezitae.

269 852 387 880 scientes
403 853 473 887 quod
495 853 594 879 bonum
613 857 654 879 est.
671 852 802 880 retinere.
818 853 852 880 ab
874 852 947 880 omni
964 857 1055 879 autem

268 897 358 931 specie
372 898 440 924 mala
457 905 486 925 se
503 897 680 925 abstinere':
695 897 742 925 sed
756 898 943 925 tantummodo
955 897 977 924 si
995 898 1057 932 quis

269 943 358 977 legere
377 943 459 970 libros
476 943 546 971 illius
563 944 637 970 visus
654 943 745 976 fuerit,
762 944 854 971 statim
867 943 901 970 ab
916 943 958 970 his
974 943 1057 970 haere-

268 989 383 1017 ticorum
415 990 596 1024 perfundetur
619 989 741 1017 infamia.
768 990 891 1025 Denique
917 989 974 1026 (14)
995 997 1055 1017 cum

269 1035 361 1062 multis
375 1035 496 1063 honestae
520 1035 582 1063 vitae
598 1039 626 1063 et
646 1036 765 1071 religiosi
784 1036 915 1071 propositi
930 1036 1010 1068 viris,
1028 1036 1054 1063 in

267 1081 366 1116 quibus
390 1081 458 1108 nihil
482 1088 594 1116 prorsus
615 1081 701 1117 culpae
728 1082 880 1113 inveniunt,
899 1081 1056 1109 inimicitias

268 1131 380 1161 propter
396 1126 447 1153 hoc
464 1126 550 1154 solum
576 1127 678 1154 habent
701 1126 723 1154 si
749 1134 842 1154 eorum
863 1127 920 1163 (I5)
936 1127 1055 1154 studium

266 1173 339 1200 circa
354 1173 497 1200 memorati
518 1172 567 1199 viri
586 1172 672 1199 librOs
691 1173 853 1208 propensius
872 1181 931 1201 esse
947 1181 1055 1208 perspe-

267 1219 368 1251 xerint,
386 1218 546 1246 invidiosius
561 1219 643 1245 etiam
659 1218 709 1245 ista
719 1219 862 1254 fingentes,
877 1221 948 1253 quod
963 1220 997 1247 ab
1013 1219 1056 1247 his

267 1266 294 1292 iu
309 1265 369 1293 loco
378 1270 532 1292 sanctorum
545 1266 729 1300 apostolorum
742 1266 782 1293 vel
796 1266 989 1301 prophetarum
1000 1271 1054 1294 tam

268 1312 326 1346 ipse
340 1319 420 1346 quam
440 1312 510 1339 dicta
519 1311 576 1346 ejus
589 1312 751 1343 habeantur.
767 1312 819 1339 Sed
836 1312 870 1339 de
887 1312 939 1340 hoc
950 1316 1053 1339 eertum

268 1365 322 1384 non
348 1357 434 1385 habeo
460 1363 549 1385 utrum
574 1358 759 1386 calumniandi
782 1363 846 1386 voto
869 1359 1055 1386 tantummodo

268 1403 319 1430 ista
333 1404 470 1439 jactitent,
483 1413 517 1432 an
536 1405 619 1432 etiam
638 1404 672 1432 ab
689 1405 826 1440 aliquibus
844 1405 1056 1441 simplicioribus

268 1454 296 1476 et
309 1450 486 1484 propensiore
498 1450 597 1479 aii'ectu
606 1451 779 1487 diligentibus
794 1452 894 1483 virum,
909 1450 1056 1486 aliquando

269 1495 391 1524 fortassis
420 1497 473 1524 taie
497 1497 598 1532 aliquid
624 1498 770 1528 audierint.
801 1497 858 1534 (16)
883 1497 938 1525 Nos
964 1502 1054 1524 tamen

269 1543 447 1576 perspicimus
466 1542 622 1578 frequenter
632 1551 663 1571 ea
691 1551 752 1579 qua!
768 1544 803 1571 ab
815 1551 847 1571 eo
867 1551 929 1571 eum
957 1550 1055 1578 magno

270 1587 367 1614 timore
385 1587 432 1614 Dei
448 1593 474 1615 et
490 1596 550 1616 curn
573 1589 647 1616 omni
667 1589 817 1616 burniiitate
832 1589 968 1621 dicuntur,
992 1596 1054 1615 cum

269 1633 375 1659 veniam
401 1634 466 1667 petit
478 1641 527 1668 pro
542 1635 586 1662 bis
601 1641 661 1669 qua:
673 1641 721 1668 per
736 1634 846 1661 nirniartt
860 1633 1055 1660 discussioueru

268 1683 296 1705 et
311 1686 359 1712 per
384 1679 495 1706 ruultarn
514 1679 709 1706 scrutationem
735 1679 940 1714 Scripturarum
967 1678 1057 1705 animo

267 1724 431 1758 disputantis
439 1731 588 1753 occurrunt.
604 1736 610 1754 :
624 1734 684 1761 quae
693 1734 754 1753 cum
767 1725 892 1758 exponit,
903 1724 1059 1760 frequenter

268 1771 367 1798 addere
382 1771 451 1799 solet
461 1777 489 1799 et
503 1773 627 1807 profiteri
643 1781 672 1800 se
686 1781 738 1800 non
756 1773 813 1799 haec
825 1771 902 1806 quasi
919 1770 1057 1798 deﬁnitiva

267 1817 444 1851 pronuntiare
468 1819 614 1852 sententia,
640 1826 691 1847 nec
707 1823 810 1849 statuto
826 1819 954 1853 dogmate
968 1817 1059 1844 termi-

268 1870 346 1895 nare,
365 1865 412 1891 sed
426 1866 564 1900 inquirere
573 1874 623 1901 pro
636 1866 748 1895 viribus.
761 1869 788 1892 et.
800 1872 910 1892 sensum
923 1863 1060 1891 discutere

270 1908 484 1944 Scripturarum,
509 1919 559 1940 nec
588 1918 677 1940 tamen
704 1912 824 1947 profiteri
853 1910 924 1946 quod
949 1910 1055 1944 integre

269 1955 441 1991 periecteque
455 1959 712 1992 comprehenderit;
732 1957 864 1993 suspicari
880 1956 966 1990 magis
979 1963 1008 1982 se
1023 1956 1055 1982 de

268 2003 474 2038 quamplurimis
487 2005 592 2041 dicens,
613 2013 663 2033 nec
689 2010 777 2033 tamen
792 2008 896 2031 certum
911 2009 971 2030 esse
992 2002 1054 2036 quia

268 2048 296 2075 in
309 2051 434 2078 omrtibus
454 2052 526 2086 quod
552 2052 703 2087 perfectum
718 2056 761 2079 est
785 2055 813 2077 et
834 2050 968 2084 integrum
983 2054 1056 2074 asse—

268 2099 348 2122 cutus
361 2096 406 2124 sit.
416 2096 468 2124 Sed
480 2102 506 2124 et.
518 2105 710 2132 nonnunquam
720 2097 872 2124 invenimus
884 2102 944 2122 eum
960 2093 1015 2130 (i7)
1024 2094 1057 2120 de

269 2142 362 2170 multis
382 2143 486 2171 hatrere
508 2151 537 2171 se
551 2143 733 2179 profitentem,
749 2143 774 2170 in
789 2142 887 2177 quibus
903 2148 934 2167 ea
948 2138 1055 2175 quidem

281 2215 292 2231 ⁷
307 2215 315 2241 l
334 2215 429 2243 Thess.
451 2224 475 2248 v,
491 2216 536 2247 2|,
554 2216 599 2244 22.

1112 206 1296 234 absolutiones
1316 205 1449 241 adjnugit,
1466 206 1513 236 sed
1533 213 1596 234 cum
1616 205 1689 232 omni
1709 205 1871 234 humilitate
1882 211 1898 232 ei

1111 252 1225 280 veritate
1237 260 1289 279 non
1305 253 1442 280 erubescit
1465 252 1543 280 fateri
1566 253 1623 288 (18)
1649 253 1706 282 iure
1732 253 1781 281 sibi
1800 260 1860 280 non
1877 253 1898 279 li.

1111 308 1206 336 quere.
1221 300 1380 330 Audivimus
1403 299 1486 327 etiam
1505 299 1569 329 illud
1585 300 1663 330 abeo
1682 299 1848 335 frequenter
1868 300 1898 325 in

1114 347 1178 379 texi,
1191 346 1263 382 quod
1280 346 1361 374 hodie
1386 353 1420 372 ne
1443 345 1486 373 isti
1504 345 1612 380 quidem
1635 345 1685 380 ipsi
1704 345 1898 380 imperiosam

1111 393 1231 420 omnium
1248 393 1447 424 obtrectatores
1466 390 1523 425 ejus
1543 391 1634 422 dicere
1659 391 1864 426 dedignantur.
1879 398 1898 418 ω

1111 439 1132 466 si
1149 438 1211 476 quis
1220 438 1316 466 melius
1329 438 1362 464 de
1372 438 1413 465 his
1429 436 1496 464 locis
1504 444 1564 475 qua:
1577 436 1622 466 ille
1636 436 1777 470 disseruit,
1790 437 1898 470 dixerit,

1110 483 1154 511 vel
1189 483 1364 518 seposuerit,
1399 482 1436 510 illi
1467 482 1556 518 potius
1580 481 1626 518 qui
1664 483 1768 513 rectius
1807 483 1898 513 dixerit

1110 535 1191 564 quam
1210 528 1261 556 sibi
1280 528 1337 564 (i9)
1347 531 1419 556 esset
1433 526 1648 559 auscultandum,
1667 527 1807 558 Prmterea
1834 535 1898 556 com.

1110 574 1305 610 prehendimus
1323 581 1384 602 eum
1402 580 1595 607 nonnunquam
1619 573 1744 600 diversas
1753 573 1898 611 expositio

1109 627 1159 648 nes
1175 618 1230 655 (20)
1251 619 1370 654 ejusdem
1383 617 1723 653 capituiii‘acerezetcum
1736 617 1816 645 omni
1836 625 1898 645 rere

1111 666 1208 699 rentia,
1220 666 1297 700 qttasi
1308 666 1353 701 qui
1365 665 1434 693 sciat
1443 665 1511 692 sede
1522 665 1622 695 sanctis
1637 664 1790 700 Scripturis
1802 664 1898 696 dicere,

1110 720 1171 740 cum
1184 712 1267 739 multa
1284 719 1344 747 quze
1360 712 1412 739 sibi
1427 716 1607 739 occurrerunt
1624 711 1794 746 exposuerit,
1810 712 1898 745 prmia

1109 759 1148 793 pit
1162 759 1204 786 his
1217 758 1262 793 qui
1276 758 1381 792 legunt,
1396 758 1512 793 probare
1528 759 1561 784 de
1579 757 1693 792 singulis
1708 764 1771 793 qua:
1792 757 1898 787 dixerit,

1110 805 1219 840 etquod
1233 805 1334 832 rectius
1347 803 1745 839 prudenslectorjudicaverit,
1761 803 1898 829 obtinere:

1111 853 1230 887 profecto
1255 853 1317 887 quia
1331 860 1381 880 nec
1404 852 1492 887 ipsum
1518 852 1617 879 latebat
1641 853 1711 887 quod
1740 860 1796 878 non
1814 852 1898 878 omnia

1110 906 1169 934 qua:
1191 903 1323 930 moverat,
1344 898 1384 925 vel
1404 899 1581 929 discusserat,
1610 897 1762 932 probabilia
1788 897 1834 924 vel
1854 898 1898 924 lin

1110 945 1202 971 haberi
1213 945 1353 977 deberent,
1369 952 1417 979 pro
1429 952 1461 971 eo
1472 945 1545 980 quod
1561 944 1645 971 multa
1658 944 1776 979 mystica
1791 943 1820 970 in
1835 942 1898 970 Scri«

1109 990 1197 1024 pturis
1211 990 1324 1022 sanctis,
1339 991 1399 1018 etin
1409 995 1514 1018 secreto
1521 990 1729 1018 reconditaeSSe
1743 989 1898 1015 credantur.

1109 1036 1176 1064 illud
1189 1037 1304 1071 denique
1311 1035 1369 1070 ejus
1379 1037 1401 1064 si
1412 1036 1542 1064 intentius
1553 1036 1829 1070 advertamus,quam
1839 1036 1898 1062 inte-

1109 1091 1156 1119 gre
1164 1087 1191 1110 et
1199 1082 1333 1110 catholico
1342 1083 1374 1109 de
1381 1083 1506 1110 omnibus
1519 1082 1693 1110 Tractatibus
1700 1082 1758 1109 suis
1768 1082 1796 1109 in
1814 1083 1890 1117 prmia

1109 1130 1183 1157 tione
1190 1136 1281 1156 eorum
1292 1129 1420 1156 librorum
1427 1137 1495 1164 quos
1503 1129 1528 1156 in
1535 1128 1660 1156 Geneslm
1668 1128 1766 1155 scribit
1773 1134 1895 1163 protesta-

1109 1180 1152 1203 tus
1163 1179 1213 1206 est,
1220 1181 1326 1201 omnem
1334 1174 1391 1209 ejus
1397 1182 1506 1202 sensum
1513 1182 1544 1201 ex
1552 1175 1601 1202 hoc
1609 1174 1687 1208 facile
1693 1181 1896 1209 cognoscemus.

1145 1220 1202 1256 (2i)
1226 1221 1374 1248 Omcsnss.
1395 1230 1404 1246 ε
1432 1220 1489 1248 Nisi
1501 1221 1662 1248 omnimodis
1677 1221 1748 1256 pigri
1769 1228 1895 1252 essemus,

1109 1274 1141 1295 ac
1166 1267 1285 1298 desides,
1311 1273 1344 1294 ne
1368 1267 1402 1293 ad
1421 1266 1609 1300 inquirendum
1629 1266 1742 1301 quidem
1758 1267 1894 1299 accedere,

1109 1312 1222 1340 Domino
1237 1317 1264 1339 et
1281 1313 1423 1341 Salvatore
1437 1317 1531 1340 nostro
1543 1312 1577 1339 ad
1594 1313 1644 1340 hoc
1660 1320 1710 1339 nos
1722 1317 1893 1347 provocante,

1109 1358 1230 1393 profecto
1245 1366 1449 1387 revocassemus
1469 1360 1576 1393 pedem,
1590 1358 1803 1386 considerantes
1832 1358 1893 1393 quod

1109 1405 1187 1441 longe
1201 1406 1286 1434 simus
1300 1405 1334 1433 ab
1352 1413 1383 1433 ea
1405 1405 1588 1440 magnitudine
1600 1405 1732 1440 spiritalis
1749 1405 1894 1439 intelligen-

1110 1450 1164 1483 tiae,
1189 1450 1245 1486 (2‘2)
1271 1458 1323 1486 qua
1336 1451 1371 1478 de
1385 1456 1439 1478 tant
1459 1451 1563 1486 magnis
1581 1451 1662 1477 rebus
1680 1450 1843 1486 investigari
1857 1452 1894 1477 de-

1108 1496 1171 1524 beat
1182 1496 1344 1524 inteliectns.
1359 1506 1369 1523 ›

1069 1525 1089 1554 c
1141 1542 1304 1570 Punicos.
1322 1543 1353 1571 Et
1364 1542 1442 1577 paulo
1453 1547 1511 1577 post
1528 1543 1581 1570 ait:

1141 1588 1286 1616 Omoeues.
1297 1598 1306 1614 ε
1320 1589 1350 1616 Si
1361 1589 1404 1616 cui
1417 1596 1479 1616 vero
1491 1589 1518 1615 in
1526 1588 1725 1622 disceptatione
1737 1590 1892 1624 profundum

1107 1633 1210 1669 aliquid
1234 1635 1394 1667 occurrerit,
1415 1635 1449 1661 de
1466 1635 1517 1661 hoc
1543 1634 1688 1660 dicerrdrrrn
1707 1635 1823 1669 quidem
1848 1641 1890 1664 est,

1109 1681 1157 1707 sed
1178 1687 1232 1707 non
1249 1688 1309 1707 cum
1325 1681 1398 1707 omni
1419 1679 1608 1707 aiiirrualione.
1623 1679 1681 1707 iloc
1704 1681 1779 1707 enim
1799 1686 1846 1707 :rui.
1861 1687 1891 1706 te-

1108 1726 1216 1753 nierarii
1231 1726 1348 1753 horniuis
1358 1730 1408 1757 est,
1421 1729 1449 1752 et
1459 1724 1516 1758 ejus
1525 1724 1570 1760 qtti
1591 1733 1700 1752 sensum
1720 1726 1848 1752 human
1859 1726 1891 1751 iu-

1108 1771 1247 1798 iirmitatis
1271 1771 1428 1807 perdiderit,
1453 1771 1606 1805 oblitusque
1620 1771 1661 1799 sui
1679 1772 1715 1799 sit
1735 1780 1743 1798 :
1769 1777 1819 1799 aut
1830 1778 1892 1799 certe

1109 1817 1292 1852 perfecturum
1315 1819 1446 1850 virorum,
1462 1822 1490 1847 et
1508 1825 1600 1847 eorum
1620 1817 1668 1852 qui
1690 1817 1891 1844 conliderrlerse

1109 1863 1198 1891 sciant
1213 1863 1247 1890 ab
1256 1863 1314 1898 ipso
1326 1863 1440 1890 Domino
1451 1862 1514 1890 1eer
1524 1862 1662 1895 didicisse,
1678 1863 1705 1890 id
1718 1868 1773 1896 est,
1785 1872 1802 1889 a
1818 1862 1892 1889 Verbo

1109 1909 1242 1941 veritatis,
1254 1913 1281 1935 et
1294 1908 1327 1935 ab
1344 1908 1402 1942 ipsa
1418 1908 1556 1942 Sapientia
1568 1915 1616 1943 per
1631 1915 1712 1942 quam
1726 1908 1823 1936 omnia
1834 1907 1890 1934 facta

1108 1958 1182 1985 sunt,
1213 1954 1354 1988 agnovisse
1379 1962 1385 1981 :
1413 1953 1456 1980 vel
1478 1960 1571 1980 eorum
1589 1953 1635 1987 qui
1660 1953 1756 1980 divina
1773 1960 1890 1989 responsa

1109 1999 1222 2034 ingressi
1249 1999 1382 2026 turbinem
1413 2005 1441 2025 et
1456 1996 1599 2034 caliginem
1625 1998 1668 2025 ubi
1691 1998 1766 2026 Deus
1779 1999 1838 2034 ipse
1849 2004 1890 2029 est,

1108 2045 1214 2072 cceiitus
1226 2049 1396 2079 acceperunt,
1413 2045 1439 2071 in
1459 2045 1530 2078 quod
1547 2045 1589 2070 vix
1612 2043 1658 2071 ille
1676 2043 1786 2080 Moyses
1802 2046 1890 2080 ingres-

1110 2098 1156 2119 srrs
1169 2091 1209 2120 vei
1223 2091 1372 2126 intelligere
1384 2090 1445 2117 talia
1459 2090 1545 2125 potuit
1560 2090 1598 2116 vel
1614 2090 1747 2124 proferre.
1767 2090 1822 2118 Nos
1830 2098 1888 2120 vero.

1110 2145 1159 2172 pro
1183 2144 1215 2164 eo
1237 2136 1294 2165 soio
1316 2136 1387 2172 quod
1406 2137 1579 2165 mediocriter
1598 2136 1661 2164 licet
1675 2137 1747 2172 (23),
1767 2138 1889 2164 credimus

306 2274 362 2308 (11)
386 2273 522 2301 Incusum.
549 2275 594 2302 Sic
615 2282 681 2303 mss.
705 2274 772 2302 Editi
796 2279 887 2301 autent
905 2279 1056 2307 perperam,
1074 2271 1096 2298 D
1114 2306 1121 2308 ξ
1146 2267 1203 2308 (iis)
1222 2269 1387 2308 illuc._Deest
1405 2269 1431 2296 in
1447 2274 1524 2308 attica
1538 2269 1626 2308 editis,
1643 2277 1749 2308 neepon
1767 2269 1887 2308 patrioin-

271 2316 418 2339 incursare.

307 2343 363 2380 (12)
375 2344 457 2376 Alias,
469 2353 527 2379 quae
549 2345 676 2378 impertiri
691 2343 819 2380 solstitii.
833 2351 912 2378 quam
927 2341 1058 2380 impertiri

271 2378 379 2414 ralem],
402 2377 591 2414 verbi‘gratia,
614 2380 655 2407 Itis
676 2381 721 2415 qui
749 2377 936 2407 Graecorum...
964 2377 1059 2405 decur—

271 2418 342 2444 ram,
356 2418 409 2440 etc.

307 2448 364 2509 (ξιξ)
379 2447 459 2509 Be‘ule,
474 2457 578 2477 necnon
600 2454 686 2476 autem
700 2450 771 2485 qttod
788 2456 848 2476 mox
863 2448 994 2483 sequitur,
1012 2447 1058 2473 de-

307 2492 319 2509 |I
348 2492 373 2509 in
386 2491 408 2509 ὓ(
421 2492 427 2509 i
443 2493 477 2509 IS.

270 2489 333 2510 sunt
348 2485 373 2510 in
386 2485 477 2511 editis.

307 2519 362 2554 (i4)
389 2519 434 2546 Sic
452 2527 502 2547 ms.
520 2518 697 2546 Sorbonicns.
714 2519 763 2546 Ms.
784 2527 848 2546 vero
863 2518 977 2554 Regius,
997 2525 1054 2554 cuiu

269 2551 357 2581 multis
371 2555 445 2581 bona:
461 2555 517 2582 vita:
540 2560 564 2581 et
581 2555 694 2588 religiosi
712 2555 840 2589 propositi
859 2551 932 2581 viri}.
956 2553 1004 2589 Ms.

272 2589 397 2624 liemigii,
411 2598 472 2616 cum
487 2590 576 2616 multis
591 2587 720 2623 religiosis
734 2587 786 2616 vita
800 2595 823 2616 et
841 2587 1054 2624 propositapviris.

269 2621 363 2656 iiditi,‘
374 2629 402 2652 et
417 2632 467 2652 ms.
486 2621 674 2656 Corbeiensis,
697 2633 754 2653 cum
781 2625 871 2652 multis
895 2623 943 2650 hoc
969 2621 1056 2658 (editi,

269 2659 360 2694 huius)
373 2660 432 2686 vim
445 2665 469 2686 et
484 2660 612 2694 religiosis
625 2661 759 2693 proposita
773 2660 844 2686 ciris.

304 2694 362 2728 (i5)
375 2694 456 2726 Editi,
467 2695 566 2721 studia.
583 2695 682 2722 Omnes
697 2703 773 2723 IlIiS..
788 2694 915 2721 studium.

306 2727 361 2763 (16)
376 2729 436 2757 Mss.
447 2730 503 2757 fere
517 2735 657 2761 omnes,et
666 2731 741 2762 editi,
752 2729 809 2756 Nos
823 2735 908 2757 tamen
918 2727 1055 2761 perspectis

273 2763 419 2797 frequenter
427 2765 476 2795 Ιιίι,
494 2771 547 2792 etc.
560 2764 614 2792 Sed
629 2766 729 2792 rectius
743 2773 793 2791 ms.
808 2772 877 2790 urnis
886 2769 914 2790 ut
929 2763 956 2790 in
967 2767 1054 2790 textu.

309 2799 364 2831 (i7)
377 2799 414 2825 ita
433 2807 526 2826 omnes
544 2807 609 2826 mss.
630 2799 702 2826 Editi
720 2807 783 2826 vero
804 2800 903 2831 int-pte,
919 2799 950 2825 tle
966 2797 1056 2824 multis

309 2806 364 2831 (ll)
378 2806 414 2825 lltl
433 2807 526 2826 omnes
544 2807 609 2826 mss.
630 2806 702 2826 nuru
720 2807 783 2826 vero
804 2807 846 2825 Int-

275 2833 416 2860 Ira'resibus
427 2834 591 2867 proﬁtentem
604 2833 652 2870 [aL
671 2806 868 2869 proficientemf.

1111 2306 1162 2336 ira.
1177 2305 1237 2338 ipsi.
1265 2305 1363 2332 Deinde
1379 2312 1430 2331 nis.
1452 2304 1552 2340 Regius
1571 2305 1650 2331 habet
1671 2304 1830 2339 dignantur.
1843 2304 1887 2330 [om

1111 2340 1299 2374 dedignantur.

1160 2373 1202 2407 i9)
1219 2375 1284 2402 Mss.
1300 2374 1420 2409 plerique
1433 2379 1460 2402 et
1471 2374 1548 2406 editi,
1565 2382 1632 2406 esse,
1654 2373 1738 2402 male.

1160 2377 1202 2407 i9)
1219 2377 1284 2402 Mss.
1300 2377 1420 2409 plerique
1433 2379 1460 2402 et
1471 2377 1548 2406 editi,
1565 2382 1632 2406 esse,
1654 2377 1738 2402 male.

1145 2377 1207 2447 :20),
1218 2409 1255 2438 Ita
1274 2417 1368 2437 omnes
1384 2417 1447 2437 mss.
1465 2409 1536 2437 Editi
1553 2416 1618 2436 vero
1634 2417 1791 2444 perperam,
1806 2409 1886 2437 eisdem

1109 2446 1241 2474 capitulis.

1142 2456 1241 2480 puuus.

1146 2482 1201 2514 (21)
1227 2481 1262 2507 Ita
1284 2479 1357 2506 editi.
1384 2479 1448 2507 Mss.
1472 2487 1535 2515 vero
1559 2479 1699 2515 plerique:
1715 2479 1841 2515 Origenes
1862 2479 1884 2504 de

1110 2516 1272 2551 Prwfatione
1290 2514 1415 2551 iibrorrurnt
1432 2516 1464 2551 in
1487 2513 1671 2551 Cenesintﬂal.
1696 2515 1728 2551 de
1746 2513 1885 2551 pra’fatiour

1109 2548 1234 2578 librorum
1250 2550 1368 2583 Uriyenis
1383 2550 1409 2576 in
1425 2548 1568 2584 Genesimj.
1585 2548 1642 2576 Atii
1656 2550 1818 2578 omnimodis
1833 2548 1884 2584 pigri

1109 2592 1192 2614 essent
1210 2585 1255 2622 [aL
1270 2582 1330 2622 Nisi
1347 2585 1509 2622 omnimodis
1524 2582 1632 2618 quidam
1650 2585 1720 2622 pigri
1746 2582 1883 2613 annual.

1109 2623 1175 2656 pigri
1188 2619 1386 2656 ea'serrtingenii]
1398 2625 1422 2646 et
1436 2620 1548 2652 desides,
1560 2625 1614 2647 etc.
1664 2619 1677 2656 λ

1145 2657 1201 2691 (22)
1219 2654 1384 2690 Aliamque»
1395 2656 1426 2682 de
1436 2660 1516 2682 luntre
1531 2654 1724 2690 magnitudinis
1739 2655 1816 2685 rebus
1826 2655 1883 2683 ἰιιιό-

1110 2693 1219 2719 stillare.
1235 2696 1287 2718 etc.

1145 2701 1342 2763 ῗέιέῖἲιξιῗιίιίιί,
1355 2726 1412 2763 nisi
1422 2725 1493 2763 quod
1507 2725 1611 2763 addant
1620 2724 1738 2763 Christo,
1753 2731 1812 2763 post
1822 2723 1881 2751 Jeru-

1111 2760 1159 2790 ηεξ
1177 2760 1341 2789 Sot'bonicus
1355 2767 1383 2788 et
1396 2761 1426 2788 ὃ.
1452 2761 1589 2788 Michaelis
1607 2761 1632 2787 in
1647 2760 1780 2793 ,Pcrtculo
1806 2767 1880 2788 maris.

1112 2807 1157 2824 vro
1169 2806 1198 2824 eo
1213 2797 1269 2823 solo
1284 2797 1353 2827 quod
1368 2796 1535 2823 mediocriter
1551 2796 1610 2822 licet
1624 2796 1798 2827 credidimus,
1813 2800 1880 2821 tertiis

1111 2836 1141 2859 de
1157 2832 1265 2860 Domino
1280 2831 1344 2858 Jesu
1361 2833 1502 2866 loquimur,
1521 2835 1544 2858 et
1565 2831 1633 2865 ejus,
1651 2836 1706 2858 etc.
1722 2831 1877 2859 Cauterium.
