1909 3080
40 157 101 187 5οιὸ

665 159 836 188 APOLOGIA
855 158 923 187 PRO
942 157 1104 188 ORIGENE.

1632 161 1684 188 5L6

38 213 152 256 flamen
169 216 286 245 Domino
299 217 375 250 Jesu,
388 217 478 253 eteius
491 217 637 253 gloriamur
646 225 705 246 esse
714 215 849 253 discipuli,
866 220 888 248 Λ
902 216 1034 252 preximis
1050 224 1110 244 esse
1127 215 1225 250 quibus
1237 216 1400 244 charitalem
1410 224 1445 243 ex
1459 216 1586 244 mandato
1601 217 1684 244 debe-

38 267 97 288 Itec
118 267 222 290 tatnen
234 264 366 291 audemus
381 264 470 291 dicere
481 264 550 298 quod
569 261 639 290 facie
652 263 684 290 ad
701 263 798 290 l‘aciem
814 262 848 290 ab

37 303 107 341 ipso
136 308 271 336 traditam
303 309 499 343 susceperimus
524 308 727 344 intelligentiam
753 315 847 336 eorum

37 356 109 386 quae
138 352 171 379 in
191 353 291 380 divinis
313 353 390 380 libris
406 351 560 380 referuntur
575 361 582 379 :
597 359 658 386 quae
672 351 779 386 quidem
791 359 848 378 cer-

35 396 89 423 tus
107 405 178 424 sum
188 399 260 433 quod
275 406 308 425 ne
323 398 378 433 ipse
389 398 494 432 quidem
512 398 627 425 mutulos
642 405 690 432 pro
702 398 801 425 virtute
814 405 847 424 ac

37 441 202 475 majestate
225 451 350 470 sensuum
374 450 470 478 capere
493 446 580 478 potest
608 442 629 470 ⁸.
648 442 761 478 Propter
777 445 847 476 quod

31 488 239 521 :prouuntiare
251 488 357 523 quidem
376 488 408 515 de
428 488 469 515 his
486 494 544 522 qua:
566 487 689 521 dicimus,
702 487 771 515 sicut
783 495 847 523 apo-

33 533 109 560 stoli
127 539 293 568 potuerunt,
310 542 362 562 non
381 534 513 562 audemus
530 543 536 561 :
554 534 580 561 in
595 542 628 562 eo
642 538 730 562 autem
745 534 847 568 gratias

29 580 173 615 ’Igimus,
195 581 269 616 quod
281 589 340 608 cum
354 581 432 608 multi
446 580 607 615 imperitiam
621 589 696 608 suam
711 580 845 612 nesciant,

34 630 68 652 et
85 631 189 653 motus
205 634 269 654 suos
278 626 471 660 incompositos
482 630 508 652 et
519 626 695 657 inordinatos,
711 625 844 653 interdum

36 671 134 698 etiam
154 677 184 700 et
197 672 306 706 ineptos
320 677 354 699 at:
366 671 513 702 fabulosus,
527 679 589 698 cum
599 671 670 699 omni
685 671 844 704 intentione.

37 717 119 744 sicut
145 717 203 744 sibi
226 717 364 750 videntur,
379 717 455 751 quasi
476 717 615 744 verissima
629 716 778 744 assertione
797 724 846 744 an-

36 762 192 795 nuutient,
217 769 267 789 nos
286 761 319 788 de
340 761 421 788 rebus
442 761 558 796 magnis,
578 765 605 787 et
625 760 665 787 his
688 767 748 794 quae
764 767 844 794 supra

36 814 93 834 nos
108 812 190 838 sunt,
206 808 385 842 ignorantiam
402 811 520 834 nostram
541 812 593 834 non
606 806 776 840 ignoramus.
795 814 806 831 ι

77 853 257 881 Puteanus.
271 853 340 881 Cum
359 860 425 888 ergo
444 853 500 880 hac
516 859 577 879 eum
600 853 632 880 de
647 859 676 879 se
690 851 779 879 dicere
795 857 843 878 au-

901 270 971 296 mus,
987 267 1014 290 et
1030 267 1185 296 assumptus
1198 262 1281 289 libros
1293 263 1353 297 ejus
1371 262 1492 297 legerent
1507 268 1569 290 cum
1583 270 1615 290 ea
1632 269 1678 289 ve-

901 307 956 340 nia.
967 314 1049 343 quam
1062 307 1160 343 ipsein
1178 307 1386 335 Prml‘ationibus
1406 308 1462 335 κιιὶε
1476 308 1609 343 deposcit,
1625 309 1681 336 sic-

904 353 948 382 ubi
972 354 1049 381 venia
1074 354 1185 388 dignum
1214 353 1314 388 aliquid
1335 354 1498 381 invenirent.
1519 354 1597 382 Nunc
1616 361 1681 382 vero

901 407 916 427 e
930 401 1068 428 coutrario
1090 401 1180 427 videas
1201 407 1246 427 eos
1263 400 1415 428 maledictis
1428 401 1536 435 quidem
1561 401 1681 434 probris-

899 453 952 481 que
964 445 1022 480 (27)
1039 445 1103 472 mihi
1123 453 1175 472 non
1188 452 1301 480 parcere
1316 454 1322 472 :
1340 453 1388 472 eos
1403 452 1468 472 vero
1483 446 1528 480 qui
1556 445 1682 480 Scriptu-

899 496 991 517 rarnm
1018 490 1255 526 intelligendarum
1275 490 1422 518 secundum
1442 493 1598 518 mandatum
1625 491 1678 518 Do-

898 536 963 563 mini
979 541 1006 564 et
1029 536 1180 564 Salvatoris
1213 537 1299 564 nostri
1324 537 1444 564 studium
1468 542 1575 572 gerunt,
1603 545 1617 564 a
1637 537 1678 565 le-

898 582 988 610 ctione
1000 582 1132 610 librorum
1151 582 1210 617 ejus
1223 583 1372 616 deterrere,
1387 582 1512 616 quaelibet
1533 584 1613 611 etiam
1624 584 1677 611 alia

898 627 999 661 inepta,
1015 627 1096 654 etiam
1120 627 1186 655 nihil
1208 628 1359 663 pro'utura,
1384 628 1474 663 potius
1498 635 1580 662 quam
1607 628 1678 657 illius

898 672 1109 700 commentarios
1133 673 1184 707 legi
1206 673 1305 701 debere
1327 672 1502 701 afﬁrmantes.
1529 675 1558 700 in
1580 673 1677 708 quibus

896 724 967 752 saepe
991 718 1070 745 etiam
1092 717 1196 745 ridiculi
1221 717 1321 752 aliquid
1347 718 1402 753 pati
1422 719 1518 746 solent.
1546 718 1612 746 Nam
1647 724 1678 746 ut

892 769 988 790 eorum
1008 763 1177 790 contentiosa
1198 763 1384 798 praesumptio.
1406 763 1459 796 vel,
1481 769 1510 790 nt
1532 763 1623 790 verius
1636 764 1678 791 di-

896 814 967 839 eam,
987 807 1043 844 (28)
1061 807 1234 843 ρτωῇυά-Ιειιδ
1251 808 1359 835 vesania
1385 807 1491 836 facilius
1511 809 1675 842 declaretur,

891 853 1020 880 accidere
1043 853 1114 880 solet
1137 853 1178 881 vel
1196 861 1273 884 casu,
1299 852 1340 880 vel
1360 854 1499 880 interdum
1517 854 1621 888 studio,
1646 860 1677 882 ut

37 899 168 932 diatnus,
196 904 224 927 et
249 898 437 933 hujuscemodi
460 901 549 925 mente
572 904 605 924 ac
624 902 686 924 voto
703 903 765 932 quae
780 896 844 923 dicit
861 893 882 920 Β
898 898 1005 925 nomine
1024 898 1056 924 'in
1080 897 1173 925 codice
1196 905 1248 924 non
1271 897 1436 932 praetitulato
1452 898 1560 933 legatur
1574 898 1675 933 aliquid

39 950 188 976 asserere,
214 944 346 971 mirantur
375 944 404 971 in
425 948 527 970 tantum
551 942 713 971 temeritatis
738 942 842 977 aliquos

38 998 106 1018 esse
134 995 294 1024 provectos,
323 995 352 1016 ut
376 989 421 1023 qui
443 996 473 1017 se
489 989 527 1016 ita
550 989 706 1016 humiiitate
725 989 840 1023 iudicat,

39 1042 177 1064 astruant
193 1037 264 1072 quod
286 1037 321 1064 ah
337 1037 396 1064 aliis
415 1037 485 1064 dicta
501 1036 560 1070 ejus
578 1036 621 1063 vel
636 1035 698 1063 libri
719 1043 767 1070 pro
783 1042 841 1063 ser-

38 1082 179 1109 monibus
192 1082 346 1116 apostolicis
362 1081 403 1108 vel
419 1081 496 1109 dictis
505 1080 839 1116 propheticishabeantur,

39 1133 89 1153 aut
113 1128 193 1161 quod
218 1126 263 1154 ille
286 1128 344 1161 ipse
371 1126 412 1154 vel
431 1126 570 1161 prophetis
591 1126 635 1153 vel
662 1126 790 1160 apostolis
806 1126 839 1153 ab

38 1172 138 1206 aliquo
170 1177 354 1207 comparetur.
383 1171 416 1198 Et
440 1172 548 1207 quidem
584 1172 655 1205 quod
677 1175 709 1198 et
737 1171 840 1199 honore

39 1218 214 1255 presbyterii
239 1219 267 1246 in
291 1218 412 1246 Ecclesia
438 1218 564 1252 praeditus
588 1216 679 1250 fuerit,
705 1221 733 1244 et
757 1217 838 1243 vitam

38 1264 313 1292 abstinentissimam
336 1264 420 1298 egerit
433 1268 460 1290 et
485 1263 562 1290 valde
584 1263 647 1299 ’(2l)
672 1263 838 1298 philosophi-

38 1317 119 1341 cam.
142 1310 274 1344 quodque
296 1316 389 1344 puram
409 1309 545 1345 religionis
556 1309 741 1337 observaverit
755 1309 837 1336 disci-

38 1355 164 1389 plinam,
200 1360 227 1383 et
260 1363 315 1390 prae
341 1356 445 1384 cteteris
473 1355 554 1383 verbo
583 1355 628 1383 Dei
657 1361 684 1383 et
709 1355 838 1383 doctrinm

39 1409 161 1436 operam
183 1402 297 1434 dederit,
316 1402 380 1429 nulli
397 1402 507 1429 dubium
521 1406 562 1430 est
574 1407 601 1429 et
619 1408 652 1429 ex
666 1401 711 1429 his
725 1409 785 1437 quae
803 1403 837 1429 ad

39 1454 92 1473 nos
123 1446 228 1474 laboris
243 1451 273 1473 et
298 1446 378 1474 studii
404 1447 465 1482 ejus
487 1447 638 1474 certissima
660 1447 836 1482 designantur

39 1493 171 1519 indicia:
200 1492 334 1526 praecipue
360 1500 425 1520 vero
457 1500 505 1528 per
530 1500 576 1520 eos
601 1496 741 1525 tractatus,
766 1499 834 1527 quos

39 1545 116 1573 pene
130 1537 253 1572 quotidie
267 1537 293 1565 in
306 1538 426 1566 Ecclesia
445 1538 562 1565 habebat
575 1546 608 1565 ex
622 1543 751 1573 tempore,
767 1546 834 1573 quos

33 1590 68 1611 ‘et
85 1585 278 1612 describentes
291 1584 390 1612 notarii
418 1585 450 1612 ad
469 1586 664 1612 monimentum
686 1585 831 1619 posterita-

40 1630 77 1657 tis
101 1630 260 1657 tradebant.
275 1629 448 1664 Consequens
462 1630 545 1665 igitur
561 1635 631 1662 erat,
649 1638 682 1658 ex
707 1631 750 1657 his
772 1638 829 1658 om-

40 1676 129 1702 nibus
154 1675 279 1702 iaborum
305 1680 333 1703 et
354 1676 503 1703 studiorum
527 1683 640 1703 suorum
670 1677 834 1705 testimoniis

39 1721 176 1756 amplecti
201 1721 280 1749 talem
300 1722 386 1749 virum
411 1731 418 1749 :
447 1726 474 1749 et
491 1729 578 1757 neqtte
591 1722 756 1750 defensionis
772 1727 829 1750 stu-

39 1768 91 1796 dio
107 1769 169 1803 plus
183 1769 249 1796 dare
265 1768 320 1805 (25)
338 1769 364 1796 ei
380 1769 468 1796 meriti
488 1776 569 1805 quam
595 1776 722 1797 mensura
746 1770 831 1805 depo-

39 1815 110 1846 scit,
131 1822 220 1849 neque
237 1822 329 1843 rursus
339 1816 506 1842 obtrectandi
524 1816 589 1843 vitio
606 1815 684 1843 l‘acile
698 1817 825 1843 condem-

39 1868 125 1893 nare,
154 1866 182 1887 et
206 1861 324 1889 alienum
343 1862 376 1889 ab
392 1861 576 1889 ecclesiastica
591 1862 714 1888 ductrina
729 1866 830 1889 temere

38 1907 244 1941 prommtiare:
261 1914 323 1934 cum
340 1912 483 1942 utrumque
495 1907 565 1934 istud
575 1907 753 1942 prmcipitium
768 1915 827 1942 pro-

39 1953 144 1979 videns
157 1958 219 1979 ante
238 1953 344 1980 divinus
360 1960 449 1980 sermo
463 1953 632 1988 prohibuerit
646 1953 739 1979 dicens
752 1962 759 1979 :
770 1952 830 1979 Non

38 1999 76 2024 sit
96 1999 125 2025 in
140 2004 163 2024 le
179 2006 299 2025 mensura
312 1999 408 2034 major.
426 2006 506 2033 neque
516 2006 637 2025 ntensura
649 1999 743 2025 minor.
760 1998 831 2024 Abo-

39 2045 172 2072 minallile
191 2051 228 2071 est
242 2045 310 2072 enim
323 2046 351 2072 in
370 2050 510 2078 conspectu
527 2045 630 2072 Domini
651 2050 788 2079 utrumque
799 2045 821 2074 '.

43 2090 203 2125 Unicuique
216 2091 299 2124 enim,
314 2096 394 2126 prout
409 2091 518 2126 dignum
531 2096 584 2123 est,
605 2090 734 2123 tribuere,
748 2091 830 2125 justi-

42 2138 90 2164 tia:
109 2137 163 2164 hoc
179 2137 317 2172 proprium
341 2142 393 2164 est.
414 2136 530 2171 Propter
553 2136 623 2171 quod
646 2141 673 2164 et
703 2143 828 2164 mensura

41 2184 163 2218 integra.
194 2187 221 2210 et
245 2184 353 2218 pondus
375 2183 479 2217 aequale
504 2183 672 2217 aceeptabile
698 2187 740 2210 est
756 2182 825 2217 apud

42 2228 141 2260 Deum.
157 2235 210 2256 non
226 2228 277 2256 ho‘c
293 2229 363 2263 quod
376 2229 507 2257 mentitur
520 2228 676 2261 veritatem,
695 2235 744 2263 per
754 2229 825 2263 quod
844 2238 867 2266 ι)

40 2274 85 2301 vel
108 2274 175 2309 iplus
192 2275 308 2301 donatur
325 2274 424 2308 rebus,
452 2281 532 2308 quam
558 2274 654 2302 merita
668 2279 827 2309 exposcunt,

40 2319 85 2347 vel
101 2319 273 2347 subtrahitur
291 2319 395 2347 meritis
417 2320 489 2354 quod
512 2319 638 2347 debetur.
659 2320 766 2352 Quanto
786 2327 830 2347 re-

39 2365 115 2392 ctius
129 2369 244 2400 agerent
257 2365 454 2392 obtrectatores
467 2364 523 2397 isti.
531 2365 554 2392 si
567 2365 669 2399 absque
680 2365 733 2392 ulla
744 2365 828 2392 animi

40 2411 240 2446 pneventione,
267 2410 323 2446 (26)
342 2417 404 2437 cum
432 2410 506 2437 omni
528 2409 661 2445 religione
690 2410 825 2442 veritatis,

40 2464 125 2492 quam
143 2456 269 2483 omnibus
284 2456 415 2490 proximis
430 2455 530 2484 nostris
548 2463 610 2483 cum
627 2456 761 2484 charitate
777 2456 827 2489 ’,1η-

41 2503 141 2531 bentur
156 2503 321 2538 expendere,
338 2502 520 2537 intelligerent
540 2507 568 2528 et
590 2501 676 2536 ipsum
691 2509 776 2529 unum
788 2502 825 2529 de

77 2550 90 2566 ⁸
101 2548 181 2577 Joan.
196 2549 309 2582 “1,25.
347 2549 358 2565 ’
375 2548 452 2576 Prov.
470 2557 516 2581 xx,
531 2548 573 2576 l0.

43 2600 144 2626 habent
164 2598 218 2629 alii,
241 2597 408 2630 credidimus,
428 2597 483 2629 alii,
504 2597 702 2629 crediderimus;
725 2597 827 2632 reliqua

41 2642 108 2661 vero
116 2638 152 2660 rut
171 2634 197 2660 in
213 2639 295 2660 textu.

79 2669 136 2704 (24)
151 2667 254 2696 Merlini
269 2669 361 2701 editio,
380 2668 593 2702 philosoplralem,
612 2668 731 2704 quodque
744 2675 827 2701 pune.

42 2703 339 2734 Ceuebranius-ltubet,
363 2703 575 2735 philosopltioam,
597 2703 716 2737 quodque
743 2711 826 2737 ραι-αξ.

41 2740 107 2767 Mss.
119 2746 194 2771 vero,
209 2738 398 2772 philosophum,
411 2738 479 2772 quod
493 2746 542 2772 que
551 2745 655 2771 puram.

78 2774 137 2810 (25)
158 2774 242 2807 Alias,
258 2773 315 2807 ejus
331 2773 582 2807 mritis;et,paulo
596 2772 824 2807 post,prizvid¢na

41 2816 112 2838 ante.
128 2814 182 2836 etc.

76 2844 134 2879 (‘26)
154 2842 222 2870 Cum
235 2844 309 2879 omni
324 2843 457 2877 religione.
474 2843 536 2870 Haec
550 2843 632 2870 verba
650 2842 823 2879 reperiuntur

42 2880 68 2907 in
82 2878 180 2912 editis,
194 2878 241 2906 sed
258 2879 422 2906 omittuntur
446 2879 473 2905 in
499 2885 564 2906 mss.
581 2878 691 2910 nostris,
706 2885 822 2912 quorum

894 943 982 978 ipsius
998 944 1025 971 in
1040 943 1151 970 auribus
1166 942 1381 970 obtrectatorum
1395 945 1471 978 quasi
1488 943 1601 971 alterius
1617 949 1672 971 tra-

890 988 1021 1016 ctatoris.
1041 987 1117 1021 Quod
1138 989 1232 1015 tandin
1250 987 1340 1022 placet
1351 994 1381 1016 et
1393 988 1529 1020 laudatur,
1542 994 1623 1024 atque
1645 989 1675 1016 in

894 1034 970 1061 omni
994 1033 1177 1061 admiratione
1199 1033 1327 1065 habetur,
1353 1033 1472 1068 quandiu
1494 1042 1592 1062 neuneu
1619 1042 1673 1062 non

890 1079 974 1106 fuerit
992 1079 1152 1106 indicatum.
1176 1079 1210 1106 At
1231 1079 1276 1106 ubi
1300 1077 1426 1114 Origenis
1443 1080 1552 1114 cognita
1571 1080 1675 1107 iuerint

889 1136 950 1156 esse
962 1136 1022 1163 qua:
1035 1128 1188 1163 placebant,
1214 1128 1307 1155 statim
1334 1128 1489 1162 displicent.
1506 1129 1599 1156 statim
1616 1129 1671 1156 ha:-

891 1175 976 1202 retica
994 1182 1055 1202 esse
1073 1175 1219 1201 dicuntur:
1236 1178 1264 1200 et
1279 1181 1311 1201 ea
1323 1181 1383 1208 qum
1397 1174 1476 1208 paulo
1488 1179 1551 1202 ante
1571 1175 1603 1201 ad
1612 1182 1674 1202 eu:—

890 1220 945 1246 lmn
972 1227 1059 1254 usque
1081 1219 1249 1251 ferebantur,
1277 1219 1371 1246 iisdem
1393 1219 1504 1246 vocibus
1522 1220 1674 1255 cadentique

889 1266 980 1301 lingua
1001 1273 1087 1301 usque
1109 1266 1142 1293 ad
1168 1265 1270 1292 inferos
1300 1266 1504 1300 demergunt-ur.
1534 1265 1670 1294 Pmterea

888 1311 969 1338 etiam
995 1311 1060 1338 illud
1086 1316 1129 1338 est
1146 1311 1282 1342 “invenire,
1303 1310 1375 1344 quod
1390 1318 1583 1345 nonnunquam
1598 1311 1667 1338 tales

887 1359 950 1382 sunt
969 1360 1141 1382 accusatores
1164 1355 1233 1389 ejus,
1258 1354 1304 1389 qui
1329 1361 1381 1381 nec
1398 1354 1521 1382 Graecam
1545 1356 1671 1383 noverint

887 1399 1025 1435 linguam:
1040 1401 1085 1427 alii
1099 1401 1264 1428 omnimodis
1279 1400 1395 1435 imperiti
1407 1409 1415 1434 ;
1427 1401 1548 1428 nonnulli
1563 1401 1670 1429 etiamsi

887 1445 989 1479 aliquid
1001 1446 1133 1473 videntur
1155 1446 1257 1473 habere
1271 1445 1387 1480 peritiae,
1411 1452 1464 1473 non
1480 1450 1571 1473 tamen
1587 1446 1669 1474 etiam

886 1490 912 1518 id
929 1491 1011 1518 studii
1022 1491 1150 1519 habuisse
1160 1491 1350 1525 inveniuntur,
1364 1497 1393 1519 ut
1405 1491 1480 1519 libris
1492 1492 1550 1526 ejus
1559 1499 1669 1527 operam

886 1536 1029 1564 dederint:
1048 1541 1095 1564 aut
1115 1538 1138 1564 si
1163 1537 1294 1565 acciderit
1316 1543 1345 1565 nt
1364 1538 1447 1566 etiam
1469 1537 1664 1573 legerinl,non

885 1583 1013 1610 continuo
1025 1583 1106 1610 etiam
1127 1588 1209 1610 tantae
1222 1584 1383 1611 eruditionis
1399 1584 1510 1617 fuerint,
1527 1589 1556 1612 ut
1571 1584 1664 1612 altitu-

885 1629 977 1656 dinem
1002 1636 1100 1656 sensus
1124 1629 1183 1664 ejus
1207 1630 1314 1664 assequi
1330 1631 1480 1664 quiverint,
1492 1638 1546 1665 quo
1558 1638 1589 1658 ea
1604 1637 1666 1665 qua:

884 1675 930 1702 ille
947 1675 1056 1702 diverso
1068 1680 1214 1710 prospectu
1226 1680 1278 1711 pro
1302 1676 1369 1703 locis
1383 1680 1409 1704 et
1426 1677 1516 1704 causis
1530 1678 1666 1704 disserere

884 1720 965 1752 solet,
986 1721 1128 1748 advertere
1142 1721 1288 1749 valuerint.
1316 1721 1415 1750 Multos
1438 1722 1571 1754 invenias,
1597 1729 1666 1756 quos

882 1767 904 1794 si
928 1767 1078 1802 interroges
1090 1767 1121 1794 in
1137 1767 1236 1802 quibus
1266 1767 1353 1800 libris,
1373 1772 1418 1794 aut
1440 1768 1580 1802 inquibus
1600 1767 1666 1795 locis

882 1812 955 1839 dicta
976 1813 1035 1839 sint
1061 1812 1119 1839 inec
1144 1820 1205 1846 qua
1224 1817 1351 1847 arguunt,
1378 1812 1434 1848 (‘29)
1452 1812 1619 1840 conﬁtentur
1636 1821 1666 1840 se

882 1858 990 1891 quidem
1001 1857 1112 1884 nescire
1123 1864 1154 1884 ea
1169 1857 1202 1884 de
1213 1857 1313 1892 quibus
1336 1856 1482 1889 aliirmant,
1495 1865 1549 1884 nec
1566 1857 1667 1892 legisse

883 1910 1013 1937 unquam,
1025 1903 1134 1930 audisse
1146 1907 1235 1930 autem
1253 1902 1321 1929 alios
1335 1903 1466 1930 dicentes.
1485 1902 1523 1929 Ex
1537 1910 1591 1937 quo
1604 1903 1664 1930 cui-

881 1948 923 1975 vis
946 1948 1022 1982 plena
1046 1947 1152 1975 ridiculi
1172 1947 1307 1975 sententia
1329 1955 1423 1975 eorum
1436 1948 1586 1981 videbitur,
1599 1955 1661 1976 cum
1687 1944 1692 1949 ’

880 1993 915 2020 de
941 1993 983 2021 his
1001 1993 1139 2028 iudicant,
1162 1998 1245 2028 atque
1267 2001 1299 2021 ea
1327 1992 1520 2025 condemnant,
1540 2000 1663 2027 qurenec

880 2039 986 2067 discere
1002 2039 1110 2074 quidem
1123 2039 1210 2074 prius,
1229 2047 1260 2066 ac
1277 2047 1356 2067 nosse
1375 2044 1532 2074 potuerunt.
1553 2039 1580 2065 ln
1594 2039 1663 2066 alios

879 2093 945 2114 vero
965 2086 1028 2114 novi
1056 2086 1157 2114 furoris
1184 2086 1294 2113 morbus
1318 2090 1345 2112 et
1371 2085 1499 2112 inaudita:
1516 2085 1572 2118 (30)
1589 2085 1663 2112 labes

880 2132 991 2160 incessit
1005 2132 1128 2165 insania,
1144 2139 1208 2160 cum
1223 2136 1278 2159 tam
1301 2131 1454 2166 multaejus
1468 2131 1602 2158 volumina
1618 2138 1663 2157 re-

880 2177 949 2206 ferta
965 2179 1046 2206 totius
1061 2178 1187 2206 utilitatis
1201 2183 1229 2206 et
1252 2178 1441 2205 instructionis
1456 2177 1619 2208 habeantur,
1634 2182 1661 2204 et

880 2225 948 2252 satis
961 2232 1022 2252 rara
1036 2230 1064 2252 et
1077 2231 1213 2260 perpauca
1234 2223 1303 2252 forte
1319 2223 1376 2250 loca
1391 2224 1456 2256 sint,
1471 2224 1497 2250 in
1509 2223 1607 2258 quibus
1619 2222 1662 2249 vel

880 2270 1062 2304 imperitiores
1087 2270 1199 2305 quique,
1227 2268 1280 2301 vel,
1304 2270 1376 2303 quod
1408 2269 1510 2302 verius,
1533 2267 1662 2296 malevoli

879 2324 958 2352 posse
981 2316 1032 2344 sibi
1056 2317 1201 2344 videantur
1225 2315 1326 2343 oli'endi
1353 2324 1359 2342 :
1381 2315 1472 2342 omnia
1486 2315 1594 2350 quidem
1619 2314 1660 2341 illa

879 2369 940 2398 quae
962 2366 989 2390 et
1011 2361 1158 2394 catholica,
1173 2366 1201 2388 et
1223 2361 1256 2388 ad
1279 2360 1485 2389 :edilicationem
1498 2360 1605 2392 animae,
1621 2365 1664 2387 at-

879 2410 978 2445 quead
993 2410 1112 2437 scientiae
1126 2408 1334 2436 instructionem
1360 2409 1441 2436 etiam
1468 2409 1521 2443 ipsi
1545 2413 1607 2442 apta
1623 2407 1662 2433 ra-

883 2461 983 2488 lentur,
1008 2455 1137 2482 omittunt
1161 2460 1187 2482 et
1207 2455 1364 2490 negligant;
1389 2461 1438 2481 nec
1466 2454 1565 2488 aliquid
1588 2453 1663 2485 inde,

881 2500 953 2528 unde
968 2505 1082 2535 possunt
1100 2500 1157 2535 (51)
1170 2505 1197 2527 et
1208 2500 1449 2534 debentprollcere
1462 2508 1470 2532 ;
1485 2506 1517 2526 ea
1530 2507 1595 2526 vero
1605 2497 1661 2526 sola

879 2601 972 2637 postea
984 2596 1106 2630 plerique
1120 2596 1220 2624 habent
1242 2597 1379 2628 veritatis;
1397 2603 1448 2622 ms.
1465 2602 1529 2622 vero
1544 2594 1661 2630 Regius,

879 2635 1023 2658 veritatem.

915 2666 970 2701 (27)
991 2666 1068 2693 Mihi.
1084 2665 1247 2693 ltestituitur
1258 2674 1291 2692 ex
1309 2673 1358 2692 ms.
1374 2664 1543 2693 Corbeiensi.

916 2701 971 2736 (Ξε)
993 2701 1074 2733 Editi,
1088 2701 1302 2736 pray'udioatrt'x,
1320 2708 1383 2727 mss.
1401 2700 1588 2736 pra’judirala.

915 2736 972 2772 (29)
993 2736 1074 2767 Editi,
1096 2737 1282 2770 con/ileunlur,
1304 2736 1382 2763 male.
1399 2736 1484 2762 Paulo
1507 2739 1566 2769 post
1582 2741 1659 2766 mss..

879 2771 956 2806 plena
972 2771 1102 2798 ridiculis.

912 2806 970 2841 (50)
988 2806 1079 2839 Editi,
1101 2806 1184 2833 cludis
1216 2807 1318 2833 incessit
1346 2806 1460 2833 insania.
1485 2804 1562 2836 Mss.,
1587 2809 1614 2831 ut
1636 2805 1663 2831 in

990 2876 1072 2910 Editi,
1087 2882 1110 2904 et
1125 2877 1227 2910 debent,
1241 2876 1367 2911 proﬁcere
1379 2877 1476 2903 volunt.
1493 2875 1544 2904 bis.
1560 2874 1657 2902 Sorbe-
