1909 3080
267 126 320 155 547

864 125 894 154 S.
914 100 1078 154 PAMPlllLl
1097 124 1276 154 MARTYRIS
1824 129 1849 162 Sit

268 193 330 221 qua
343 185 377 213 ad
398 183 561 213 calumniam
584 182 739 218 proﬁciant,
756 190 864 211 summo
883 185 973 212 studio
997 184 1054 212 edi-
1068 187 1090 215 Α
1105 184 1263 219 gentilibus,
1289 189 1473 220 quantamque
1498 185 1636 214 haereticis
1662 185 1850 220 prabeanmn

266 236 364 260 scunt:
385 235 414 258 ut
426 230 472 266 qui
495 230 557 257 boni
581 229 649 257 nihil
661 236 779 264 unquam
795 229 867 257 forte
882 229 1050 263 didicerunt,

267 279 325 306 haec
338 284 399 312 qua
416 276 464 311 ipsi
484 283 538 302 non
566 282 628 303 esse
653 275 724 302 bona
737 275 841 307 dicttnt,
855 276 979 310 apprime
995 283 1053 303 me-

266 325 359 351 moriae
372 322 514 350 retinenda
534 322 745 349 commendent:
759 329 814 356 quo
822 321 950 349 videlicet
965 330 1054 357 prom-

265 369 338 404 ptius
352 377 384 396 ca
397 369 578 403 proferentes,
597 367 655 403 (52)
669 367 848 395 exercitatius
861 368 972 396 valeant
986 376 1052 396 con-

265 414 379 442 cinnare
391 414 555 442 calumnias.
581 414 662 440 Aliud
683 421 791 448 quoque
808 419 851 441 est
874 422 959 449 genus
969 415 1053 442 homi-

262 467 327 486 num
342 459 443 487 foedum
461 466 527 486 sane
546 463 574 486 et
586 463 675 493 turpe,
690 464 821 493 quantum
836 459 893 495 (55)
908 460 941 486 ad
960 461 1053 494 prohi-

265 510 349 533 tatem
368 505 489 540 pertinet
517 512 634 535 morum,
652 504 699 531 sed
719 505 754 531 ad
768 504 989 531 calumniandum
1007 511 1052 532 ve-

264 551 428 581 hemeutins,
445 556 471 577 et
493 550 591 577 tetrius
619 550 652 576 ad
669 550 859 582 incnsandum,
882 557 950 585 quos
965 549 1050 578 Graeci

264 597 320 633 (54)
336 596 545 632 φαγολοιδόρους
569 595 740 630 appellarunt
760 604 767 622 :
786 595 832 630 qui
847 604 981 623 sunnnum
995 596 1053 631 qui-

264 643 326 671 dem
341 643 473 675 studium,
497 643 545 670 sed
567 647 592 669 et
611 642 677 669 satis
698 642 831 668 intentant
851 649 962 676 operam
975 642 1052 670 libris

266 688 325 722 ejus
351 688 498 719 dederunt,
525 687 560 714 ita
581 691 611 714 ut
633 692 661 713 et
683 687 814 722 magistro
835 695 868 714 eo
884 687 910 714 in
925 688 1051 716 omnibus

264 738 418 766 uterentur,
444 737 471 761 et
497 740 527 760 se
550 733 574 760 ei
600 737 730 766 tanquam
751 733 884 767 speciales
903 733 1051 768 discipulos

264 779 455 814 manciparent
468 780 531 806 :sed
544 779 589 806 ubi
606 778 640 806 ad
658 779 683 806 id
697 778 747 805 loci
763 783 873 806 ventum
889 784 944 813 est,
958 780 1050 814 utjam

263 832 294 853 se
318 825 460 860 magistros
485 824 581 851 malint
612 832 695 859 quam
724 825 873 859 discipulos
903 826 1049 859 nominari,

266 870 311 899 ubi
328 870 386 906 (55)
402 870 534 898 auditoris
547 870 658 906 plausus
672 871 772 898 sectari
787 875 894 906 emptus
908 877 962 903 est,
978 872 1014 899 ibi
1024 872 1046 900 si
1064 878 1084 905 Β

266 917 336 944 forte
351 915 451 949 aliquis
470 916 641 948 audientium
672 923 732 950 quae
756 915 902 943 laudantur
925 916 1061 952 0rigenis~

263 963 585 995 esseobmurmuraverit,
602 969 636 989 ne
646 962 688 989 vel
707 961 786 989 laude
799 963 1048 998 cedantmagistro,

263 1007 304 1035 vel
319 1008 531 1042 culpajudicio,
541 1007 659 1035 alienum
677 1015 739 1035 esse
752 1007 896 1043 Origenem
920 1008 1050 1036 continuo

263 1057 459 1087 protestantur,
476 1052 543 1080 nihil
562 1053 613 1080 sibi
630 1061 691 1080 cuin
714 1054 799 1088 ipsius
823 1053 948 1081 doctrina
974 1061 1050 1082 cont-

263 1105 344 1126 mune
355 1105 416 1126 esse
431 1098 606 1126 conﬁrmant.
630 1099 784 1126 Anathema
815 1107 924 1134 quoque
948 1100 1048 1132 dicere,

262 1152 324 1172 eum
352 1153 405 1172 tton
429 1143 555 1172 dubitant
581 1144 714 1180 improbe,
737 1150 764 1172 et
787 1145 890 1173 inferre
905 1145 1048 1173 maledicta

266 1197 320 1217 non
340 1194 477 1224 parcunt;
503 1197 538 1218 ne
563 1189 639 1217 illum
665 1190 774 1225 quidem
795 1191 972 1226 apostolicum
994 1199 1050 1218 scr;

267 1242 374 1262 monem
395 1239 522 1263 verentes
545 1243 599 1270 quo
616 1235 753 1271 designat,
769 1237 833 1271 quia
858 1237 981 1264 maledici
1006 1245 1049 1264 res

263 1288 347 1316 gnum
373 1280 422 1308 Dei
448 1288 501 1309 non
530 1281 707 1316 possidebunt
727 1282 760 1311 ".
780 1282 811 1309 In
833 1287 937 1310 tantum
958 1287 1047 1310 autem

262 1327 372 1359 horum,
397 1327 430 1354 de
456 1327 556 1361 quibus
582 1326 638 1362 (56)
664 1335 744 1362 supra
762 1327 891 1360 diximus,
906 1334 1047 1363 progressa

261 1371 364 1399 malitia
379 1377 432 1405 est,
447 1377 477 1399 ut
493 1372 604 1407 quidam
622 1373 705 1400 etiam
723 1373 903 1401 conscribere
916 1373 1048 1401 adversus

262 1425 325 1446 eum
339 1419 397 1446 ausi
413 1419 478 1451 sint,
492 1423 520 1446 et
538 1418 638 1446 libellis
664 1419 746 1446 editis
771 1419 904 1454 derogare
927 1419 952 1446 ei
978 1419 1047 1452 viro,

263 1463 309 1498 qui
324 1471 372 1498 per
388 1468 427 1490 tot
451 1471 538 1491 annos
564 1464 697 1499 magister
713 1463 841 1491 Ecclesia:
865 1463 926 1496 fuit,
951 1464 997 1499 qui
1021 1465 1047 1491 in

265 1508 387 1536 Ecclesia
408 1509 463 1544 (37)
488 1508 624 1536 catholica
651 1510 751 1541 senuit,
776 1509 821 1544 qui
849 1510 979 1537 adversus
1002 1517 1048 1537 eas

1105 235 1151 256 eos
1165 236 1232 264 quos
1246 235 1396 258 assertores
1417 224 1565 259 Christiani
1585 231 1723 267 dogmatis
1745 236 1770 259 et
1789 232 1851 262 deleti

1104 280 1183 301 sores
1200 274 1342 309 putabant,
1355 274 1488 303 confutari
1503 284 1573 303 nunc
1585 276 1710 306 videant.
1731 281 1757 303 et
1771 276 1816 311 (39)
1829 286 1852 306 re

1104 319 1158 346 felli
1173 327 1188 346 a
1205 320 1333 354 propriis,
1345 325 1373 347 et
1388 321 1461 348 velut
1474 322 1545 348 civili
1565 321 1633 349 bello
1648 321 1785 356 gaudeant
1798 322 1853 357 impu

1103 370 1225 400 gnatum,
1237 372 1318 399 quem
1334 365 1382 400 ipsi
1397 365 1535 394 hostiliter
1549 366 1714 401 impugnare
1734 374 1782 393 non
1804 373 1854 402 (mte-

1103 415 1173 438 rant.
1195 411 1328 445 Quoniam
1343 420 1407 448 ergo
1422 413 1614 448 quamplurimi
1629 421 1664 440 ex
1683 413 1855 448 simplicioribtl

1103 457 1254 492 quibusque
1274 457 1405 486 fratribus
1422 466 1436 486 a
1456 466 1538 494 supra
1563 459 1645 486 dictis
1670 459 1807 491 iazdumnr,
1824 460 1857 498 (to)

1103 510 1155 530 non
1169 503 1256 530 soluta
1283 505 1316 531 de
1343 505 1387 532 his
1407 505 1453 539 qui
1474 505 1507 533 de
1527 506 1585 540 ipso
1605 505 1679 533 male
1697 506 1816 537 sentiunt.
1830 506 1857 535 ad

1102 549 1182 576 etiam
1201 550 1234 577 de
1247 549 1290 577 his
1304 551 1350 585 qui
1366 551 1456 578 studio
1469 551 1590 579 scientia:
1605 557 1632 578 et
1650 551 1859 590 intelligendam

1103 594 1307 629 Scripturarum
1336 595 1408 622 inter
1434 601 1549 623 czeteros
1576 596 1662 624 libros
1698 589 1778 623 etiam
1802 597 1860 632 ipsiu:

1101 640 1204 674 scripta
1229 641 1411 675 conspiciunt,
1434 641 1471 668 ita
1495 646 1524 668 ut
1545 641 1601 678 (il)
1631 649 1684 669 vos
1709 649 1810 676 quoque
1827 642 1861 677 ipsi

1102 685 1128 713 in
1144 687 1255 714 dubium
1273 687 1412 720 veneritis,
1438 695 1470 715 ne
1490 686 1562 715 forte
1587 688 1629 715 vel
1659 688 1817 715 multitudini
1835 689 1862 718 vel

1101 733 1256 760 auctoritati
1274 733 1499 761 calumniatorum
1522 735 1588 762 ﬁdes
1603 734 1703 762 debeat
1719 734 1828 762 adhiberi
1840 737 1862 762 its

1101 778 1145 806 his
1160 786 1221 814 qua!
1234 772 1333 815 passim
1352 779 1412 807 sine
1428 780 1483 807 ullo
1501 786 1626 816 respectu
1645 773 1862 808 όίιΐςιηιίιιιιυτεπὶέ

1100 832 1161 852 sum
1178 825 1255 853 nobis
1275 830 1327 858 est,
1345 826 1433 860 primo
1445 827 1556 862 quidem
1581 835 1683 854 curare
1707 827 1862 860 suspicionem

1101 874 1235 903 vestram;
1261 871 1341 898 simul
1360 872 1442 899 etiam
1460 880 1508 907 per
1519 872 1693 900 occasionem
1722 873 1808 903 vestri,
1821 880 1862 899 om-

1105 915 1177 942 nium
1190 915 1234 950 qui
1251 916 1276 942 ei
1292 915 1448 944 obtrectant
1461 917 1604 945 confutare
1626 917 1789 944 calumnias.
1807 917 1862 950 Quod

1104 961 1139 987 ita
1161 961 1240 988 nobis
1260 963 1387 997 prosequi
1413 963 1512 990 rectius
1534 963 1621 990 vismn
1643 969 1700 995 est,
1722 963 1776 998 (ιε)
1791 968 1816 989 ut
1826 968 1863 990 non

1103 1007 1203 1034 nostris
1217 1007 1307 1035 verbis
1331 1013 1359 1035 et
1380 1009 1578 1036 assertionibus
1600 1009 1787 1036 defensionem
1808 1015 1863 1043 pare:

1104 1059 1176 1084 unus,
1201 1052 1247 1079 sed
1273 1059 1305 1079 ex
1329 1045 1388 1080 suis
1413 1054 1530 1088 propriis
1558 1054 1685 1087 vocibus,
1712 1053 1805 1089 quibus
1824 1055 1863 1088 ipse

1102 1097 1193 1124 aliena
1220 1097 1272 1125 sibi
1295 1098 1354 1126 haec
1375 1106 1448 1131 esse,
1467 1107 1528 1134 quae
1552 1099 1595 1126 i‘sti
1619 1100 1762 1132 objiciunt,
1781 1100 1864 1134 proprio

1102 1149 1229 1170 sermone
1242 1148 1369 1176 testatur,
1386 1144 1412 1171 id
1424 1149 1476 1178 est,
1493 1152 1572 1172 omne
1588 1145 1721 1180 quidquid
1738 1150 1825 1180 praeter
1842 1146 1863 1171 ll-

1103 1189 1164 1216 dem
1188 1190 1350 1217 catholioam
1368 1191 1542 1225 prtedicatur:
1559 1191 1621 1226 quia
1640 1192 1662 1218 si
1681 1192 1780 1219 nostris
1795 1192 1862 1218 verbis

1103 1234 1159 1262 hate
1193 1242 1315 1262 asserere
1340 1236 1465 1268 velimus,
1494 1236 1674 1270 suspiciosum
1710 1236 1790 1263 videri
1814 1235 1863 1262 lortc

1102 1281 1196 1315 possit,
1224 1289 1258 1308 eo
1282 1283 1354 1316 quod
1379 1289 1429 1309 nos
1448 1289 1541 1310 amere
1565 1282 1622 1317 (ιδ)
1644 1282 1705 1316 eius
1719 1282 1740 1309 si
1758 1281 1813 1315 quid
1824 1282 1863 1315 ipse

1103 1333 1185 1360 prave
1205 1327 1321 1354 senserit
1336 1327 1527 1355 celaverimus.
1546 1326 1597 1355 Ubi
1622 1334 1718 1354 autem
1732 1328 1788 1362 ejus
1802 1326 1863 1361 ipsius

1101 1372 1147 1406 qui
1160 1377 1306 1400 accusatur
1319 1373 1432 1400 vocibus
1449 1374 1562 1407 utimur,
1588 1378 1615 1401 et
1638 1374 1671 1400 ad
1692 1381 1784 1400 omnes
1808 1371 1863 1406 obje.

1106 1418 1210 1446 ctiones
1233 1425 1422 1446 accusatorum
1437 1419 1495 1447 suis
1520 1419 1610 1447 verbis
1629 1428 1706 1451 eum,
1725 1427 1774 1446 non
1793 1423 1864 1445 nostra

1101 1463 1263 1497 assertione,
1294 1464 1475 1497 defendimus,
1503 1472 1564 1499 qua:
1599 1465 1669 1492 ultra
1702 1465 1809 1499 relinqui
1831 1471 1864 1498 po-

1102 1513 1155 1536 test
1168 1509 1225 1544 (M)
1238 1509 1438 1536 crintinationis
1457 1511 1574 1543 occasio,
1592 1510 1690 1538 saltem
1708 1510 1750 1537 his
1763 1510 1820 1543 ipsis
1832 1509 1864 1543 qui

265 1555 393 1588 haereses,
404 1546 527 1589 quasillo
540 1559 663 1589 tempore
675 1553 825 1582 Ecclesiam
842 1555 1046 1590 impugnabant,
1061 1556 1083 1587 α
1100 1562 1153 1582 non
1172 1555 1227 1582 veri
1243 1555 1346 1587 studio,
1360 1555 1406 1582 sed
1422 1556 1493 1583 velut
1505 1556 1616 1583 libidine
1626 1557 1746 1591 quadam
1761 1554 1864 1590 culpandi

263 1599 301 1626 ita
323 1604 492 1632 constanter,
524 1599 560 1626 ita
591 1599 698 1626 fortiter
722 1599 874 1632 dimicavit,
900 1604 929 1626 ut
955 1600 1047 1627 omnia

266 1653 360 1674 eorum
391 1646 531 1674 diabolica:
554 1647 764 1675 machinationis
788 1647 962 1675 fundamenta
987 1648 1051 1674 sub-

263 1691 388 1723 verterit,
403 1698 458 1719 non
471 1692 625 1719 studiorum
640 1691 773 1726 laborem,
789 1700 843 1720 non
857 1693 1048 1726 continentia),

263 1745 317 1765 non
330 1738 520 1771 institutionis,
535 1745 587 1766 non
603 1738 775 1772 humilitatis;
790 1746 851 1774 qua:
870 1746 953 1774 super
966 1743 1048 1766 caete-

263 1791 308 1812 ras
321 1791 416 1812 omnes
432 1784 547 1812 virtutes
557 1784 615 1819 ejus
625 1785 771 1812 maximam
785 1785 900 1820 gratiam
916 1786 1047 1818 continet,

263 1837 317 1856 tton
330 1829 394 1856 illud
413 1835 488 1857 certe
503 1830 711 1858 considerantes
732 1832 805 1865 quod
822 1831 985 1866 presbyterii
1008 1831 1049 1858 di-

263 1875 364 1909 gnitate
378 1875 404 1902 in
421 1875 541 1903 Ecclesia
557 1876 706 1903 honoratus
720 1883 772 1904 est.
787 1877 853 1909 Quae
863 1876 885 1903 si
901 1876 993 1904 omnia
1010 1876 1043 1903 ad

265 1921 446 1948 revocandam
469 1921 600 1956 linguam.
634 1923 923 1957 comprimendumque
947 1929 1051 1949 sermo-

265 1974 325 1994 netu
348 1967 473 1995 sttilicere
499 1975 551 1995 non
579 1973 702 2002 possunt,
729 1968 792 1994 illud
817 1968 912 1995 saltem
929 1973 1051 1995 contem-

261 2012 331 2047 piari
353 2013 512 2046 debuerant,
533 2019 663 2048 quantam
691 2013 750 2049 (38)
777 2014 884 2041 ridendi
908 2015 1050 2041 materiam

301 2094 349 2131 ‘°_l
365 2096 428 2124 Cor.
442 2104 480 2130 VI,
496 2096 540 2124 l0.

1100 1607 1207 1634 semper
1231 1600 1384 1635 agitantur?
1409 1600 1442 1628 Et
1458 1601 1585 1635 quoniam
1601 1602 1633 1628 de
1649 1609 1682 1628 eo
1708 1609 1777 1628 nunc
1795 1607 1865 1627 sermo

1100 1649 1152 1677 est,
1177 1645 1222 1680 qui
1249 1645 1342 1680 utique
1363 1647 1434 1681 apud
1458 1646 1583 1674 homines
1611 1646 1758 1674 defunctus
1773 1650 1818 1678 est,
1831 1645 1864 1680 qui

1101 1691 1171 1726 apud
1190 1691 1247 1726 με)
1268 1699 1363 1719 omnes
1385 1692 1493 1727 iudices
1518 1689 1566 1727 pro
1591 1692 1720 1720 defuncto
1744 1692 1830 1719 fortius
1846 1696 1864 1717 et

1103 1737 1207 1764 ﬁrmius
1231 1737 1321 1765 valere
1345 1738 1436 1772 debet,
1458 1746 1541 1773 quam
1564 1743 1592 1766 et
1612 1738 1722 1770 litterw,
1740 1743 1766 1764 et
1786 1737 1865 1772 scripta

1102 1782 1222 1810 defuncti
1234 1782 1248 1810 Υ

1137 1829 1299 1864 lncipientes
1326 1829 1408 1865 igitur
1442 1830 1549 1858 indiciis
1582 1831 1749 1864 scriptorum
1775 1835 1865 1857 suorum

1103 1875 1249 1902 ostendere
1263 1875 1327 1910 quid
1351 1877 1383 1903 de
1401 1876 1515 1910 singulis
1534 1877 1660 1908 senserit,
1680 1884 1712 1903 ex
1731 1876 1770 1902 his
1790 1874 1864 1909 praci-

1102 1929 1156 1956 pue
1183 1921 1263 1949 libris
1296 1922 1450 1949 testimonia
1476 1922 1712 1957 congregabimus,
1739 1921 1792 1957 (ιϐ)
1814 1927 1865 1954 quos

1104 1973 1278 1996 accusatores
1290 1967 1349 2003 ejus
1365 1976 1444 2004 quain
1457 1969 1574 1996 maxime
1588 1968 1775 2000 criminantur,
1791 1967 1864 1996 idest,

1103 2022 1173 2050 quos
1200 2023 1250 2051 per
1274 2015 1392 2051 spatium
1413 2019 1442 2042 et
1459 2015 1578 2050 quietem
1602 2015 1629 2042 in
1643 2019 1750 2042 secreto
1764 2012 1865 2041 conscri-

261 2167 350 2206 nicus,
372 2168 514 2206 et_deltent
536 2168 673 2204 proﬁcere,
698 2162 847 2196 assumant.
865 2167 962 2196 Caneri
982 2175 1046 2196 vero
1060 2176 1085 2206 ο
1099 2167 1322 2206 ωιξ.ηρ[ςιιίῳιξ.
1348 2167 1431 2206 ipsius
1445 2166 1548 2206 _uripta
1564 2165 1719 2200 conﬁciunt,
1737 2165 1810 2206 male.

261 2204 342 2234 mss"
356 2207 386 2230 ut
403 2203 429 2230 in
446 2208 533 2231 textu.

298 2237 354 2273 (3‘2)
376 2238 481 2265 Merlini
496 2239 577 2266 editio
592 2247 734 2274 perperam
752 2239 845 2272 habet,
869 2239 984 2265 exterius
999 2247 1045 2266 va-

263 2271 333 2298 leant
345 2271 499 2300 continuare
515 2271 673 2302 calumnias.
689 2273 753 2301 Mss.
770 2274 870 2301 habent
890 2275 1044 2306 exercitius,

265 2311 313 2340 pro
327 2308 506 2341 exercitatius,
519 2314 617 2336 caetera
633 2317 698 2336 vero
713 2315 742 2336 ut
756 2310 782 2335 in
802 2314 885 2336 textu.

300 2341 356 2378 (735)
375 2342 573 2378 Genebrardus,
586 2344 620 2370 ad
631 2345 822 2378 probationem,
850 2343 930 2371 male.

301 2377 358 2411 (56)
379 2376 416 2404 lta
444 2377 583 2411 legendum
607 2376 723 2406 videtur.
746 2379 850 2406 Merltni
877 2386 941 2405 vero
963 2378 1047 2405 editio

266 2411 412 2450 μάᾳτιγας.
428 2412 516 2450 Codett
536 2413 714 2450 Sprbonicus,
729 2414 972 2450 Pltangoloedorot.
989 2414 1047 2441 (lae:

265 2447 313 2474 teri
332 2455 397 2474 mss.
412 2453 439 2474 et
449 2448 526 2479 editi,
541 2447 764 2482 Phagoloedoros.

298 2481 357 2518 (55)
377 2481 440 2510 Mss.
455 2483 576 2518 quidam,
591 2481 766 2517 auditoribus,
781 2484 817 2511 al.
834 2483 865 2510 ab
881 2483 1047 2510 auditoribus

264 2517 313 2553 [aL
329 2517 506 2554 auditorum].
532 2518 634 2545 Deinde
657 2520 738 2546 tidem
759 2527 837 2552 mss.,
859 2519 956 2554 aliquis
971 2526 1048 2546 acce-

264 2553 426 2580 dentium...
439 2553 654 2579 obmurmuraml.

299 2587 355 2623 (36)
376 2587 472 2624 Supra.
489 2588 570 2624 Deest
587 2588 613 2614 in
630 2588 720 2624 editis,
734 2592 761 2616 et
771 2589 911 2624 suppletur
926 2596 959 2616 ex
981 2595 1047 2616 mss.

299 2624 356 2658 (37)
377 2623 523 2650 Catholica.
539 2623 763 2651 Praetermittitur
777 2623 905 2651 ineuntis.

299 2657 356 2692 (38)
382 2658 450 2685 Editi
471 2658 622 2690 irridendi,-
644 2659 742 2686 deinde
760 2658 964 2691 Genebrardus,
995 2658 1046 2684 tri-

264 2692 344 2719 buant
357 2701 406 2728 pro
433 2693 565 2727 praebeant
577 2700 586 2720 :
597 2699 625 2721 et
638 2694 718 2728 paulo
739 2698 802 2729 post
819 2702 870 2721 tus.
883 2702 952 2721 unus
968 2693 1050 2721 habet

263 2733 355 2760 putant
372 2736 420 2762 pro
437 2729 574 2762 putabant.

299 2736 355 2754 ωηι
391 2736 420 2755 l'0
437 2736 574 2762 putauerit.

298 2762 354 2799 (7)9)
372 2736 412 2799 ῗιπι
427 2764 578 2795 mss.,editi
597 2771 672 2797 vero,
691 2764 790 2799 repelli.

299 2797 418 2833 (Μηδία
430 2803 503 2825 recte
517 2805 583 2833 mss.
602 2797 832 2833 quidamLCaeteri
842 2807 917 2831 vero,
933 2803 960 2826 et
972 2797 1048 2830 editi,

265 2838 316 2857 tum
328 2831 412 2858 auium
423 2838 450 2860 ut
462 2833 510 2868 Lai.
517 2832 574 2868 qui]
581 2831 679 2868 de’ipso
690 2834 758 2861 male
766 2835 889 2861 sentiant.
901 2835 982 2861 l'aulo
991 2839 1051 2868 post

1134 2199 1198 2238 (4|)
1211 2199 1316 2229 Merlitti
1332 2202 1426 2238 editio,
1442 2201 1479 2227 ita
1500 2199 1528 2238 tu
1541 2210 1590 2238 nos
1612 2199 1716 2238 quoque
1736 2201 1782 2238 ipsi
1793 2199 1815 2225 in
1828 2199 1865 2238 dti-

1097 2233 1168 2264 bitint
1179 2233 1336 2272 petierimus,
1349 2244 1381 2263 ne
1394 2236 1462 2271 forte
1474 2237 1511 2263 ιιιι
1527 2233 1726 2272 multitudini...
1738 2233 1820 2272 debeat
1830 2233 1865 2272 ml-

1095 2273 1190 2299 Itiberi.
1218 2271 1268 2298 Ms.
1295 2268 1461 2298 Sdrboiiicus
1485 2277 1512 2299 et
1538 2271 1567 2299 S.
1598 2271 1737 2298 Michaelis
1762 2270 1784 2296 in
1805 2268 1864 2294 Peri-

1097 2308 1157 2335 eulo
1173 2308 1268 2337 maris,
1279 2307 1398 2333 timente:
1413 2312 1474 2333 utet
1492 2313 1652 2343 easquoque
1668 2307 1719 2343 ipsi
1732 2307 1757 2332 in
1770 2305 1863 2343 ditium

1096 2343 1229 2374 veniretis,
1246 2349 1277 2368 ne
1290 2342 1357 2374 forte
1374 2347 1402 2368 ut
1418 2339 1618 2368 multitudini...
1631 2341 1736 2367 deberet
1751 2339 1862 2376 adhiberi.

1097 2377 1193 2405 Castori
1212 2385 1291 2409 mss.,
1305 2381 1332 2402 ut
1350 2385 1393 2403 vos
1409 2384 1512 2411 quoque
1527 2376 1575 2409 ipsi
1589 2377 1616 2402 in
1631 2376 1738 2412 dubium
1754 2380 1862 2412 salirent.

1098 2421 1129 2439 ne
1146 2412 1214 2447 forte
1229 2417 1274 2438 aut
1285 2407 1506 2438 'ntultilud'inii...
1524 2407 1627 2447 deberet
1644 2409 1770 2447 adhiberi.
1779 2407 1863 2447 prinde

1097 2442 1174 2478 ediii,
1191 2447 1290 2481 passim
1315 2450 1338 2473 ιι
1361 2447 1415 2473 sine
1441 2451 1568 2481 respectu.
1596 2445 1680 2472 Paulo
1703 2449 1761 2480 post
1777 2442 1861 2469 Merliui

1098 2483 1194 2514 editio,
1208 2482 1384 2516 suspicionem
1394 2487 1522 2514 nostram,
1543 2481 1622 2508 simul
1642 2481 1723 2507 etiam
1745 2486 1788 2513 per
1802 2484 1862 2503 om»

1098 2518 1199 2544 sionem
1215 2517 1311 2546 nostri,
1328 2521 1382 2543 etc.

1134 2551 1285 2588 (42)_lllss.
1308 2551 1474 2588 sorhonicus
1497 2556 1524 2578 et
1551 2550 1758 2588 S.>»Michaelis‘,
1782 2550 1808 2574 ut
1822 2552 1861 2571 πολι

1100 2585 1187 2614 ηοὸιγῖ
1201 2586 1248 2622 (al.
1265 2585 1356 2622 uestri]
1374 2586 1442 2612 verbi
1454 2586 1654 2617 assertionibus,
1668 2591 1722 2612 etc.
1758 2618 1764 2622 Δ

1136 2622 1192 2656 (45)
1201 2616 1293 2656 'Ejus,
1306 2626 1334 2648 et
1346 2616 1428 2656 paulo
1442 2626 1513 2656 post,
1526 2623 1635 2653 utimur,
1649 2621 1745 2647 desunt
1758 2616 1859 2645 inedi“!-

1137 2657 1192 2692 (44)
1215 2656 1252 2683 Ita
1273 2664 1338 2683 mss.
1358 2656 1427 2683 Editi
1447 2664 1521 2693 vero.
1534 2656 1776 2693 criminatoribus“
1802 2686 1816 2693 μ

1137 2686 1193 2729 (45)
1214 2692 1259 2719 Sic
1281 2697 1354 2729 recte
1368 2699 1433 2729 mss.
1450 2692 1520 2719 Editi
1535 2698 1610 2721 vero,
1625 2692 1743 2717 homines
1762 2686 1859 2723 iudicet.

1100 2726 1231 2755 Merlinus
1249 2727 1349 2754 omittit
1361 2726 1475 2760 judtcet.
1691 2760 1696 2762 Α
1790 2758 1795 2762 ,

1138 2764 1195 2795 (46)
1216 2761 1281 2790 Mss.
1295 2756 1394 2799 nostri,
1407 2770 1466 2799 quia
1485 2765 1661 2799 accusatores“
1672 2760 1770 2799 ιλιιςς...ἶ
1788 2756 1859 2799 id!le

1101 2790 1159 2833 qua:
1174 2790 1220 2832 p'er
1238 2790 1400 2830 spatium...
1413 2790 1474 2825 Ἰιιεσ
1484 2797 1565 2830 enim,
1577 2801 1632 2824 etc.
1645 2790 1698 2824 Sed
1711 2795 1801 2822 rectius
1809 2790 1861 2818 editi

1103 2838 1132 2860 ut
1147 2833 1172 2859 in
1189 2837 1275 2859 textu.
