1909 3080
51 132 107 161 519

664 120 833 152 APOLOGIA
853 120 922 149 PRO
940 116 1092 148 ORIGENE

1637 113 1690 144 550

49 192 110 227 psit
125 200 135 220 ε
146 192 202 220 hos
212 190 288 219 enim
302 192 427 218 asserttnt
438 187 556 216 maxime
569 193 584 213 a
599 185 792 221 praedicatione
805 192 851 212 ec-
867 187 886 212 Α
900 181 984 213 Euos,
998 180 1102 213 Enoch,
1128 177 1195 227 l‘loe,
1220 177 1294 211 Sem,
1311 177 1467 227 Abraham,
1493 176 1579 227 isaac,
1592 175 1688 208 Jacob,

49 232 217 264 ciesiastica
230 235 401 270 discrepare:
415 241 448 261 ex
461 233 503 260 his
514 232 650 267 praecipue
670 230 760 262 libris,
782 238 851 265 quos

50 282 128 316 Περὶ
140 280 250 317 ἀρχῶν
273 280 432 311 attitulavit,
451 279 476 306 in
493 278 592 313 quibus
614 277 811 312 quamplurima
835 283 849 302 a

50 327 309 355 calumniatoribus
325 327 495 354 incusautur.
512 324 539 351 In
558 324 600 351 his
622 330 688 358 ergo
710 322 765 358 (4⁵1)
787 322 852 357 ipsis

51 372 131 400 inter
150 372 287 408 principia
302 371 373 407 quali
388 370 559 405 expositione
575 369 637 396 fidei
653 377 717 396 usus
733 369 769 396 sit
789 374 851 402 pro-

51 417 185 445 feremus
203 426 209 445 :
229 423 285 445 tum
302 417 401 445 deinde
426 421 453 443 ei
473 424 508 443 ex
532 416 576 443 his
600 423 660 450 quae
675 415 789 449 sparsim
810 414 850 441 vel

52 470 106 498 per
137 464 216 498 ipsos
245 463 329 491 libros
352 462 394 490 vel
408 467 522 490 caeteros
541 461 638 494 sensit,
654 460 852 495 assignabimus

51 516 123 535 eum
154 509 376 544 prmdicationem
411 509 585 543 apostolicam
621 507 779 535 custodisse.
804 506 853 533 Est

50 562 127 589 ergo
143 555 227 583 lectio
244 563 278 582 ex
291 555 378 590 primo
392 555 461 583 libro
481 555 550 590 Περὶ
560 554 670 590 ἀρχῶν,
695 561 775 589 quam
787 560 851 588 pro-

51 600 202 634 misimus,
215 600 283 628 hazc.
400 603 405 608 '

384 646 497 674 CAPUT
517 645 538 673 i.

174 691 318 728 Catalogus
335 692 520 720 ecclesiastica:
538 691 745 727 praedicationis.

92 737 248 766 ORIGENES.
264 739 320 774 (48)
339 747 349 764 ‹
368 738 445 765 Sicut
456 738 540 769 enim,
557 737 649 764 multis
663 737 732 771 apud
744 736 853 764 Graecos

51 788 83 812 et
103 785 244 812 barbaros
267 784 454 819 pollicentibus
470 785 618 814 veritatem,
636 783 691 819 (19)
706 783 853 811 desivimus

53 831 134 864 apud
149 837 250 858 omnes
263 837 321 857 eam
336 836 460 864 quaerere
474 829 520 863 qui
536 836 596 856 eatn
621 828 697 856 falsis
719 828 852 863 opinioni-

905 228 1047 255 duodecitn
1065 225 1295 260 patriarcharum,
1311 223 1413 258 Moysis
1428 227 1456 250 et
1469 223 1666 258 prophetarum
1681 231 1688 249 :

905 278 934 300 et
952 273 1024 307 quod
1044 271 1088 299 hic
1116 271 1187 298 Deus
1206 270 1233 297 in
1256 269 1414 297 novissimis
1428 267 1534 300 diebus,
1553 268 1626 295 sicut
1643 275 1692 302 per

905 319 1050 353 prophetas
1069 325 1133 346 suos
1159 320 1222 344 ante
1243 315 1416 351 promiserat,
1444 314 1517 342 misit
1542 314 1686 341 Dominum

905 363 997 391 Iesum
1018 363 1170 394 Christum,
1183 362 1272 396 primo
1287 361 1396 395 quidem
1411 365 1569 387 vocaturum
1594 359 1690 392 lsrael,

905 409 1024 436 secundo
1039 414 1104 435 vero
1127 408 1211 434 etiam
1235 410 1328 441 gentes
1353 410 1414 440 post
1435 406 1576 439 pertidiam
1600 405 1691 438 populi

905 455 997 482 israel.
1016 455 1065 482 Hic
1079 453 1149 481 Deus
1163 453 1252 488 justus
1267 458 1293 480 et
1308 453 1408 484 bonus,
1424 451 1506 479 Pater
1520 451 1625 478 Domini
1640 458 1692 478 no-

909 503 959 530 stri
972 500 1036 528 Iesu
1059 500 1173 532 Christi,
1191 500 1287 534 legem,
1308 504 1335 526 et
1352 499 1508 534 prophetas,
1526 504 1553 524 et
1571 498 1692 533 Evange-

887 563 892 568 ε
910 548 949 581 lia,
964 548 1021 582 ipse
1034 546 1117 579 dedit,
1135 546 1180 580 qui
1195 551 1222 573 et
1233 545 1416 580 apostolorum
1435 545 1506 572 Deus
1526 549 1578 577 est,
1599 549 1626 572 et
1641 545 1692 572 Ve-

907 594 972 620 teris
985 597 1014 620 et
1032 592 1098 620 Novi
1113 592 1291 620 'l‘estameuti.
1316 591 1386 618 Tum
1407 591 1507 618 deinde
1531 591 1594 626 quia
1611 591 1691 618 Chri-

905 643 963 665 stus
987 637 1066 666 Jesus
1084 639 1141 673 ipse
1166 638 1213 672 qui
1237 638 1397 670 venit,ante
1409 644 1518 664 omnem
1537 641 1691 663 creaturam

907 691 987 713 natus
999 693 1033 712 ex
1044 685 1125 713 Patre
1140 690 1191 712 est.
1208 684 1259 718 Qui
1281 692 1342 712 cum
1357 684 1384 712 in
1397 684 1519 712 omnium
1538 683 1693 711 conditione

906 731 979 758 Patri
994 731 1177 758 ministrasset
1192 730 1249 766 (per
1270 731 1358 765 ipsum
1381 738 1499 765 namque
1514 731 1603 757 omnia
1622 729 1693 764 facta

906 784 965 805 sunt
981 778 1004 793 ”
1017 778 1028 813 )
1043 777 1199 805 n0vissimis
1219 777 1385 812 temporibus
1397 778 1516 811 seipsum
1534 776 1696 803 exinaniens

907 824 988 852 homo
1004 824 1093 852 factus
1110 828 1173 857 est;
1191 824 1350 851 incarnatus
1373 828 1415 851 est
1435 831 1497 850 cum
1513 822 1584 850 Deus
1606 827 1692 855 esset,

54 874 111 900 ltus
150 873 325 905 asserebant,
351 878 527 908 posteaquam
559 873 726 900 credidimus
756 872 853 899 Filium
869 869 891 896 Β
905 876 932 898 et
945 871 1026 898 homo
1042 870 1130 898 factus
1158 871 1259 897 mansit
1273 870 1345 904 quod
1359 874 1419 897 erat
1431 870 1511 896 Deus.
1527 869 1631 903 Corpus
1649 876 1695 896 as—

51 926 122 946 esse
137 918 186 946 Dei
203 918 359 950 Christum,
387 922 416 945 et
442 918 475 945 ab
497 918 555 952 ipso
571 918 649 945 nobis
664 917 734 944 hanc
748 917 873 944 discen-.
905 917 1021 951 sumpsit
1036 922 1131 944 nostro
1153 916 1263 951 corpori
1293 916 1395 948 simile,
1419 923 1453 943 eo
1467 915 1525 943 solo
1551 914 1692 947 diii‘ereus,

53 965 124 991 dam
147 971 212 991 esse
237 963 420 998 persuasimus
443 975 450 992 :
470 964 517 997 ita,
530 971 591 990 cum
608 963 684 990 multi
697 963 752 990 sint
767 963 812 998 qui
826 971 855 990 se

53 1014 160 1044 putant
177 1010 279 1036 sentire
293 1016 354 1044 quae
369 1008 470 1037 Christi
486 1013 559 1043 sunt,
574 1012 602 1036 et
618 1008 740 1036 normulli
755 1015 851 1036 eorum

53 1055 171 1082 diversa
197 1062 212 1081 a
236 1054 372 1090 prioribus
397 1055 528 1088 sentiant,
552 1058 674 1082 servetur
690 1061 754 1081 vero
768 1054 856 1081 eccle-

53 1100 176 1127 siastica
203 1099 361 1134 praedicatio
383 1106 433 1133 per
456 1098 642 1126 successionis
665 1099 789 1126 ordinem
821 1099 855 1126 ab

54 1146 197 1180 apostolis
212 1145 322 1178 tradita,
339 1149 366 1172 et
379 1151 466 1180 usque
481 1145 513 1172 ad
533 1151 651 1179 praesens
675 1145 702 1172 in
723 1144 854 1172 Ecclesiis

56 1198 242 1226 permanens,
269 1190 314 1217 illa
338 1190 394 1218 sola
411 1190 545 1218 credenda
559 1190 728 1226 est/veritas,
743 1197 804 1225 quae
824 1191 849 1218 in

55 1237 136 1264 nullo
152 1238 188 1264 ab
202 1237 384 1265 ecclesiastica
398 1237 547 1264 traditione
571 1237 723 1264 discordat.
741 1236 798 1272 (56)
821 1237 855 1263 ll—

57 1283 107 1310 iud
128 1287 223 1310 autem
239 1282 311 1310 scire
331 1287 450 1318 oportet,
476 1283 604 1318 quoniam
629 1283 717 1310 sancti
740 1283 854 1316 apostoli

59 1329 144 1356 iidem
167 1328 269 1356 Christi
290 1329 477 1364 praedicantes.
500 1329 533 1356 de
557 1329 717 1363 quibusdam
746 1329 852 1363 quidem

58 1381 236 1411 quaecunque
260 1374 414 1402 necessaria
442 1374 618 1401 crediderunt
644 1374 770 1401 omnibus
794 1381 855 1401 cre-

58 1421 206 1452 dentibus,
230 1420 311 1448 etiam
339 1420 382 1447 his
401 1420 446 1455 qui
469 1420 603 1456 pigriores
622 1427 685 1456 erga
703 1420 856 1455 inquisitio-

60 1474 127 1494 nem
162 1466 260 1494 divime
289 1466 410 1494 scientiae
434 1465 607 1499 videbantur,
636 1465 856 1493 manifestissime

61 1512 252 1545 tradiderunt,
278 1512 411 1539 rationem
441 1511 548 1539 scilicet
570 1511 732 1539 assertionis
758 1518 852 1539 eorum

905 963 977 998 quod
988 967 1067 989 natus
1088 970 1121 989 ex
1148 961 1260 996 Virgine
1282 966 1310 988 et
1338 961 1441 996 Spiritu
1461 966 1559 989 sancto
1580 966 1633 988 est.
1660 960 1694 988 Et

905 1007 1030 1042 quoniam
1046 1007 1090 1034 hic
1105 1006 1185 1034 .iesus
1199 1007 1324 1034 Christus
1350 1012 1430 1033 natus
1451 1011 1479 1033 et
1502 1013 1597 1040 passus
1608 1011 1650 1033 est
1666 1007 1696 1033 in

905 1053 1028 1084 veritate,
1053 1057 1081 1080 et
1107 1060 1160 1079 non
1188 1060 1236 1087 per
1259 1052 1419 1087 imaginem,
1436 1052 1494 1087 (55)
1520 1060 1692 1079 communem

905 1098 976 1126 hanc
991 1103 1105 1125 mortem
1123 1098 1256 1125 sustinuit
1280 1105 1344 1125 vere
1367 1103 1514 1125 mortuus:
1533 1105 1596 1125 vere
1618 1106 1697 1125 cntm

905 1149 959 1171 eta
977 1145 1091 1171 mortuis
1115 1144 1267 1172 resurrexit
1292 1152 1299 1171 :
1326 1148 1354 1171 et
1377 1149 1437 1178 post
1465 1143 1693 1171 resurrectionem

906 1194 1085 1218 conversatus
1111 1198 1172 1217 cum
1204 1189 1345 1224 discipulis
1369 1190 1437 1220 suis,
1462 1195 1617 1224 assumptus
1640 1194 1692 1217 est.

907 1237 974 1264 Tum
989 1236 1089 1264 deinde
1114 1236 1219 1264 honore
1234 1244 1266 1263 ac
1283 1236 1417 1271 dignitate
1432 1235 1504 1262 Patri
1519 1241 1546 1262 et
1560 1235 1629 1263 Filio
1650 1243 1694 1263 so-

908 1284 1009 1310 ciatum
1028 1282 1197 1310 tradiderunt
1216 1281 1350 1317 Spiritum
1366 1287 1502 1309 sanctutn.
1525 1282 1554 1308 in
1570 1281 1621 1308 hoc
1640 1289 1692 1308 non

903 1328 959 1363 jam
988 1329 1131 1356 manifeste
1150 1329 1317 1356 discernitur
1333 1333 1423 1355 utrum
1445 1333 1525 1356 natus
1539 1329 1586 1360 sit,
1601 1336 1634 1355 an
1653 1328 1696 1355 in—

907 1380 997 1403 natus.
1015 1384 1024 1401 I

942 1420 1105 1449 PAIPBILUS.
1126 1420 1177 1454 Qui
1192 1421 1226 1448 de
1242 1424 1307 1447 nato
1322 1420 1365 1447 vel
1381 1419 1477 1447 innato
1489 1420 1614 1455 requirit,
1633 1420 1694 1448 sine

906 1467 990 1494 dubio
1015 1471 1149 1494 creatura:
1176 1467 1203 1494 in
1230 1473 1263 1493 eo
1288 1465 1388 1493 nullam
1419 1466 1501 1493 habet
1527 1466 1693 1501 opinionem,

907 1513 1025 1547 alioquin
1042 1517 1070 1539 et
1092 1513 1143 1539 hoc
1161 1512 1319 1540 adduxisset
1341 1512 1375 1539 ad
1403 1511 1619 1548 inquisitionem.
1635 1512 1693 1547 (5‘)

43 1572 46 1575 -
61 1558 258 1592 relinquentes
277 1558 312 1585 ab
335 1558 376 1585 itis
393 1557 584 1593 inquirendam
602 1557 659 1593 (Si)
675 1557 720 1592 qui
736 1557 853 1592 Spiritus
867 1545 888 1574 (ἶ
906 1557 939 1584 Ει
951 1545 1074 1591 adiungit
1089 1563 1097 1583 :

60 1605 134 1632 dona
149 1603 323 1636 excellentia,
339 1608 366 1631 et
385 1604 520 1638 praecipue
536 1603 681 1637 sermonis,
701 1604 852 1638 sapientiai,

60 1654 90 1676 et
105 1649 229 1677 scientiae
247 1657 295 1684 per
309 1649 396 1684 ipsum
411 1649 543 1684 Spiritum
561 1653 687 1676 sanctum
710 1649 854 1684 percipere

64 1695 266 1722 merebantur:
284 1696 316 1723 de
336 1694 397 1722 aliis
421 1701 486 1722 vero
506 1694 635 1722 dixerunt
656 1695 764 1730 quidem
791 1695 854 1730 quia

63 1741 134 1772 sint,
157 1740 294 1774 quomodo
318 1744 418 1772 autem,
443 1744 489 1766 aut
512 1739 583 1767 unde
606 1740 671 1773 sint,
699 1741 853 1768 siluerunt:

65 1786 192 1820 profecto
209 1791 239 1813 ut
251 1786 430 1814 studiosiores
442 1786 541 1821 quique
555 1793 588 1813 ex
601 1786 719 1820 posteris
729 1786 785 1814 suis
795 1787 854 1822 (52)

64 1837 208 1860 amatores
223 1831 361 1866 sapientia).
377 1837 404 1860 et
421 1832 554 1864 scientiae,
568 1833 730 1860 exercitium
754 1833 856 1860 habere

64 1881 189 1910 possent,
203 1876 230 1903 in
243 1883 296 1910 quo
311 1876 412 1911 ingenii
430 1876 471 1904 sui
487 1875 606 1904 fructum
622 1877 768 1904 ostendere
782 1877 855 1905 vale-

65 1926 140 1953 rent,
159 1922 186 1949 hi
202 1922 328 1949 videlicet
342 1922 389 1957 qui
409 1923 505 1957 dignos
518 1929 548 1949 se
566 1926 593 1949 et
610 1929 725 1957 capaces
749 1924 856 1958 sapien-

67 1968 113 1995 tia:
128 1973 326 2003 praepararent.
337 1968 448 2003 Species
467 1975 530 1995 vero
546 1975 639 1996 eorum
655 1975 715 2003 qua:
728 1975 777 2003 per
789 1977 856 2003 prae-

64 2014 233 2041 dicationem
248 2013 424 2049 apostolicam
451 2013 597 2042 manifeste
625 2013 781 2047 traduntur,
798 2015 856 2042 ista:

66 2064 142 2086 sunt.
157 2058 250 2087 Primo
267 2059 337 2094 quod
352 2067 422 2087 unus
434 2064 476 2088 est
488 2060 558 2087 Detts
570 2059 617 2095 qui
635 2059 727 2087 omnia
742 2060 855 2093 creavit,

67 2110 153 2140 atque
166 2105 330 2140 composuit,
356 2106 457 2141 quique
480 2114 514 2134 ex
535 2106 618 2134 nullis
634 2113 695 2134 esse
712 2105 778 2134 fecit
794 2107 856 2134 uui-

66 2159 148 2180 versa
175 2153 207 2183 “,
237 2153 308 2180 Deus
336 2160 352 2180 a
379 2154 466 2188 prima
492 2158 618 2181 creatura
645 2158 672 2181 et
702 2154 857 2183 conditione

67 2198 162 2226 mundi
179 2198 300 2225 omnium
318 2198 454 2233 iustorum
470 2199 550 2232 Deus,
564 2199 663 2234 Adam,
682 2199 761 2234 Abel,
776 2200 855 2235 Seth,

106 2254 129 2269 “
149 2251 172 2279 il
184 2252 309 2281 Machab.
325 2261 375 2289 vn,
390 2254 437 2282 28.
475 2254 497 2270 "
513 2253 591 2282 Joan.
609 2262 628 2286 t,
644 2255 670 2282 5.

939 1603 1087 1632 Onasus.
1108 1612 1118 1629 ι
1133 1603 1180 1630 Vel
1196 1603 1281 1630 Filius
1301 1603 1383 1631 etiam
1397 1603 1455 1638 ipse
1479 1603 1528 1631 Dei
1554 1602 1696 1631 habendus

905 1650 950 1682 sit,
975 1657 1070 1677 necne.
1098 1648 1152 1676 Sed
1172 1649 1333 1683 inquirenda
1357 1649 1413 1683 jam
1436 1649 1488 1676 ista
1511 1656 1561 1683 pro
1584 1649 1694 1676 viribus

905 1699 968 1722 sunt
982 1695 1016 1722 tle
1036 1699 1129 1722 sancta
1158 1694 1310 1729 Scriptura,
1335 1700 1363 1721 et
1388 1695 1479 1729 sagaci
1496 1695 1695 1729 perquisitione

906 1739 1105 1774 investiganda.
1149 1739 1221 1766 Sane
1251 1739 1323 1774 quod
1356 1739 1409 1767 iste
1441 1739 1560 1774 Spiritus
1583 1745 1695 1766 sanctus

906 1791 1125 1819 unumquemque
1154 1789 1312 1812 sanctorum
1339 1784 1382 1812 vel
1411 1785 1627 1819 prophetarum,
1652 1785 1695 1811 vel

906 1830 1088 1864 apostolorutn
1105 1829 1162 1865 (55)
1178 1829 1362 1864 inspiraverit,
1377 1835 1404 1857 et
1419 1837 1473 1856 non
1492 1830 1561 1856 alius
1577 1830 1694 1864 Spiritus

906 1875 933 1902 in
949 1875 1098 1906 veteribus,
1111 1875 1181 1902 alius
1190 1882 1254 1902 vero
1268 1875 1295 1902 in
1311 1875 1353 1902 his
1366 1875 1412 1909 qui
1425 1875 1452 1901 in
1465 1875 1580 1901 adventu
1593 1874 1696 1902 Christi

907 1921 1030 1956 inspirati
1046 1925 1120 1952 sunt,
1145 1920 1250 1954 fuerit,
1269 1921 1492 1948 manifestissime
1520 1921 1547 1947 in
1566 1920 1697 1948 Ecclesiis

909 1966 1088 2001 praedicatur.
1101 1967 1164 1994 Post
1178 1967 1235 1994 haec
1252 1967 1307 2002 jam
1322 1968 1392 2001 qttod
1407 1967 1500 1994 anima
1514 1967 1696 1994 substantiam

907 2013 1046 2046 vitamque
1073 2012 1179 2040 habens
1205 2012 1358 2048 propriam,
1385 2020 1446 2040 cum
1473 2020 1506 2040 ex
1530 2013 1582 2040 hoc
1595 2013 1696 2039 mundo

907 2057 1081 2090 discesserit,
1107 2065 1157 2092 pro
1191 2058 1247 2085 suis
1274 2059 1381 2086 meritis
1406 2058 1610 2093 dispensabitur
1637 2058 1695 2085 sive

907 2111 1015 2132 aeternae
1027 2105 1088 2132 vitaz
1102 2113 1133 2132 ac
1149 2105 1327 2133 beatitudinis
1339 2105 1499 2133 haereditate
1520 2106 1651 2140 potitura,
1670 2105 1695 2133 si

909 2153 960 2180 hoc
988 2153 1012 2180 ei
1036 2161 1084 2180 sua
1108 2158 1184 2188 gesta
1212 2153 1390 2188 praestiterint
1408 2161 1416 2180 :
1431 2152 1491 2180 sive
1511 2153 1566 2188 igni
1592 2158 1696 2181 aeterno

910 2207 942 2227 ac
955 2199 1093 2234 suppliciis
1106 2199 1295 2234 mancipanda,
1316 2199 1340 2227 si
1359 2199 1386 2226 in
1407 2199 1459 2226 hoc
1477 2205 1538 2226 eam
1555 2198 1694 2226 scelerum

101 2297 161 2338 (17)
180 2297 285 2338 Merlini
304 2299 493 2338 editio,_ipnis,
512 2299 608 2338 quibus
629 2299 699 2338 inter
722 2301 851 2336 principia
870 2308 890 2335 ι)
903 2309 966 2338 gnos
984 2309 1011 2328 se
1022 2305 1181 2338 et_capace:
1198 2300 1235 2338 ad
1252 2300 1437 2338 recipiendam
1451 2299 1610 2334 sapientiam
1623 2308 1694 2338 prm-

65 2334 143 2374 quasi
166 2335 328 2374 expositione

66 2370 178 2404 πωπω,
194 2369 384 2403 assignabimus
392 2377 450 2396 eum
463 2370 680 2404 pra’dt’catiouem
695 2371 853 2399 auctoritate

67 2403 217 2437 apostolica
232 2404 388 2431 custodisse.

182 2437 220 2465 De
234 2438 497 2473 prtlfatione'librnr.
518 2439 588 2473 Περὶ
604 2439 715 2474 ἀρχῶν,
734 2448 806 2468 num.
836 2441 854 2468 2

67 2481 168 2543 6.3;).
182 2506 222 2535 Ita
245 2515 311 2536 mss.
326 2508 398 2536 Editi
415 2516 492 2541 vero,
507 2510 679 2538 desuevimus.

101 2553 159 2590 (50)
180 2553 251 2580 Editi
270 2557 299 2580 et
317 2561 382 2581 mss.
411 2553 533 2589 plerique
548 2575 556 2588 ,
584 2554 657 2582 Illud
682 2560 770 2583 tamen
788 2557 852 2584 scire

67 2593 180 2623 oportet.

101 2624 158 2658 (5i)
180 2623 226 2651 Sic
247 2631 343 2651 omnes
364 2623 444 2657 huius
467 2624 604 2659 Apologia:
619 2632 696 2658 mss.,
721 2631 749 2653 et
764 2627 848 2657 editi:

68 2666 140 2696 mss.
151 2666 218 2686 vero
232 2659 446 2696 librorumHIIsgi
462 2658 562 2694 cipo
573 2668 667 2687 omnes
683 2661 851 2696 habentzqui

68 2694 186 2733 Spiritus
206 2695 281 2733 (latnt
302 2694 646 2733 euellendamererentur,
666 2700 691 2722 et
718 2694 852 2730 praecipue

67 2731 205 2767 sermonis,
224 2730 369 2761 rapientia,
388 2734 411 2755 et
429 2730 549 2767 scientia:
570 2732 685 2765 gratiam
698 2739 745 2765 per
764 2732 850 2766 ipsum

68 2763 194 2798 Spiritum
211 2769 333 2798 sanctum
347 2765 528 2798 percepisunt.

102 2799 158 2834 (52)
178 2798 255 2825 Libri
281 2797 318 2824 De
342 2797 477 2836 principiis
502 2806 556 2827 tam
576 2801 641 2828 editi
668 2809 750 2836 quam
767 2809 847 2833 mss.,

68 2837 109 2868 qui
124 2841 260 2872 "iuniores
275 2837 359 2860 essent
375 2835 522 2867 sapientire,
541 2835 741 2864 exercitium....
756 2838 783 2863 in
797 2845 850 2872 qua

68 2871 166 2905 ιιιςεηίὶ
183 2870 227 2896 uti
237 2869 356 2902 [malum
370 2872 545 2906 ostenderent,
565 2872 592 2898 Iti
610 2872 729 2899 uidelicet
744 2873 789 2906 qui
802 2869 850 2899 ἀὶ-

348 2335 409 2367 ﬁdei
430 2343 492 2361 usus
518 2335 563 2373 sit,
586 2335 750 2373 proferemus
767 2344 777 2368 ;
791 2335 851 2373 tum
901 2335 1037 2373 pararent.
1050 2336 1103 2373 Sed
1118 2343 1214 2363 omnes
1230 2335 1462 2373 itujusﬁrpologiw
1476 2344 1540 2373 mss.
1553 2341 1581 2362 et
1591 2337 1656 2373 editi
1666 2341 1694 2362 ιιι

904 2374 929 2400 in
947 2377 1032 2405 textu,
1047 2372 1098 2399 nisi
1114 2372 1184 2405 quod
1195 2378 1244 2398 ms.
1256 2371 1431 2399 Cot'beiensis
1447 2371 1561 2404 Otllillll,
1571 2377 1594 2398 ct
1608 2372 1694 2398 scicn-

902 2409 957 2436 tite.

939 2441 995 2479 (55)
1015 2441 1060 2479 Sic
1079 2441 1336 2479 tnss.»Sorbonicus,
1360 2446 1394 2479 et?
1413 2441 1511 2479 iliontis
1520 2441 1557 2479 β.
1571 2441 1693 2479 Michae-

905 2476 948 2509 iis,
968 2485 1000 2504 ac
1011 2477 1056 2504 alii
1072 2485 1138 2504 mss.
1152 2477 1282 2503 librorum
1298 2476 1336 2503 De
1353 2477 1501 2510 principiis.
1515 2476 1611 2503 Czeteri
1629 2483 1695 2502 vero

906 2520 971 2541 mss.
987 2512 1066 2546 hujus
1080 2512 1226 2546 Apologia,
1238 2517 1265 2539 et
1281 2511 1420 2542 Merliuus,
1438 2519 1602 2538 communem
1626 2512 1693 2537 liam:

907 2553 1016 2575 mortem
1041 2555 1100 2574 vere
1118 2554 1248 2574 mortuus.
1268 2546 1471 2576 Genebrardus,
1491 2547 1623 2572 communi
1643 2547 1694 2572 hac

905 2588 988 2609 morte
1002 2590 1060 2609 vere
1071 2587 1202 2615 mortuus,
1226 2583 1327 2609 omisso
1347 2581 1484 2608 sustinuit.
1503 2580 1571 2607 Tutu
1594 2581 1693 2608 deinde

904 2618 981 2649 editi.
994 2624 1021 2645 et
1042 2625 1093 2646 ms.
1112 2618 1290 2649 Sorbouicus,
1314 2622 1486 2643 conversatus
1509 2621 1546 2642 est
1566 2624 1626 2643 cum
1651 2617 1694 2643 di-

904 2653 1011 2687 scipulis
1023 2654 1088 2685 suis,
1100 2658 1123 2679 et
1137 2658 1289 2688 usruntptus
1302 2659 1351 2679 ut.
1369 2652 1422 2679 Sed
1434 2652 1524 2679 caeteri
1542 2659 1606 2679 mss.
1623 2657 1651 2678 ut
1665 2651 1693 2678 in

903 2694 988 2716 textu.

937 2724 995 2760 (54)
1016 2725 1050 2752 Et
1066 2725 1200 2760 adjungit.
1218 2724 1280 2751 Haec
1290 2725 1373 2751 verba
1385 2730 1445 2757 qu:e
1460 2723 1603 2758 proferunt
1615 2725 1693 2757 editi,

903 2766 955 2786 non
971 2766 1131 2795 comparent
1146 2761 1172 2787 in
1188 2760 1314 2787 oumibus
1330 2767 1397 2786 mss.
1411 2760 1523 2786 nostris.

938 2795 998 2831 (55)
1019 2797 1101 2830 Editi,
1125 2796 1279 2830 inspiravit.
1292 2815 1300 2822 .
1313 2815 1319 2821 .
1332 2814 1338 2820 .
1360 2797 1406 2828 qui
1428 2795 1454 2821 in
1479 2795 1601 2823 aduentu.

902 2833 1083 2867 inspirarent.
1094 2853 1101 2860 .
1115 2851 1122 2860 .
1132 2851 1139 2860 .
1153 2832 1198 2867 qui
1218 2831 1247 2858 in
1262 2832 1414 2858 adventum.

1628 2794 1692 2822 Mss.
