1909 3080
149 145 199 174 55!

749 144 778 172 S.
799 142 963 171 PAMPHILI
983 141 1159 169 MABTYRIS

1721 138 1776 169 53!

150 209 287 241 gmentum
296 205 419 233 Graecum
437 205 545 233 exhibet
557 205 703 239 imperator
717 203 886 235 Justinianus
901 202 934 231 ad
951 206 972 234 Α
987 202 1033 229 lib.
1047 210 1054 232 ι
1076 201 1180 228 adven.
1192 200 1315 234 Ruﬁnum
1329 199 1371 228 his
1379 200 1469 228 verbis
1484 211 1490 227 :
1506 209 1516 226 ‹
1532 199 1682 235 Paucisque
1695 200 1775 229 testi-

150 251 253 279 oalcem
267 250 386 286 epistola:
399 250 432 281 ad
450 249 567 281 Menam,
580 249 651 284 quod
667 257 719 276 non
736 255 830 284 parum
844 248 935 275 crimi-

149 301 250 323 nantur
263 296 322 330 ipse
336 295 524 327 Justinianns,
540 295 706 323 Athanasius
727 294 754 321 in
769 293 867 321 Matth.
884 301 933 326 xu,

149 342 201 376 32;
219 341 420 377 Theophilusin
436 342 511 374 epist.
528 345 540 368 ‘l
559 341 695 376 paschnii;
713 340 892 376 Hieronymus
908 340 934 367 in

149 387 229 422 epist.
257 389 290 415 ad
315 387 422 415 Avitum
436 407 444 421 ,
468 392 496 414 ct
518 387 632 414 lelius
650 387 775 414 Biblioth.
799 387 859 415 cod.
874 394 933 415 vItI.

149 433 190 460 Eu
206 432 252 459 tibi
273 433 387 466 ipsamet
405 432 486 458 verba
501 440 507 458 :
524 432 586 458 ’Ὀτι
599 433 613 459 ό
630 432 680 467 μὲν
697 431 762 463 Θεὸς
776 431 822 458 καὶ
839 431 935 467 Πατὴρ

149 479 266 514 συνέχων
279 478 314 505 τὰ
330 478 418 505 πάντα
430 477 525 512 φθάνει
539 478 578 509 εἰς
594 478 707 504 ἕκαστον
719 477 773 503 τῶν
781 477 875 508 ὄντων,
889 486 935 512 με-

146 526 267 557 ταδιδοὺς
277 525 385 559 ἑκάστῳ
394 524 448 551 ἀπὸ
458 523 504 551 τοῦ
519 524 585 558 ἰδίου
596 524 626 550 τὸ
637 522 722 551 εἶναι’
736 523 774 550 ὣν
784 524 838 559 γάρ
850 524 932 550 ἐστιν.

152 571 284 599 Ἐλάττων
298 571 326 597 δὲ
338 571 405 607 πρὸς
418 570 464 597 τὸν
475 571 582 606 Πατέρα
594 571 608 596 ὁ
618 569 682 601 Υἱὸς
690 569 798 604 φθάνων
809 569 855 595 ἐπὶ
866 568 935 604 μόνα

145 617 180 644 τὰ
205 617 315 652 λογικά’
331 616 455 652 δεύτερος
482 617 535 652 γάρ
555 617 612 643 ἐστι
630 615 678 646 τοῦ
700 615 824 652 Πατρός’
846 614 886 641 ἔτι
906 615 934 641 δὲ

144 661 226 700 ¹ἧττον
242 663 272 690 τὸ
286 663 397 698 Πνεῦμα
413 663 443 689 τὸ
467 663 544 697 ἅγιον
566 662 612 689 ἐπὶ
637 662 732 697 μόνους
754 662 817 693 τοὺς
840 661 934 695 ἁγίους

144 709 340 744 διικνούμενον.
350 709 431 736 Ὥστε
444 708 514 735 κατὰ
526 707 604 734 τοῦτο
619 707 718 743 μείζων
732 708 748 743 ἡ
761 707 874 742 δύναμις
886 706 933 733 τοῦ

145 755 251 791 Πατρὸς
274 755 349 792 παρὰ
368 754 414 782 τόν
440 754 503 792 Υῑίλν
525 754 572 784 καὶ
594 753 624 780 τὸ
648 753 759 791 Πνεῦμα
787 753 817 780 τὸ
846 753 932 787 ἅγιον.

146 800 249 831 Πλείων
265 800 321 835 δὲή
336 800 383 826 τοῦ
398 799 461 826 Υἱοῦ
477 798 551 836 παρὰ
612 798 722 834 Πνεῦμα
733 798 764 824 τὸ
778 798 871 832 ἅγιον·
889 798 934 837 sui

145 846 226 872 πάλιν
238 846 402 882 διαφέρουσα
417 845 517 881 μᾶλλον
530 845 576 880 τοῦ
590 845 666 879 ἁγίου
681 843 751 871 Πνεύ
756 853 838 880 ματος
855 845 872 881 ἠ
886 839 936 871 δύέ

986 247 1085 276 Inoniis
1099 247 1283 280 commutatis,
1292 253 1353 282 quae
1365 246 1472 275 sciebas
1485 245 1655 282 displicitura
1673 246 1775 274 Roma-

985 295 1046 327 nis,
1069 300 1166 322 eaatern
1192 293 1263 325 (libri
1287 293 1368 328 primi
1395 292 1516 327 EuseLii)
1538 300 1626 328 usque
1642 293 1676 320 ad
1691 292 1773 320 ﬁnem

985 340 1089 375 integra
1104 338 1242 366 dimisisti.
1259 348 1268 365 ι
1289 338 1361 366 ldem
1379 338 1500 373 apertius
1516 338 1605 365 innuit
1622 338 1649 365 in
1658 337 1773 373 epistola

985 387 1018 414 ad
1034 385 1239 413 anmachium
1256 390 1282 412 et
1296 385 1444 413 Oceanum.
1460 383 1516 412 imo
1532 385 1576 411 vix
1593 385 1733 412 continere
1742 393 1773 412 se

984 437 1072 469 potest
1085 432 1110 459 in
1134 432 1184 459 hac
1201 432 1294 458 cadent
1310 430 1423 466 epistola
1434 451 1441 464 ,
1459 430 1524 466 quin
1540 429 1574 457 ab
1588 430 1640 457 alio
1653 430 1773 465 quolibet

984 479 1118 514 scriptore
1131 485 1212 512 quam
1230 477 1367 510 Eusebio,
1383 476 1489 504 scilicet
1512 476 1552 503 vel
1575 476 1688 511 Didymo
1699 496 1706 507 ,
1728 476 1771 504 vel

984 526 1100 561 ipsemet
1125 524 1222 554 Ruﬁno
1235 516 1248 556 ,I
1268 528 1352 556 totum
1373 523 1446 550 hunc
1467 522 1563 549 librum
1588 521 1661 549 dicat
1687 521 1771 549 fuisse

984 571 1174 607 compesitum.
1193 580 1202 596 ‹
1220 569 1423 603 Porro,inquit,
1440 568 1510 603 quod
1526 567 1694 603 Pamphilum
1709 576 1771 603 pro-

983 618 1075 646 ferunt
1088 618 1256 645 laudatorem
1272 615 1331 650 ejus
1347 615 1495 651 (Origenis)
1506 635 1514 647 ,
1532 615 1634 650 gratias
1651 614 1705 642 illis
1720 622 1770 652 ago

983 671 1044 692 meo
1060 663 1169 691 nomine
1181 683 1188 696 ,
1203 663 1275 698 quod
1292 663 1403 700 dignum
1427 669 1470 689 me
1492 666 1656 695 putaverunt
1667 681 1675 694 ,
1689 669 1770 696 quem

983 716 1044 736 cum
1059 713 1179 744 martyre
1197 708 1440 735 calumniarentur.
1459 706 1487 734 Si
1503 708 1574 734 enim
1595 707 1628 734 ab
1651 707 1771 735 inimicis

983 755 1108 790 Origenis
1121 755 1205 783 libros
1222 754 1281 787 eius
1298 754 1388 782 dicitis
1401 761 1463 782 esse
1481 753 1595 781 violatos
1612 759 1640 781 ut
1655 754 1771 782 infama-

983 805 1088 833 rentur,
1104 808 1189 835 quare
1205 801 1268 827 mihi
1285 807 1337 828 non
1353 800 1434 827 liceat
1450 801 1542 833 dicere
1557 800 1590 828 ab
1602 800 1696 833 amicis
1710 800 1769 835 ejus

983 851 1009 875 et
1025 846 1211 875 sectatoribus
1227 846 1407 880 compositum
1423 853 1484 874 esse
1499 846 1548 873 sub
1568 846 1676 873 nomine
1690 845 1770 873 Pam-

145 900 226 927 ναμις
241 892 316 928 παρά
334 892 368 919 τὰ
381 891 448 919 ἄλλα
463 891 539 926 ἆγιᾳ.
557 901 566 917 ι
586 891 662 925 Quod
683 890 754 918 Deus
775 890 882 926 quidem
906 897 925 917 et

987 892 1052 927 phili
1069 892 1207 925 volumen,
1225 891 1296 926 quod
1313 891 1386 919 illum
1412 891 1569 919 testimonio
1589 891 1718 927 martyris
1734 892 1769 920 ab

144 935 226 964 Pater
242 938 332 965 omnia
349 942 493 965 continens
507 938 541 964 ad
561 943 782 971 unumquemque
797 936 929 971 pervenit,

143 990 204 1010 esse
227 983 372 1016 unicuique
397 983 555 1017 impertiens
571 982 605 1010 de
628 989 696 1010 suo:
717 982 775 1016 ipse
798 982 869 1009 enim
889 987 932 1016 est

143 1029 188 1063 qui
206 1033 257 1056 est.
273 1029 350 1063 Quod
372 1037 435 1057 vero
460 1033 559 1064 przeter
576 1027 686 1055 Patrem
713 1027 795 1055 Filius
817 1028 851 1054 ad
873 1026 929 1054 sola

143 1075 316 1110 rationabilia
331 1076 471 1110 pervenit,
486 1080 528 1102 est
547 1074 618 1102 enim
639 1074 775 1109 secundus
797 1082 811 1101 a
827 1073 928 1106 Patre:

142 1120 231 1149 adhuc
247 1126 338 1157 autem
364 1122 452 1154 minor
470 1114 591 1157 Spiritus
610 1127 721 1155 sanctus
737 1121 770 1148 ad
784 1120 855 1155 solos
868 1128 929 1146 san-

141 1170 202 1195 ctos
215 1167 354 1202 pertingit.
369 1167 408 1198 lta
425 1175 457 1198 ex
474 1168 525 1195 hoc
539 1167 625 1201 major
634 1171 676 1194 est
693 1171 813 1201 potestas
827 1166 927 1201 Patris,

141 1219 223 1247 quam
234 1212 296 1242 Filii
307 1217 334 1240 et
351 1213 469 1247 Spiritus
483 1213 581 1247 sancti.
594 1207 717 1248 Amplior
730 1214 795 1240 item
808 1217 929 1248 potestas

139 1258 203 1286 Filii
230 1266 287 1294 pra:
313 1258 416 1293 Spiritu
439 1264 556 1293 sancto;
579 1266 611 1292 ac
639 1266 733 1286 rursus
755 1258 929 1298 praestantior

141 1305 227 1333 sancti
251 1305 371 1340 Spiritus
393 1305 499 1339 virtus,
524 1312 606 1341 quam
631 1305 745 1342 aliorum
769 1309 926 1339 sanctorum

140 1351 255 1380 eutium.
270 1360 280 1377 ›
301 1350 380 1386 ﬂete,
398 1351 524 1386 quamvis
547 1351 701 1383 duriuscula
724 1351 811 1386 prima
838 1350 927 1378 fronte

140 1396 295 1430 videantur,
308 1395 329 1422 si
341 1397 403 1430 quis
417 1401 507 1423 tamen
523 1395 556 1423 ad
573 1400 690 1424 mentem
704 1396 792 1431 potius
804 1395 927 1430 Origenis

140 1450 225 1477 quam
238 1441 271 1469 ad
283 1441 364 1468 verba
379 1441 534 1475 attenderit,
548 1449 645 1477 sanum
659 1442 792 1477 recipient
806 1449 926 1472 sensum,

140 1492 167 1514 et
193 1487 227 1514 ab
252 1487 366 1522 ipsontet
388 1487 487 1514 Huetio
513 1493 679 1525 excusantur
707 1487 927 1523 Origenianorunt

140 1534 187 1569 lib.
212 1540 243 1565 It.
258 1540 318 1566 cap.
336 1532 370 1565 2.
388 1538 482 1568 quaest.
500 1533 531 1566 2,
551 1541 627 1561 num.
640 1533 673 1560 27
689 1538 717 1561 et
739 1533 783 1561 28.
799 1534 838 1561 Ibi
854 1533 925 1560 enim

139 1579 230 1614 agitur
251 1578 284 1605 de
305 1578 410 1611 ratione
429 1578 574 1615 principii,
589 1578 673 1606 fontis
691 1584 718 1607 et
733 1579 857 1614 originis.
873 1579 926 1607 Sed

139 1632 170 1657 ea
183 1624 309 1661 Rufinusl
319 1625 383 1659 quia
394 1632 442 1652 sua
455 1629 535 1653 actate
551 1625 639 1658 minus
650 1624 803 1665 placebant,
816 1627 928 1660 quihus-

139 1671 200 1704 dam
225 1671 343 1704 additis,
368 1671 529 1707 quibusdam
552 1671 682 1703 resectis,
708 1671 744 1698 ita
771 1676 799 1698 et
822 1672 848 1699 in
876 1672 927 1699 hac

138 1717 267 1753 Apologia
278 1738 285 1750 ,
298 1719 364 1746 etin
381 1718 451 1745 libro
467 1725 474 1745 l
487 1718 558 1752 Περὶ
570 1717 672 1753 ἀρχῶν
684 1717 814 1746 emollivit
829 1726 836 1744 :
849 1728 858 1744 ι
876 1719 926 1746 Ar-

140 1762 227 1793 bitror
239 1763 321 1798 igitur
336 1763 521 1799 operationem
535 1763 643 1798 quidem
660 1771 719 1792 esse
732 1763 821 1792 Patris
837 1769 862 1791 et
878 1763 925 1791 ιη-

138 1809 166 1837 lii
183 1814 236 1836 tam
252 1809 278 1841 in
295 1810 397 1839 sanctis
408 1817 489 1845 qualn
501 1809 527 1837 in
542 1810 750 1845 peccatoribus;
764 1810 791 1838 in
807 1810 925 1838 rationa-

140 1855 240 1894 hilibus
253 1855 409 1886 hominibus
420 1876 428 1889 ,
445 1860 473 1888 et
488 1855 514 1883 in
533 1856 615 1883 mutis
631 1856 813 1888 animalibus;
829 1856 875 1884 sed
898 1861 925 1883 et

138 1901 165 1928 in
188 1901 229 1928 his
249 1909 310 1936 quae
335 1901 459 1928 exanima
476 1905 558 1934 sunt,
573 1905 601 1928 et
622 1901 649 1928 in
671 1901 798 1930 omnibus
813 1902 924 1929 omnino

137 1953 272 1982 quatiunt
283 1957 290 1974 :
303 1948 488 1982 operationem
505 1954 570 1974 vero
585 1947 704 1982 Spiritus
720 1947 807 1975 sancti
822 1956 925 1983 nequa-

136 2001 217 2029 quam
233 2001 343 2026 prorsus
361 1993 480 2020 incidere
491 1992 536 2021 -vel
553 1992 578 2019 in
592 2000 624 2021 ea
640 2000 700 2028 qua;
710 1993 835 2021 exanima
848 1999 922 2027 sunt,

135 2039 179 2067 vel
193 2039 218 2066 in
240 2047 271 2067 ea
287 2047 347 2074 qua:
365 2039 513 2071 animantia
533 2039 644 2074 quidem
658 2059 667 2072 ,
681 2040 727 2070 sed
752 2045 826 2070 muta
841 2046 921 2068 sunt:

135 2086 183 2114 sed
195 2093 229 2113 ne
245 2086 272 2113 in
288 2086 340 2121 illis
353 2086 461 2121 quidem
481 2085 598 2117 inveniri
612 2086 658 2123 qui
673 2086 848 2121 rationabiles
859 2087 921 2121 qui-

135 2133 196 2159 dem
222 2137 301 2164 sunt,
326 2132 372 2163 sed
395 2132 422 2159 in
441 2131 543 2160 malitia
565 2131 668 2167 positi,
688 2139 739 2167 nec
759 2132 870 2159 omnino
887 2133 921 2162 ad

136 2174 247 2202 meliora
265 2175 401 2204 conversi.
419 2175 448 2203 ln
467 2175 519 2203 illis
537 2181 626 2203 autem
642 2177 706 2205 solis
729 2177 847 2205 arbitror
861 2184 920 2209 esse

134 2227 201 2255 opus
214 2220 332 2255 Spiritus
346 2221 446 2253 sancti,
461 2224 507 2257 qui
518 2221 575 2257 jam
589 2229 619 2250 se
631 2223 664 2249 ad
680 2223 791 2250 meliora
806 2231 920 2250 conver-

137 2271 205 2296 tunt.
222 2271 249 2294 et
264 2274 313 2301 per
327 2267 384 2294 vias
397 2266 460 2294 Jesu
475 2267 578 2304 Christi
592 2269 731 2304 incedunt.
751 2269 777 2296 id
797 2273 855 2303 est,
873 2270 918 2305 qui

135 2317 197 2343 sunt
210 2312 236 2338 in
253 2313 328 2339 novis
344 2313 448 2340 actibus
464 2313 618 2347 incedentes
631 2334 639 2347 ,
651 2319 678 2341 et
701 2315 728 2341 in
744 2314 799 2342 Deo
812 2323 920 2350 perma-

135 2362 241 2384 nentes.
260 2366 270 2382 ι
286 2356 336 2384 Vix
351 2357 460 2385 dubium
474 2364 517 2387 est
531 2360 595 2393 quin
612 2360 644 2394 ad
668 2360 739 2387 hunc
749 2364 918 2397 contextum.

133 2407 162 2430 et
185 2402 218 2429 ad
242 2410 343 2437 paucos
361 2405 492 2438 quosdam
514 2404 632 2432 fortasse
648 2405 752 2434 similes
771 2406 920 2434 attenderit

132 2447 315 2484 Hieronymus
327 2469 335 2482 ,
353 2456 414 2477 cum
431 2449 481 2478 ait‘
493 2450 619 2477 Ruﬁnum
635 2451 778 2486 plerasque
794 2452 918 2487 blasphe-

132 2491 214 2524 mias,
232 2500 293 2528 quae
316 2494 348 2521 de
376 2493 445 2522 Filio
468 2499 496 2523 et
516 2495 617 2529 Spiritu
638 2502 732 2524 sancto
758 2498 786 2530 in
809 2497 918 2526 Eusebii

133 2541 207 2564 textu
223 2539 426 2573 comparebant,
440 2539 599 2573 detraxisse,
617 2544 644 2567 et
662 2542 688 2568 in
700 2542 798 2569 bonam
813 2548 916 2577 partem

131 2589 324 2611 commutasse.
341 2584 464 2613 Forsitan
483 2586 558 2613 dicas
574 2586 631 2613 ﬁeri
654 2595 733 2622 posse
747 2593 774 2615 ut
789 2588 916 2623 Pamphi-

131 2628 174 2655 lus
187 2633 214 2655 et
229 2629 374 2665 Eusebius,
391 2631 511 2658 nondum
535 2632 730 2666 quzestionibus
756 2633 790 2661 de
805 2633 874 2661 Filio
891 2639 917 2662 et

132 2674 235 2709 Spiritu
248 2681 344 2704 sancto
361 2682 500 2715 tantopere
516 2685 564 2705 sua
579 2683 659 2706 aetate
673 2680 782 2714 agitatis
793 2699 801 2713 ,
816 2680 916 2718 clario-

131 2727 176 2750 res
185 2722 424 2757 expressioresque
438 2722 564 2757 Origenis
577 2724 611 2751 de
623 2724 758 2752 Trinitate
774 2730 916 2754 contextus

130 2773 184 2792 non
201 2768 379 2801 extraxerint,
398 2761 512 2802 quorum
531 2770 590 2797 loco
603 2771 671 2798 alios
683 2773 842 2806 expressius
853 2763 915 2800 con-

131 2811 386 2841 substantialitatem
400 2815 546 2848 probantes
556 2815 671 2844 Rufinus
685 2816 754 2844 forte
766 2818 915 2846 substitue-

133 2855 177 2890 rit.
189 2855 278 2891 Atque
293 2857 319 2884 id
337 2858 445 2902 quidem
469 2860 589 2899 indicare
609 2861 715 2889 videtur
733 2861 915 2901 llieroynymus

983 937 1092 965 infamia
1111 937 1281 964 vindicaret?
1293 937 1361 964 Ecce
1381 945 1428 965 vos
1440 937 1590 964 emendatis
1604 937 1630 964 in
1644 937 1769 972 Origenis

981 981 1059 1013 libris
1073 981 1144 1017 quod
1168 981 1212 1008 ille
1237 988 1290 1008 non
1306 981 1436 1016 scripsit;
1457 985 1484 1008 et
1501 981 1636 1009 miramini
1658 983 1680 1009 si
1705 983 1769 1010 edat

981 1027 1077 1062 aliquis
1092 1027 1204 1060 librant,
1219 1035 1299 1062 quem
1323 1027 1369 1055 ille
1387 1035 1441 1055 non
1464 1028 1567 1055 edidit?
1580 1028 1634 1056 Vos
1653 1028 1679 1056 in
1694 1029 1769 1057 edito

980 1081 1063 1108 opere
1079 1075 1190 1112 potestis
1208 1073 1352 1110 redargui:
1371 1073 1416 1101 ille
1431 1073 1477 1108 qui
1494 1073 1562 1110 nihil
1585 1074 1658 1102 aliud
1671 1075 1769 1117 edidit,

980 1119 1087 1146 facilius
1100 1124 1172 1153 patet
1197 1119 1350 1150 calumniae.
1373 1118 1441 1147 Date
1455 1119 1593 1153 quodlibet
1608 1120 1680 1148 aliud
1700 1128 1768 1156 opus

980 1165 1124 1204 Pamphili.
1139 1165 1276 1200 Nusquam
1290 1165 1444 1200 reperietis.
1459 1165 1515 1194 Hoc
1530 1174 1612 1194 unum
1623 1171 1675 1194 est.
1690 1166 1768 1194 Unde

980 1211 1062 1245 igitur
1077 1210 1173 1243 sciam,
1186 1212 1257 1246 quod
1273 1211 1404 1246 Pamphili
1418 1211 1477 1239 sit?
1497 1211 1627 1240 Videlicet
1642 1212 1728 1248 stylus
1739 1217 1767 1240 et

979 1256 1064 1290 saliva
1078 1257 1177 1284 docere
1202 1264 1244 1284 me
1263 1257 1385 1291 poterit?
1400 1257 1542 1293 Nunquam
1565 1258 1675 1286 credam
1694 1259 1765 1293 quod

978 1302 1074 1332 doctus
1086 1303 1129 1330 vir
1148 1303 1250 1338 primos
1267 1303 1366 1339 ingenii
1389 1304 1429 1331 sui
1454 1303 1558 1332 fructus
1572 1304 1766 1338 quastionibus

978 1354 1006 1386 et
1017 1348 1134 1376 infamia:
1148 1348 1300 1379 dedicarit.
1317 1368 1325 1376 .
1342 1369 1349 1377 .
1365 1349 1451 1377 Unum
1473 1357 1543 1378 nunc
1558 1350 1706 1384 proferam,
1720 1351 1765 1379 cui

979 1395 1168 1423 contradicere
1180 1395 1222 1422 vel
1246 1395 1322 1423 stulti
1339 1396 1395 1428 sit,
1409 1395 1451 1424 vel
1469 1395 1644 1431 impudentis.
1655 1391 1716 1424 'Sex
1730 1396 1765 1424 ll-

978 1441 1089 1468 brorum
1105 1441 1212 1468 Eusebii
1233 1449 1314 1476 super
1335 1441 1458 1477 Origem‘s
1482 1441 1639 1477 Defemione
1662 1443 1765 1478 princi-

977 1486 1051 1522 pium
1069 1494 1155 1525 usque
1181 1488 1215 1515 ad
1242 1487 1315 1516 mille
1326 1495 1421 1516 versus
1444 1487 1512 1516 liber
1538 1489 1599 1522 iste,
1617 1489 1664 1524 qui
1683 1489 1764 1517 Pam-

978 1532 1042 1568 phili
1068 1532 1186 1566 dicitur,
1214 1534 1354 1566 continet,
1378 1538 1406 1561 et
1429 1534 1456 1562 in
1482 1534 1594 1570 reliquis
1613 1535 1763 1573 (versibus)

979 1579 1097 1613 scriptor
1109 1579 1228 1614 ejusdem
1246 1581 1337 1615 operis
1358 1580 1461 1616 profert
1475 1581 1647 1614 testimOnia,
1664 1583 1763 1617 quibus

979 1624 1074 1652 nititur
1087 1626 1237 1660 approbare
1254 1626 1402 1660 Origenem
1416 1626 1502 1666 fuisse
1518 1627 1693 1656 catholicum.
1711 1629 1764 1656 Eu-

977 1670 1068 1698 sebius
1083 1677 1112 1698 et
1132 1670 1290 1707 Pamphilus
1308 1677 1410 1700 tantam
1429 1672 1501 1700 inter
1516 1681 1546 1704 se
1560 1673 1682 1707 habuere
1695 1682 1761 1702 con-

977 1715 1111 1749 cordiam,
1129 1722 1158 1744 ut
1172 1717 1251 1756 unius
1264 1717 1361 1745 anima:
1373 1718 1498 1747 homines
1512 1723 1600 1754 putes,
1617 1724 1644 1747 et
1661 1721 1695 1747 ab
1708 1727 1763 1748 uno

977 1761 1045 1788 alter
1069 1769 1166 1790 nomen
1192 1764 1339 1798 acceperit.
1359 1763 1500 1798 Quomodo
1528 1765 1613 1800 igitur
1635 1766 1708 1794 inter
1732 1773 1762 1794 se

976 1808 1122 1836 dissentire
1138 1813 1293 1844 potuerunt,
1311 1815 1340 1837 ut
1356 1804 1487 1838 Eusebius
1504 1811 1531 1838 in
1544 1804 1600 1839 toto
1613 1819 1695 1850 opere
1712 1820 1762 1844 suo

975 1852 1120 1888 Origenem
1141 1854 1234 1881 Ariani
1258 1855 1354 1890 probet
1379 1855 1532 1891 dogmatis,
1554 1861 1581 1884 et
1601 1856 1760 1891 Pamphilus

975 1899 1091 1927 Nicaana:
1105 1900 1197 1935 synodi
1213 1921 1220 1934 ,
1239 1908 1298 1935 quae
1312 1901 1363 1928 fuit
1382 1906 1475 1937 postea
1490 1922 1497 1935 ,
1516 1902 1707 1930 defensorem?
1720 1903 1759 1931 Ex

975 1953 1029 1981 quo
1043 1946 1195 1974 ostenditur
1210 1946 1252 1974 vel
1274 1946 1379 1984 Didymi
1392 1966 1399 1980 ,
1418 1947 1460 1974 vel
1486 1947 1631 1982 cujuslibet
1646 1948 1760 1977 altertus

975 1998 1035 2019 esse
1048 1993 1273 2027 opusculum,qui
1285 2001 1331 2020 sex
1345 1993 1473 2020 librorum
1484 1994 1573 2028 capite
1585 1994 1758 2028 detruncata,

973 2044 1070 2067 caetera
1087 2039 1209 2066 membra
1226 2039 1346 2067 sociarit.
1364 2048 1374 2066 ι
1394 2039 1494 2067 Verum
1509 2039 1561 2067 sibi
1585 2048 1637 2067 non
1652 2046 1760 2068 constat

973 2084 1160 2122 Hieronymus.
1174 2084 1240 2112 Nam
1258 2084 1423 2112 contrarium
1436 2085 1548 2113 omnino
1561 2086 1658 2114 statuit
1675 2086 1723 2114 lib.
1737 2094 1757 2115 ll

973 2131 1096 2158 adversus
1120 2130 1255 2165 Ruﬁnum,
1282 2129 1328 2157 ubi
1356 2134 1472 2158 testatur
1499 2131 1616 2166 primum
1646 2131 1758 2161 Eusebii

972 2179 1071 2206 librum
1096 2179 1191 2206 eadem
1209 2181 1236 2205 et
1251 2178 1345 2205 iisdem
1366 2177 1457 2205 verbis
1476 2178 1620 2206 continere
1632 2186 1691 2214 qua:
1707 2179 1758 2206 sub

973 2224 1083 2259 nomine
1102 2223 1235 2258 Pamphili
1254 2231 1268 2250 a
1285 2223 1384 2251 Rufino
1400 2224 1472 2251 edita
1489 2229 1569 2258 sunt,
1583 2229 1611 2252 et
1630 2224 1757 2259 Ruﬁnum

971 2279 1067 2299 sensus
1091 2271 1222 2298 duntaxat
1239 2271 1274 2299 de
1293 2271 1363 2299 Filio
1385 2277 1412 2300 et
1432 2271 1537 2306 Spiritu
1551 2271 1758 2298 sanctoimmu-

971 2324 1045 2349 tasse
1072 2324 1120 2344 seu
1143 2317 1328 2355 pervertisse,
1344 2317 1390 2353 qui
1415 2321 1536 2352 apertam
1560 2316 1756 2352 blasphemiam

969 2361 1159 2396 praeferebant.
1176 2371 1184 2387 ι
1205 2361 1404 2397 Pcrspicuequc
1423 2371 1432 2388 ι
1457 2361 1640 2397 deprehendi,
1656 2361 1755 2397 inquit.

972 2415 981 2432 ‹
997 2407 1068 2442 quod
1098 2407 1202 2443 primus
1220 2407 1289 2442 liber
1306 2415 1352 2435 sex
1374 2408 1542 2435 voluminum
1565 2407 1673 2435 Eusebii
1699 2407 1756 2443 ipse

968 2457 1051 2485 esset,
1061 2444 1109 2488 qui
1121 2461 1190 2481 unus
1201 2454 1251 2481 sub
1264 2455 1372 2482 nomine
1392 2453 1524 2489 Pamphili
1539 2461 1554 2481 a
1571 2458 1596 2482 te
1609 2453 1699 2482 editus
1715 2458 1756 2482 est

970 2503 1024 2525 tam
1040 2498 1135 2526 Graece
1151 2507 1232 2535 quam
1254 2498 1361 2537 Latine,
1378 2499 1529 2527 immutatis
1545 2499 1677 2526 duntaxat
1693 2507 1755 2527 sen-

969 2545 1045 2573 sibus
1060 2545 1094 2572 de
1111 2545 1180 2573 Filio
1196 2550 1223 2573 et
1243 2545 1345 2582 Spiritu
1362 2551 1467 2579 sancto,
1490 2546 1536 2581 qui
1557 2550 1676 2580 apertam
1698 2545 1755 2573 bla-

967 2590 1116 2625 sphemiam
1132 2591 1330 2626 praeferebant.
1341 2612 1348 2619 .
1361 2612 1368 2618 .
1383 2583 1487 2619 Etcum
1502 2591 1606 2627 primus
1619 2591 1688 2619 liber
1705 2599 1753 2619 se:

967 2637 1135 2665 voluminum
1156 2637 1227 2664 illius
1240 2636 1371 2672 (Eusebii)
1394 2638 1489 2664 eadem
1507 2630 1534 2665 et
1554 2637 1650 2665 iisdem
1665 2638 1754 2665 verbis

967 2681 1104 2709 contineat
1117 2689 1177 2716 quae
1189 2681 1240 2709 sub
1263 2682 1374 2709 nomine
1391 2682 1523 2718 Pamphili
1541 2690 1555 2709 a
1573 2688 1598 2710 te
1612 2683 1674 2710 licta
1691 2689 1753 2711 sunt

968 2748 975 2756 .
992 2746 1000 2755 .
1017 2746 1024 2754 .
1038 2735 1154 2763 cumque
1171 2728 1204 2756 de
1227 2728 1278 2755 hoc
1294 2728 1352 2764 ipso
1367 2728 1454 2761 libro,
1471 2736 1551 2764 quem
1566 2728 1702 2764 Pamphili
1715 2730 1752 2757 si-

966 2768 1066 2805 mulas,
1078 2772 1163 2800 multa
1179 2773 1356 2807 perveneris,
1373 2777 1401 2801 et
1414 2773 1493 2801 aliter
1509 2774 1536 2801 in
1550 2773 1657 2807 Graeco,
1672 2773 1751 2802 aliter

966 2819 993 2845 in
1008 2818 1106 2846 Latino
1120 2819 1175 2851 sit,
1195 2828 1205 2845 ι
1221 2823 1275 2846 etc.
1297 2819 1401 2847 Sensus
1417 2820 1550 2848 duntaxat
1569 2820 1608 2847 ait
1624 2820 1751 2848 Ruﬁnum

967 2864 1139 2900 pervertisse,
1155 2864 1284 2894 nimirum
1301 2865 1412 2894 verbula
1425 2866 1563 2902 quaedam,
1580 2873 1641 2903 qua:
1655 2866 1751 2894 Hiero-
