1909 3080
117 144 174 172 5’53

595 121 768 174 APDLOGIA
787 145 855 173 PRO
874 145 1033 175 ORlGENE.
1056 161 1089 165 —
1107 144 1276 173 MONITUM.

1695 147 1748 174 είδι

120 212 221 239 nymns
239 204 264 230 in
287 203 384 230 malam
407 208 511 238 partem
528 205 665 237 trahebat,
680 205 842 240 quibusdam
859 205 906 232 ad-
922 207 943 235 A
960 205 1052 236 nolim,
1072 204 1143 239 quod
1168 208 1231 231 ante
1245 207 1269 230 et
1291 208 1350 238 post
1368 203 1511 230 concilient
1538 204 1674 232 Nieatnum
1701 213 1747 233 ca-

119 250 204 280 ditis,
223 248 385 283 quihusdam
404 249 516 276 resectis
527 269 534 281 ,
549 250 582 276 ad
603 250 700 277 bonam
717 252 905 283 convertisse;

119 302 177 321 tton
193 294 314 328 integros
329 297 473 321 contextus
491 294 661 322 subtraxisse
676 300 703 322 et
723 296 791 323 alios
805 296 905 323 substi-

119 341 217 369 tuisse.
233 341 266 368 Et
280 341 348 368 hanc
364 347 426 369 esse
437 340 594 377 Hieronymi
611 347 728 370 mentem
745 343 906 379 intelligitur

118 394 156 414 ex
174 387 221 413 lib.
237 394 265 414 ιιι
283 388 408 414 adversus
426 387 561 421 Ruﬁnum,
579 388 623 416 ubi
640 389 677 415 ait
691 389 732 416 vel
752 389 905 424 Ditlytttltttt,

118 432 165 459 vel
183 431 320 464 Ruﬁnum,
339 431 381 459 vel
395 432 477 460 alium
495 433 585 460 nescio
597 441 676 468 quem
694 435 720 461 itt
733 434 830 461 bonam
846 442 907 470 par-

122 482 178 503 tem
191 481 246 503 tam
259 475 352 503 Graece
366 483 447 511 quam
462 475 557 504 Latine
574 477 715 512 plerasque
727 477 908 512 blasphemias

119 527 323 554 commutasse,
340 530 401 557 qua:
426 522 452 549 itt
477 523 586 550 Eusebii
605 527 678 551 textu
703 526 905 559 comparebant.

119 567 200 600 Quod
224 575 276 595 non
299 568 370 595 aliud
393 568 530 602 significat
559 576 639 604 quant
664 578 724 604 quae
750 570 907 606 blaspltema

120 611 288 650 Hieronymi;
300 614 472 647 videbantur,
485 614 544 642 solo
556 616 699 643 verborum
713 624 792 643 sensu
810 617 908 644 innim-

120 665 191 693 tato,
212 660 246 687 ad
268 660 434 688 catholicum
450 668 559 687 sensum
573 661 730 690 adduxisse.
753 663 819 690 Rem
834 665 906 691 enittt

119 706 240 741 aliquam
265 707 291 733 in
312 706 409 734 bonam
432 713 536 741 partem
553 713 739 741 commutare,
762 715 803 737 est
821 710 906 745 ipsam

119 753 298 787 eamdemque
318 760 383 784 rent,
398 761 458 788 qua:
479 754 547 780 ntala
564 754 604 780 vel
619 759 688 787 erat,
707 756 746 781 rei
759 763 818 783 esse
834 757 908 784 vide-

121 799 214 830 batur,
227 799 260 825 ad
272 799 372 826 bonum
388 805 559 828 convertere.
573 799 625 827 Res
640 800 733 828 eadem
746 808 886 836 permanet
898 812 906 836 ;

119 850 208 872 status
221 845 259 872 rei
276 853 328 872 non
344 845 427 872 idem.

157 890 213 918 VII.
231 890 283 917 Sed
298 891 412 918 necdum
426 891 468 918 itis
483 896 628 919 contentus
642 900 701 927 qua:
714 900 795 928 supra
808 894 908 928 objecit

120 936 304 972 Hieronymus
329 937 362 964 ad
389 937 540 972 Apologiam
569 938 641 965 hanc
668 944 762 967 sancto
794 942 908 976 martyri

119 981 264 1016 Pamphilo
272 983 487 1017 abjndicandam,
499 984 596 1010 iterum
614 985 698 1012 instat
710 985 756 1012 lib.
769 993 788 1012 tt
804 986 908 1014 advers.

120 1028 248 1064 Ruﬁnum
274 1031 316 1058 itis
335 1030 445 1057 verbis:
466 1039 475 1056 I
494 1031 624 1064 Quamvis
646 1031 679 1059 de
702 1031 812 1059 Eusebii
838 1033 909 1061 libro

123 1076 208 1102 multa
227 1076 402 1107 subtraxerit,
420 1080 448 1103 et
465 1076 492 1103 in
509 1076 608 1103 bonam
622 1081 726 1110 partem
745 1077 778 1104 de
794 1076 863 1105 Filio
883 1082 911 1106 et

121 1122 157 1148 de
174 1121 275 1156 Spiritu
287 1127 383 1149 sancto
395 1123 469 1150 ttisus
484 1121 520 1149 sit
535 1127 813 1155 commutare,tamen
827 1123 909 1151 multa

121 1167 150 1194 itt
170 1167 217 1194 illo
230 1167 358 1195 scandala
374 1168 546 1202 reperiuntur
557 1173 585 1197 et
600 1169 776 1203 apertissima:
786 1169 911 1204 blasphe-

125 1214 197 1245 miae,
216 1221 276 1248 qum
301 1213 352 1241 iste
377 1221 426 1241 sua
452 1222 551 1250 negare
577 1223 630 1242 non
649 1216 760 1250 poterit,
776 1216 909 1243 catholica

122 1267 187 1286 esse
210 1259 399 1294 pronuntians.
427 1259 497 1287 Dicit
514 1261 654 1294 Eusebius,
674 1261 739 1293 imo,
763 1266 790 1288 ut
813 1265 841 1287 tu
857 1261 909 1292 vis,

123 1305 282 1340 Pamphilus
311 1305 336 1333 itt
364 1306 415 1333 isto
436 1306 573 1334 volumine
597 1306 694 1334 Filium
717 1307 806 1334 Patris
829 1308 910 1335 mini-

123 1355 229 1385 strum;
245 1351 378 1386 Spiritum
396 1358 521 1380 sanctum
533 1360 585 1380 non
599 1353 632 1380 de
650 1354 745 1380 eadem
761 1353 849 1381 Patris
863 1353 909 1381 Fi-

123 1397 208 1431 iiique
226 1398 395 1432 substantia;
411 1400 517 1427 animas
532 1399 671 1427 hominum
695 1399 784 1434 lapsas
803 1407 864 1427 esse
877 1401 910 1427 de

122 1444 205 1476 cutio,
217 1449 244 1471 et
257 1445 284 1472 in
301 1446 350 1472 hoc
366 1446 438 1480 quod
458 1453 553 1474 sumus
575 1446 608 1473 de
623 1446 726 1480 angelis
739 1446 908 1479 commutati,

121 1491 151 1517 in
164 1491 334 1519 restitutione
345 1492 465 1519 omnium
477 1492 594 1527 aequales
604 1497 631 1520 et
642 1492 762 1527 angelos,
777 1497 805 1520 et
813 1493 911 1519 daemt»

124 1543 184 1570 nes,
200 1542 229 1564 et
243 1537 368 1565 itomines
383 1538 452 1570 fore,
468 1543 495 1565 et
511 1539 563 1565 alia
577 1543 630 1565 tam
655 1538 737 1572 itttpia
753 1542 782 1566 et
797 1538 909 1570 nefaria,

963 251 1061 278 tltoiice
1078 252 1180 277 dictum
1196 256 1256 282 est;
1276 250 1347 284 qttod
1367 249 1531 284 Theophilus
1549 252 1745 284 Antiocltenus,

961 298 1032 331 quod
1050 295 1186 329 Justinus,
1210 296 1281 331 quod
1299 296 1426 328 Ire-nasus,
1446 297 1517 330 qttod
1540 296 1693 325 Orientales
1717 298 1746 324 in

961 345 1086 378 exemplo
1111 344 1171 370 ildci
1199 348 1291 369 contra
1308 342 1466 376 Pltotiuum,
1483 344 1610 378 quodque
1626 343 1747 371 Hilarius

960 396 987 418 et
999 390 1164 418 Athanasius
1178 389 1286 416 Arianae
1303 389 1414 416 haeresis
1431 390 1558 416 acerrimi
1574 390 1747 425 impugnatu-

962 444 1016 468 res,
1034 444 1066 463 eo
1078 443 1159 463 sensu
1175 442 1229 469 quo
1243 434 1386 469 Origenes,
1399 435 1534 467 dixerunt,
1548 439 1578 461 ιιι
1592 435 1661 462 infra
1673 435 1748 463 vide-

962 482 1050 509 bimus
1064 482 1090 508 in
1107 481 1264 514 Origcnian.
1280 480 1328 507 lib.
1346 488 1376 513 tt,
1390 488 1449 514 cap.
1474 481 1503 511 2.
1518 485 1613 515 quaest.
1626 481 1654 512 2,
1672 489 1746 508 ιιιιηι.

962 528 1005 556 14.
1018 528 1094 561 Quod
1110 532 1199 554 autem
1212 527 1249 553 ait
1264 526 1455 561 Hieronymus,
1469 526 1600 561 Spiritum
1623 533 1746 555 sanctum

962 574 988 600 in
1001 581 1033 600 eo
1053 572 1191 600 volumine
1208 579 1260 599 ttou
1280 572 1314 598 dc
1332 572 1429 599 cadent
1444 571 1535 599 Patris
1554 571 1669 608 Filiique
1684 574 1748 600 sub-

961 619 1058 648 stantia
1071 619 1135 649 diei,
1149 619 1175 645 id
1190 625 1321 652 nusquam
1341 617 1421 643 hodie
1437 617 1580 650 reperitur,
1596 625 1644 645 nec
1659 623 1747 644 tamen

962 664 1023 692 inde
1046 664 1261 691 concludendum
1292 671 1364 694 rcor,
1391 664 1619 697 quemadmodum
1637 664 1749 699 conjici:

964 709 1074 736 iluetius
1089 709 1139 745 (5),
1155 718 1186 737 ea
1207 709 1291 737 fuisse
1308 717 1322 739 ιι
1346 709 1444 735 Bulino
1458 717 1546 742 erasa,
1563 717 1618 744 quo
1641 718 1747 737 omnem

961 755 1084 790 quacrela:
1097 763 1189 782 ansam
1206 755 1376 790 preciderut.
1394 754 1518 789 Nunquid
1535 755 1607 781 enim
1624 754 1746 787 Ituiinus,

961 802 1006 836 qui
1035 802 1062 829 in
1081 801 1126 828 illo
1150 801 1208 836 ipso
1233 801 1302 828 libro
1325 801 1450 836 religiose
1474 801 1627 835 proiltetur,
1645 809 1656 826 ι
1676 801 1748 834 quod

962 852 1053 875 sancta
1081 847 1201 876 Trinitas
1223 852 1361 875 coaeterna
1395 847 1441 879 sit,
1467 851 1494 873 et
1525 847 1606 873 unius
1633 850 1747 877 natura,

926 890 945 916 Β
960 894 1092 927 uniusque
1111 893 1220 920 virtutis
1231 898 1257 920 et
1273 892 1449 925 substantiae,
1474 901 1484 917 ι
1509 897 1590 925 atque
1605 891 1683 919 aliter
1700 892 1749 918 do-

960 942 1030 968 centi
1048 941 1190 968 anathema
1202 939 1354 970 denuntiat,
1371 939 1438 965 adeo
1449 937 1572 972 stupidus
1583 944 1644 965 esse
1661 938 1749 972 potttit

961 994 990 1015 ttt
1010 993 1066 1015 tam
1087 987 1202 1022 spissam
1227 985 1423 1020 blasphemiam
1447 984 1473 1010 itt
1491 991 1539 1011 sua
1564 983 1747 1024 translatione

961 1039 1084 1069 poneret,
1109 1038 1137 1061 et
1162 1033 1264 1068 absque
1279 1032 1412 1059 monitore
1433 1030 1598 1066 Hieronymo
1613 1038 1666 1058 non
1690 1030 1748 1058 ani-

962 1080 1164 1108 madverteret?
1183 1079 1295 1111 Deinde.
1315 1079 1338 1106 si
1357 1086 1417 1106 eam
1433 1085 1449 1104 e
1465 1077 1603 1105 codicibus
1620 1077 1677 1104 suis
1697 1084 1748 1105 ex-

961 1124 1065 1158 punxit,
1074 1124 1145 1150 unde
1158 1123 1239 1158 igitur
1250 1123 1341 1150 evenit
1348 1127 1377 1149 ut
1385 1122 1486 1149 nullum
1495 1122 1553 1157 ejus
1561 1123 1652 1156 operis
1660 1129 1748 1150 exem-

961 1169 1106 1204 plarltodie
1118 1173 1216 1201 exstet,
1229 1169 1255 1195 itt
1266 1176 1321 1203 quo
1337 1167 1504 1202 blasphemia
1520 1168 1564 1195 illa
1581 1168 1749 1202 reperiatur?

961 1215 1027 1242 Nam
1037 1215 1116 1250 longe
1129 1215 1236 1249 lateque
1248 1214 1371 1248 dispersa
1385 1213 1494 1241 fuerant
1512 1214 1661 1241 Rutiniaua:
1682 1222 1746 1241 ver-

960 1261 1044 1288 sionis
1065 1260 1239 1293 exetupiaria,
1256 1265 1400 1294 antequam
1415 1259 1479 1287 illud
1501 1259 1633 1294 obiiceret
1648 1260 1743 1287 iliera-

962 1305 1148 1341 nytuus.Num
1156 1305 1306 1333 verisimile
1322 1310 1364 1332 est
1374 1305 1499 1333 liuiinum
1517 1306 1635 1341 potuisse
1648 1313 1742 1334 omnes

962 1352 1022 1379 illos
1037 1352 1141 1386 priores
1152 1352 1262 1380 codices
1278 1352 1335 1380 sive
1348 1352 1529 1387 supprimere,
1547 1353 1606 1380 sive
1621 1354 1748 1380 emcnda-

961 1399 1012 1426 re?
1027 1408 1035 1424 ι
1055 1399 1123 1432 Quid
1142 1399 1224 1433 igitur
1236 1398 1400 1426 dicendum?
1414 1398 1465 1425 Det
1478 1399 1543 1426 milti
1558 1398 1642 1426 lector
1654 1406 1747 1433 aequus

961 1445 1130 1479 coujeclandi
1144 1447 1262 1478 veniam,
1277 1445 1364 1480 inquit
1384 1444 1479 1472 Bullus
1494 1444 1658 1478 Defenaiauis
1684 1444 1747 1479 ﬁdei

962 1490 1080 1518 Nicena).
1103 1493 1135 1518 de
1161 1490 1225 1518 Filii
1247 1490 1289 1524 τῷ
1303 1491 1454 1527 ὀμοουσίῳ
1475 1500 1536 1526 cap.
1555 1492 1583 1524 9,
1607 1499 1680 1518 num.
1700 1492 1745 1518 2i.

963 1537 1119 1572 Pamphilus
1135 1545 1219 1572 prope
1240 1538 1322 1565 iiuettt
1345 1538 1479 1573 Apologia
1498 1546 1511 1565 a
1532 1538 1629 1566 ltuiino
1651 1546 1745 1571 versze,

120 1591 185 1618 qua
200 1584 282 1610 etiam
302 1585 434 1620 replicare
449 1585 485 1612 sit
499 1585 633 1612 criminis.
655 1594 664 1610 ι
682 1585 781 1612 Verum
793 1585 838 1612 ltic
850 1592 910 1612 san-
924 1577 945 1605 C
962 1582 1088 1617 Origenis
1111 1591 1232 1610 errorem
1248 1583 1282 1610 de
1301 1583 1452 1610 animarum
1467 1583 1637 1619 προῦπάρξει
1660 1583 1747 1611 dcicu-

120 1634 184 1656 ctus
207 1629 303 1657 doctor
325 1630 376 1658 sibi
403 1630 452 1665 ipsi
480 1636 574 1664 aperte
604 1631 772 1658 adverSatur.
793 1631 910 1658 Tantum

122 1675 198 1702 enim
213 1676 290 1703 abest
309 1681 338 1702 ιιι
352 1676 468 1711 aliquem
481 1677 514 1703 de
536 1675 670 1703 Trinitate
690 1684 812 1703 errorem
828 1676 856 1703 in
878 1684 911 1704 ea

123 1720 217 1748 Ruﬁni
244 1721 471 1756 interpretatione
492 1722 634 1757 repererit.
662 1728 692 1749 ut
710 1722 879 1756 Pamphilum
896 1730 911 1750 e

123 1768 263 1794 contrario
275 1772 383 1795 asserat
398 1768 514 1796 Nicaeum
532 1769 640 1803 synodi,
653 1777 714 1803 quae
732 1768 779 1795 l'uit
805 1774 910 1803 postea,

123 1820 175 1848 per
189 1820 248 1840 eam
265 1813 372 1840 ostendi
385 1813 565 1845 defensorem,
587 1817 615 1840 et
638 1813 699 1840 inde
720 1813 863 1841 conelttdat
876 1813 911 1840 ab

123 1859 219 1894 aliquo
231 1860 258 1886 in
267 1859 402 1886 Triuitate
414 1859 551 1886 catholico
564 1867 633 1894 opus
647 1859 711 1886 illud
721 1859 806 1886 fuisse
819 1866 909 1886 emen-

122 1905 228 1932 datum.
239 1904 285 1931 Sic
300 1904 371 1931 ettiut
390 1904 428 1931 ait
440 1904 490 1931 sub
502 1903 581 1930 ﬁnem
596 1902 717 1937 epistola:
740 1902 775 1930 65
786 1903 818 1929 ad
832 1902 912 1929 Patu-

123 1951 262 1978 maehimn
290 1955 317 1978 et
342 1949 479 1978 Oceanum
500 1959 506 1977 :
527 1959 536 1976 ι
559 1949 612 1977 Sex
639 1950 775 1977 librorum
802 1949 909 1976 Eusebii

121 2004 205 2032 super
225 1996 346 2031 Origenit
371 1996 531 2031 Defensioue
564 1995 726 2031 principium
761 2002 848 2029 usque
877 1994 909 2022 ad

125 2043 199 2071 mille
218 2042 303 2069 ferme
318 2050 412 2069 versus
427 2042 497 2069 liber
508 2043 574 2074 iste,
590 2041 635 2076 qui
654 2041 787 2076 Pamphili
801 2041 910 2072 dicitur,

123 2088 286 2119 continet,et
295 2087 320 2114 itt
330 2087 442 2122 reliquis
452 2087 570 2121 scriptor
577 2087 700 2121 ejusdem
707 2087 798 2121 operis
809 2086 912 2121 profert

124 2133 282 2160 testimonia
297 2133 395 2168 quibus
407 2133 502 2160 nitilttr
516 2132 666 2167 approbare
677 2132 820 2167 Origenem
831 2131 912 2159 fuisse

126 2179 306 2207 catholicum.
323 2179 457 2206 Eusebius
477 2183 504 2206 et
521 2178 675 2213 Pamphilus
685 2182 789 2205 tantam
802 2178 872 2205 inter
883 2185 912 2205 se

123 2226 245 2253 habuere
261 2225 447 2257 concordiam,
458 2225 676 2252 utttniusanimte
689 2225 812 2252 homines
821 2228 909 2259 putes,

122 2271 194 2299 etab
202 2279 256 2298 uno
263 2271 334 2298 alter
341 2279 436 2299 nomen
446 2271 593 2305 acceperit.
600 2271 741 2304 Quomodo
749 2270 833 2306 igitur
840 2271 911 2298 ittter

124 2325 154 2345 se
169 2317 318 2344 dissentire
333 2322 489 2352 potuerunt,
518 2321 548 2344 ut
563 2317 697 2344 Eusebius
713 2317 739 2344 itt
759 2322 814 2344 toto
828 2324 910 2352 opere

122 2371 173 2391 suo
189 2363 336 2398 Origenettt
348 2363 442 2390 Ariani
461 2364 556 2398 probet
570 2363 714 2398 dogmatis,
731 2368 758 2390 et
781 2363 909 2398 Pamphi-

123 2410 165 2437 lus
176 2409 294 2438 Nicaeum
310 2409 417 2445 synodi,
444 2417 505 2444 qua:
530 2409 578 2436 fuit
594 2415 698 2444 postea,
714 2409 884 2437 defensorem
898 2409 909 2436 2

126 2455 163 2482 Ex
182 2463 238 2490 quo
254 2456 407 2482 ostenditur
430 2455 471 2482 vel
496 2455 609 2490 Didymi,
626 2456 667 2482 vel
680 2455 824 2489 cujuslibet
844 2457 911 2483 alte-

125 2501 182 2528 rius
203 2508 266 2528 esse
291 2501 461 2535 opusculum,
481 2501 538 2535 qui,
552 2508 599 2527 sex
616 2500 747 2527 librorum
760 2500 849 2534 capite
862 2500 910 2527 de-

123 2551 263 2578 truncato,
289 2552 387 2574 ctetera
404 2547 524 2574 tnetnbra
550 2546 672 2573 sociarit.
690 2555 699 2572 ι
715 2545 819 2573 Nullam
845 2553 910 2581 ergo

124 2592 250 2620 haeresim
268 2592 295 2619 in
312 2600 343 2620 ea
361 2592 449 2620 Ruﬁni
462 2592 693 2627 interpretatione,
709 2592 811 2619 nulluttt
831 2599 911 2620 scan-

125 2638 227 2672 dalum,
241 2638 378 2666 nullamve
389 2638 587 2672 blasphemiam
600 2643 664 2666 tuttc
680 2639 831 2674 reperiebat
848 2639 910 2667 ilic-

123 2691 265 2719 ronymus.
281 2685 396 2712 Exsmnt
409 2693 518 2720 qutoem
530 2693 584 2712 (tuo
600 2685 751 2713 testimonia
771 2686 814 2713 ubi
827 2685 911 2714 Filius

124 2729 214 2758 Patris
228 2730 354 2759 minister
367 2731 468 2759 dicitur
484 2740 491 2758 :
508 2732 555 2766 sed
576 2732 641 2759 illud
657 2732 844 2767 blasphemunt
857 2733 912 2761 dici

158 2788 182 2804 ⁸⁸
202 2788 310 2823 ΕρΙιθε.·
317 2795 355 2822 ιν,
373 2789 417 2817 50.

158 2867 197 2904 (ὃ)
212 2868 368 2904 Origenian.
385 2868 432 2897 lib.
450 2876 481 2904 tt,
495 2874 589 2904 ιιιιωει.
606 2870 650 2905 η,
665 2877 739 2900 ιιυιιι.
756 2871 797 2898 16.

962 1629 1039 1660 deus,
1057 1628 1097 1656 vel
1112 1635 1185 1656 certe
1199 1636 1342 1661 excusans,
1357 1635 1507 1664 contraque
1531 1637 1579 1657 eos
1604 1631 1748 1665 disputans

962 1672 1008 1707 qui
1026 1672 1177 1700 animarum
1193 1673 1393 1701 traductionem
1417 1674 1610 1706 defenderent,
1627 1674 1681 1702 duo
1697 1675 1746 1702 ho-

965 1726 1024 1746 rum
1045 1725 1146 1753 genera
1170 1718 1299 1745 describit
1317 1726 1324 1744 :
1341 1718 1456 1746 alterum
1481 1727 1575 1746 eorum
1591 1719 1657 1754 qui,
1685 1727 1746 1747 cum

962 1764 1066 1791 animas
1078 1763 1216 1790 itomittuut
1230 1770 1264 1790 ex
1281 1764 1393 1791 traduce
1405 1771 1466 1792 esse
1475 1765 1615 1797 docerent,
1633 1765 1746 1799 primam

963 1815 1052 1837 tamen
1070 1810 1188 1836 animant
1199 1816 1232 1836 ex
1248 1809 1295 1836 Dei
1307 1817 1366 1836 esse
1380 1809 1532 1836 substantia
1546 1809 1724 1838 defenderent
1737 1819 1744 1842 ς

963 1862 1058 1882 eorum
1073 1855 1198 1888 alterunt,
1215 1856 1261 1890 qui
1289 1863 1322 1882 ex
1355 1854 1440 1882 nihilo
1459 1856 1556 1883 i'actatn
1570 1863 1630 1883 esse
1656 1864 1671 1883 a
1691 1856 1746 1884 Deo

963 1902 1079 1928 animam
1091 1901 1164 1930 illam
1183 1902 1298 1936 primam
1317 1906 1483 1930 assererem.
1492 1901 1629 1929 Adversus
1641 1903 1747 1937 priores

965 1947 1002 1974 ita
1017 1947 1128 1974 disserit
1142 1946 1298 1981 Pamphilus
1313 1956 1320 1974 :
1341 1956 1350 1972 ι
1364 1946 1425 1974 lant
1440 1954 1504 1975 vero
1517 1947 1554 1974 illi
1569 1948 1614 1983 qui
1639 1956 1672 1976 ex
1689 1953 1746 1976 tra»

962 1993 1029 2020 duce
1041 1993 1145 2020 animas
1161 1993 1256 2020 venire
1271 1992 1416 2025 aiiirutant,
1434 1998 1461 2020 et
1475 1994 1555 2020 simul
1572 2001 1632 2021 cum
1647 2002 1747 2030 corpo-

963 2041 1010 2067 rali
1024 2048 1071 2068 eas
1081 2041 1182 2068 semine
1195 2041 1342 2073 seminari;
1358 2041 1500 2075 siquidem,
1515 2047 1544 2068 ut
1555 2042 1663 2076 quidam
1675 2042 1747 2077 ipso—

963 2093 1020 2112 rum
1031 2084 1165 2113 aiiirmare
1183 2086 1281 2118 solent,
1291 2093 1343 2113 non
1357 2086 1430 2113 aliud
1443 2086 1663 2114 dicuntanitttam
1673 2096 1747 2119 esse,

962 2139 1042 2166 quam
1061 2131 1269 2159 insnillationem
1297 2133 1415 2166 Spiritus
1440 2133 1498 2165 Dei,
1530 2133 1602 2160 illam
1630 2134 1745 2166 scilicet,

961 2185 1041 2211 quant
1054 2177 1080 2204 itt
1094 2177 1169 2204 initio
1181 2177 1292 2205 facturae
1305 2179 1394 2206 tttttndi
1406 2179 1475 2206 Deus
1491 2178 1748 2207 ittsuillnssedieitur

963 2224 989 2250 in
1000 2224 1097 2255 Adam,
1117 2225 1150 2251 de
1163 2225 1220 2258 ipsa
1242 2224 1289 2252 Dei
1303 2233 1362 2252 esse
1374 2232 1434 2252 eam
1450 2226 1600 2253 substantia
1618 2226 1747 2261 proiiten-

963 2274 1021 2302 tes;
1039 2270 1174 2304 quontodo
1191 2278 1243 2298 non
1255 2276 1282 2298 et
1296 2272 1338 2299 isti
1361 2273 1525 2300 videbuntur
1547 2272 1755 2307 quodammodo.

962 2316 1020 2343 hazc
1038 2322 1136 2350 praeter
1154 2315 1303 2351 Scriptura:
1331 2319 1451 2353 regulam
1469 2325 1496 2347 et
1514 2320 1645 2348 rationem
1662 2320 1748 2356 pieza-

963 2363 996 2389 tis
1023 2369 1155 2394 asserere,
1177 2363 1249 2396 quod
1278 2364 1430 2391 substantia
1458 2365 1505 2392 Dei
1524 2366 1585 2393 est?
1604 2375 1614 2392 ›
1633 2365 1683 2392 Vix
1695 2365 1748 2392 du-

962 2408 1019 2435 bito
1036 2408 1100 2442 quin
1116 2416 1148 2435 ex
1163 2408 1204 2435 his
1224 2409 1313 2436 verbis
1328 2409 1407 2436 istaut
1426 2409 1566 2446 Pautpltilo
1583 2411 1749 2439 calumniam

961 2454 1092 2481 struxerit
1104 2453 1293 2489 llieronyntus.
1316 2454 1420 2490 Quippe
1435 2464 1497 2483 eunt
1514 2463 1634 2484 veterum
1656 2457 1747 2485 multis

962 2500 1047 2527 sensit
1073 2500 1266 2536 Hieronyntns,
1293 2501 1460 2535 spiraculum
1479 2503 1551 2533 vita},
1576 2503 1648 2538 quod
1674 2503 1744 2531 Deus

961 2545 1050 2579 prittto
1063 2546 1165 2573 homini
1191 2546 1343 2574 ittsuillasse
1354 2547 1462 2580 dicitur,
1477 2547 1560 2575 fuisse
1582 2549 1668 2583 ipsum
1685 2549 1746 2584 Spi-

964 2593 1046 2619 rituttt
1067 2597 1189 2620 sattctunt
1203 2593 1290 2621 eidem
1320 2593 1424 2621 homini
1444 2602 1495 2621 una
1510 2602 1572 2622 cum
1584 2596 1674 2622 attima
1689 2596 1748 2628 ejus

964 2638 1093 2666 infusum.
1101 2639 1145 2667 Sic
1154 2640 1179 2666 in
1189 2639 1387 2667 Commentariis
1394 2641 1419 2668 itt
1427 2647 1485 2675 cap.
1495 2649 1519 2668 tv
1526 2641 1610 2676 Epist.
1618 2643 1650 2668 ad
1659 2642 1749 2677 Ephe-

965 2685 1031 2718 sios,
1041 2685 1073 2712 ad
1081 2685 1161 2713 verba
1170 2686 1214 2713 illa
1224 2694 1230 2712 :
1242 2696 1251 2712 ι
1264 2686 1352 2715 Nolite
1365 2687 1527 2715 contristare
1536 2687 1666 2722 Spiritum
1682 2696 1749 2717 san-

966 2737 1039 2760 ctutu
1061 2732 1090 2760 in
1111 2740 1164 2768 quo
1179 2732 1278 2769 signati
1292 2734 1358 2763 estis
1374 2735 1402 2763 iit
1418 2734 1462 2762 die
1479 2734 1672 2770 redemptionis
1683 2734 1718 2771 ⁸³,
1736 2744 1746 2761 ι
