1909 3080
166 111 218 140 535

766 110 794 137 S.
816 108 980 141 PAMPHILI
998 107 1174 135 MARTYRIS

1733 105 1787 134 556

167 171 225 198 haec
244 171 376 199 adnotat:
395 179 404 196 ι
424 170 528 204 Signati
558 170 630 197 enim
658 176 751 197 sumus
776 169 878 203 Spiritu
907 168 954 196 Dei
968 170 991 201 Α
1006 168 1114 195 assidue
1141 171 1307 200 versaverat,
1327 167 1353 194 in
1373 174 1422 194 suo
1445 165 1547 193 Hister.
1569 166 1661 193 cocta.
1687 164 1735 192 lib.
1747 173 1785 199 vt,

166 222 271 249 sancto,
297 221 326 244 ut
352 221 379 244 et
398 216 510 251 spiritus
524 219 618 243 uoster
629 219 657 243 et
680 215 770 242 anima
796 214 951 250 impriman-

167 267 212 289 tur
241 261 380 298 signaculo
412 261 476 294 Dei,
501 265 528 288 et
563 261 634 287 illam
664 260 827 295 recipiamus
853 259 949 295 imagi-

166 315 228 335 nem
244 312 272 335 et
286 307 502 339 similitudinem,
521 307 554 334 ad
577 312 658 341 quam
679 306 705 333 in
721 305 834 333 exordio
847 305 949 333 conditi

167 360 268 381 sumus.
283 353 338 380 Hoc
352 352 521 387 signaculum
537 351 624 380 sancti
645 351 774 387 Spiritus,
795 351 872 386 juxta
895 351 949 379 elo-

166 400 257 434 quium
272 399 437 430 Servatoris,
448 398 505 426 Deo
526 398 708 433 imprimente,
724 398 857 433 signatur.
875 407 885 424 ι
901 397 950 425 Ubi

167 447 311 481 imaginem
325 449 354 473 et
379 445 585 473 similitudinem
608 445 682 472 illam
702 444 759 478 Dei,
779 443 813 471 ad
824 451 906 478 quam
923 443 950 471 in

166 492 222 525 ipsa
238 499 286 519 sua
305 491 443 518 creatione
463 489 621 518 elIormatus
639 490 692 517 fuit
707 490 799 522 homo,
818 490 951 524 interpre-

165 541 238 563 tatur
249 537 418 571 signaculum
433 535 551 571 Spiritus
560 536 646 565 saucti
663 544 671 562 :
685 536 756 570 quod
769 536 829 562 ideo
839 535 951 563 omnino

165 581 260 609 fecisse
273 581 458 616 videtur,qnia
468 580 632 615 spiraculum
644 580 794 615 vitm,quod
804 580 874 611 Deus
889 587 950 607 cum

166 627 281 661 primum
298 626 435 654 hominem
451 625 592 656 formaret,
609 625 659 660 ipsi
674 624 827 660 insuﬁlasse
843 625 949 657 dicitur,

166 672 296 706 Spiritum
313 672 397 699 fuisse
414 676 540 699 sanctum
558 671 684 698 credidit.
702 670 758 698 Hoc
771 670 871 697 clarius
883 669 951 696 dixit

166 718 351 745 'l'ertullianns
374 718 423 746 lib.
440 717 479 745 De
496 717 636 752 baptismo,
649 724 710 751 cap.
723 717 750 749 5,
764 716 809 743 ubi
827 716 860 744 de
873 722 951 751 rege-

166 765 307 791 neratione
320 763 449 796 hominis,
463 770 525 798 quae
539 770 587 798 per
601 763 765 798 baptismum
783 761 825 796 ﬁt,
850 761 890 789 sic
911 761 951 789 lo-

1002 222 1061 248 cap.
1075 213 1121 246 35,
1136 217 1230 247 aperte
1243 212 1335 240 testari
1345 219 1361 239 a
1376 219 1406 240 se
1419 216 1469 239 eta
1481 215 1654 239 sacrosancto
1667 216 1786 246 martyre

1001 259 1140 294 Pamphilo
1168 257 1368 293 Apoloyeticum
1394 264 1442 292 pro
1469 256 1596 292 Origcais
1629 256 1786 284 defensione

1000 305 1137 332 communi
1152 304 1242 332 studio
1255 309 1337 339 atque
1365 311 1447 338 opera
1475 303 1587 338 iunctim
1601 302 1683 331 fuisse
1692 300 1786 330 elabo-

1001 355 1100 383 ratum,
1117 350 1239 385 adeoque
1257 349 1410 384 Apologiam
1422 348 1492 377 hanc
1511 349 1561 376 sub
1575 348 1684 375 nomine
1707 347 1788 374 Pam-

1000 397 1066 432 phili
1086 405 1100 423 a
1114 395 1212 423 Ruﬁno
1229 395 1339 428 editam,
1355 402 1434 429 quam
1450 401 1510 423 esse
1535 394 1634 421 fatetur
1654 393 1788 429 Hierony—

1001 450 1061 470 mus
1076 443 1222 478 ipsummet
1235 441 1343 471 Eusebii
1355 441 1470 476 primum
1486 441 1622 474 volumen,
1637 447 1697 468 esse
1713 440 1788 467 Pam-

1001 488 1067 523 phili
1082 487 1163 515 simul
1176 492 1203 515 et
1235 487 1352 515 Eusebii.
1378 487 1492 514 Videtur
1515 494 1578 521 ergo
1607 485 1788 521 Hieronymus

1001 533 1064 560 ideo
1080 533 1202 560 eamdem
1217 532 1267 560 soli
1282 532 1399 559 Eusebio
1409 532 1578 566 ascripsisse,
1591 531 1652 566 quia
1663 530 1786 562 Ruﬁnus,

1001 579 1045 605 cui
1062 583 1125 605 tunc
1143 578 1271 613 temporis
1290 585 1346 612 quo
1370 579 1428 605 hac
1456 577 1592 604 scribebat
1619 585 1672 604 non
1699 577 1790 604 minus

1001 633 1082 660 quam
1103 625 1213 660 Origeui
1232 628 1292 651 erat
1306 624 1446 659 infensus,
1467 623 1516 651 soli
1538 622 1680 658 Pamphilo
1703 622 1789 650 ascri-

1001 675 1111 705 pserat;
1125 676 1152 697 et
1165 670 1226 698 ideo
1250 669 1365 697 Eusebio
1381 669 1428 696 soli
1448 669 1545 696 iterum
1575 669 1745 703 ascripsisse,
1759 673 1790 695 ut

1000 724 1061 746 eam
1072 717 1173 744 Ariana
1184 720 1259 751 peste
1273 722 1334 743 esse
1348 713 1474 743 infectam
1489 713 1594 741 facilius
1603 714 1789 749 persuaderet,

1002 764 1147 798 ttulinique
1160 763 1221 792 ﬁdei
1233 767 1262 793 et
1278 762 1432 794 auctoritati
1450 761 1550 789 certius
1565 761 1717 795 derogaret.
1735 759 1789 787 Sed

167 810 260 844 quitur
273 818 280 836 :
291 819 300 836 ‹
316 809 353 836 lta
366 809 517 837 restituitur
531 809 613 836 homo
627 808 681 836 Deo
697 809 730 835 ad
747 808 949 836 similitudinem
966 841 984 844 _
1003 809 1069 837 nihil
1090 810 1197 844 proﬁcit
1221 813 1333 837 sanctus
1363 809 1457 837 doctor
1480 812 1573 835 contra
1599 805 1789 833 auctoritatem

166 841 236 890 ejus,
251 856 297 890 qui
316 860 388 883 retro
407 855 441 883 ad
465 855 610 890 imaginem
627 855 673 882 Dei
697 854 824 882 conditus
851 853 950 886 fuerat,
966 841 988 869 Β
1003 841 1097 891 ἰρείυε⁷
1112 854 1232 887 Eusebii,
1261 854 1400 888 Socratis,
1420 853 1572 889 anonymia
1593 852 1627 880 Β.
1661 851 1691 882 P.
1713 851 1791 886 Lupo

166 906 222 931 etc.
247 901 359 935 Recepit
378 901 450 932 enim
469 901 545 928 illum
561 900 610 932 Dei
630 900 772 934 Spiritum,
789 907 869 935 quem
889 904 953 927 tunc

166 947 199 975 de
222 947 312 974 alliam
337 947 396 981 ejus
425 951 593 981 susceperat,
610 946 658 974 sed
680 951 741 981 post
757 946 887 981 amiserat
904 952 953 980 per

167 985 309 1021 delictum.
325 1003 335 1019 ›
351 993 420 1024 Hinc
443 993 524 1028 igitur
544 993 644 1024 factum
666 992 791 1026 videtur,
811 997 842 1020 ut
862 999 897 1020 ex
919 999 952 1020 eo

167 1038 239 1074 quod
257 1038 465 1074 insulllationem
480 1038 599 1074 Spiritus
614 1038 660 1066 Dei
678 1038 835 1074 Pamphilus
861 1038 952 1074 (intel-

166 1084 253 1119 ligens
264 1084 393 1112 nimirum
408 1091 455 1119 per
464 1083 683 1116 insuﬂlationem,
696 1083 771 1118 juxta
784 1091 845 1111 cum
857 1084 952 1115 adver-

164 1127 247 1155 sariis
261 1135 329 1163 quos
341 1127 450 1163 refellit,
465 1127 532 1154 nihil
545 1127 618 1155 aliud
635 1135 716 1163 quam
736 1128 821 1162 ipsam
834 1128 952 1156 hominis

165 1173 295 1210 animam)
309 1178 421 1209 negaret
434 1174 467 1200 (le
484 1173 636 1200 substantia
652 1179 712 1200 esse
727 1173 784 1207 Dei,
803 1173 890 1207 ipsum
904 1181 951 1200 ca~

165 1219 313 1247 lumniatns
329 1219 410 1251 fuerit
424 1218 619 1254 Hieronymus,
634 1219 712 1261 quasi
729 1219 867 1247 docuisset
887 1219 950 1254 Spi-,

164 1265 247 1292 ritum
274 1264 333 1297 Dei,
356 1264 461 1292 tertiam
486 1263 644 1291 Divinitatis
663 1271 818 1299 personam,
834 1265 868 1292 de
885 1265 950 1292 sub-

165 1312 264 1340 stantia
293 1311 339 1339 Dei
367 1319 418 1338 non
444 1317 514 1338 esse.
535 1320 545 1337 ι
566 1310 667 1339 Nullibi
690 1311 771 1340 etiam
793 1316 952 1346 comparent

165 1366 226 1394 quae
238 1363 330 1393 postea
343 1358 519 1392 reprehendit
536 1357 726 1394 Hieronymus,
741 1357 846 1385 scilicet
863 1367 873 1384 ι
892 1358 951 1386 ani-

167 1411 226 1432 mas
248 1403 386 1432 hominum
402 1403 493 1438 lapsas
506 1411 567 1433 eSSe
580 1405 613 1431 de
628 1404 709 1436 coelo,
728 1408 756 1430 et
772 1403 799 1430 in
814 1404 865 1432 hoc
877 1404 950 1439 quod

165 1456 260 1476 sumus
267 1449 300 1476 de
313 1447 415 1483 angelis
423 1449 593 1481 commutati,
606 1449 633 1476 in
646 1448 817 1477 restitutione
828 1450 949 1478 omnium

164 1494 283 1530 mquales
295 1493 352 1521 fore
364 1498 391 1521 et
409 1494 529 1530 angelos.
545 1500 572 1522 et
587 1495 734 1527 dmmones,
746 1499 774 1521 et
790 1494 924 1523 homines.
937 1506 947 1522 ι

166 1540 220 1568 Sed
232 1540 289 1567 haec
304 1547 365 1567 cum
385 1540 546 1568 naturaliter
560 1546 707 1575 sequantur
715 1548 748 1567 ex
759 1540 950 1575 prazexsisten-

167 1586 203 1613 tia
224 1586 389 1617 animarum,
406 1594 487 1620 quam
505 1593 637 1613 excusare
662 1590 749 1613 tentat
773 1585 948 1621 Pamphilus,

166 1631 228 1659 inde
246 1639 289 1664 ea,
305 1631 383 1667 quasi
397 1632 418 1660 si
433 1632 504 1660 dicta
518 1632 830 1668 fuissent,exprobrasse
844 1633 951 1663 videtur

168 1676 360 1713 Hieronymus.

202 1722 269 1750 Vlll.
284 1723 323 1750 Ex
340 1723 383 1751 his
400 1722 552 1758 intelligere
571 1723 635 1752 licet
664 1730 787 1759 quisnam
801 1723 836 1750 sit
860 1722 951 1751 lliero-

164 1775 247 1803 nymo
263 1768 329 1795 ﬁdes
341 1768 505 1801 adhibenda,
518 1776 579 1796 cum
603 1769 629 1796 in
653 1769 723 1796 hanc
748 1768 870 1803 Origem's
899 1769 951 1796 De-

165 1813 311 1847 fensionem
329 1818 382 1841 lam
407 1814 508 1841 acriter
524 1814 669 1843 invehitur.
688 1814 788 1842 anlibi
813 1815 863 1842 sibi
883 1823 949 1843 con-

163 1864 220 1887 stat
231 1865 342 1887 sanctus
355 1860 449 1887 doctor
467 1868 474 1886 :
493 1856 592 1898 ubique
605 1860 656 1887 sibi
681 1861 850 1889 adversatur.
875 1861 951 1889 Hanc

166 1905 283 1940 primum
308 1905 414 1933 dixerat
426 1905 512 1937 solius
527 1914 588 1934 esse
600 1905 744 1942 Pamphili,
759 1912 851 1942 postea
867 1909 950 1937 solius

164 1951 287 1983 Eusebii.
303 1951 380 1979 Modo
395 1959 455 1980 eam
467 1951 584 1988 Eusebio
597 1952 702 1986 tribuit,
719 1953 800 1981 modo
812 1954 854 1981 vel
865 1954 949 1990 Didy-

163 2005 221 2037 mo,
239 1997 281 2025 vel
296 1997 403 2031 Ruﬁno,
420 1998 463 2025 vel
480 1997 558 2025 alteri
574 1998 696 2031 cuilibet,
714 1999 773 2033 qui,
793 1998 855 2026 libri
870 1999 948 2034 primi

162 2043 272 2073 Eusebii
288 2043 377 2079 capite
388 2044 560 2077 detruncata,
577 2048 675 2071 caetera
690 2046 812 2072 membra
827 2045 947 2073 sociarit.

161 2088 242 2122 Modo
261 2089 332 2118 hanc
345 2096 405 2119 esse
422 2090 460 2116 ait
473 2090 618 2125 ipsummet
633 2089 743 2117 Eusebii
756 2090 873 2124 primum
901 2098 944 2119 vo-

160 2134 261 2169 lumen,
278 2135 358 2167 modo
374 2141 480 2163 sextum
496 2145 504 2169 ;
518 2135 597 2164 modo
612 2135 707 2167 eadem
720 2140 747 2164 et
762 2135 857 2164 iisdem
886 2144 947 2164 ver-

160 2180 202 2208 bis
216 2181 243 2208 in
265 2182 353 2215 primo
383 2181 491 2213 Eusebii
521 2181 591 2208 libro
615 2181 762 2214 contineri,
784 2182 864 2213 modo
887 2184 946 2217 ejus
962 2196 983 2224 υ

159 2226 322 2261 scriptorem
336 2227 370 2255 de
384 2227 442 2262 ipso
466 2227 575 2259 Eusebii
602 2227 671 2255 libro
693 2228 816 2262 quaedam
845 2228 944 2256 immu-

160 2276 252 2305 tasse;
272 2274 353 2300 modo
380 2280 476 2301 sensus
507 2273 641 2302 duntaxat
664 2273 834 2307 immutasse,
866 2275 945 2303 modo

159 2319 217 2352 ipsa
245 2319 398 2346 testimonia
424 2319 604 2353 subtraxisse,
629 2325 657 2348 et
677 2321 729 2348 alia
750 2321 942 2357 substituisse;

159 2367 239 2391 modo
255 2372 349 2399 pauca,
365 2365 444 2393 modo
458 2365 542 2393 multa
557 2375 565 2399 ;
579 2366 661 2397 modo
685 2366 802 2402 denique
828 2367 854 2394 in
885 2367 942 2403 ipsa

158 2410 247 2437 Ruﬁni
263 2409 356 2438 Latina
373 2411 597 2446 interpretatione
608 2412 690 2439 multa
703 2413 850 2440 etiamnum
865 2421 943 2441 scan-

158 2456 230 2489 dala,
248 2461 276 2483 et
299 2457 488 2491 apertissimas
511 2457 694 2493 blaspbetnias
716 2459 839 2493 reperiri.
863 2460 943 2488 modo

158 2502 325 2537 Pamphilum
340 2502 456 2530 Nicaeus:
469 2503 529 2530 ﬁdei
549 2511 596 2539 per
612 2511 671 2532 eam
687 2505 790 2532 ostendi
816 2505 942 2534 defenso-

158 2556 225 2576 rem.
240 2548 425 2584 Undequaque
438 2557 499 2578 sese.
511 2554 602 2578 versat
615 2555 726 2578 sanctus
737 2550 941 2584 doctor,omnia

157 2599 247 2622 movet
260 2602 294 2622 ne
308 2595 376 2623 liber
394 2596 437 2623 hic
450 2595 585 2631 Pamphili
599 2597 645 2623 sit.
663 2596 743 2631 Atqui
772 2602 861 2624 tamen
889 2605 941 2625 non

157 2646 261 2675 poterat
276 2641 402 2676 ignorare
428 2642 514 2677 ipsum
545 2642 700 2674 Eusebium,
738 2643 815 2678 cujus
841 2643 941 2678 scripta

192 2720 230 2757 (6)
247 2722 324 2749 Φασὶ
350 2723 385 2749 δὲ
414 2724 516 2755 αὐτόν,
541 2728 595 2751 etc.
622 2724 688 2750 Cum
717 2725 789 2751 dicat
815 2723 947 2750 Eusebius

156 2754 230 2783 Ηὶειζ
246 2760 335 2794 coclea.
346 2759 402 2794 rlib.
418 2766 454 2791 νι,
469 2766 529 2793 cap.
545 2759 591 2790 59,
607 2758 751 2794 Origenem
764 2763 792 2785 et
816 2757 898 2785 Decio
921 2762 948 2794 et

158 2792 302 2828 tormentis
310 2792 398 2828 fuisse
410 2794 601 2828 superstitem,
615 2792 692 2828 cujus
706 2793 743 2820 rei
761 2797 844 2821 testes
855 2793 946 2827 appel-

158 2825 194 2859 lat
207 2826 291 2861 ipsius
306 2825 431 2861 Origcnis
448 2825 576 2862 epistolas
589 2825 657 2867 post
674 2828 783 2863 Decium
810 2825 943 2867 scriptas;

1003 902 1079 935 editi,
1094 901 1195 934 Pbolii,
1211 905 1239 929 et
1254 905 1412 929 cancrorum
1423 919 1431 932 ,
1447 900 1492 935 qni
1506 901 1576 927 hanc
1591 898 1735 934 Pamphilo
1750 898 1790 926 si:

1004 947 1059 975 uitii
1073 948 1244 982 Eusebioque
1259 946 1431 982 adjudicant;
1445 950 1473 974 et
1489 946 1556 974 satis
1571 945 1648 972 nobis
1662 949 1705 973 est
1720 951 1789 979 prte-

1002 994 1111 1027 ciputtm
1126 991 1218 1027 operis
1231 996 1369 1019 auctorem
1392 990 1562 1026 Pamphilum
1579 990 1613 1018 ab
1627 989 1745 1017 Eusebio
1761 993 1789 1018 et

1002 1037 1099 1065 Pliotio
1116 1037 1277 1073 agnosci,ut
1289 1036 1376 1068 nullas
1389 1037 1417 1065 in
1443 1043 1476 1064 eo
1497 1035 1681 1071 blasphemias
1701 1035 1788 1064 exsti-

1004 1083 1068 1110 tisse
1080 1074 1243 1118 iudicemus.

1038 1127 1081 1156 IX.
1099 1127 1256 1163 Restatjam
1271 1132 1300 1156 ut
1318 1128 1420 1164 aliquid
1432 1127 1466 1155 de
1491 1127 1597 1156 caeteris
1610 1127 1730 1163 quinque
1742 1127 1788 1154 de-

1002 1175 1116 1210 perditis
1134 1174 1210 1202 libris
1236 1175 1368 1202 dicamus.
1395 1174 1522 1202 Socrates
1544 1174 1572 1202 in
1601 1181 1633 1202 eo
1660 1178 1789 1203 contextu

1002 1229 1081 1257 quem
1094 1228 1173 1255 supra
1190 1220 1329 1248 attulimus
1343 1227 1376 1252 ex
1384 1220 1441 1255 ejus
1454 1219 1557 1247 Hister.
1573 1219 1620 1248 lib.
1633 1227 1675 1253 ut,
1691 1219 1788 1254 tatp.7,

1002 1268 1195 1302 desumptum,
1221 1267 1257 1294 ait
1286 1266 1458 1301 Pamphilum
1479 1272 1506 1294 et
1533 1266 1677 1294 Eusebium
1707 1265 1789 1294 simul

998 1314 1107 1348 junctos
1120 1314 1200 1341 vitam
1219 1313 1345 1348 Origenis
1355 1313 1381 1341 in
1396 1320 1428 1340 ea
1442 1312 1571 1348 Apologia
1582 1312 1789 1348 conscripsisse,

1001 1365 1029 1388 ct
1043 1360 1079 1388 ibi
1097 1360 1250 1389 ostendisse
1263 1359 1420 1396 Origenem,
1437 1359 1482 1394 qui
1505 1359 1531 1386 in
1557 1359 1684 1387 omnibus
1710 1358 1789 1388 libris

1002 1405 1058 1433 suis
1079 1405 1218 1434 Christqu
1239 1406 1377 1433 hominem
1406 1405 1508 1433 factum
1532 1405 1620 1432 anima
1645 1404 1788 1439 praeditum

1001 1459 1061 1479 esse
1077 1452 1210 1487 agnoscit,
1221 1451 1376 1486 specialiter
1392 1451 1418 1478 in
1435 1459 1506 1479 nono
1522 1455 1594 1480 tomo
1622 1450 1789 1479 Commenta-

1001 1497 1101 1523 riorum
1112 1496 1141 1523 in
1157 1495 1287 1529 Genesim,
1303 1495 1347 1523 ubi
1379 1495 1513 1522 Adamum
1539 1494 1648 1529 quidem
1673 1493 1789 1526 Christi,

1001 1541 1084 1568 Evam
1105 1545 1197 1569 autem
1214 1539 1343 1568 Ecclesiae
1358 1545 1451 1576 typum
1467 1546 1562 1576 gerere
1577 1538 1700 1574 pluribus
1710 1545 1789 1566 asse-

1001 1587 1097 1620 rucrit,
1117 1594 1171 1614 non
1199 1587 1315 1621 primum
1334 1586 1360 1612 in
1386 1585 1439 1613 hoc
1467 1589 1626 1619 argumento
1648 1589 1791 1616 versatum

1001 1641 1072 1666 csse,
1085 1633 1132 1660 sed
1144 1631 1272 1660 Ecclesiae
1295 1631 1467 1659 traditionem
1485 1637 1546 1659 esse
1565 1631 1786 1665 interpretatum.

1001 1679 1078 1713 Quod
1096 1683 1157 1713 post
1167 1678 1307 1706 Socratem
1322 1676 1599 1712 repetitNicepborus
1620 1675 1693 1704 Hist.
1723 1676 1742 1704 l.
1757 1683 1789 1715 ιη

1000 1733 1061 1760 cap.
1079 1725 1124 1752 14.
1139 1724 1222 1752 Docet
1236 1724 1317 1753 etiam
1341 1722 1473 1752 Eusebius
1487 1721 1558 1749 Hist.
1576 1721 1624 1749 lib.
1639 1729 1676 1754 vt,
1692 1729 1717 1749 c.
1737 1721 1785 1753 25,

1000 1778 1030 1798 se
1043 1771 1070 1798 in
1090 1770 1210 1798 secundo
1227 1769 1306 1804 hujus
1318 1768 1450 1804 Apologitr
1474 1767 1542 1796 libro
1556 1768 1713 1802 exposuisse
1737 1767 1788 1803 qui

1001 1821 1089 1845 motus
1103 1815 1281 1844 ordinationis
1294 1814 1418 1850 Origenis
1433 1821 1514 1842 causa
1529 1813 1632 1841 fuerint
1643 1813 1788 1851 concitati,

1000 1867 1028 1892 et
1042 1870 1103 1897 quae
1116 1869 1198 1898 super
1209 1861 1304 1890 iisdem
1322 1860 1441 1891 motibus
1458 1868 1472 1887 a
1501 1859 1661 1895 praesulibus
1689 1858 1786 1887 Eccle-

1000 1909 1102 1939 siarum
1117 1908 1264 1936 constituta
1278 1907 1351 1940 sint;
1365 1911 1402 1940 ,et
1423 1913 1590 1941 qua-cunque
1614 1905 1666 1933 alia
1690 1905 1790 1943 vigeps

1001 1955 1057 1989 ipse
1066 1953 1196 1988 Origenes
1208 1961 1240 1980 ac
1252 1952 1351 1980 ﬂorens
1369 1952 1395 1979 in
1410 1951 1603 1987 praedicatione
1618 1950 1695 1978 verbi
1715 1951 1788 1978 divi-

1000 2000 1026 2027 ni
1040 1999 1196 2027 contulerit.
1211 1999 1253 2029 Τὰ
1274 1998 1323 2034 μὲν
1340 1996 1386 2025 οὖν
1414 1997 1461 2033 ἐπὶ
1490 1997 1578 2033 τούτῳ
1608 1998 1673 2033 περὶ
1702 1997 1788 2032 eum}

1001 2045 1168 2082 κεκινημένα
1181 2054 1187 2060 ·
1204 2044 1239 2080 τά
1251 2053 1280 2071 τε
1295 2044 1341 2071 ἐπὶ
1354 2045 1410 2076 τοῖς
1428 2043 1559 2080 κινηϐεῑσι
1571 2043 1719 2079 δεδογμένα
1728 2045 1787 2076 τοῖς

998 2092 1052 2118 τῶν
1072 2090 1239 2126 Ἐκκλησιῶν
1253 2090 1435 2126 προεστῶσιν·
1451 2091 1501 2117 ὅσα
1515 2098 1544 2117 τε
1568 2090 1634 2117 ἄλλα
1652 2090 1786 2130 ἀκμάζῳν

998 2137 1115 2173 περὶιτὸν
1125 2137 1195 2163 θεῖον
1209 2136 1393 2172 εἰσενήνεκται
1405 2135 1493 2170 λόγον,
1507 2135 1574 2168 ιδίας
1588 2136 1703 2172 δςόμιενα
1720 2145 1787 2165 συν-

997 2183 1109 2216 τάξεως,
1125 2182 1241 2219 μετρίως
1258 2183 1286 2208 ὲν
1298 2177 1337 2218 τῷ
1350 2182 1468 2218 δευτέρῳ
1479 2179 1513 2219 ἦς
1538 2182 1607 2218 ὑπὲρ
1631 2182 1714 2209 αὑτοῦ
1736 2191 1787 2210 πε-

998 2229 1135 2265 ποιήμεθα
1162 2228 1330 2262 ἀπολογίας,
1365 2227 1568 2264 ἀνεγράψαμεν.
1598 2227 1662 2261 Quze
1692 2229 1785 2255 omnia

998 2275 1141 2303 conﬁrmat
1152 2271 1266 2302 Photius
1279 2274 1404 2302 Bibliolh.
1428 2275 1521 2302 codice
1535 2282 1635 2308 cxvnt,
1666 2275 1707 2302 his
1722 2282 1785 2302 ver-

996 2321 1058 2349 bis:
1075 2321 1143 2348 Φασὶ
1161 2320 1189 2347 δὲ
1207 2321 1252 2347 τὸν
1276 2321 1414 2358 Ὠριγένην
1434 2322 1462 2348 ὲν
1482 2321 1539 2352 τοῖς
1569 2320 1639 2347 κατὰ
1664 2321 1784 2356 Σευῆρον

996 2367 1125 2403 διωγμοῖς
1140 2367 1242 2404 γράψαι
1259 2366 1381 2405 Λεωνίδῃ
1402 2366 1496 2402 πατρϊ,
1507 2392 1509 2394 ,
1521 2367 1700 2401 ὲπαλείφοντα
1714 2367 1783 2402 πρὸς

996 2413 1041 2440 τὸν
1063 2413 1110 2440 τοῦ
1137 2413 1285 2449 μαρτυρίου
1300 2413 1409 2449 δρόμον,
1437 2413 1466 2440 ὃν
1481 2412 1528 2440 καὶ
1542 2412 1630 2444 καλῶς
1653 2412 1784 2447 δραμόντι

995 2459 1049 2486 τῶν
1067 2459 1201 2496 βραδείων
1215 2460 1305 2494 τυχεῖν
1321 2458 1473 2493 ἐξεγένετο·
1489 2458 1535 2485 καί
1551 2458 1631 2485 αὐτὸν
1642 2458 1670 2484 δὲ
1681 2457 1784 2486 ἀποδύ-

997 2505 1094 2532 σασθαι
1108 2505 1232 2532 σπεύδειν
1248 2505 1316 2540 πρὸς
1327 2505 1357 2531 τὸ
1380 2504 1434 2531 τῶν
1450 2504 1648 2540 ἀγωνισμάτων
1665 2505 1783 2538 στάδιον,

996 2551 1045 2588 τὴν
1059 2551 1088 2578 δὲ
1112 2551 1217 2587 μητέρα
1250 2551 1296 2576 καὶ
1317 2550 1418 2577 ἄκοντα
1446 2549 1591 2586 δυνηθῆναι
1619 2550 1670 2585 τῆς
1694 2550 1784 2585 ὁρμῆς

995 2598 1134 2633 ἐπισχεῖν·
1153 2596 1294 2624 καὶτοῦτο
1309 2597 1356 2623 καὶ
1375 2595 1456 2628 αὐτὸς
1481 2597 1510 2623 ὲν
1534 2595 1662 2631 ἐπιστολῇ
1693 2595 1783 2631 οἰκείᾳ

995 2643 1215 2678 ἐπισημαίνεται.
1236 2642 1272 2678 (6)
1286 2642 1355 2669 Φασὶ
1368 2642 1396 2669 δὲ
1423 2642 1514 2675 αὐτὸν,
1542 2642 1556 2668 ὅ
1578 2650 1607 2668 τε
1639 2641 1784 2677 Πάμφιλος

997 2723 1037 2750 vel
1050 2718 1166 2750 nondum
1183 2722 1288 2749 viderat
1318 2722 1379 2748 illas
1406 2719 1535 2755 epistolas
1552 2720 1659 2754 quando
1672 2717 1701 2747 in
1729 2719 1782 2748 hac

996 2759 1124 2793 Apologia
1142 2765 1272 2793 unaAcum
1290 2757 1431 2793 Pamphilo
1442 2757 1578 2793 scribebat
1588 2755 1731 2793 Qrigelietu
1753 2756 1781 2782 in

995 2790 1183 2828 persecutione
1195 2791 1268 2828 De_cii
1285 2790 1367 2828 vitam
1382 2791 1484 2828 celebri
1501 2791 1630 2828 martyrio
1644 2790 1780 2828 lhnivisse;

995 2825 1037 2857 vel
1055 2827 1207 2859 inconsulto
1220 2826 1337 2862 Eusebio
1349 2826 1422 2856 solus
1436 2827 1492 2857 haec
1517 2826 1629 2866 scripsit
1651 2825 1782 2861 Pamphi-
