1909 3080
40 141 86 168 557

505 139 677 168 APOLOGIA
696 139 765 168 PRO
784 138 945 168 ORIGENE.
965 155 998 160 ——
1017 138 1187 167 MONITUM.

1602 139 1653 166 558

43 201 149 236 μάρτυς,
166 199 216 226 καὶ
230 199 321 235 ἕτεροι
337 199 466 232 πλεῖστοι,
485 200 584 232 οῐτινες
596 200 644 227 ἀπ’
661 199 751 227 αὐτῶν
763 199 817 226 τῶν

870 200 930 226 dam
945 207 993 227 sua
1011 202 1138 227 testatum
1159 198 1277 233 reliquit.
1293 197 1363 231 Quin
1379 197 1654 234 Pamphilusmartyr,

41 243 195 280 ἑωρακότων
221 243 364 279 Ὤριγένην
384 243 419 270 τὰ
433 244 497 279 περὶ
514 243 561 272 τοῦ
587 244 684 280 ἀνδρὸς
697 243 818 280 ὴκριϐώ-

42 298 123 321 σαντο,
138 289 275 325 διαϐοήτῳ
298 289 441 325 μαρτυρίῳ
461 289 508 316 τοῦ
534 289 593 325 βίου
618 289 817 325 ἐξεληλυθέναι,

42 335 168 370 ὲπάὐτῆς
181 335 232 370 τῆς
244 335 410 370 Καισαρείας
422 335 518 365 Δεκίου
533 335 582 371 τὴν
595 335 665 363 κατὰ
678 335 733 363 τῶν
751 336 819 371 Χρι-

44 381 148 409 στιανῶν
158 381 288 416 ὠμότητα
303 382 437 413 πνέοντος.
456 382 487 408 Ol
505 382 534 410 δέ
554 391 636 417 φασιν
656 381 737 408 αὐτὸν
767 381 819 413 ἕως

43 426 134 453 Γάλλου
144 427 190 457 καὶ
204 426 382 454 Βολουσιανοῦ
397 428 586 464 διαρκέσαντα,
606 428 653 455 καὶ
675 427 820 462 ἑξηκοστὸν

43 472 141 500 ἔννατον
157 472 217 504 ἔτος
233 473 281 508 τῆς
297 472 405 508 ἡλικίας
418 474 528 507 ἄγοντα¹
543 474 571 500 ἐν
597 473 679 509 Τύρῳ
701 473 749 500 καὶ
774 481 819 499 τε-

43 519 173 554 λευτῆσαι.
190 520 238 546 καὶ
260 522 330 556 ταφῇ
354 520 548 556 παραδοθῆναι.
563 521 642 550 Ἔστι
666 520 695 546 δὲ
720 519 819 555 μᾶλλον

43 561 110 596 οὗτος
122 566 136 591 ὁ
146 565 226 599 λόγος
237 565 351 601 ἀληθὴς,
366 566 393 592 ετ
404 574 437 600 γε
448 567 475 592 αἱ
489 566 637 602 φερόμεναι
655 564 737 592 αὑτοῦ
752 564 820 600 μετὰ

43 610 81 636 τὸν
95 611 210 645 διωγμὸν
223 611 319 638 Δεκίου
331 612 471 638 ἐπιστολαὶ
482 612 532 638 οὐκ
544 612 635 647 ἔχουσι
647 611 677 638 τὸ
690 610 817 637 πλαστόν.

44 656 135 688 Παντὸς
149 656 177 682 δὲ
190 656 351 692 μαθήματος
364 657 435 684 ἰδέαν
451 657 531 685 αὐτόν
547 666 612 692 φασι
627 657 674 685 καὶ
683 656 819 692 μετελθεῖν

44 703 82 729 καὶ
104 703 246 729 διδάσκειν.
261 703 370 732 ,Τοῦτον
393 703 482 731 τοίνυν
502 704 547 731 τὸν
565 704 714 740 Ὧριγὲνην,
729 704 758 730 ὃν
772 703 820 730 κοιλ¹

48 748 212 784 Ἀδαμάντιον
224 748 441 785 ἐπονομάζεσθαί
454 758 543 785 φασιν,
560 751 600 777 ὃτι
630 750 819 786 ἀδαμαντίνοις

44 794 140 829 δεσμοῖς
150 794 271 829 ἐῴκεσαν
286 795 332 827 οὓς
343 796 376 823 ἂν
392 795 483 832 δήσειε
495 797 600 831 λόγους,
618 797 756 832 ἀκροατὴν
772 796 820 822 καὶ

43 839 150 875 διάδοχον
166 838 277 874 λέγουσι
303 841 428 875 γενέσθαι
448 841 607 877 Κλήμεντος
621 841 668 868 τοῦ
688 843 818 878 Στρωμα-

869 250 896 273 et
907 246 952 272 alii
971 253 1033 273 cum
1046 253 1078 272 co
1090 244 1261 280 plurimi,res
1276 243 1402 279 Origeuis
1416 251 1450 271 ex
1462 243 1515 271 illis
1529 243 1596 278 ipsis
1607 244 1654 279 qui

871 291 1006 319 hominem
1031 283 1167 323 viderant,
1184 290 1340 318 accuratius
1351 289 1527 324 perserutati,
1543 293 1655 317 narrant

869 344 931 364 eum
949 336 1049 364 celebri
1061 336 1193 372 martyrio
1209 341 1264 363 tum
1278 337 1333 363 Vita
1345 336 1505 367 decessisse,
1520 343 1584 363 cum
1596 335 1655 363 Cae-

869 390 954 410 sareas
982 382 1080 420 Decius
1106 390 1182 410 suam
1210 381 1237 408 in
1261 382 1428 409 Christianos
1464 381 1653 409 crudelitatem

868 427 1027 456 eﬁ'underet.
1049 427 1101 454 Alii
1118 432 1207 454 tamen
1221 427 1314 454 volunt
1329 427 1363 453 ad
1377 427 1446 455 Galli
1458 435 1491 454 ac
1515 426 1654 455 Volusiani

870 480 954 508 usque
966 477 1087 507 tempora
1102 473 1274 508 perdurasse.
1290 477 1319 499 et
1342 473 1538 508 sexagesimum
1554 479 1654 500 nouunt

869 518 955 546 aetatis
966 525 1067 544 annum
1081 521 1206 552 agentem
1222 518 1285 554 Tyri
1305 522 1452 549 mortuum,
1466 518 1492 544 in
1505 517 1654 552 eademque

868 564 935 591 urbe
947 563 1081 599 sepultura
1097 563 1148 599 (8).
1165 564 1229 597 Quae
1243 564 1352 598 quidem
1368 564 1457 591 Verior
1472 564 1590 591 narratio
1601 569 1653 596 est,

868 609 890 637 si
906 609 984 638 modo
995 617 1132 645 germanae
1146 615 1220 641 sunt,
1232 617 1293 644 quae
1302 610 1438 641 feruntur,
1450 609 1572 644 cpistola:
1583 609 1654 636 illius

869 660 930 691 post
942 656 1014 683 Decii
1030 656 1244 690 persecutionem
1262 655 1433 690 conscriptae.
1448 655 1548 683 Omnes
1565 659 1654 683 autem

868 701 978 729 omnino
993 702 1149 736 disciplinas
1164 702 1252 736 ipsum
1267 707 1293 729 et
1311 702 1477 736 percepisse,
1488 706 1517 729 et
1530 701 1655 729 docuisse

869 747 968 774 ierunt.
985 747 1063 775 llunc
1079 747 1143 775 item
1158 747 1312 781 Origenem,
1329 754 1408 782 quem
1423 747 1505 774 etiam
1518 747 1655 774 Adaman-

869 793 934 820 tium
951 793 1169 827 cognominatum
1189 800 1224 819 ex
1251 800 1284 821 eo
1303 792 1422 824 tradunt,
1435 792 1506 826 quod
1536 791 1654 819 rationes

868 846 935 874 quas
947 838 1097 872 colligaret,
1112 838 1294 866 adamantinis
1319 837 1481 873 quibusdam
1493 838 1569 873 quasi
1595 837 1655 864 vin-

44 885 110 917 τέως,
124 886 169 913 καὶ
179 886 226 913 τοῦ
245 886 317 914 κατὰ
334 886 383 922 τὴν
403 886 603 923 Ἀλεξάνδρειαν
629 886 818 922 ἐκκλησιαστι-

870 884 936 912 culis
965 892 1018 911 non
1037 884 1176 912 absimiles
1206 885 1372 915 viderentur,
1399 884 1548 911 auditorem
1570 884 1655 911 fuisse

44 930 84 958 κοῦ
98 931 289 960 διδασκαλείου.
306 933 453 968 Κλήμεντα
466 932 495 959 δὲ
523 933 671 960 Πανταίνου
693 933 818 967 γενέσθαι

44 977 138 1011 λιγουσι
150 978 195 1005 καὶ
208 978 356 1014 ἀκροατὴν,
369 979 416 1006 καὶ
428 979 476 1005 τοῦ
488 979 674 1006 διδασκαλείου
687 979 817 1014 διάδοχονν

45 1024 176 1051 Πάνταινον
188 1024 226 1057 δὲ,
253 1024 307 1051 τῶν
327 1030 357 1053 τε
376 1025 440 1057 τοὺς
467 1024 631 1056 ἀποστόλους
658 1025 820 1060 ἑωρακότων

45 1070 229 1105 ἀκροάσασθαι,
245 1071 277 1096 οὺ
291 1070 344 1106 μὴν
359 1070 427 1098 ἀλλὰ
443 1070 490 1098 καί
504 1079 586 1097 τινων
599 1071 687 1097 αὐτῶν
707 1070 818 1098 ἐκείνοιν

45 1115 178 1142 διακοῦσαι.
193 1116 290 1147 Τὰςδέ
308 1116 379 1143 κατὰ
397 1116 548 1152 Ὠριγένους
571 1117 692 1152 κινήσεις
714 1116 818 1143 ἐκεῖθεν

46 1160 153 1195 λέγουσιν
176 1162 325 1197 ἐκρυῆναι·
355 1162 510 1198 Δημήτριος
529 1162 731 1198 Ἀλεξανδρείας
756 1163 818 1189 ἔπι-

47 1207 138 1239 σκόπει,
152 1207 180 1239 ὃς
204 1208 345 1243 Ὠριγένην
356 1206 389 1235 δι’
415 1208 534 1235 ἐπαίνων
549 1207 615 1244 εἶχε,
628 1209 675 1236 καὶ
701 1208 731 1240 ἐς
755 1209 818 1241 τοὺς

48 1252 174 1286 φιλτάτους
187 1253 358 1280 συνέταττεν.
386 1253 456 1280 Ἀλλ’
477 1254 617 1290 Ὤριγένης
633 1254 762 1290 ἀπαίρειν
778 1255 818 1286 είς

52 1297 151 1333 Ἀθήνας
161 1298 244 1334 χωρὶς
260 1299 311 1334 τῆς
337 1298 385 1326 τοῦ
398 1299 498 1326 οἰκείου
518 1299 630 1335 γνώμης
656 1299 816 1334 ἐπισκόπου,

48 1343 80 1374 εἰς
93 1343 267 1379 πρεσϐύτερον
286 1344 317 1371 οὐ
339 1344 396 1371 δέον
414 1345 444 1371 δν
469 1345 671 1378 ἀναϐιϐάζεται.
690 1345 728 1381 (7)
754 1345 818 1373 Θεὸ⁶

48 1397 127 1421 τεκνος
141 1390 161 1416 δ’
176 1388 219 1425 ἦν,
235 1391 249 1416 ὁ
266 1390 339 1417 κατὰ
354 1391 523 1427 Καισάρειαν
535 1391 584 1428 τὴν
608 1391 637 1418 ἐν
652 1391 818 1430 Παλαιστίνῃ

49 1434 86 1461 τὸν
105 1435 289 1472 ἀρχιερατικδν
314 1436 441 1472 χειρίζων
463 1436 555 1472 νόμον.
569 1438 584 1463 ὁ
600 1436 650 1472 τῆς
666 1437 818 1472 Ὧριγένους

49 1480 177 1516 αὐτουργὸς
189 1483 366 1518 χειροτονίας,
382 1482 452 1518 ἔχων
472 1482 680 1510 συνευδοκοῦντα
705 1483 753 1510 καὶ
772 1483 818 1511 τὸν

55 1527 226 1581 Ἱεροσολύμων
249 1527 433 1564 Ἀλέξανδρον.
457 1528 594 1564 Τρέπεται
609 1528 653 1556 διὰ
669 1529 749 1556 τοῦτο
769 1530 818 1565 Δη-
830 1552 851 1581 C

52 1573 141 1609 μητρίῳ
155 1574 192 1605 εἰς
204 1575 293 1609 μῖσος,
312 1574 342 1601 τὸ
353 1574 479 1611 φίλτρον·
493 1575 541 1602 καὶ
556 1576 581 1601 οι
601 1575 706 1602 ἔπαινοι
719 1596 726 1610 ,
748 1575 816 1612 πρὸς

51 1619 101 1650 τοὺς
113 1619 217 1654 ψόγους.
231 1621 288 1647 Καὶ
303 1620 410 1653 σύνοδος
422 1620 574 1657 ἀθροίζεται
590 1621 757 1653 ἐπισκόπων,
769 1623 818 1649 καί

52 1672 116 1692 τινων
129 1665 326 1702 πρεσϐυτέρων,
345 1666 417 1694 κατὰ
443 1667 605 1702 Ὧριγὲνους,
633 1667 665 1694 Ἡ
685 1668 724 1700 δὲ,
743 1668 781 1700 ὡς
803 1669 817 1695 ό

53 1709 174 1745 Πάμφιλός
199 1720 278 1748 φησι,
305 1712 452 1748 ψηφίζεται
468 1732 476 1745 ,
495 1713 661 1749 μεταστῆναι
690 1714 739 1749 μὲν
762 1713 818 1741 ἀπὸ

57 1755 236 1793 Ἀλεξανδρείας
254 1757 303 1784 τὸν
326 1759 476 1795 Ὠριγένην,
491 1760 539 1786 καὶ
551 1760 619 1795 μήτε
631 1760 778 1796 διατρίϐειν
788 1761 818 1787 ὲν

53 1801 117 1838 αὐτῇ,
130 1803 193 1838 μήτε
202 1803 350 1831 διδάσκειν.
367 1804 424 1839 Τῆς
447 1805 537 1839 μέντοι
552 1804 600 1832 τοῦ
621 1805 817 1842 πρεσϐυτερίου

52 1848 120 1882 τιμῆς
134 1848 254 1884 οὐδαμῶς
275 1849 498 1885 ἁποκεκινῆσθαι.
519 1851 589 1879 Ἀλλ’
602 1851 649 1886 δγε
663 1843 818 1888 Δημῆτριος

53 1891 101 1927 ἅμα
111 1894 174 1921 τισὶν
189 1895 349 1928 ἐπισκόποις
363 1896 533 1930 Αἰγυπτίοις,
549 1896 656 1932 καὶτῆς
669 1897 819 1934 ἱερωσύνης

54 1938 198 1976 ἀπεκήρυξε,
211 1941 476 1977 συνυπογραψάντων
486 1943 534 1970 καὶ
557 1944 590 1979 τῇ
608 1943 742 1978 ἀποφάσει
763 1944 819 1972 τῶν

56 1985 186 2022 συμψήφων
199 1987 275 2023 αὐτῷ
290 1987 491 2024 γεγενημένων.
503 1988 708 2024 Φυγαδευθέντα
730 1989 758 2016 δὲ
772 1989 819 2017 τὸν

61 2029 180 2067 Ὠριγένην
195 2033 242 2069 τῆς
260 2033 472 2070 Ἀλεξανδρείας,
494 2034 638 2066 Θεότεκνος
649 2036 664 2062 6
676 2035 818 2062 Παλαιστί-

57 2084 103 2111 νης,
113 2077 228 2113 ἀσμένως
242 2087 274 2105 τε
284 2079 386 2113 διάγειν
400 2080 428 2106 ὲν
441 2080 761 2116 Καισαρείᾳ-ὑπεδέξατο,
773 2080 820 2107 καὶ

58 2121 95 2148 τοῦ
104 2123 227 2151 διδάσκειν
239 2126 327 2152 πᾶσαν
339 2125 463 2159 ἐξουσίαν
473 2127 631 2163 ἐνεχείρισε.
645 2127 701 2154 Καὶ
710 2127 759 2159 τὰς
771 2127 820 2163 μὲν

59 2168 131 2200 αἰτίας
152 2170 180 2203 ἐξ
207 2167 244 2197 ὧν
271 2171 369 2206 συνέϐη
387 2171 437 2203 τὰς
462 2172 587 2204 διαϐολὰς
613 2173 760 2209 ἐκραγῆναι
781 2173 820 2208 τῷ

868 930 1013 958 Clementis
1025 930 1094 965 ejus,
1111 931 1157 964 qui
1170 929 1340 957 Stromateus
1349 930 1438 957 dictus
1453 934 1504 961 est.
1517 928 1653 962 ejusdem-

867 983 919 1011 que
938 977 963 1003 in
995 976 1163 1003 catechetica
1180 975 1283 1008 Schola,
1309 983 1370 1009 qua:
1390 975 1561 1002 Alexandria:
1583 979 1653 1008 erat,

867 1029 1064 1050 successorem.
1099 1022 1266 1049 Clementem
1296 1029 1379 1056 porro
1414 1021 1535 1048 Pautaeni
1569 1021 1654 1049 fuisse

867 1068 1038 1103 discipulum,
1054 1067 1207 1102 scholreque
1220 1075 1427 1095 successorem:
1451 1071 1479 1094 et
1494 1066 1652 1094 Panttenum

867 1122 974 1142 rursum
991 1113 1024 1141 iis
1034 1121 1111 1142 usum
1125 1113 1273 1149 magistris,
1285 1113 1330 1148 qui
1348 1112 1483 1148 apostolos
1495 1113 1627 1140 vidissent
1643 1122 1651 1140 ς

868 1161 931 1195 quin
947 1164 975 1187 et
991 1160 1097 1188 illorum
1117 1159 1262 1187 nonnullos
1282 1159 1412 1187 audiisse.
1426 1157 1560 1186 Caeterum
1590 1158 1654 1186 hinc

868 1206 894 1234 in
907 1205 1051 1241 Origenem
1063 1205 1209 1233 excitatam
1235 1211 1345 1233 omnem
1370 1208 1558 1239 tempestatem
1579 1212 1655 1232 cum.

867 1256 1019 1280 memorant
1032 1259 1040 1278 :
1058 1251 1211 1279 Demetrius
1218 1250 1388 1278 Alexandria:
1399 1249 1497 1286 praesul
1508 1250 1651 1285 Origenem

867 1299 980 1326 multum
999 1298 1122 1329 laudans,
1146 1297 1174 1325 in
1194 1297 1286 1331 paucis
1303 1296 1494 1324 charissimqu
1524 1297 1651 1328 habebat.

866 1345 902 1372 At
922 1352 982 1372 cum
996 1344 1040 1372 hic
1053 1344 1155 1379 absque
1187 1343 1256 1371 bona
1278 1342 1397 1378 episcopi
1428 1342 1506 1370 venia
1532 1342 1653 1370 Athenas

868 1390 1036 1426 profecturus
1047 1393 1130 1423 esset,
1145 1389 1330 1421 Theotecnus,
1344 1388 1476 1416 Ctesareae
1500 1387 1653 1416 Palzestima

868 1442 923 1464 tum
951 1436 1193 1471 archiepiscopus,
1215 1441 1293 1463 secus
1318 1441 1380 1462 eum
1404 1441 1484 1469 quam
1504 1439 1652 1469 oporteret,

868 1482 1053 1518 presbyterum
1067 1481 1214 1513 ordinavit,
1228 1488 1281 1508 nou
1302 1479 1472 1515 improbante
1488 1479 1588 1507 iactant
1602 1480 1652 1507 hoc

867 1528 1020 1556 Alexandro
1029 1527 1258 1561 Jerosolymorum
1272 1526 1409 1561 episcopo.
1431 1525 1500 1553 Hinc
1515 1525 1653 1553 Demetrio

869 1582 945 1602 amor
960 1574 986 1602 in
1000 1574 1091 1601 odium
1116 1573 1207 1605 vertit,
1224 1572 1371 1608 laudesque
1386 1579 1447 1600 mox
1461 1579 1523 1600 eum
1546 1571 1652 1606 vitupe-

870 1621 973 1648 ratione
987 1624 1167 1647 commutatze.
1186 1619 1310 1654 Synodus
1325 1619 1439 1653 insuper
1464 1619 1652 1653 episcoporum

869 1671 970 1698 coacta,
988 1671 1016 1693 et
1029 1666 1249 1700 presbyterorum
1262 1664 1442 1699 quorumdam
1455 1669 1549 1692 contra
1564 1664 1655 1699 Origo~

871 1718 931 1739 uem
947 1719 955 1739 :
972 1719 1042 1745 quae,
1055 1715 1085 1738 ut
1106 1710 1261 1745 Pamphilus
1288 1709 1387 1743 refert,
1413 1710 1551 1737 decretum
1578 1709 1653 1744 fecit,

870 1758 1032 1785 Alexandria
1046 1756 1154 1792 quidem
1169 1755 1322 1791 pellendum
1346 1755 1502 1791 Origenem,
1526 1762 1612 1790 neque
1625 1755 1652 1782 iu

871 1811 902 1831 ea
918 1803 1020 1831 versari
1046 1807 1093 1830 aut
1121 1803 1218 1830 docere
1245 1802 1475 1837 permittendum;
1507 1801 1652 1829 sacerdotii

874 1855 964 1877 tamen
980 1848 1109 1884 dignitate
1120 1855 1289 1883 nequaquam
1307 1847 1531 1875 submovendum.
1553 1845 1654 1874 Verum

873 1895 1024 1922 Demetrius
1051 1901 1103 1920 una
1123 1901 1183 1921 cum
1205 1892 1316 1929 Egypti
1331 1892 1466 1928 episcopis
1478 1892 1596 1927 aliquot,
1615 1899 1656 1918 sa.

871 1941 991 1969 cerdotio
1013 1948 1120 1975 quoque
1145 1939 1220 1966 illum
1247 1938 1401 1973 abjudicat,
1422 1938 1655 1966 subscribentibus

871 1987 951 2014 etiam
971 1986 1062 2014 edicto
1089 1985 1170 2019 huic,
1195 1989 1329 2019 quotquot
1354 1988 1434 2011 antea
1462 1983 1601 2018 suifragati
1629 1983 1655 2010 ei

872 2033 996 2061 fuissent.
1014 2032 1052 2059 lta
1063 2032 1147 2067 igitur
1163 2031 1325 2059 Alexandria
1349 2031 1376 2058 in
1398 2030 1522 2058 exsilium
1549 2029 1654 2065 pulsum

872 2079 1026 2115 Origenem,
1044 2077 1214 2106 Tbeotecnus
1225 2077 1374 2105 Palaestinas
1382 2077 1525 2112 episcopus
1540 2076 1656 2103 libenter

873 2124 1002 2152 Caesarea:
1016 2129 1044 2152 et
1065 2123 1265 2158 degerejussit,
1283 2123 1356 2151 etde
1379 2123 1521 2157 superiore
1538 2121 1598 2150 loco
1612 2121 1657 2148 do-

873 2171 950 2199 cendi
975 2174 1136 2206 potestatem
1153 2169 1228 2197 fecit.
1243 2170 1298 2197 Has
1312 2169 1356 2197 ille
1382 2177 1478 2196 causas
1507 2169 1594 2200 allen,
1623 2174 1656 2195 ex

63 2212 186 2263 Ὠριγένει,
199 2216 300 2248 ταύτας
313 2217 390 2252 φησι.
407 2226 417 2242 ι
432 2218 515 2244 Aiunt
542 2217 624 2253 igitur
654 2216 818 2254 (Pamphilus

873 2216 970 2251 quibus
981 2223 1076 2243 omnes
1092 2215 1143 2242 illa:
1167 2215 1311 2243 calumnia:
1335 2215 1361 2242 in
1388 2214 1531 2249 Origenem
1558 2221 1657 2248 erupe-

60 2258 224 2294 etEuscbius)
245 2261 390 2296 Origeuem
417 2261 509 2289 Severi
537 2263 601 2296 imp.
632 2264 820 2297 persecutione

61 2303 166 2334 Leonidae
193 2308 262 2342 patri
286 2308 416 2342 scriptum
434 2307 552 2341 misisse,
566 2315 619 2344 quo
645 2308 677 2335 ad
698 2308 818 2343 martyrii

61 2353 204 2382 curriculum
217 2363 279 2382 eum
293 2360 441 2383 exacueret
460 2364 467 2383 :
482 2360 509 2382 et
527 2363 592 2383 sane
605 2355 722 2383 stadium
743 2355 820 2382 forti-

61 2402 94 2423 ter
110 2399 246 2428 decurrens
262 2401 305 2429 ille
320 2401 442 2430 bravium
458 2401 574 2436 accepit.
593 2400 703 2428 Addunt
722 2401 821 2435 ipsum-

61 2449 105 2471 mel
115 2445 249 2482 Origenem
263 2455 370 2475 summo
386 2447 476 2474 studio
497 2447 568 2474 idem
585 2451 722 2474 certamen
735 2446 821 2474 susci-

61 2495 113 2521 ρει-ε
125 2497 241 2520 conatum
256 2492 351 2525 luisse,
370 2493 418 2520 sed
437 2497 550 2519 matrem
564 2491 692 2526 impetum
704 2490 747 2518 vel
761 2491 819 2526 ipso

61 2532 130 2563 invito
149 2537 305 2566 refrenasse.
333 2537 410 2571 Quod
444 2537 530 2573 ipsum
549 2538 612 2564 item
623 2537 735 2572 epistola
753 2544 818 2571 qua-

63 2589 102 2630 lus,
115 2599 197 2628 utpote
220 2597 369 2630 praecipuus
397 2596 489 2630 operis
504 2600 614 2628 auctor;
642 2595 684 2623 vel
709 2595 823 2623 Photius

62 2625 352 2666 [ortassisideceptus'est
364 2625 484 2666 martyrii
498 2631 590 2662 verbo,
606 2625 676 2666 quod
690 2631 722 2657 de
735 2630 822 2657 omni-

64 2660 102 2700 bus
110 2670 152 2696 pro
163 2665 218 2693 ﬁdei
235 2660 347 2693 veritate
363 2660 485 2693 toleratis
501 2660 668 2694 cniciatiblrs
694 2670 766 2693 recte
782 2666 822 2692 di-

64 2701 268 2736 citur,_quamvis
297 2702 353 2736 ipsa
384 2709 436 2728 non
459 2706 589 2735 sequatur
605 2709 678 2728 mors
690 2701 738 2736 (eo
748 2701 819 2736 enim

65 2737 129 2759 sensu
140 2733 164 2760 iu
183 2735 292 2763 Deciana
306 2733 397 2770 strage
412 2733 572 2771 martyrium
589 2733 705 2771 subiisse
722 2734 815 2771 (λήμ-

66 2772 113 2806 ηξξιῃ
125 2775 189 2806 recte
200 2775 285 2804 potest
301 2771 385 2805 dici);
401 2771 443 2798 vel
472 2770 600 2798 memoria
623 2770 713 2805 lapsus
739 2770 819 2797 Pam-

65 2800 124 2831 Pllilo
137 2800 212 2831 etiam
227 2806 318 2833 tribuit
330 2800 400 2840 quod
415 2807 450 2833 ab
462 2806 522 2833 aliis
536 2800 732 2837 tantummodo,
751 2813 819 2839 quos

66 2842 244 2875 commemorat,
259 2840 373 2868 fortasse
384 2841 486 2868 dictum
500 2846 543 2868 est
554 2852 559 2868 ;
570 2841 610 2868 vel
626 2841 742 2875 denique
753 2840 818 2867 illud

68 2870 177 2902 duntaxat
190 2870 296 2912 intelligi
315 2875 399 2905 voluit
411 2876 576 2911 Pamphilus,
600 2870 744 2913 Qrigeuem
759 2883 819 2905 cru-

874 2263 938 2298 rint.
965 2270 975 2288 ι
1008 2261 1143 2289 Praeterea
1169 2260 1303 2288 Eusebius
1328 2260 1398 2288 Hist.
1415 2260 1462 2287 lib.
1481 2267 1519 2292 vr,
1538 2267 1598 2294 cap.
1611 2258 1657 2292 56,

873 2308 963 2335 dicere
976 2306 1082 2334 videtur
1100 2313 1130 2334 se
1142 2305 1169 2333 in
1181 2310 1262 2334 sexto
1280 2306 1359 2341 huius
1376 2305 1510 2340 Apologia:
1521 2306 1589 2333 libro
1601 2305 1658 2341 epi-

872 2353 967 2386 stolas,
979 2360 1047 2388 quas
1059 2353 1093 2380 ad
1115 2351 1264 2379 Fabianum
1280 2359 1377 2386 papam
1403 2356 1430 2378 et
1449 2352 1482 2378 ad
1506 2351 1658 2386 complures

873 2399 941 2427 alios
962 2399 1145 2427 Ecclesiarum
1172 2398 1309 2425 antistites
1325 2398 1358 2425 de
1381 2403 1454 2425 recta
1469 2397 1531 2424 ﬁdei
1546 2405 1602 2424 sum
1617 2404 1659 2423 ra-

873 2446 946 2473 tione
965 2445 1096 2480 Origenes
1119 2445 1279 2479 scripserat,
1301 2443 1449 2471 inseruisse
1472 2452 1478 2470 :
1503 2443 1605 2478 Γράφει
1631 2442 1660 2469 δὶ

873 2491 921 2518 καὶ
932 2490 1056 2525 Φαϐιανῷ
1066 2490 1106 2526 τῷ
1117 2490 1189 2517 κατὰ
1208 2488 1317 2525 Ῥώμην
1333 2489 1474 2524 ὲπισκόπῳ
1488 2508 1496 2521 ,
1514 2488 1616 2524 ἑτέροις
1630 2495 1660 2513 τε

872 2535 1008 2568 πλείστοις
1021 2537 1152 2575 ἄρχουσιν
1173 2535 1352 2572 Ἐκκλησιῶν,
1367 2535 1431 2570 περὶ
1443 2534 1494 2570 τῆς
1505 2534 1563 2561 κατ’
1580 2533 1661 2560 αὑτὸν

878 2593 994 2621 ciatibus
1009 2601 1041 2621 ac
1054 2595 1174 2622 miseriis
1191 2594 1217 2621 in
1245 2593 1319 2621 Decii
1345 2593 1451 2620 laniena
1473 2591 1580 2623 elisum,
1604 2597 1659 2618 non

876 2629 955 2664 longe
973 2634 1065 2664 postea
1091 2630 1190 2657 vixisse
1214 2639 1222 2656 :
1247 2629 1318 2664 quod
1352 2627 1461 2656 Eusebii
1486 2626 1576 2653 verbis
1606 2634 1660 2653 nou

876 2670 1140 2761 Ιθῖξῗιὲέδτεκνος.
1152 2699 1307 2734 Legeudum
1322 2698 1427 2725 videtur
1453 2697 1497 2724 hic
1523 2701 1550 2723 et
1580 2695 1659 2729 infra,

874 2733 910 2761 Θε
926 2743 1044 2761 κτιστος.
1062 2735 1098 2761 Ita
1112 2735 1184 2760 cuitu
1195 2739 1307 2760 vocatur
1320 2734 1354 2760 ab
1370 2732 1486 2760 Eusebio
1502 2731 1605 2758 Hister.
1616 2737 1660 2757 ec-

874 2739 1044 2766 υεῡκτιστος.
1062 2739 1098 2761 Ita
1112 2742 1184 2760 enim
1195 2739 1307 2760 vocatur
1320 2739 1354 2760 ao
1370 2739 1486 2760 hostem.
1502 2739 1605 2758 maror.
1616 2739 1660 2757 ec-

873 2770 935 2796 cles.
950 2771 997 2796 lib.
1007 2776 1044 2801 vr,
1058 2776 1119 2803 cap.
1134 2769 1168 2795 27
1186 2772 1214 2795 et
1227 2768 1273 2799 48,
1290 2774 1340 2795 nee
1365 2775 1417 2803 non
1437 2769 1471 2795 ab
1497 2766 1660 2802 Hieronymo

875 2804 920 2832 lib.
939 2804 976 2831 De
988 2802 1280 2838 scriptor..ecclesiast.,
1293 2810 1353 2837 cap.
1371 2802 1416 2829 54.

908 2840 947 2875 (8)
962 2835 1130 2875 Hieronym,
1145 2838 1182 2869 De
1196 2839 1315 2873 scriptor.
1328 2835 1484 2870 aetatulast,
1495 2844 1555 2872 cap.
1565 2835 1609 2868 56.
