1909 3080
244 112 296 140 539

842 114 873 142 ὃ.
894 114 1021 142 PAMPHI

1076 115 1255 143 MARTYRIS
1812 115 1857 144 ειο

243 170 405 207 ὀρθοδοξίας·
415 171 486 206 ἔχεις
500 171 546 198 καὶ
559 171 662 198 τούτων
674 172 724 204 τὰς
737 172 899 206 ἀποδείξεις,
915 174 944 200 ὲν
958 174 1021 209 ἕκτη

1079 179 1107 201 et
1121 174 1234 200 adversa
1256 172 1316 200 ﬁdei
1331 176 1505 200 astruentem.
1519 171 1627 200 Littera:
1651 172 1737 200 verba
1755 173 1856 200 tradunt

243 217 294 253 τῆς
316 218 468 253 γραφείσης
495 218 562 253 ἡμῖν
588 218 652 253 περὶ
675 218 723 245 τοῦ
745 218 841 254 ἀνδρὸς
868 219 1024 253 ἀπολογίας.

244 262 390 290 ’l‘estantur
404 263 484 290 etiam
518 263 645 290 Socrates
663 263 733 290 Hist.
747 264 794 292 lib.
812 272 848 297 tv,
865 272 924 300 cap.
940 264 985 298 27,
1000 270 1027 292 et

243 309 409 342 Nicephorus
424 308 470 336 lib.
485 317 524 341 χι,
540 317 600 344 cap.
620 310 662 341 l9,
681 309 756 338 hisce
776 311 853 338 libris
870 311 1025 346 adjunctam

243 361 303 381 esse
321 354 350 381 S.
362 353 485 389 Gregorii
499 355 694 391 Thaumaturgi
718 357 902 392 panegyricum
926 358 1026 384 oratio—

243 408 310 430 nem.
328 407 408 434 quam
422 400 466 427 ille
480 400 513 428 ab
526 401 645 435 Origene
656 401 797 430 discedens
809 403 834 429 in
850 401 908 436 ejus
921 402 1025 430 laudem

241 448 403 480 cotnposuit.
417 446 541 480 Ruﬁnus,
554 453 583 474 ut
594 447 650 480 jam
675 448 805 480 diximus,
821 448 867 476 lib.
882 457 889 475 l
902 449 1025 476 adversus

242 489 441 526 Hieronymum,
460 493 526 520 dicit
543 493 569 520 in
587 494 638 521 hac
649 494 776 528 Apologia
792 494 833 528 agi
855 495 888 522 de
901 495 956 522 fato
976 501 1024 522 seu

241 538 367 565 mathesi.
381 538 538 574 Anonymus
555 544 651 566 auctor
667 547 681 565 a
696 539 728 566 lt.
758 540 789 567 P.
818 539 895 574 Lupo
924 541 1023 573 editus,

241 582 325 610 refert
349 583 519 617 Pamphilum
546 592 714 620 martyrem,
740 590 766 612 et
797 586 942 614 Eusebium
976 596 1024 622 pro

241 629 454 662 praeexsislentia
473 633 500 656 et
514 630 684 657 restitutione
711 630 804 658 multis
831 631 908 659 valde
925 640 1024 667 przecc-

241 675 361 701 dentium
378 674 486 701 Patrum
501 675 662 703 testimoniis
676 684 740 704 usos
758 685 830 704 esse.
855 677 931 705 Alter
946 679 1023 706 deni-

240 727 293 753 que
307 727 455 755 anonymus
470 729 484 747 a
497 720 642 748 Sirmundo
655 723 742 749 editus
761 724 810 750 sub
827 724 935 750 nomine
949 723 1023 751 Prat—

237 765 373 798 destinali,
387 773 465 801 quem
486 767 531 794 alii
546 767 694 794 Arnobium
712 767 847 802 juniorem
861 788 869 801 ,
893 769 936 797 alii
965 770 1024 797 Pri-

240 810 353 837 masium
370 818 430 838 esse
449 811 615 844 existimant,
649 813 674 840 in
696 813 743 841 lib.
769 821 776 841 I
806 814 842 841 De
869 815 1021 848 hwresibus,

241 856 334 884 lnc'esi
350 863 419 888 xx",
437 864 496 894 quae
513 862 555 884 est
579 858 770 892 Apellitarum,
790 859 825 886 ita
843 860 879 886 ait
897 868 904 886 :
941 870 950 886 ι
970 861 1024 888 llos

238 901 369 937 Origenes
384 903 420 930 ita
448 903 566 937 perfecte
592 904 740 938 superavit,
756 910 784 931 ut
815 913 909 932 eorum
943 914 1023 933 causa

239 947 412 984 περιοδευτὴς
425 948 577 984 (circuitor)
589 949 677 981 ﬁeret,
694 954 719 976 et
734 957 781 984 per
799 950 918 985 singulas
942 959 1024 986 quas-

239 1001 290 1027 que
306 995 386 1021 urbes
405 1002 452 1028 per
465 994 601 1022 Orientem
613 997 702 1023 eundo
725 996 894 1030 prmdicaret.
910 997 942 1024 Et
961 998 1023 1032 quia

239 1037 444 1065 innumerabilia
471 1044 534 1066 sunt
550 1043 727 1066 tractatorum
740 1040 798 1075 ejus
811 1040 959 1073 volumina,
973 1043 1024 1069 ha!-

239 1082 317 1110 retici
332 1083 450 1118 superati
467 1083 551 1111 libros
567 1083 624 1117 ejus
640 1085 673 1111 ad
697 1092 760 1112 suos
776 1085 867 1112 libitus
882 1087 1025 1114 callidissi-

239 1137 281 1156 tna
296 1130 529 1164 argumentatione
544 1134 694 1163 mutarunt,
714 1136 820 1165 utquos
839 1131 939 1159 vellent
952 1133 1024 1159 deci-

238 1183 312 1210 pere,
328 1175 451 1203 dicerent
484 1177 520 1203 ita
548 1176 691 1211 Origenem
719 1177 775 1204 suis
803 1177 1023 1212 Expositionibus

237 1219 377 1247 deﬁnisse.
399 1220 475 1248 Unde
492 1221 647 1256 quicunque
661 1229 746 1256 usque
769 1222 851 1250 hodie
877 1222 1021 1256 Origene:-

238 1265 313 1300 legit,
325 1266 348 1292 si
365 1266 488 1300 prudenti
504 1274 564 1294 eum
580 1267 653 1295 novit
670 1268 829 1295 recitatione
844 1268 1021 1304 distinguere,

237 1311 416 1346 deprehendit
430 1312 486 1341 loca
498 1315 531 1341 ab
551 1314 685 1343 haereticis
702 1315 846 1342 maculata.
877 1315 954 1349 Quod
984 1316 1020 1343 ita

237 1364 300 1384 esse
313 1363 422 1386 sanctus
435 1359 593 1395 Pamphilus
610 1367 713 1397 martyr
726 1363 751 1389 in
775 1369 824 1389 suo
853 1362 1021 1397 Apologclico

238 1403 395 1432 declaravit.
418 1414 427 1431 ι
444 1405 476 1433 Et
493 1407 588 1435 haeresi
605 1416 683 1442 mu,
710 1413 854 1443 postquam
869 1407 938 1435 dixit
967 1413 1022 1436 tres

238 1448 321 1477 fuisse
335 1449 474 1485 Origenes,
489 1460 570 1480 unum
593 1453 691 1488 Syrum
710 1454 961 1486 sceleratissimum,
976 1455 1020 1488 qui

237 1495 327 1529 turpia
341 1496 472 1529 docuerit,
488 1497 602 1525 alterum
618 1499 662 1533 qui
688 1504 715 1527 et
730 1505 896 1527 mortuorum
931 1507 1021 1528 resur-

238 1541 383 1568 rectionem
394 1543 518 1578 negabat,
532 1548 559 1571 et
569 1543 669 1572 Christi
682 1549 835 1572 creaturam
849 1553 909 1573 esse
933 1545 1020 1581 Spiri—

238 1591 294 1612 tum
319 1592 442 1614 sanctum
460 1589 581 1622 dicebat,
610 1590 763 1624 paradisum
780 1595 868 1618 autem
885 1596 911 1618 et
937 1592 1022 1620 caelos

236 1631 381 1667 allegorice
406 1633 476 1661 dicta
494 1642 555 1663 esse
583 1635 745 1669 aﬁirmabat,
780 1637 838 1664 haac
863 1637 1020 1672 subjungit:

238 1686 249 1702 ι
265 1676 297 1704 lli
314 1679 366 1705 duo
380 1678 511 1712 Origenes
520 1688 604 1715 prava
619 1689 732 1716 quaeque
755 1682 932 1717 scripserunt.
959 1683 1020 1710 Hre-

237 1723 313 1750 retici
327 1730 353 1751 et
370 1726 491 1759 perversi
515 1727 639 1755 doctores
653 1732 746 1755 nostro
760 1728 870 1763 Origeni
887 1728 1021 1756 catholico

237 1771 376 1797 tractatori
394 1771 570 1804 miscuerunt,
585 1777 615 1799 ut
623 1773 818 1808 adimpleretur
832 1774 903 1808 quod
924 1774 1022 1801 dicitur

235 1822 251 1841 a
278 1814 390 1843 Domino
411 1816 438 1843 in
465 1817 648 1853 Evangeliis"
665 1828 672 1846 :
689 1818 785 1846 Nonne
814 1819 910 1846 bonum
935 1828 1021 1847 semen

233 1861 371 1888 seminastt'
398 1862 425 1889 in
452 1871 515 1898 agro
540 1865 605 1891 tuo?
631 1863 706 1891 Unde
734 1873 795 1899 ergo
811 1865 866 1892 [nec
890 1865 1022 1893 zizania.’

235 1904 288 1937 Qui
314 1908 470 1941 respondens
486 1910 523 1936 ait
560 1919 570 1938 :
595 1909 724 1938 Inimicus
751 1911 829 1937 ltomo
855 1910 911 1937 [nec
940 1911 1013 1945 fecit.

235 1951 296 1978 Ideo
313 1953 384 1980 enim
405 1954 550 1989 Origenem
582 1956 703 1991 legentes
728 1956 882 1983 invenimus
905 1957 1020 1984 catholi-

233 2004 306 2030 cum,
322 2004 349 2026 et
362 2005 455 2027 contra
471 2001 592 2030 hrereses
610 2002 783 2029 dimicantem
799 2006 827 2029 et
839 2002 993 2029 vincentem
1010 2011 1018 2030 :

234 2042 380 2072 identidem
394 2046 513 2080 legentes
526 2047 670 2082 Origcnem
687 2048 839 2076 invenimus
850 2048 1018 2081 haereticum,

268 2101 292 2117 "
304 2101 396 2130 Matth.
416 2111 473 2137 xm,
492 2104 536 2136 27,
552 2103 597 2132 28.

239 2167 725 2183 ξ

1077 224 1104 246 ct
1119 226 1216 246 sensus
1236 226 1244 245 :
1261 218 1283 245 si
1299 223 1408 252 possent
1425 223 1452 245 et
1464 218 1550 245 iacies
1571 217 1737 252 loquentium
1752 217 1854 246 demon~

1077 269 1174 296 strare,
1196 271 1316 291 errorem
1333 263 1422 290 nullus
1445 267 1551 298 poterat
1567 263 1600 290 de
1613 270 1731 297 persona
1744 264 1855 291 doctoris

1078 309 1228 339 incurrere.
1243 309 1310 336 Nam
1325 314 1353 337 et
1367 308 1431 336 illud
1450 309 1600 336 cavendum
1617 314 1667 340 est,
1697 309 1772 343 q-tmd
1799 311 1856 336 Aut-

1077 354 1210 389 pulliauus
1226 355 1333 389 quidam
1350 353 1544 381 haeresiarcbes
1559 353 1710 388 Bythinius,
1724 354 1771 388 qui
1784 355 1856 381 doce—
1887 366 1891 377 ι

1076 403 1122 430 bat
1141 405 1200 436 post
1228 400 1370 435 Origenem
1405 400 1551 427 Ecclesiam
1584 400 1639 427 Dei.
1671 399 1723 426 llic
1749 400 1855 428 incurrit

1077 447 1157 473 talem
1181 446 1310 473 htcresem
1321 466 1329 479 ,
1345 451 1374 472 ut
1389 445 1491 473 diceret
1503 453 1598 473 omnes
1619 445 1785 473 criminosos
1801 454 1855 473 cum

1076 492 1182 520 diabolo
1193 497 1220 519 et
1231 492 1372 520 daemoniis
1387 499 1419 518 eo
1440 499 1524 526 usque
1537 493 1562 519 in
1583 491 1705 526 gehenna
1737 493 1854 527 decoqui,

1075 545 1215 572 usquequo
1243 538 1302 572 puri
1327 537 1422 564 redditi
1447 538 1551 571 possint
1575 538 1636 566 inde
1647 543 1674 565 et
1697 538 1853 565 immaculati

1075 583 1177 615 egredi,
1193 583 1225 609 ad
1239 583 1288 609 hoc
1303 582 1374 616 quod
1390 587 1468 608 antea
1482 581 1590 608 fuerant
1602 582 1681 609 alieni
1697 590 1712 608 a
1722 581 1799 614 culpa
1813 589 1855 608 suo

1076 628 1171 655 iterum
1193 627 1316 655 Creatori
1335 628 1448 655 restitui.
1472 627 1537 661 llic,
1554 628 1617 655 dmn
1642 633 1804 662 argueretur
1826 628 1854 655 ab

1074 673 1205 706 Ecclesia,
1226 674 1309 709 cmpit
1322 673 1443 707 proferre
1458 673 1541 700 libros
1557 674 1682 707 Origenis
1694 693 1702 705 ,
1714 681 1784 708 quos
1805 674 1855 707 ipse

1074 720 1228 753 vitiaverat,
1240 725 1268 747 et
1282 721 1372 748 dicere
1385 730 1393 747 :
1411 720 1478 747 Ecce
1489 720 1552 755 quia
1563 719 1694 753 Origenes
1711 720 1749 746 ita
1767 720 1852 752 sensit,

1074 771 1101 793 et
1113 766 1247 800 pracipue
1261 766 1287 792 in
1301 764 1419 801 q’uatuur
1430 766 1500 800 Περὶ
1509 765 1608 800 ἀρχῶν
1620 765 1710 793 libris.
1737 765 1790 792 Sed
1814 765 1852 800 qui

1075 813 1132 839 sani
1149 819 1244 840 sensus
1256 817 1308 844 est,
1323 818 1351 839 et
1366 812 1448 839 habet
1461 813 1560 838 mentis
1582 811 1742 846 splendidos
1756 810 1851 841 oculos.

1076 858 1115 884 sic
1130 857 1201 884 videt
1218 857 1308 884 addita
1323 857 1350 884 in
1377 856 1503 891 Origeuis
1537 856 1674 890 opusculis
1704 856 1775 882 mala
1799 855 1851 887 ista,

1076 908 1157 938 atque
1170 903 1318 938 cognoscit,
1337 903 1407 929 sicut
1423 903 1449 930 in
1466 902 1589 937 stragulo
1613 902 1745 929 coccineo
1760 910 1852 936 pannos

1075 946 1161 979 albos,
1179 953 1225 974 aut
1240 946 1371 982 cujusque
1382 947 1496 974 alterius
1512 946 1611 974 coloris
1627 951 1725 974 cernat
1742 952 1851 974 assutos.

1075 992 1150 1025 Quod
1166 992 1203 1019 ita
1223 999 1284 1020 esse
1294 997 1405 1019 sanctus
1421 997 1525 1028 martyr
1538 991 1697 1026 Pamphilus
1713 993 1800 1024 (locet.
1813 993 1851 1026 qui

1075 1042 1219 1071 antequam
1235 1038 1268 1064 ad
1281 1037 1406 1072 martyrii
1427 1045 1556 1064 coronam
1577 1038 1852 1072 altingeret,irreprc—

1075 1082 1244 1110 hensibiliter
1258 1083 1416 1110 cathedram
1429 1083 1600 1118 episcopatus
1617 1084 1737 1110 obtinuit
1747 1105 1754 1116 ,
1766 1090 1792 1110 et
1814 1092 1852 1110 sa-

1074 1134 1135 1154 nam
1151 1128 1301 1155 doctrinam
1314 1127 1361 1155 Dei
1388 1128 1493 1162 populis
1512 1128 1685 1155 ministravit.
1710 1128 1761 1155 Hic
1776 1129 1852 1155 edidit

1073 1172 1278 1208 Apologelicum,
1294 1178 1321 1201 et
1332 1174 1424 1201 Omnia
1442 1181 1502 1208 qua:
1528 1174 1561 1201 de
1585 1173 1703 1209 Origene
1728 1174 1850 1201 Catholici

1074 1219 1229 1254 ignorantes
1245 1220 1423 1253 mentiuntur,
1444 1221 1572 1252 exclusit,
1583 1222 1732 1248 ostendens
1747 1229 1788 1254 ca,
1799 1229 1851 1256 qua:

1073 1265 1298 1300 reprehensibilia
1314 1266 1489 1293 inveniuntur
1505 1267 1530 1293 in
1555 1268 1612 1301 ejus
1626 1268 1781 1302 opusculis,
1799 1268 1850 1295 Ori-

1072 1313 1148 1347 gcnis
1161 1320 1213 1339 non
1231 1320 1303 1346 esse,
1318 1313 1364 1339 sed
1376 1320 1470 1340 eorum
1485 1321 1557 1347 quos
1581 1314 1639 1348 ipse
1653 1319 1828 1349 superaverat
1841 1322 1847 1340 :

1073 1357 1123 1384 alia
1140 1365 1213 1390 vero,
1228 1365 1287 1392 qua:
1304 1362 1359 1385 tota
1378 1366 1504 1392 perversa
1524 1366 1596 1392 sunt,
1611 1361 1725 1388 aliorum
1745 1362 1848 1388 duormn

1072 1404 1263 1435 haereticorum
1280 1411 1350 1436 esse,
1363 1405 1407 1439 qui
1421 1404 1547 1440 Origcuis
1559 1413 1666 1444 nomen,
1682 1415 1738 1434 non
1766 1407 1846 1438 ﬁdem,

1071 1456 1120 1476 nec
1142 1450 1336 1477 conscientiam
1358 1451 1519 1478 habuerunt.
1545 1461 1555 1477 ι
1581 1452 1677 1481 Nescio
1707 1457 1779 1481 unde
1800 1454 1849 1480 hac

1071 1495 1192 1524 hauserit
1203 1503 1353 1531 anonymus
1368 1502 1474 1529 auctor,
1489 1497 1535 1524 sed
1551 1505 1584 1524 ex
1604 1498 1718 1533 impuris
1748 1506 1778 1526 ea
1796 1498 1846 1524 iou-

1072 1541 1143 1568 tibus
1155 1541 1277 1569 hausisse
1287 1541 1396 1569 videtur
1409 1551 1416 1576 ;
1428 1547 1455 1570 et
1471 1550 1567 1570 vereor
1580 1551 1613 1571 ne
1629 1544 1674 1579 qui
1692 1549 1749 1572 tam
1768 1545 1848 1579 inepte

1072 1587 1241 1622 Pamphilum
1259 1595 1405 1624 martyrem
1429 1591 1574 1626 episcopali
1603 1591 1738 1625 dignitate
1765 1591 1846 1622 donat,

1072 1634 1190 1668 ineptius
1203 1635 1284 1662 etiam
1299 1636 1342 1663 vel
1374 1637 1529 1672 Apologiam
1543 1639 1663 1673 quinque
1685 1638 1764 1666 libris
1788 1646 1846 1666 eon—

1073 1685 1190 1708 stantem
1222 1681 1349 1716 anonymi
1371 1682 1441 1709 illius
1465 1683 1498 1710 de
1519 1691 1573 1718 quo
1597 1683 1708 1712 Photius
1732 1684 1845 1711 Biblioth.

1072 1727 1132 1755 cod.
1153 1734 1235 1760 cxvn,
1250 1728 1291 1754 vel
1305 1727 1396 1755 Ruﬁni
1414 1728 1512 1756 librum
1526 1729 1563 1756 De
1570 1731 1766 1758 adulleralione
1778 1731 1846 1757 libro-

1072 1781 1130 1800 rum
1147 1773 1269 1807 Origem's
1281 1782 1330 1809 pro
1346 1774 1402 1809 ipsa
1417 1773 1549 1809 Pamphili
1574 1776 1700 1812 Apologia
1719 1776 1844 1804 habuerit.

1074 1818 1193 1854 Uterque
1205 1820 1278 1846 enim
1293 1820 1377 1847 libros
1393 1820 1501 1854 quidem
1514 1820 1639 1855 Origenis
1657 1822 1690 1849 ab
1720 1822 1846 1849 hcreticis

1071 1865 1109 1892 ait
1124 1872 1184 1893 esse
1198 1865 1324 1898 vitiatus;
1342 1866 1388 1893 sed
1408 1865 1502 1892 nullibi
1519 1866 1689 1900 Pamphilus;
1710 1867 1763 1894 nisi
1786 1867 1845 1893 forte

1071 1911 1098 1938 id
1116 1911 1215 1939 dixerit
1231 1912 1257 1939 in
1286 1913 1392 1940 caeteris
1420 1913 1497 1940 libris
1515 1917 1664 1947 tempormn
1690 1913 1786 1947 injuria
1805 1913 1845 1938 ab-

1071 1957 1188 1991 sumptis
1202 1965 1209 1983 :
1225 1956 1258 1984 de
1272 1965 1326 1991 quo
1339 1962 1427 1985 tamen
1443 1966 1493 1985 nec
1509 1958 1651 1991 Eusebius,
1662 1966 1713 1986 nec
1727 1958 1844 1991 Hierony-

1072 2009 1142 2035 mus,
1158 2010 1209 2030 nec
1219 2001 1360 2036 Socrates,
1373 2011 1423 2031 nec
1438 2003 1564 2034 Photius.
1581 2012 1630 2031 nec
1646 2004 1717 2033 nllus
1734 2003 1799 2031 alius
1810 2001 1843 2027 vel

1071 2049 1212 2077 minimum
1232 2050 1333 2078 habent
1350 2052 1472 2079 verbum.

457 2257 530 2312 IN
573 2231 1124 2316 APOLOGETICUM
1170 2259 1229 2315 s.
1279 2258 1620 2316 PAMPHILI

903 2369 982 2400 PRO
1004 2369 1181 2401 ORIGENE

485 2461 696 2505 RUFlNl
736 2461 1056 2507 PBJEFATIO
1092 2461 1166 2506 AD
1203 2462 1512 2508 MACABIUM
1548 2452 1603 2504 (ί).

266 2637 456 2672 Cognoscenda:
468 2639 582 2665 veritati:
592 2647 680 2666 amore
687 2646 830 2674 permotus,
848 2649 862 2667 ο
877 2641 914 2668 vir
933 2642 1122 2669 desideriorum
1137 2641 1268 2674 Mat/tari,
1288 2639 1325 2676 (2)
1336 2640 1451 2675 injnngis
1470 2642 1534 2667 mihi
1547 2649 1612 2672 rem,
1623 2649 1682 2676 qua?
1698 2641 1745 2667 tibi
1757 2637 1838 2673 agnita!

266 2697 305 2735 (_‘l)
322 2697 408 2735 "Hanc
424 2698 622 2735 praefationem.
647 2699 843 2734 Apologeticnm
869 2701 1012 2735 Pamphili,

232 2738 264 2758 ac
274 2732 362 2770 Ruﬁni
378 2733 475 2761 librum
489 2733 527 2760 De
544 2732 736 2770 adulteralioué
750 2735 879 2762 librorum
892 2732 1013 2770 Origenis

231 2767 392 2802 contulimus
415 2775 474 2794 ctun
489 2776 537 2796 sex
558 2777 622 2796 mss.
637 2777 689 2796 uno
703 2769 868 2802 Corbeiensi,
883 2767 962 2798 hodie
985 2771 1014 2797 S.

233 2801 359 2839 germani
380 2810 397 2839 _a
417 2802 513 2839 l‘ratis,
532 2804 593 2830 noni
610 2804 714 2836 saacnli;
733 2805 820 2832 altero
842 2806 923 2839 Regio
939 2813 1013 2832 num.

235 2835 313 2869 ιυμ,
330 2835 425 2864 decimi
447 2838 517 2868 tertii
533 2839 637 2872 sa'culi;
653 2840 681 2866 5ο
700 2840 864 2873 Sorbouico;
880 2835 908 2868 ll"
921 2840 949 2868 S.
964 2840 1016 2868 lic-

1069 2701 1142 2737 ntigii
1159 2700 1318 2737 Bernensis;
1346 2701 1376 2727 5°
1399 2701 1428 2728 S.
1456 2701 1544 2728 Vitoni
1556 2710 1562 2733 ;
1576 2701 1605 2728 ϐο
1624 2701 1652 2737 S.
1670 2697 1838 2737 Michaelis

1069 2733 1191 2763 Periculo
1215 2735 1298 2763 maris
1315 2746 1320 2763 :
1338 2743 1441 2762 necnon
1463 2741 1489 2763 et
1510 2744 1570 2763 cum
1589 2735 1682 2763 iisdem
1699 2743 1761 2763 mss.
1776 2733 1837 2759 codi-

1069 2771 1146 2811 cibus
1156 2771 1188 2797 ad
1203 2778 1317 2806 quorum
1338 2771 1418 2798 ﬁdem
1433 2771 1516 2799 libros
1529 2769 1709 2805 Περιάρχῶν
1723 2768 1836 2797 emend:-

1069 2813 1233 2877 Wzllllsllissq
1248 2840 1364 2877 injungis
1376 2841 1440 2869 mihi
1453 2850 1504 2869 rem
1516 2850 1593 2876 quant
1616 2841 1711 2868 videris
1725 2843 1838 2875 quantum.
