1909 3080
2 135 52 166 5H
624 139 798 168 APOLOGIA
818 139 888 168 PRO
907 140 1066 168 ORIGENE.
1600 141 1653 169 5H

2 199 133 227 veritatis
148 201 270 235 gratiam
294 201 436 237 conferat):
451 201 515 230 mihi
529 206 616 235 tamen
640 211 691 230 non
705 203 796 231 dubito
811 202 875 238 quin
900 203 1026 238 offensam
1041 203 1185 229 maximam
1204 207 1335 236 comparet
1352 209 1454 235 eorum,
1466 202 1513 237 qui
1526 211 1553 230 se
1574 203 1651 230 [mos

2 252 104 283 putant
120 249 156 274 ab
171 256 203 275 eo
216 250 262 283 qui
277 249 310 275 de
324 249 436 285 Origene
453 257 505 276 non
521 250 622 286 aliquid
639 250 707 277 male
732 251 851 278 senserit.
869 250 903 277 Et
922 250 1040 285 quamvis
1060 258 1111 277 non
1132 258 1218 277 meam
1235 250 1267 276 de
1289 257 1319 277 eo
1332 250 1498 282 sententiam,
1509 249 1553 276 sed
1567 250 1651 277 sancti

3 295 143 329 martyris
165 293 306 330 Pamphili
317 296 465 330 sciscitatus
481 297 528 329 sis,
543 302 567 324 et
585 296 680 324 librum
695 297 764 332 ejus,
789 305 865 333 quem
882 305 929 333 pro
945 297 1057 332 Origene
1071 298 1097 324 in
1113 296 1205 324 Grtct'o
1222 297 1356 331 scripsisse
1373 297 1500 329 traditur,
1514 296 1651 330 transferri

3 340 53 366 tibi
68 342 234 374 poposceris
245 343 273 369 in
288 341 424 375 Latinum,
439 348 527 370 tamen
543 351 595 371 non
611 344 704 371 dubito
719 343 823 379 futuros
840 343 879 380 (5)
893 344 1019 379 quasdam
1033 343 1079 378 qui
1097 349 1120 370 et
1137 345 1164 370 in
1181 351 1211 370 eo
1222 343 1333 370 lwsosse
1346 348 1446 377 putent,
1460 343 1483 368 si
1497 350 1543 369 nos
1552 341 1651 377 aliquid

3 395 53 419 pro
69 395 104 414 eo
116 388 162 415 vel
178 388 266 416 alieno
279 397 397 417 sermone
410 390 539 418 dicamus.
552 390 624 423 Quos
640 396 728 419 tamen
739 397 764 420 et
783 383 852 427 ipsos
868 393 1038 427 deprecamur
1053 391 1121 419 nihil
1143 397 1301 426 pra'sumpto
1319 390 1358 417 vel
1372 391 1544 425 pra'judicnlo
1563 391 1651 417 animo
1682 394 1689 423 ’τ

3 440 86 466 agere
102 441 114 459 .'
131 434 185 461 sed
205 435 331 469 quoniam
351 435 386 461 ad
397 435 531 469 judicium
544 435 594 463 Dei
604 437 706 464 venturi
719 446 822 470 sumus,
835 445 888 464 non
903 436 1036 476 refugiant
1048 436 1115 463 scire
1130 439 1198 471 quod
1218 444 1306 463 verum
1327 441 1376 468 est,
1393 436 1431 471 (4)
1452 444 1482 462 ne
1495 435 1561 469 forte
1574 436 1651 470 igno-

4 486 101 508 rantes
123 482 306 517 delinquant;
319 483 364 510 sed
377 483 573 512 considerantes
592 485 654 519 quia
665 484 741 520 falsis
758 478 987 518 criminationibus
1000 489 1134 519 percutere
1147 485 1263 518 fratrum
1281 483 1447 518 infirmarum
1467 483 1650 513 conscientias,

4 527 31 552 in
48 525 199 553 Christum
223 535 332 562 peccare
355 533 404 562 est,
427 529 487 555 ideo
502 537 552 556 non
566 530 760 558 accommodent
778 530 994 558 criminatoribus
1011 537 1100 556 aurem
1124 537 1212 560 suam,
1233 537 1279 556 nec
1302 529 1333 555 ab
1350 528 1403 555 alio
1423 528 1525 554 discant
1545 528 1652 554 alterius

5 572 101 606 fidem,
116 574 243 600 maxime
260 582 318 601 cum
330 583 419 602 coram
437 577 552 611 experiri
567 578 602 604 sit
613 578 702 610 copia,
717 583 741 605 et
755 578 808 605 oris
823 579 865 605 sui
879 577 1008 614 confessio
1019 577 1082 614 quid
1098 576 1137 604 vel
1156 576 1271 611 qualiter
1286 575 1464 610 unusquisque
1479 574 1560 601 credit
1571 580 1641 601 osten

5 619 136 672 dat..Sic
152 622 227 672 enim
237 622 365 659 scriptum
379 628 428 656 est,
443 625 505 659 quia
517 625 598 652 corde
609 625 731 653 creditur
744 626 776 653 ad
787 625 937 660 justitiam,
956 633 1004 653 ore
1017 630 1106 652 autem
1122 624 1258 652 confessio
1276 623 1306 652 lit
1323 624 1356 650 ad
1372 623 1489 650 salutem
1506 623 1514 638 ¹
1531 627 1595 649 :et:
1611 622 1654 650 Ea.

5 668 92 719 pero-is
107 668 178 719 suis
191 670 367 719 unusquisque
374 670 580 706 justi/imbitur,
596 677 621 700 et
634 681 667 700 es:
679 673 762 700 verbis
774 673 830 704 suis
842 673 1060 703 condemnabitur
1068 674 1089 700 ⁸.
1101 672 1141 710 (5)
1158 672 1278 705 Qualiter
1290 680 1351 707 ergo
1358 671 1484 706 Origenes
1497 671 1529 697 de
1545 670 1654 704 singulis

5 715 144 765 capitulis
161 721 315 765 sanctarum
327 716 527 765 ‘Scripturarum
541 722 649 748 senserit
661 726 735 749 tenor
746 721 828 748 libelli
843 721 921 756 hujus
937 721 1055 749 edoceat.
1073 720 1111 751 De
1130 721 1171 748 his
1183 724 1271 747 autem
1284 727 1344 754 quae
1360 719 1431 754 apud
1451 727 1509 746 eum
1520 718 1654 745 contraria

6 761 56 786 sibi
73 762 271 805 inveniuntur,
287 763 351 798 quid
363 772 451 797 causte
465 765 511 798 sit,
528 765 556 792 in
577 766 675 793 ultimo
690 766 760 793 brevi
781 766 819 802 (6)
839 766 988 803 adjectione
1008 766 1169 794 docebimus.
1195 766 1252 794 Nos
1268 771 1367 796 autem.
1383 765 1450 792 sicut
1468 765 1596 790 traditum
1616 767 1655 790 est

7 809 82 834 ⁷¹⁰ί⁷ί³
96 816 117 835 α
138 810 243 843 una“
258 809 394 844 Ραίτίάαδ,
406 812 581 847 itatenemus,
592 814 661 847 quod
676 818 769 842 sancta
786 813 904 841 Trinitas
918 818 1050 844 coaeterna
1063 814 1109 845 sit,
1126 819 1150 840 et
1166 814 1244 840 unius
1262 817 1376 844 naturas,
1398 812 1527 845 uniusque
1539 810 1654 841 virtutis.

7 862 87 890 atque
100 855 287 892 substantia;
299 863 321 884 et
333 859 403 893 quod
420 858 507 887 Filius
521 859 569 887 Dei
579 860 607 887 in
622 861 763 888 novissimo
779 866 891 895 tempore
906 861 983 887 homo
997 860 1084 895 factus
1102 865 1150 891 est,
1165 865 1189 887 et
1205 868 1250 895 pro
1265 859 1377 894 peccatis
1393 859 1489 885 nostris
1500 866 1593 892 passus
1605 862 1654 890 est,

7 909 31 930 et
44 905 72 956 in
84 906 201 956 ets-ipsa
223 915 311 939 carne,
329 908 357 934 in
370 915 422 943 qua
433 916 527 942 passus
543 913 592 943 est,
604 910 748 937 resurrexit
767 918 783 936 a
805 910 924 942 mortuis,
937 909 1051 944 lpropter
1065 909 1134 944 quod
1152 914 1175 936 et
1190 907 1389 936 resurrectionis
1402 914 1472 940 spent
1486 906 1600 932 humano
1610 913 1655 940 ge-

8 959 64 978 neri
78 952 196 980 tribuit.
213 953 308 981 Carnis
322 963 380 982 vero
399 957 620 984 resurrectionem
644 965 696 984 non
717 965 762 992 per
779 958 882 993 aliquas
897 958 1058 993 praestigias.
1072 957 1139 986 sicut
1160 955 1282 984 nonnulli
1296 955 1505 987 calumniantur,
1518 953 1630 980 dicimus
1643 959 1655 980 :

9 1000 55 1026 sed
66 1001 145 1027 hanc
168 1001 254 1036 ipsam
270 1010 387 1035 carnem,
405 1004 495 1038 inqua
510 1013 581 1031 nunc
591 1005 711 1039 vivimus,
727 1009 935 1033 resurrecturum
950 1006 1099 1038 credimus;
1112 1013 1163 1032 non
1179 1005 1259 1031 aliam
1271 1011 1318 1038 pro
1331 1002 1396 1035 alia,
1411 1009 1456 1028 nec
1471 1009 1565 1036 corpus
1579 999 1654 1027 aliud

7 1054 90 1084 quam
107 1047 197 1082 hujus
217 1049 305 1076 carnis
316 1049 439 1078 dicimus.
453 1049 512 1078 Sive
526 1058 586 1086 ergo
601 1059 694 1085 corpus
705 1057 912 1079 resurrecturum
923 1052 1046 1084 dicimus,
1055 1052 1199 1078 secundum
1217 1048 1372 1084 Apostolum
1381 1048 1511 1080 dicimus;
1525 1047 1574 1074 hoc
1585 1046 1654 1074 enim

9 1093 122 1120 nomine
137 1102 205 1121 usus
217 1100 254 1122 est
265 1094 311 1122 ille
327 1103 337 1122 :
349 1095 401 1122 sive
416 1104 521 1123 carnem
539 1097 662 1128 dicimus,
675 1097 819 1123 secundum
833 1097 1002 1124 traditionem
1015 1096 1131 1132 Symboli
1147 1096 1314 1130 conﬁtemur.
1327 1093 1416 1123 Stulta
1426 1094 1494 1124 enim
1505 1093 1655 1121 adiuvantia

8 1138 164 1166 calumnia:
182 1145 231 1174 est,
248 1149 343 1176 corpus
356 1142 501 1169 humanum
513 1143 587 1169 aliud
601 1148 695 1177 putare
712 1151 768 1170 esse
778 1151 857 1178 quam
874 1151 990 1170 carnem.
1010 1142 1072 1171 Sive
1086 1151 1147 1176 ergo
1161 1150 1222 1169 caro
1236 1142 1379 1168 secundum
1392 1146 1553 1167 communem
1564 1138 1655 1173 fidem,

7 1186 61 1211 sive
74 1193 181 1219 corpus
194 1186 337 1213 secundum
349 1186 504 1221 Apostolum
522 1187 622 1214 dicitur
633 1187 704 1223 quod
721 1192 848 1223 resurget,
862 1188 901 1214 ita
914 1188 1073 1214 credendum
1086 1192 1123 1214 est
1139 1187 1206 1214 sicut
1221 1186 1362 1221 Apostolus
1375 1185 1501 1220 deﬁnivit,
1510 1184 1572 1220 quia
1585 1185 1655 1220 quod

9 1239 148 1268 resurget,
166 1234 196 1260 in
213 1235 307 1267 virtute
318 1239 444 1269 resurget,
459 1239 483 1262 et
497 1235 525 1261 in
541 1234 647 1270 gloria;
662 1240 686 1262 et
704 1234 904 1269 incorruptibile
919 1240 1033 1270 resurget
1051 1240 1075 1262 et
1093 1233 1210 1269 spiritale
1231 1241 1324 1268 corpus
1341 1233 1370 1267 ²;
1386 1232 1449 1268 quia
1462 1232 1600 1267 corruptio
1612 1231 1655 1258 inv

9 1281 223 1315 corruptionem
240 1289 292 1313 non
312 1281 494 1316 possidebit‘.
523 1281 609 1310 Salvis
626 1291 687 1318 ergo
709 1283 749 1310 his
772 1282 952 1317 prterogativis
973 1281 1059 1316 futuri
1081 1281 1196 1315 corporis
1212 1279 1251 1307 vel
1271 1279 1371 1313 carnis,
1386 1277 1541 1306 resurrectio
1566 1276 1654 1304 carnis

9 1325 151 1353 "redenda
174 1330 213 1353 est
230 1327 328 1361 integre
349 1331 427 1362 atque
438 1327 562 1364 perfecte,
575 1332 602 1354 ut
617 1332 641 1355 et
657 1333 753 1355 natura
774 1328 862 1355 carnis
883 1329 972 1356 eadem
991 1333 1116 1359 servetur,
1130 1332 1154 1354 et
1171 1326 1318 1360 incorrupti
1338 1334 1369 1352 ac
1388 1324 1519 1360 spiritalis
1537 1323 1654 1358 corporis

10 1378 99 1404 alatus
114 1380 140 1400 et
149 1373 237 1408 gloria
249 1381 301 1416 non
317 1369 492 1410 infringatur:
511 1373 558 1402 Sic
579 1375 648 1401 enim
666 1375 792 1409 scriptum
807 1380 862 1402 est:
878 1374 943 1401 Htec
957 1375 985 1402 in
997 1374 1170 1409 Jerosolgmis
1185 1374 1214 1401 in
1228 1372 1348 1399 Ecclesia
1362 1371 1411 1399 Dei
1428 1380 1445 1399 a
1460 1376 1550 1398 sancta
1564 1377 1654 1397 sacer-

9 1423 70 1447 dote
84 1420 201 1456 ejus_(7)
215 1412 320 1447 Joanne
342 1421 522 1455 praedicantur
534 1429 544 1448 .'
560 1421 616 1448 haec
631 1429 677 1448 nos
695 1429 754 1448 cum
770 1422 827 1456 ipso
843 1427 867 1450 et
887 1422 1010 1454 dicimus,
1027 1427 1052 1448 et
1071 1426 1199 1448 tenemus.
1210 1419 1239 1448 Si
1256 1421 1314 1455 quis
1328 1425 1424 1455 prwter
1434 1418 1490 1446 haec
1502 1417 1542 1446 vel
1561 1417 1657 1449 credit,
1687 1411 1692 1417 ’

10 1466 50 1499 sel
60 1466 155 1499 docet,
169 1467 209 1494 vel
224 1476 240 1494 a
261 1467 336 1494 nobis
360 1467 438 1495 aliter
460 1468 531 1495 credi
551 1476 630 1503 quam
649 1468 818 1502 exposuimus
835 1472 924 1503 putat,
939 1468 1079 1495 anathema
1091 1468 1136 1496 sit.
1155 1467 1261 1495 Nostra:
1281 1474 1342 1501 ergo
1357 1465 1418 1500 ﬁdei
1432 1465 1618 1492 documentum
1632 1463 1656 1490 si

11 1517 72 1550 quis
89 1515 192 1542 habere
206 1515 271 1547 vult,
289 1515 383 1542 habeat
398 1523 430 1543 ex
439 1515 490 1543 his.
507 1515 546 1552 (8)
560 1515 589 1543 Si
600 1516 665 1551 quid
679 1521 767 1544 autem
779 1521 823 1543 aut
831 1516 953 1551 legimus,
967 1520 1013 1543 aut
1031 1515 1112 1550 hujus
1121 1518 1218 1547 nostra:
1231 1513 1293 1549 fidei
1310 1513 1422 1548 facimus
1434 1512 1546 1544 ratione,
1562 1518 1656 1537 secun-

14 1562 81 1588 dum
94 1561 268 1596 Apastolum,
284 1561 422 1596 probantes
436 1563 535 1595 omnia,
560 1563 630 1598 quod
646 1565 744 1590 bonum
765 1568 802 1590 est
818 1563 972 1596 obtinentes,
992 1563 1024 1590 ab
1038 1562 1110 1590 omni
1126 1562 1210 1596 specie
1221 1561 1292 1588 mala
1306 1568 1353 1588 nos
1369 1559 1529 1587 abstinentes
1544 1557 1555 1574 '
1570 1566 1577 1585 ;
1592 1556 1656 1589 etsi

13 1607 60 1643 qui
83 1607 156 1634 hanc
174 1606 298 1642 regulam
312 1611 470 1642 sequuntur,
487 1615 540 1643 pax
558 1615 641 1643 super
653 1607 714 1639 illos
730 1612 754 1636 et
769 1615 852 1643 super
866 1608 949 1636 Israel
964 1608 1024 1636 Dei.
1041 1608 1126 1635 Amen
1139 1607 1163 1634 ⁸.

425 1670 1616 1684 ____________,____________________—

666 1760 1020 1818 APOLOGIA

287 1861 584 1913 PAMPHILI
621 1861 932 1912 MARTYRIS
967 1860 1086 1908 PRO
1123 1859 1414 1907 ORIGENE.

314 1998 513 2044 emeruit).

54 2063 96 2090 Ad
107 2063 273 2097 confessores
285 2061 320 2089 ad
337 2059 445 2088 metalla
459 2059 613 2089 Palaestina:
625 2059 777 2088 damnatos.

56 2109 127 2137 nihil
143 2109 256 2140 mirum,
271 2107 381 2139 fratres,
396 2105 523 2133 videmini
540 2104 578 2141 (9)
595 2105 660 2132 mihi
672 2112 734 2133 esse
752 2112 816 2140 per-

59 2157 68 2172 ¹
84 2156 163 2183 Rom.
179 2155 266 2188 x,10.
304 2155 314 2170 ¹
330 2154 426 2181 Matth.
441 2160 491 2186 xtl,
504 2152 549 2180 57.
588 2153 598 2168 ¹
616 2153 623 2179 l
637 2152 699 2181 Cor.
715 2160 760 2184 xv,
778 2152 814 2186 42
829 2157 856 2181 et
884 2160 943 2187 seq.

16 2201 59 2225 VI,
72 2192 116 2220 16.

19 2241 69 2268 tibi
81 2276 85 2277 γ
99 2239 198 2274 agnita:
216 2239 335 2277 veritatis
356 2238 442 2277 gratia
465 2237 511 2277 [ΞΙ.
539 2235 644 2273 gratias]
659 2236 789 2277 _conferat
804 2245 812 2263 :
828 2239 852 2267 Α

19 2276 86 2302 mihi
104 2273 191 2301 tamen
203 2282 254 2301 non
267 2273 358 2300 dubito
371 2273 439 2306 quod
453 2273 580 2307 offensam
592 2273 735 2298 maximam
750 2279 813 2298 con-

867 2013 949 2048 pessi,
962 2013 1034 2048 quod
1047 2011 1083 2039 ita
1095 2018 1144 2039 vos
1161 2010 1287 2046 Origenis
1304 2008 1468 2044 subterlugit
1488 2007 1654 2042 intellectus.

867 2063 896 2086 ut
907 2066 954 2086 vos
965 2065 1072 2094 quoque
1084 2065 1114 2084 ea
1129 2056 1270 2084 aestimetis
1285 2056 1319 2083 de
1335 2055 1391 2088 illo,
1411 2061 1471 2090 quae
1481 2058 1508 2081 et
1526 2053 1571 2081 alii
1587 2060 1654 2080 non-

868 2104 955 2132 nulli:
976 2105 1021 2139 qui
1045 2105 1102 2132 sive
1124 2111 1174 2139 per
1198 2103 1361 2138 imperitiam
1385 2102 1437 2134 sui,
1459 2099 1514 2136 (l0)
1532 2107 1585 2134 qua
1602 2106 1654 2127 non

990 2152 1001 2168 ⁸
1021 2152 1086 2181 ibid.
1103 2151 1148 2179 50.
1199 2151 1231 2178 ⁵1
1246 2151 1342 2178 Thess.
1356 2158 1381 2182 ν,
1394 2150 1439 2183 21,
1457 2149 1503 2179 22.
1543 2146 1653 2176 ‘Galni.

900 2232 939 2268 (6)
953 2231 998 2258 Sic
1019 2229 1203 2268 ms._l_{egius:_
1215 2228 1310 2256 Caneri
1327 2235 1391 2268 vero
1411 2234 1490 2268 Ipsm,
1507 2227 1653 2268 adjectione

866 2263 1014 2296 docuimus.
1032 2266 1114 2298 Editi,
1126 2263 1232 2291 ’addita
1252 2263 1395 2290 assertione
1409 2263 1556 2289 docuimus.
1572 2263 1653 2291 Paulo

18 2299 350 2344 iii"iérii"(iii§§'negius,
375 2299 560 2344 consec'iaret;
585 2306 760 2344 Snrbonicus,
788 2311 815 2344 et
866 2301 1087 2344 posvubiutins's.
1102 2299 1295 2344 Ilmbenkjtd
1311 2302 1437 2344 125mg,
1462 2299 1653 2344 quodlﬂmctu

19 2347 51 2373 ὃ.
62 2341 202 2372 Michaelis
216 2345 242 2370 in
255 2341 380 2371 Périculo
394 2343 487 2374 maris,
497 2342 618 2376 conferat
631 2341 669 2369 vel
681 2341 812 2377 congerat)

19 2389 124 2411 eorum.
149 2386 204 2407 etc.
225 2379 328 2416 Deinde
355 2378 547 2416 mss._plures,
573 2377 618 2416 qui
640 2376 672 2403 de
700 2375 813 2412 Origene

20 2416 128 2451 aliquid
138 2415 207 2451 male
221 2414 364 2451 senserint,
382 2413 461 2451 nmio.

57 2446 97 2485 (3)
110 2450 256 2483 Quosdam.
274 2448 413 2476 Omittitur
425 2449 450 2475 in
464 2447 556 2480 editis,
574 2447 621 2474 sed
629 2446 769 2481 suppletur
779 2453 812 2473 ex

20 2495 87 2514 mss.

35 2521 38 2524 ’
58 2522 98 2556 (ι)
115 2520 181 2548 Mss.
196 2520 328 2556 plerique,
341 2527 372 2556 ne
385 2518 452 2556 forte
464 2517 707 2556 ignorantcs‘quod
722 2524 813 2556 verum

21 2550 70 2590 est,
87 2550 291 2583 [considerantes
314 2554 350 2590 [al
378 2550 646 2590 considerantesque]
662 2553 758 2587 quia...
776 2550 812 2590 Ιῑξι

22 2586 92 2623 ideo,
106 2597 161 2618 etc.
173 2591 255 2623 Editi,
269 2598 301 2617 ne
314 2586 383 2624 forte
397 2590 546 2624 ignorantes
558 2586 712 2624 delinquant
723 2586 812 2614 consiv

23 2622 145 2654 derantes
165 2626 263 2660 quia...
281 2622 319 2650 Et.
332 2622 533 2660 ideofetcﬁed
547 2622 647 2660 reetius
662 2630 714 2660 ius.
730 2629 811 2660 unus,

25 2667 53 2689 ut
67 2662 93 2689 in
120 2657 210 2694 texiu,
235 2661 286 2688 nisi
302 2661 374 2686 forte
390 2659 530 2692 legendum
546 2659 591 2694 sit,
608 2666 639 2694 ne
658 2657 727 2694 forte
739 2657 814 2690 igno-

24 2702 110 2723 rantes
124 2691 295 2731 delinquant;
311 2695 356 2721 sed
371 2691 547 2726 considerent,
564 2691 627 2727 [vel,
637 2691 814 2720 considerent-

23 2732 195 2774 qselq‘uia...
208 2730 324 2774 lituidep,
339 2734 392 2770 etc.

57 2761 157 2829 (31)'Sic
175 2773 228 2793 ms.
244 2761 421 2793 Sorbbnicus.
434 2763 530 2791 leeri
547 2770 612 2790 vero
625 2769 689 2788 mss.
703 2767 729 2788 et
737 2761 813 2795 editi,

57 2812 79 2829 Ia
92 2803 142 2829 iter
149 2809 213 2829 emo
222 2801 317 2827 sentiat
337 2801 414 2829 (mss.
425 2799 478 2826 duo
492 2799 617 2825 omittunt
634 2797 740 2829 sentiat)
756 2795 813 2823 Ori-

24 2795 142 2834 Qu‘aliter
149 2809 213 2836 ergo
222 2801 325 2836 sentiat
337 2801 414 2835 (mss.
422 2799 478 2836 duo
488 2799 617 2836 omittunt
628 2797 742 2836 sentiat)
756 2795 815 2836 Ofi-

23 2831 94 2905 {ques
115 2831 327 2901 l!:t|.'0rigenis]
341 2831 382 2863 'tle
406 2833 517 2869 singulis
537 2839 611 2860 tenor
625 2831 711 2859 libelli
733 2831 812 2866 hujus

24 2881 34 2902 ε
52 2882 112 2900 acea
127 2893 135 2901 .

24 2878 135 2902 edoceat.

866 2333 993 2370 Ττὶηἰιαδ,
1006 2337 1067 2365 libri
1076 2335 1139 2364 editi
1151 2334 1308 2369 praeferunt,
1318 2333 1470 2365 retinemus,
1482 2333 1551 2367 quod
1564 2340 1653 2360 sancta

865 2374 993 2400 Trinitas.

894 2409 942 2445 ‘('l)
953 2407 1068 2435 Joanne.
1079 2404 1283 2445 l_s_estAJ_onnnes
1293 2402 1536 2445 Jerosolymitonus
1548 2404 1655 2445 episco-

869 2438 1020 2479 pu‘s,vquern
1037 2442 1126 2479 multis
1140 2440 1266 2479 Qrigenis
1278 2438 1428 2479 erroribus,
1447 2442 1475 2464 et
1489 2439 1605 2466 maxime
1620 2442 1654 2467 de

869 2474 1068 2506 iesuriectione
1082 2474 1249 2511 implicatum
1259 2481 1322 2511 esse
1334 2474 1448 2511 probare
1463 2479 1578 2511 conatur
1589 2482 1652 2502 san-

868 2520 928 2541 ctus
955 2507 1133 2547 Hieronymus
1159 2511 1239 2546 epist.
1257 2509 1303 2542 58,
1319 2507 1385 2536 alias
1404 2507 1448 2541 6i,
1468 2508 1502 2535 ad
1527 2507 1654 2537 Pamma-

867 2550 968 2577 citium.

903 2585 942 2620 (8)
959 2583 1004 2610 Sic
1029 2589 1124 2620 omnes
1139 2581 1287 2620 m_s_s._Editi
1297 2587 1370 2620 vero».
1390 2578 1421 2619 Si
1435 2578 1541 2620 quidem
1556 2583 1603 2605 aut
1613 2579 1652 2607 ls-

866 2614 963 2655 gimus,
982 2622 1028 2645 aut
1049 2617 1129 2652 hujus
1152 2617 1214 2651 ﬁdei
1234 2620 1331 2655 nostras
1353 2615 1463 2655 facimus
1480 2614 1651 2655 ¹ηιιίοιιεηι..Γ

866 2648 938 2691 quod
950 2648 1045 2691 bonum
1059 2648 1098 2691 cit
1108 2648 1233 2691 tenentes.
1249 2648 1414 2691 Deinde‘tus.
1427 2648 1602 2682 Sorbonicus,
1618 2649 1651 2676 ab

868 2687 939 2718 omni
952 2688 1035 2722 specie
1045 2687 1115 2714 mala
1128 2695 1175 2713 nos
1189 2687 1359 2722 abstinemus.

905 2725 943 2760 (9)
958 2720 1049 2760 Mihi._
1062 2722 1141 2750 Deest
1162 2722 1188 2748 in
1204 2721 1294 2752 editis,
1313 2726 1340 2760 et
1356 2720 1560 2760 restituique:
1585 2727 1651 2760 mss.

870 2755 971 2788 Deinde
985 2758 1062 2790 editi,
1077 2763 1103 2783 ut
1122 2765 1166 2784 vos
1180 2763 1282 2791 quoque
1294 2756 1450 2782 existimetis
1465 2757 1497 2783 de
1511 2756 1569 2789 illo,
1582 2755 1654 2791 quod

867 2802 890 2822 et
905 2795 951 2822 alii
965 2793 1094 2821 nonnulli.
1111 2792 1164 2819 Sed
1178 2799 1244 2818 mss.
1259 2795 1287 2817 ut
1300 2791 1325 2818 in
1339 2795 1425 2817 textu.

902 2830 960 2866 (10)
972 2829 1010 2856 ita
1022 2836 1087 2857 mss.
1101 2827 1170 2855 Editi
1186 2834 1261 2859 vero,
1277 2826 1340 2861 quia
1354 2833 1405 2852 non
1419 2826 1516 2860 valent,
