1909 3080
262 95 315 125 5L3

865 93 895 120 s.
916 76 1078 120 caurum
1097 89 1274 118 um'rvnts

1841 90 1893 119 5&1

261 157 353 185 valent
369 163 464 184 sensus
478 155 535 189 ejus
550 154 722 182 aititudinem
749 154 892 186 contueri;
913 154 970 183 sive
985 161 1049 189 pra-
1066 158 1088 186 Α
1101 160 1162 188 quire
1175 152 1201 182 in
1214 151 1389 186 quaestionem
1400 151 1510 179 veniunt
1523 155 1620 183 movet,
1633 157 1685 180 nec
1696 154 1793 179 tamen
1801 157 1892 177 eorum

261 203 345 230 vitate
359 201 466 234 mentis,
487 208 538 235 qua
559 200 677 234 studium
700 205 798 234 gerunt
818 207 869 226 non
883 199 969 228 solum
980 200 1051 226 dicta

260 249 319 284 ejus
334 247 390 283 (Η)
406 247 543 277 incusare.
570 254 662 273 rerum
686 247 768 273 etiam
792 246 922 274 adv'ersus
939 254 984 275 eos
1006 247 1050 280 qui

261 295 317 322 hzec
339 293 432 329 legunt
453 292 568 320 hostiles
584 292 742 320 inimicitias
757 299 875 324 sumere,
894 298 948 319 tam
964 292 1050 326 perti-

260 340 363 366 naciter
379 338 404 366 id
419 343 542 373 agentes,
553 343 582 365 ut
597 338 667 365 nulla
677 345 789 372 prorsus
806 338 884 365 venia
898 345 944 365 eos
954 337 1051 373 dignos

259 385 353 413 haberi
378 389 483 420 putent,
507 391 541 411 ne
561 391 593 412 ea
615 384 725 420 quidem
741 383 798 418 (i2)
813 391 893 418 quam
912 384 1051 418 impertire

258 431 357 464 solent,
375 431 449 458 verbi
464 431 562 466 gratia,
582 431 625 458 his
645 431 690 466 qui
708 430 749 456 vel
761 429 920 457 Graecorum
937 430 1051 457 szccula-

259 479 328 505 rium
356 478 451 509 libros,
467 477 508 504 vel
528 483 723 512 nonnunquam
746 476 829 502 etiam
847 475 1048 508 haereticorum,

259 524 454 559 percunctandi
479 529 562 558 atque
585 521 750 558 agnoscendi
775 522 867 550 studio
881 522 1048 550 decurrunt:

259 571 309 598 sibi
330 570 396 597 solis
411 569 515 597 scilicet
533 569 644 599 concedi
659 569 758 596 debere
780 569 905 604 peritiam
917 568 1049 603 probandi

260 616 393 643 sermonis
423 620 527 650 putant,
548 619 578 642 ut
595 614 619 642 si
643 614 707 650 quid
734 612 790 649 (i3)
818 614 887 642 bene
911 614 945 640 ab
959 613 1050 649 aliquo

260 664 360 690 dictum
377 666 429 693 est,
455 661 573 689 retinere
595 662 695 695 sciant,
710 660 745 688 ab
766 661 840 689 omni
856 665 945 689 autem
961 661 1049 696 specie

260 707 328 733 mala
343 706 481 734 abstinere
495 714 524 734 se
536 706 679 734 noverint:
692 705 779 734 abhis
792 713 856 734 vero
865 707 910 741 qui
925 706 1050 741 Origenis

259 752 343 779 libros
369 752 470 787 legunt,
496 753 566 780 istud
586 752 693 786 penitus
713 752 852 780 exclusum
870 757 968 788 putant
989 759 1050 780 esse

260 799 426 830 mandatum,
437 807 489 833 quo
504 799 658 833 probabiles
670 797 800 832 jubeutur
812 797 879 826 edici
898 798 1046 832 trapezitae,

258 844 377 872 scientes
392 845 463 879 qttod
485 845 583 871 bonum
602 849 644 871 est
661 844 791 873 retinere.
807 845 841 872 ab
863 844 936 872 omni
954 849 1044 871 autent
1063 836 1084 863 Β

258 889 347 923 specie
361 890 430 916 mala
447 897 476 917 se
492 890 631 917 abstinere
641 890 669 917 ':
684 889 731 917 sed
745 890 933 917 tantummodo
944 890 967 917 si
984 889 1046 924 quis

259 934 348 968 legere
367 935 449 962 libros
465 935 536 963 illius
552 935 627 962 visus
643 935 735 968 luerit,
751 936 843 963 statim
856 935 890 962 ab
906 935 948 962 itis
963 935 1046 963 haere-

258 981 373 1008 ticorum
404 981 585 1016 perfuttdetur
609 981 730 1009 infamia.
757 982 880 1017 Denique
906 982 963 1018 (14)
984 990 1044 1010 cutn

258 1027 351 1054 multis
365 1027 486 1055 honesta:
509 1027 572 1055 vitm
588 1032 615 1055 et
635 1028 755 1063 religiosi
773 1028 905 1063 propositi
919 1028 999 1060 viris,
1017 1028 1043 1055 in

257 1073 356 1108 quibus
380 1073 448 1100 nihil
471 1080 583 1108 prorsus
604 1073 690 1109 culpa:
717 1073 869 1105 inveniunt,
888 1073 1045 1101 inimicitias

257 1123 369 1153 propter
385 1118 436 1146 hoc
454 1118 539 1145 solum
566 1119 668 1146 habent
690 1118 712 1146 si
738 1126 831 1146 eorum
852 1118 909 1154 (l5)
925 1119 1044 1146 studium

256 1165 329 1192 circa
344 1165 486 1192 memorati
507 1164 557 1191 viri
576 1164 661 1192 libros
681 1165 842 1200 propensius
861 1173 921 1193 essu
936 1173 1045 1201 perspe-

257 1211 357 1243 xerint,
375 1211 535 1238 invidiosius
550 1211 632 1238 etiam
649 1210 698 1238 ista
709 1211 851 1246 tingentes,
866 1213 937 1246 quod
952 1212 987 1239 ab
1003 1212 1045 1239 his

257 1258 284 1284 in
299 1257 358 1285 loco
367 1262 521 1284 sanctorum
534 1258 718 1292 apostolorum
731 1258 772 1285 vel
785 1258 978 1293 prophetarum
989 1263 1043 1286 tam

257 1304 316 1338 ipse
329 1311 410 1338 quam
430 1304 499 1331 dicta
508 1303 566 1338 ejus
579 1304 740 1335 habeantur.
756 1304 808 1331 Sed
826 1304 859 1331 de
877 1304 928 1332 hoc
940 1309 1042 1331 eertum

257 1357 312 1376 non
337 1349 423 1378 habeo
450 1355 539 1377 utrum
564 1350 748 1378 calumniandi
772 1355 835 1378 volo
858 1351 1045 1378 tantummodo

258 1395 309 1423 ista
323 1396 459 1431 jactitent,
473 1405 506 1423 an
525 1397 609 1424 etiam
628 1397 661 1424 ab
679 1396 816 1432 aliquibus
834 1397 1045 1433 simplicioribus

258 1446 286 1469 et
299 1442 475 1477 propensiore
488 1441 586 1471 adectu
595 1443 768 1479 diligentibus
783 1445 882 1476 virum,
898 1443 1045 1479 aliquando

259 1487 380 1516 fortassis
409 1489 462 1516 tale
487 1490 587 1525 aliquid
614 1490 759 1518 audierint.
790 1489 847 1526 (16)
872 1489 927 1517 Nos
954 1495 1044 1516 tamen

258 1535 436 1569 perspicimus
455 1535 612 1570 frequenter
621 1543 652 1563 ea
681 1543 741 1571 quas
758 1536 792 1563 ab
804 1543 836 1564 eo
856 1543 918 1563 cum
945 1542 1044 1570 magno

260 1579 356 1606 timore
374 1579 422 1607 Dei
437 1585 464 1607 et
479 1588 540 1608 cum
563 1581 636 1608 omni
656 1581 807 1608 humilitate
821 1581 957 1614 dicuntur,
981 1587 1043 1607 eum

258 1625 364 1652 veniam
390 1626 456 1659 petit
467 1633 516 1660 pro
532 1627 575 1653 his
590 1633 650 1660 qua:
662 1633 710 1660 per
725 1626 836 1652 nintiattt
849 1625 1044 1653 discussionem

258 1675 286 1698 et
300 1678 349 1704 per
373 1671 485 1698 multam
503 1671 699 1698 scrutationem
724 1671 930 1706 Scripturarum
956 1670 1046 1697 animo

257 1716 420 1751 disputantis
429 1724 577 1745 occurrunt
593 1729 600 1746 :
614 1726 674 1753 quas
682 1726 743 1745 cum
756 1717 882 1750 exponit,
892 1716 1048 1751 frequenter

258 1763 357 1790 addere
372 1763 440 1791 solet
450 1769 478 1791 et
492 1765 616 1799 proﬁteri
632 1773 662 1792 se
675 1773 728 1792 non
746 1764 802 1791 haec
815 1763 891 1798 quasi
907 1762 1047 1790 deﬁnitiva

257 1810 434 1843 pronuntiare
457 1811 604 1843 sententia,
630 1818 680 1839 nec
696 1815 799 1841 statuto
815 1811 943 1845 dogmate
957 1809 1048 1836 termi-

258 1862 335 1887 nare,
354 1857 402 1883 sed
416 1857 553 1892 inquirere
562 1866 612 1893 pro
625 1858 738 1887 viribus.
750 1861 777 1884 et
790 1864 899 1883 sensum
913 1856 1049 1883 discutere

259 1901 473 1936 Scripturarum,
498 1911 548 1932 nec
577 1910 666 1932 tamen
693 1904 814 1939 proﬁteri
842 1902 913 1938 quod
939 1902 1044 1936 integre

258 1947 430 1982 perfecteque
444 1951 702 1984 comprehenderit;
721 1949 853 1985 suspicari
870 1948 955 1982 magis
968 1955 997 1974 se
1012 1948 1044 1974 de

257 1995 463 2029 quamplurimis
476 1997 581 2033 dicens,
602 2005 653 2025 nec
678 2002 767 2024 tamen
781 2001 885 2024 certum
900 2001 960 2022 esse
981 1994 1043 2028 quia
1056 1987 1070 2000 '

258 2040 286 2067 in
298 2043 423 2070 onmibus
444 2044 515 2078 quod
541 2043 692 2078 perfectum
707 2048 750 2071 est
773 2047 802 2069 et
824 2042 957 2076 integrum
972 2047 1045 2066 asse—

258 2091 338 2114 cutus
350 2087 395 2116 sit.
405 2088 458 2116 Sed
469 2093 495 2116 et
507 2097 699 2124 nonnunquam
709 2089 861 2116 invenimus
873 2095 933 2114 eum
949 2085 1005 2121 (17)
1013 2085 1046 2112 de

258 2134 352 2162 multis
371 2135 475 2163 haerere
498 2143 526 2163 se
540 2135 722 2171 proﬁtentem.
738 2136 764 2162 in
778 2134 875 2169 quibus
892 2141 923 2159 ea
937 2131 1044 2167 quidem

270 2207 304 2233 "l
323 2207 418 2235 Thess.
440 2216 465 2240 ν,
481 2208 526 2239 2|,
543 2208 588 2235 2‘2.

262 2300 268 2305 .
295 2266 351 2300 (Η)
375 2265 511 2293 Ιηειιεαγι.
538 2267 584 2294 Sic
604 2274 670 2294 mss.
695 2266 762 2294 Editi
785 2271 876 2292 autent
893 2271 1046 2299 perperam,
1063 2263 1085 2290 D

260 2308 407 2330 tttcursare.

296 2335 352 2372 (12)
364 2336 446 2368 Alias,
458 2344 516 2371 quae
538 2336 666 2371 impertiri
680 2335 807 2372 solet7[a|.
822 2343 900 2370 quam
916 2333 1048 2372 impertiri

260 2369 368 2406 solent],
390 2369 580 2406 verbi’gratia,‘
603 2372 644 2399 Itis
665 2373 710 2406 qui
738 2369 925 2398 Graecorum...
953 2369 1047 2397 decur-

260 2410 330 2437 rant,
345 2410 398 2433 etc.

295 2441 352 2481 (15.)
368 2439 447 2501 Herae,
462 2449 567 2469 necnon
588 2447 675 2469 autem
689 2441 760 2477 quod
777 2448 837 2468 mox
852 2440 983 2475 sequitur,
1000 2439 1047 2466 de-

295 2481 321 2501 lll.
337 2484 362 2501 Nl
374 2484 396 2501 (3|
410 2481 466 2501 Illﬁ.

259 2481 321 2503 sunt
337 2477 362 2502 in
374 2477 466 2504 editis.

296 2511 351 2545 (l4)
378 2512 423 2538 Sic
441 2520 490 2540 ms.
508 2511 686 2539 Sorbonicus.
703 2511 752 2538 Ms.
773 2519 837 2538 vero
853 2510 962 2545 Regius,
986 2516 1044 2545 cum

259 2543 346 2573 multis
360 2548 433 2574 bona:
449 2548 506 2574 vitae
528 2553 552 2573 et
570 2547 683 2580 religiosi
701 2547 829 2580 propositi
848 2543 920 2573 viri}.
945 2545 993 2572 Ms.

260 2581 386 2617 iiemigii.
400 2590 461 2608 cum
475 2582 568 2617 multis
580 2578 708 2616 religioni
723 2578 775 2608 vita
789 2588 812 2608 et
830 2578 1043 2617 propositoviris.

258 2614 351 2648 Editi;
363 2621 390 2644 et
406 2624 456 2644 ms.
474 2614 662 2648 Corbeiensis,
685 2625 743 2645 cm
770 2617 860 2643 multis
883 2615 932 2642 hoc
957 2614 1046 2650 (editi,

258 2650 349 2686 tutius)
362 2652 421 2678 vitw
434 2657 458 2678 et
473 2652 602 2686 religiosis
613 2653 747 2685 proposito
761 2652 833 2678 ritis.

294 2686 351 2718 (i5)
364 2686 445 2717 Editi,
456 2687 556 2713 studia.
571 2687 672 2714 Omnes
686 2695 762 2715 IIIiS..
777 2686 903 2712 studium.

295 2719 350 2755 (16)
365 2721 425 2748 Mss.
436 2722 491 2748 fere
506 2727 645 2753 omnes.et
655 2723 730 2754 editi,
741 2721 797 2748 Nos
812 2728 897 2748 tamen
907 2719 1044 2752 perspectis

261 2755 465 2788 frequenterltis,
483 2763 536 2784 etc.
549 2756 603 2784 Sed
617 2758 718 2784 rectius
732 2764 782 2783 ttts.
797 2763 866 2782 unus
874 2760 903 2781 ut
918 2755 944 2781 in
956 2759 1043 2780 textu.

298 2790 353 2823 (17)
365 2791 403 2816 lla
422 2798 516 2817 omnes
532 2799 598 2818 mss.
620 2791 690 2818 Editi
709 2799 772 2818 vero
792 2791 892 2823 itu-pte,
908 2790 939 2816 de
955 2789 1045 2815 multis

298 2798 353 2823 ut)
367 2798 403 2816 tta
422 2798 516 2817 omnes
532 2799 598 2818 mss.
620 2798 690 2818 Ιιιιιιι
709 2799 772 2818 vero
792 2799 834 2817 tm-

264 2825 405 2851 Ita-resibus
416 2825 580 2859 proﬁtentem
593 2825 640 2862 [aL
659 2798 853 2861 proficientem?

1101 198 1285 226 absolutiones
1306 197 1439 233 adiungit,
1456 198 1502 227 sed
1523 205 1584 227 cum
1605 197 1678 224 omni
1701 197 1857 226 humilitate
1869 203 1894 224 et

1101 244 1214 273 veritate
1227 252 1278 271 non
1294 245 1431 272 erubescit
1454 244 1532 272 fateri
1555 245 1612 280 (i8)
1637 245 1697 275 Ιιειια
1723 244 1778 274 sibi
1792 253 1845 272 non
1863 245 1894 271 li-

1101 300 1195 328 quere.
1211 292 1369 322 Audivimus
1392 291 1475 319 etiam
1495 291 1558 321 illud
1573 292 1606 321 ab
1619 298 1651 322 eo
1670 292 1832 327 frequenter
1854 291 1895 318 in.

1103 339 1167 372 texi,
1181 339 1253 374 quod
1269 338 1351 368 hodie
1375 345 1409 365 ne
1432 337 1475 365 isti
1494 337 1600 372 quidem
1623 337 1673 372 ipsi
1693 338 1893 371 imperitissimi

1100 385 1220 412 omnium
1238 385 1437 416 obtrectatores
1455 382 1512 417 ejus
1532 383 1622 414 dicere
1648 383 1850 418 dedignantur.
1866 390 1894 410 ut

1100 431 1122 458 si
1138 431 1200 469 quis
1210 430 1305 458 melius
1318 430 1403 457 dehis
1418 429 1485 456 locis
1493 436 1554 467 qua:
1567 428 1611 460 ille
1624 428 1769 462 disseruit,
1782 429 1892 461 dixerit,

1100 475 1144 504 vel
1178 475 1353 510 exposuerit,
1388 474 1425 502 illi
1457 475 1545 510 potius
1569 474 1615 510 qui
1652 475 1759 505 rectius
1795 475 1894 505 dixerit

1100 527 1181 556 quam
1199 520 1250 548 sibi
1269 520 1326 556 (19)
1336 524 1408 548 esset
1423 519 1636 551 auscultandum,
1656 519 1796 551 Pro-terea
1820 528 1893 548 com-

1100 566 1294 603 prehendimus
1313 573 1373 594 eum
1391 572 1584 600 nonnunquam
1609 565 1732 593 diversas
1742 566 1894 604 expositio-

1099 619 1148 640 nes
1164 610 1219 647 (20)
1240 611 1359 646 ejusdem
1372 610 1482 646 capituli
1492 609 1638 640 facerezet
1649 618 1711 637 cum
1724 610 1803 637 οιιιιιὶ
1822 618 1894 638 reve-

1100 659 1198 691 rentia,
1209 658 1286 693 quasi
1297 658 1342 693 qui
1354 658 1423 685 sciat
1432 657 1500 684 sede
1511 657 1612 686 sanctis
1625 656 1780 693 Scripturis
1791 657 1892 689 dicere,

1100 712 1160 732 cum
1174 704 1256 732 multa
1273 712 1333 739 qua:
1349 704 1401 731 sibi
1416 708 1596 731 occurrerunt
1613 703 1783 738 exposuerit,
1797 704 1892 738 praeci-

1099 752 1138 786 pit
1151 751 1194 779 his
1206 751 1251 785 qui
1266 750 1370 785 legunt,
1386 750 1501 785 probare
1517 752 1550 776 de
1568 749 1680 784 singulis
1697 757 1761 785 qua:
1782 749 1890 780 dixerit,

1099 802 1127 825 et
1137 797 1208 832 quod
1222 797 1323 824 rectius
1336 796 1457 831 prudens
1466 796 1550 823 lector
1559 795 1732 830 iudicaverit,
1749 796 1889 822 obtinere:

1100 845 1219 880 profecto
1245 845 1306 880 quia
1321 852 1370 872 nec
1393 844 1481 879 ipsum
1506 844 1606 871 latebat
1630 845 1700 879 quod
1728 852 1785 873 non
1802 845 1891 871 omnia

1099 898 1159 926 quae
1180 895 1312 922 moverat,
1332 890 1373 918 vel
1393 891 1571 921 discusserat,
1599 890 1751 925 probabilia,
1778 890 1821 919 vel
1842 890 1891 917 lixa

1099 937 1191 964 haberi
1203 937 1343 969 deberent,
1358 944 1406 971 pro
1419 945 1450 964 eo
1462 937 1534 972 quod
1550 936 1633 964 multa
1647 936 1765 971 mystica
1780 936 1807 962 in
1822 935 1893 962 Scri-

1098 983 1186 1017 pturis
1200 982 1313 1014 sanctis.
1329 983 1389 1010 etin
1399 987 1503 1010 secreto
1511 982 1648 1010 recondita
1655 988 1717 1009 sese
1731 982 1891 1008 credantur.

1099 1028 1165 1056 lllud
1178 1029 1293 1064 denique
1300 1028 1359 1063 eius
1368 1029 1390 1056 si
1402 1028 1532 1057 intentius
1542 1029 1816 1063 advertamus,quam
1827 1028 1892 1055 inte-

1098 1083 1145 1111 gre
1153 1079 1181 1102 et
1188 1075 1322 1102 catholice
1331 1074 1363 1101 de
1370 1075 1496 1102 omnibus
1509 1074 1682 1102 Tractatibus
1688 1075 1746 1102 suis
1756 1075 1785 1102 in
1801 1075 1883 1110 pra-ia

1098 1122 1172 1149 tione
1179 1128 1270 1148 eorum
1281 1121 1409 1148 librorum
1416 1129 1484 1156 quos
1492 1121 1517 1148 in
1524 1120 1650 1148 Genesim
1657 1120 1755 1148 scribit
1762 1127 1891 1155 protest:-

1098 1172 1141 1195 ttts
1152 1171 1202 1197 est,
1209 1173 1315 1193 omnem
1323 1167 1466 1202 ejussensu
1471 1175 1495 1194 ιιι
1502 1174 1533 1193 ex
1541 1168 1590 1194 hoc
1598 1166 1676 1201 facile
1682 1173 1891 1201 cognoscemus.

1135 1212 1191 1248 (21)
1215 1213 1363 1240 Otttelstvss.
1384 1222 1393 1238 ι
1421 1212 1478 1240 Nisi
1490 1213 1651 1240 omnimodis
1667 1213 1736 1248 pigri
1757 1221 1891 1245 essemus,

1099 1266 1130 1287 ac
1155 1259 1274 1290 desides,
1300 1266 1333 1285 ne
1357 1258 1391 1285 ad
1410 1259 1598 1293 inquirendntn
1618 1259 1730 1293 quidem
1746 1259 1889 1292 accedere,

1098 1304 1212 1332 Domino
1226 1309 1253 1331 et
1270 1306 1412 1333 Salvatore
1426 1309 1520 1332 nostro
1533 1305 1566 1332 ad
1583 1305 1634 1332 hoc
1650 1313 1699 1331 nos
1710 1310 1888 1339 provocante.

1098 1350 1219 1386 proiecto
1234 1359 1438 1379 revocassemus
1458 1352 1565 1385 pedem,
1579 1351 1790 1378 considerantes
1820 1351 1888 1386 quod

1098 1397 1176 1434 longe
1190 1398 1275 1426 simus
1289 1398 1323 1425 ab
1341 1405 1372 1425 ca
1395 1398 1577 1432 magnitudine
1590 1397 1720 1432 spiritalis
1736 1397 1890 1433 intelligen-

1099 1443 1154 1475 tiae,
1178 1442 1234 1478 (22)
1260 1451 1312 1478 qua
1326 1443 1360 1470 de
1374 1448 1428 1470 tam
1448 1443 1552 1478 magnis
1571 1444 1651 1469 rebus
1669 1443 1832 1478 investigari
1849 1445 1890 1470 de-

1097 1488 1160 1516 beat
1171 1489 1333 1516 inteiiecttts.
1348 1498 1358 1514 ι

1130 1534 1293 1562 ΡΛιριιιιυιε.
1311 1535 1343 1563 Et
1353 1534 1432 1569 paulo
1442 1539 1501 1569 post
1518 1535 1570 1562 ait:

1130 1580 1275 1608 ORIGENES.
1286 1590 1296 1607 ι
1309 1581 1339 1608 Si
1351 1581 1393 1608 cui
1406 1588 1468 1608 vem
1481 1581 1507 1608 in
1515 1581 1712 1615 disceptatione
1726 1583 1890 1615 profundum

1096 1625 1199 1661 aliquid
1224 1626 1384 1659 occurrerit,
1405 1627 1438 1653 de
1455 1627 1506 1653 hoc
1532 1626 1677 1653 dicendunt
1694 1627 1808 1662 quidem
1839 1634 1887 1659 est,

1098 1673 1146 1699 sed
1167 1680 1221 1699 non
1237 1680 1299 1699 cum
1315 1673 1387 1699 ontni
1407 1671 1597 1699 aliirmatione.
1613 1672 1669 1699 Hoc
1692 1673 1768 1700 enim
1786 1678 1837 1700 aut
1854 1680 1888 1700 Ie-

1097 1718 1206 1746 merarii
1221 1718 1337 1745 hominis
1347 1723 1397 1749 est,
1411 1722 1438 1744 et
1449 1717 1505 1751 ejus
1515 1717 1560 1752 qui
1580 1725 1689 1744 sensum
1708 1718 1839 1744 humana!
1852 1719 1889 1744 in-

1097 1764 1236 1790 iirmilatis
1260 1764 1418 1799 perdiderit,
1442 1764 1595 1797 oblitusque
1609 1763 1650 1791 sui
1668 1764 1703 1791 sit
1724 1772 1731 1790 :
1757 1770 1805 1791 aut
1817 1771 1890 1792 cene

1099 1809 1281 1844 perfecturum
1305 1812 1435 1842 virorum.
1451 1815 1480 1838 et
1498 1817 1590 1839 eorum
1609 1810 1657 1845 qui
1679 1809 1890 1837 conlidenterse

1098 1856 1187 1883 sciant
1202 1856 1303 1890 abipse
1315 1855 1429 1883 Domino
1440 1855 1652 1888 .Iesudidicisse,
1667 1855 1694 1882 id
1706 1861 1760 1889 est,
1774 1864 1789 1882 a
1804 1855 1890 1883 Verbo

1098 1901 1231 1933 veritatis,
1244 1905 1270 1927 et
1283 1900 1316 1927 ab
1333 1900 1391 1935 ipsa
1407 1900 1545 1934 Sapientia
1557 1908 1605 1935 per
1621 1908 1701 1934 quam
1714 1900 1810 1929 omnia
1823 1900 1888 1927 facta

1098 1950 1171 1978 sunt.
1202 1946 1343 1981 agnovisse
1367 1955 1375 1973 :
1402 1945 1445 1972 vel
1467 1953 1560 1972 eorum
1579 1945 1625 1980 qui
1649 1946 1743 1973 divina
1760 1954 1888 1982 responsa

1098 1991 1212 2027 ingressi
1238 1991 1371 2018 turbinem
1403 1997 1430 2018 et
1445 1989 1589 2026 caliginem
1614 1991 1657 2018 ubi
1681 1991 1753 2019 Deus
1767 1992 1827 2026 ipse
1841 1997 1888 2023 est.

1097 2037 1203 2064 caelitus
1214 2041 1385 2071 acceperunt,
1402 2037 1428 2063 in
1448 2037 1519 2071 quod
1536 2037 1578 2063 vix
1602 2036 1647 2064 ille
1665 2036 1772 2073 Moyses
1789 2038 1888 2074 ingres-

1099 2091 1146 2111 sus
1158 2083 1198 2112 vel
1212 2083 1361 2117 intelligere
1373 2083 1433 2109 talia
1448 2083 1534 2117 potuit
1549 2083 1588 2109 vel
1604 2082 1735 2117 proferre.
1753 2083 1810 2111 Nos
1818 2092 1887 2115 vero,

1099 2137 1148 2164 pro
1172 2136 1204 2156 eo
1226 2128 1283 2157 solo
1305 2129 1376 2164 quod
1395 2129 1568 2157 mediocriter
1586 2129 1650 2156 licet
1664 2129 1735 2164 (23),
1753 2131 1887 2157 credimus

1135 2260 1192 2295 (18)
1210 2261 1283 2288 Ha’c.
1299 2262 1377 2288 Deest
1395 2261 1420 2288 itt
1437 2266 1514 2297 antea
1527 2261 1616 2294 editis,
1633 2269 1735 2288 necnon
1753 2262 1835 2297 paulo
1851 2262 1886 2288 in-

1100 2299 1151 2329 fra,
1167 2297 1227 2330 ipsi.
1254 2297 1352 2324 Deinde
1368 2304 1419 2323 ms.
1441 2296 1541 2332 Regius
1560 2297 1640 2324 habet
1660 2297 1819 2332 dignantur.
1834 2298 1886 2323 loro

1100 2333 1288 2366 dedignantur.

1148 2365 1191 2399 t9)
1208 2367 1272 2394 Mss.
1289 2367 1410 2402 plerique
1422 2372 1448 2394 et
1461 2366 1538 2402 editi,
1555 2374 1621 2399 esse,
1644 2365 1724 2394 male.

1146 2402 1191 2437 20)
1207 2402 1244 2431 Ita
1263 2410 1357 2431 omnes
1373 2409 1437 2430 mss.
1455 2401 1525 2429 Editi
1542 2409 1607 2428 vero
1623 2410 1778 2436 perperam,
1794 2402 1885 2429 eisdem

1098 2438 1230 2466 cuuitulis.

1131 2448 1252 2507 lignmlia
1273 2472 1347 2499 editi.
1373 2471 1437 2499 Mss.
1461 2479 1525 2498 vero
1549 2471 1687 2507 plerique:
1703 2471 1832 2507 Origenes
1857 2473 1884 2499 de

1099 2508 1261 2543 Prayfatioue
1279 2507 1404 2543 libroruin
1422 2508 1452 2543 in
1476 2506 1660 2543 Genesim-,[al.
1685 2508 1714 2543 de
1733 2506 1884 2543 pia’fatiour

1098 2540 1223 2570 librorum
1238 2543 1357 2577 Urigenit
1372 2542 1398 2568 in
1414 2540 1557 2577 Geuesimj.
1575 2540 1632 2568 Atii
1645 2542 1806 2570 omnimodis
1822 2541 1884 2577 pigri

1098 2583 1182 2617 essent
1199 2577 1244 2614 [aL
1259 2576 1320 2617 tYist
1336 2577 1499 2617 omnimodis
1513 2576 1621 2611 quidam
1639 2577 1707 2614 pigri
1732 2584 1817 2605 essent
1830 2585 1839 2604 .'
1851 2576 1883 2603 al.

1098 2614 1164 2648 pigri
1177 2611 1375 2647 esseittirtgenii]
1387 2617 1411 2638 et
1425 2613 1537 2645 derides,
1549 2617 1603 2639 etc.
1639 2611 1643 2612 ν
1662 2611 1673 2614 ”

1134 2648 1190 2683 (~22)
1208 2648 1294 2680 Alias,
1309 2654 1368 2682 qua:
1384 2648 1415 2674 de
1425 2652 1505 2675 tttnttt'
1520 2647 1711 2682 magnitudini:
1726 2647 1804 2678 rebus
1815 2647 1883 2677 inne-

1099 2685 1208 2711 δήσω-ε.
1224 2687 1276 2710 ctc.

1134 2692 1331 2755 ggfitﬁliiiiti,
1343 2718 1401 2755 nisi
1410 2718 1482 2755 quod
1496 2716 1724 2755 addautCltArirta,
1739 2722 1800 2755 post
1810 2716 1881 2743 hut.

1100 2752 1148 2782 Mei.
1166 2752 1330 2781 Sorbonicus
1344 2758 1371 2780 et
1385 2752 1425 2780 S.'
1441 2753 1578 2780 Mirltaelis
1597 2754 1622 2779 in
1636 2752 1767 2786 ,Pertculo
1793 2760 1880 2781 maris.

1101 2798 1146 2815 ιιι-ο
1158 2798 1187 2815 eo
1202 2789 1258 2815 solo
1273 2789 1342 2819 quad
1357 2789 1523 2815 mediocriter
1540 2788 1598 2814 licet
1613 2788 1785 2819 credidimus,
1801 2793 1882 2814 tamen

1100 2828 1130 2851 de
1146 2824 1254 2852 Domino
1269 2822 1333 2851 Jesu
1350 2824 1491 2859 loquimur,
1510 2828 1532 2850 ct
1554 2824 1622 2858 ejus,
1640 2829 1694 2850 ctc.
1709 2822 1806 2850 (λειω-ἰ
1819 2830 1876 2850 mss.
