1909 3080
56 142 120 170 5-ιὲ

673 140 844 169 APOLOGIA
863 140 931 169 PRO
951 139 1112 170 ORIGENE.

1640 144 1691 171 546

61 203 164 225 tamen
177 197 294 227 Domino
307 198 382 232 Jesu,
395 197 487 234 eteius
499 198 645 234 gloriamur
655 207 714 227 esse
722 196 857 235 discipuli,
874 203 896 230 Λ
910 198 1042 234 proximis
1059 205 1118 226 esse
1135 197 1234 232 quibus
1245 197 1409 226 charitatem
1421 206 1454 225 ex
1468 198 1594 226 mandato
1609 199 1692 226 debe-

58 251 117 271 nec
137 249 229 271 taluen
242 245 373 272 audemus
389 245 478 272 dicere
488 246 558 280 quod
577 243 648 272 facie
661 245 693 271 ad
709 245 806 271 faciem
823 245 856 272 ab

56 290 126 325 ipso
152 289 280 317 traditam
311 290 508 324 susceperimus
533 290 735 325 intelligentiam
761 297 855 317 eorum

56 342 129 369 qua:
153 335 180 362 iu
199 334 299 362 divinis
320 334 398 362 libris
414 333 590 361 referuntur:
606 341 666 368 quae
680 333 788 368 quidem
800 340 857 360 cer-

57 384 108 406 tus
126 388 189 406 sum
198 381 269 414 quod
283 387 316 407 ne
331 380 386 414 ipse
397 379 502 414 quidem
521 379 636 406 mundus
650 386 698 414 pro
710 379 810 406 virtute
823 386 855 406 ac

55 424 211 458 majestate
233 432 358 452 sensuum
383 432 478 460 capere
501 428 588 459 potest
616 424 637 452 ⁸.
656 424 769 459 Propter
785 426 855 458 quod

54 470 247 504 pronuntiare
259 470 365 505 quidem
385 470 416 496 de
437 470 477 497 his
494 476 552 504 qute
574 469 697 502 dicimus,
710 469 779 496 sicut
791 477 856 504 apo-

51 516 127 543 stoli
143 521 302 551 potuerunt,
318 523 370 544 non
389 516 521 544 audemus
538 525 544 543 :
562 516 588 543 in
603 524 636 544 eo
650 521 738 544 autem
753 516 855 550 gratias

52 563 185 598 agimus,
205 563 277 598 quod
289 571 348 590 cum
362 563 440 590 multi
454 562 615 597 imperitiam
629 570 704 590 suam
719 562 853 593 nesciant,

52 613 86 635 et
102 613 199 635 motus
214 616 277 636 suos
286 608 480 642 incompositus
490 612 515 634 et
527 608 703 639 inordinatos,
718 607 852 635 interdum

52 653 148 680 etiam
168 659 196 681 et
207 654 314 688 ineptos
329 659 362 681 at:
374 653 521 684 labulosos,
535 661 597 680 cum
606 654 678 681 omni
693 653 852 686 intentione,

52 699 135 726 sicut
159 699 212 727 sibi
235 699 372 732 videntur,
388 699 463 733 quasi
484 699 623 726 verissima
637 698 786 726 assertione
805 706 854 726 an-

52 743 202 776 nuntien‘t,
226 750 276 771 nos
295 743 327 770 de
349 743 429 770 rebus
451 743 565 778 magnis,
586 747 612 769 et
632 742 673 769 his
696 749 756 776 quae
772 749 852 776 supra

51 797 110 817 nos
124 794 200 820 sunt,
215 789 393 824 ignorantiam
410 793 528 816 nostrain
549 795 601 816 non
614 788 783 823 ignoramus.
802 796 814 813 ι

94 835 266 863 Purmws.
280 835 348 862 Cum
367 842 433 869 ergo
452 835 508 862 haec
524 841 585 861 eum
607 834 639 861 de
654 841 683 861 se
698 833 786 861 dicere
802 839 851 860 au-

910 252 979 278 mus,
995 248 1022 271 et
1038 249 1193 278 assomptos
1206 244 1289 271 libros
1301 244 1361 279 ejus
1379 244 1500 279 legerent
1515 251 1577 272 cum
1592 252 1623 272 ea
1641 252 1686 271 ve-

909 289 964 321 nia,
975 296 1057 325 quam
1070 289 1128 325 ipse
1141 289 1167 316 in
1185 289 1395 317 Prmfationibus
1415 290 1470 317 suis
1484 290 1616 325 deposcit,
1632 290 1688 317 sic~

912 335 956 363 ubi
980 336 1058 363 venia
1081 336 1192 370 dignum
1222 335 1322 370 aliquid
1342 336 1506 363 invenirent.
1526 336 1606 364 Nune
1623 343 1689 364 vero

909 388 924 409 ε
938 382 1076 409 coutrario
1097 382 1188 409 videas
1209 389 1254 409 eos
1271 381 1424 409 maledictis
1436 383 1544 416 quidem
1569 383 1689 416 probris-

907 435 960 463 que
972 427 1030 462 (27)
1047 427 1110 454 mihi
1131 435 1182 454 non
1196 434 1309 462 parcere
1324 436 1331 454 :
1348 435 1396 454 eos
1412 435 1477 454 vero
1492 428 1536 463 qui
1564 427 1690 462 Scriptu-

906 478 999 499 rarum
1026 471 1263 507 intelligendarum
1283 472 1430 499 secundum
1450 474 1605 500 mandatum
1633 473 1686 500 Do.

906 518 971 545 mini
987 523 1014 545 et
1037 517 1188 546 Salvatoris
1220 519 1307 546 nostri
1332 519 1452 546 studium
1476 524 1583 554 gerunt,
1611 527 1625 547 a
1645 520 1686 547 le-

906 564 996 592 ctione
1008 563 1140 592 librorum
1159 564 1217 599 ejus
1231 565 1379 597 deterrere,
1395 564 1520 593 quaelibet
1540 565 1621 593 etiam
1632 566 1685 592 alia

906 609 1007 643 inepta.
1023 609 1104 636 etiam
1127 609 1194 636 nihil
1216 610 1367 645 pro'utura,
1392 610 1482 645 potius
1506 617 1587 644 quam
1615 610 1686 639 illitis

906 654 1117 682 commentarios
1140 654 1192 690 legi
1214 655 1312 682 debere
1335 651 1509 683 aﬂirmantes.
1537 656 1566 682 lu
1587 656 1685 690 quibus

904 707 975 734 saepe
998 700 1078 727 etiam
1100 699 1204 727 ridiculi
1228 700 1329 735 aliquid
1355 700 1410 735 pati
1430 701 1526 728 solent.
1554 700 1620 728 Nam
1655 706 1686 729 ut

899 751 996 772 eorum
1016 745 1184 773 contentiosa
1206 745 1392 780 prmsump'tio.
1414 745 1467 778 vel,
1488 751 1518 772 ιιι
1539 745 1631 773 verius
1644 746 1685 773 di-

903 795 974 822 cam,
995 789 1051 826 (28)
1069 789 1242 825 prtrjudicata
1258 790 1366 817 vesania
1393 789 1498 818 facilius
1519 791 1683 824 declaretur,

898 835 1028 863 accidere
1051 835 1122 863 solct
1144 835 1185 863 vel
1203 843 1280 866 casu,
1306 835 1348 862 vel
1368 836 1506 863 interdum
1524 836 1628 870 studio,
1652 843 1684 864 ut

53 881 182 914 dianms,
205 885 232 908 e‘t
257 880 444 915 hujuscemodi
468 883 557 906 mente
580 886 613 906 ac
632 883 693 906 voto
710 885 772 914 qua
787 878 852 905 dicit
868 875 889 902 Β
905 881 1014 907 nomine
1032 881 1064 906 in
1088 879 1180 908 codice
1203 887 1256 906 non
1279 879 1443 914 praetitulato
1460 880 1567 915 legatur
1581 880 1683 916 aliquid

53 932 198 958 asserere,
223 926 355 953 miramur
383 926 411 952 in
433 929 535 952 tantum
559 924 720 952 temeritatis
745 924 849 959 aliquos

53 980 123 999 esse
150 977 302 1007 provectos,
331 977 360 998 ut
384 971 429 1004 qui
451 978 481 998 se
496 971 535 998 ita
558 970 713 998 humiiitate
733 971 848 1005 judicat,

53 1024 188 1046 astruant
202 1019 272 1053 quod
294 1018 329 1045 ah
345 1018 404 1045 aliis
423 1018 493 1045 dicta
509 1017 567 1051 ejus
586 1017 629 1045 vel
644 1017 706 1045 libri
726 1025 774 1052 pro
790 1025 848 1044 ser-

53 1064 190 1091 monibus
201 1063 354 1098 apostolicis
370 1063 411 1090 vel
426 1063 504 1090 dictis
513 1062 678 1097 propheticis
686 1062 847 1094 habeantur,

53 1115 107 1135 aut
129 1110 202 1143 quod
227 1108 271 1136 ille
294 1109 352 1143 ipse
379 1108 420 1135 vel
439 1108 577 1143 prophetis
599 1108 643 1135 vel
670 1107 798 1142 apostolis
814 1108 847 1135 ab

53 1154 154 1188 aliquo
181 1159 361 1188 comparetur.
391 1153 424 1180 Et
448 1153 556 1188 quidem
592 1153 663 1187 quod
685 1157 716 1180 et
745 1153 847 1181 honore

53 1199 222 1236 presbyterii
247 1201 274 1227 in
298 1200 419 1228 Ecclesia
445 1200 572 1233 praeditus
595 1198 687 1231 luerit,
712 1203 740 1225 et
764 1199 845 1225 vitam

53 1246 320 1273 abstinentissimam
343 1245 428 1280 egerit
440 1250 468 1272 et
492 1245 570 1272 valde
591 1244 654 1280 “(21)
679 1245 845 1280 philosophi-

52 1299 133 1323 cam,
156 1292 281 1325 quodque
303 1298 396 1326 puram
416 1291 553 1326 religionis
563 1290 845 1318 observaveritdisci-

53 1337 174 1371 plinam,
208 1342 235 1364 et
267 1345 323 1372 prae
348 1338 453 1365 caeteris
480 1337 562 1365 verbo
590 1337 636 1365 Dei
665 1342 692 1365 et
717 1337 845 1365 doctrina-

53 1390 171 1417 operam
191 1383 304 1415 dederit,
324 1383 388 1410 nulli
405 1383 514 1411 dubium
529 1387 570 1411 est
581 1388 609 1411 et
627 1389 660 1411 ex
673 1381 719 1411 bis
733 1391 792 1418 quae
810 1385 844 1410 ad

55 1435 109 1454 nos
137 1427 235 1455 laboris
251 1432 280 1454 et
305 1428 386 1455 studii
412 1428 473 1463 ‘ejus
495 1429 646 1456 certissima
668 1429 844 1463 designantur

55 1474 178 1500 indicia:
209 1473 342 1508 przecipue
368 1482 432 1502 vero
465 1482 513 1509 per
537 1482 584 1501 eos
609 1478 748 1506 tractatus,
774 1481 842 1509 quos

55 1526 129 1554 pene
142 1518 261 1553 quotidie
274 1518 301 1546 in
313 1519 433 1547 Ecclesia
453 1520 569 1547 habebat
582 1527 615 1547 ex
629 1525 759 1554 tempore,
774 1527 841 1555 quos

49 1571 87 1593 'et
100 1566 285 1594 describentes
299 1566 397 1594 notarii
425 1566 458 1593 ad
476 1567 672 1593 monimentum
694 1567 839 1601 posterita-

57 1611 94 1638 tis
113 1612 268 1638 tradebant.
283 1611 456 1646 Consequens
468 1612 553 1647 igitur
569 1617 638 1644 erat,
656 1620 689 1639 ex
715 1613 757 1639 his
779 1620 836 1640 om-

57 1657 140 1683 nibus
163 1657 287 1684 laborum
313 1661 340 1685 et
362 1657 511 1684 studiorum
535 1665 647 1685 suorum
678 1658 842 1686 testimoniis

57 1702 183 1737 amplecti
208 1703 287 1730 talem
308 1703 394 1730 virum
418 1713 425 1731 :
448 1708 481 1731 ‘et
498 1711 586 1738 neqtte
598 1703 763 1732 defensionis
779 1709 837 1732 stu-

57 1749 103 1776 dio
118 1750 176 1784 plus
191 1750 256 1777 dare
272 1749 328 1786 (25)
346 1751 372 1778 ei
387 1751 475 1778 merit-i
496 1758 576 1786 quam
603 1757 730 1778 mensura
754 1752 838 1787 depo-

58 1796 121 1828 scit,
140 1803 227 1830 neque
244 1804 336 1824 rursus
347 1797 515 1824 obtrectandi
532 1797 597 1824 vitio
613 1797 691 1824 facile
706 1798 832 1825 condem-

58 1849 135 1874 nare,
162 1847 188 1869 et
214 1842 331 1870 alienum
351 1843 383 1871 ab
399 1843 584 1870 ecclesiastica
598 1843 721 1869 doctrina
736 1847 838 1871 temere

58 1889 250 1922 pronuntiare:
269 1895 330 1916 cum
347 1893 490 1924 utrumque
503 1889 572 1915 istud
583 1889 760 1923 praecipitium
775 1897 834 1924 pro-

58 1934 152 1960 videns
165 1939 226 1960 ante
245 1934 351 1962 divinus
367 1941 456 1961 sermo
470 1934 639 1970 prohibuerit
653 1934 767 1961 dicens:
777 1933 838 1961 Non

57 1979 89 2005 sit
107 1981 135 2006 in
148 1985 171 2006 te
185 1987 306 2006 "teritum
320 1980 416 2015 major,
433 1988 513 2015 neque
524 1987 644 2007 mansura
656 1980 751 2006 minor.
768 1979 838 2006 Abo-

58 2026 179 2053 miualiile
198 2032 234 2052 est
248 2027 318 2053 enim
330 2027 359 2054 in
378 2032 517 2060 conspectu
534 2026 637 2053 Domini
658 2031 796 2060 utrumque
807 2027 828 2055 ’.

61 2071 210 2106 Unicuique
223 2073 306 2105 enim,
321 2077 402 2107 prout
417 2073 525 2107 dignum
538 2077 592 2105 est,
613 2072 742 2104 tribuere,
756 2072 837 2106 justi-

60 2118 102 2145 tiae
119 2118 170 2145 hoc
186 2119 324 2153 proprium
349 2123 401 2146 est.
422 2117 537 2153 Propter
560 2117 630 2152 quod
654 2122 681 2146 et
711 2124 836 2145 mensura

59 2164 170 2199 integra,
201 2168 227 2191 et
252 2165 361 2199 pondus
382 2164 486 2198 aequale
512 2163 680 2198 acceptabile
706 2169 748 2192 est
764 2163 833 2198 apud

59 2209 149 2241 Deum,
164 2215 217 2237 non
232 2209 283 2237 ho’c
301 2210 371 2244 quod
381 2210 515 2238 mentitur
527 2209 683 2242 veritatem,
703 2217 751 2244 per
761 2210 832 2245 quod
852 2219 874 2247 ι)

57 2255 97 2282 vel
118 2255 181 2290 iplus
199 2256 315 2282 donatur
333 2255 431 2290 rebus,
460 2263 540 2289 quam
565 2255 662 2283 merita
675 2260 835 2290 exposcunt,

57 2300 97 2327 vel
111 2300 280 2328 subtrahitur
299 2301 402 2328 meritis
425 2301 496 2335 quod
519 2300 645 2328 debetur.
667 2301 773 2333 Quanto
793 2309 837 2328 re-

57 2346 124 2373 ctius
137 2350 251 2381 agerent
264 2346 461 2373 obtrectatores
475 2345 530 2378 isti,
539 2346 562 2373 si
574 2346 676 2381 absque
687 2346 740 2373 ulla
751 2346 835 2374 animi

58 2392 247 2426 prteventione,
274 2391 330 2427 (‘26)
349 2399 411 2418 cum
440 2391 513 2418 omni
535 2391 668 2426 religione
698 2391 833 2423 veritatis,

57 2445 132 2472 quam
150 2438 276 2465 omnibus
291 2437 422 2472 proximis
437 2437 538 2465 nostris
555 2445 617 2465 cum
635 2437 769 2465 charitate
784 2437 834 2470 ’,ἰυ-

57 2484 147 2512 bemur
163 2484 329 2519 expendere,
345 2483 528 2518 intelligerent
548 2488 575 2510 et
597 2482 683 2517 ipsum
698 2491 783 2510 unum
796 2483 833 2510 de

90 2532 100 2547 '
111 2530 187 2558 Joan.
203 2530 316 2564 “1,25.
354 2530 365 2546 ’
382 2529 460 2557 Prov.
477 2538 523 2562 xx,
538 2529 581 2557 10.

58 2580 151 2607 habent
170 2579 224 2610 alii,
248 2578 416 2611 credidimus,
435 2578 491 2610 alii,
512 2578 709 2610 crediderimus;
732 2578 834 2613 reliqua

58 2623 116 2642 vero
124 2619 158 2641 vnt
178 2615 203 2641 in
219 2620 302 2641 textu.

91 2650 143 2685 (24)
157 2649 261 2685 Merlini
276 2650 368 2682 editio,
388 2649 600 2683 pltilosoplmlem,
620 2649 834 2683 quodquepttra'.

59 2684 346 2715 Genebranlusvhubet,
370 2685 583 2717 philosophiam,
605 2684 723 2718 quodque
750 2692 834 2718 pum.

59 2720 116 2748 Mss.
127 2727 200 2752 vero,
216 2719 405 2753 philosophum,
419 2719 486 2753 quod
500 2727 550 2754 que
559 2726 663 2752 puram.

91 2755 144 2790 (25)
165 2755 249 2788 Alias,
265 2754 322 2788 ejus
338 2755 457 2787 meritis;
471 2754 589 2788 ct.paulo
604 2754 831 2788 post,prwoideus

59 2796 121 2819 ante.
136 2795 189 2816 etc.

90 2824 143 2860 (26)
162 2823 229 2851 Cum
246 2824 316 2851 omni
331 2824 465 2858 religione.
482 2824 544 2851 Hac
558 2824 639 2851 verba
657 2823 830 2860 reperiuntur

61 2859 83 2887 in
95 2859 187 2893 editis,
201 2859 248 2887 sed
265 2861 429 2887 omittuntur
454 2860 480 2886 in
506 2866 571 2887 mss.
588 2859 699 2891 nostris,
714 2866 830 2893 quorum

901 925 990 960 ipsius
1006 926 1032 953 in
1047 925 1158 953 auribus
1173 925 1388 952 obtrectatorum
1402 927 1479 960 quasi
1495 926 1608 954 aliaet-ius
1624 931 1679 954 tra-

898 970 1028 998 ctatoris.
1049 970 1125 1003 Quod
1145 971 1240 997 tandiu
1257 969 1348 1004 placa
1359 976 1388 998 et
1401 970 1631 1006 laudaui-patique
1653 972 1682 999 in

902 1016 977 1043 omni
1004 1016 1184 1043 admiratione
1206 1016 1334 1048 habetur,
1361 1016 1479 1050 quandiu
1502 1024 1600 1045 nomen
1627 1024 1681 1044 non

897 1061 981 1088 fuerit
1000 1061 1159 1089 indicatum.
1183 1062 1218 1088 At
1239 1061 1283 1089 ubi
1307 1060 1433 1096 Origenis
1451 1063 1559 1097 cognita
1582 1063 1682 1090 iuerint

897 1118 958 1138 esse
970 1118 1029 1145 qua:
1042 1110 1195 1145 placebant,
1222 1111 1314 1137 statim
1340 1111 1496 1145 displicent,
1513 1111 1606 1138 statim
1624 1112 1679 1138 lia-—

899 1157 984 1183 retica
1001 1164 1062 1184 esse
1081 1157 1226 1183 dicuntur:
1243 1161 1271 1183 et
1286 1163 1318 1184 ea
1330 1163 1390 1191 quae
1404 1156 1484 1191 paulo
1496 1162 1559 1184 ante
1579 1157 1680 1185 ad-cte-

898 1201 952 1228 illm
979 1209 1066 1236 usque
1089 1201 1256 1234 ferebantur,
1284 1201 1378 1228 iisdem
1400 1202 1511 1229 vocibus
1529 1203 1682 1238 eademque

896 1247 988 1282 lingua
1009 1255 1095 1282 usque
1117 1248 1150 1275 ad
1176 1247 1277 1274 inferos
1307 1248 1511 1283 demerguntur.
1540 1247 1677 1276 Praeterea

896 1293 976 1320 etiam
1003 1293 1067 1320 illud
1094 1297 1137 1320 est
1153 1293 1290 1324 ‘invenlre,
1311 1293 1381 1327 quod
1396 1300 1590 1328 nonnunquam
1606 1294 1674 1321 tales

895 1341 957 1364 sunt
977 1342 1149 1364 accusatores
1171 1337 1240 1371 ejus,
1265 1337 1311 1371 qui
1336 1343 1387 1363 nec
1404 1337 1528 1364 Graaoam
1552 1339 1678 1365 noverint

895 1381 1033 1417 linguam:
1047 1382 1093 1409 alii
1107 1383 1271 1411 omnimodis
1286 1382 1402 1417 imperiti
1414 1391 1422 1416 ;
1435 1383 1556 1410 nonnulli
1571 1384 1677 1411 etiamsi

894 1426 996 1461 aliquid
1008 1428 1140 1455 ‘videntur
1163 1428 1264 1456 habere
1278 1428 1393 1462 peritiae,
1418 1435 1470 1455 non
1487 1432 1579 1455 tamen
1594 1429 1676 1456 etiam

893 1473 920 1499 id
937 1473 1018 1500 studii
1030 1473 1158 1500 habuisse
1167 1473 1357 1507 inveniuntur,
1372 1480 1400 1501 ut
1412 1474 1487 1502 libris
1499 1474 1557 1508 ejus
1566 1481 1676 1509 operam

893 1518 1036 1546 dederint:
1055 1523 1102 1546 aut
1121 1520 1145 1546 si
1170 1519 1301 1547 acciderit
1323 1525 1351 1547 ut
1371 1520 1454 1548 etiam
1477 1519 1603 1555 legerint,
1617 1528 1671 1548 non

892 1565 1020 1592 continuo
1032 1565 1113 1592 etiam
1135 1569 1216 1592 tantae
1229 1566 1390 1593 eruditionis
1406 1566 1517 1599 fuerint,
1534 1571 1563 1594 ut
1579 1566 1671 1594 altito-

893 1610 984 1638 dinem
1010 1618 1107 1638 sensus
1132 1611 1190 1646 ejus
1214 1612 1321 1646 assequi
1337 1613 1486 1646 quiverint,
1499 1620 1553 1647 quo
1565 1619 1596 1640 ea
1611 1620 1673 1647 qua:

892 1657 937 1684 ille
954 1657 1064 1684 diverso
1075 1662 1221 1692 prospectu
1235 1662 1285 1693 pro
1309 1658 1376 1686 locis
1390 1662 1416 1686 et
1433 1659 1522 1687 causis
1537 1660 1673 1687 disserere

892 1702 972 1734 solet,
994 1703 1135 1731 advertere
1145 1703 1295 1731 valuerint.
1323 1703 1422 1732 Multos
1445 1704 1578 1736 invenias,
1604 1712 1672 1738 quos

890 1749 912 1775 si
936 1749 1086 1784 interroges
1097 1750 1128 1776 in
1144 1749 1242 1784 quibus
1273 1749 1360 1782 libris,
1380 1754 1426 1777 aut
1447 1750 1473 1777 in
1486 1751 1586 1785 quibus
1607 1750 1673 1777 locis

890 1794 962 1820 dicta
983 1794 1042 1821 sint
1068 1794 1126 1822 btet:
1151 1802 1212 1829 qua:
1231 1799 1358 1829 arguunt,
1385 1794 1441 1830 (‘29)
1458 1795 1626 1822 conﬁtentur
1643 1803 1673 1823 se

890 1839 998 1873 quidem
1008 1839 1119 1866 nescire
1131 1846 1162 1866 ea
1177 1839 1209 1866 de
1220 1839 1320 1874 quibus
1344 1838 1489 1871 atiirmant,
1502 1847 1556 1867 nec
1573 1840 1673 1875 legisse

890 1892 1020 1918 unquam,
1033 1885 1141 1912 audisse
1153 1889 1242 1912 autem
1260 1884 1328 1911 alios
1342 1885 1473 1912 dicentes.
1492 1885 1529 1911 Ex
1544 1893 1598 1920 quo
1611 1885 1670 1913 cui-

889 1930 931 1956 vis
953 1930 1030 1964 plena
1054 1930 1159 1957 ridiculi
1174 1929 1314 1957 sententia
1336 1937 1430 1957 eorum
1441 1930 1592 1964 videbitur,
1606 1938 1667 1958 cttm
1694 1927 1699 1932 ’

888 1975 922 2002 de
948 1975 990 2002 his
1009 1975 1146 2010 judicant,
1169 1979 1252 2009 atque
1274 1983 1305 2002 ea
1334 1975 1527 2007 condemnant,
1547 1983 1606 2009 qtne
1620 1982 1670 2002 nec

887 2020 993 2048 discere
1009 2021 1117 2056 quidem
1131 2021 1217 2056 prius,
1235 2029 1266 2048 ac
1284 2029 1363 2048 nosse
1382 2026 1540 2055 potuerunt.
1560 2021 1587 2047 lu
1601 2021 1670 2048 alios

886 2075 953 2095 vero
972 2068 1035 2095 novi
1064 2068 1164 2095 furoris
1191 2068 1301 2094 morbus
1325 2072 1352 2094 et
1379 2067 1506 2095 inaudita:
1523 2067 1578 2100 (30)
1595 2067 1669 2094 labes

887 2113 998 2141 incessit
1012 2114 1135 2146 insaniat,
1151 2121 1214 2141 cum
1231 2117 1285 2140 tam
1308 2113 1389 2140 multa
1397 2113 1461 2148 ‘ejtts
1476 2113 1609 2140 volumina
1625 2120 1669 2140 re-

888 2159 956 2188 ferta
973 2160 1053 2188 totius
1068 2160 1194 2188 utilitatis
1208 2165 1236 2188 et
1259 2160 1448 2187 instrnctiouis
1463 2159 1626 2190 habeantur,
1641 2164 1668 2186 et

888 2206 956 2233 satis
969 2214 1030 2233 rara
1043 2212 1071 2234 et
1084 2213 1220 2242 perpauca
1241 2205 1310 2233 l'orte
1326 2205 1383 2232 loca
1398 2205 1463 2238 sint,
1477 2206 1504 2232 in
1516 2205 1614 2240 quibus
1626 2203 1669 2231 vel

888 2252 1070 2285 imperitiores
1093 2252 1206 2286 quique,
1233 2251 1287 2284 vel,
1311 2251 1383 2285 quod
1414 2251 1516 2284 verius,
1540 2250 1668 2277 malevoli

887 2305 966 2334 posse
989 2297 1040 2325 sibi
1063 2299 1208 2325 videantur
1231 2297 1333 2325 offendi
1360 2306 1366 2324 :
1387 2297 1478 2325 omnia
1493 2297 1601 2332 quidem
1626 2296 1667 2323 illa

887 2350 948 2379 quae
970 2348 997 2371 et
1018 2343 1165 2376 catholica,
1181 2348 1208 2371 et
1230 2343 1263 2370 ad
1286 2342 1492 2371 aedificationem
1505 2343 1612 2374 anima},
1628 2347 1671 2369 at-

887 2398 940 2426 que
953 2392 986 2418 ad
1001 2392 1120 2419 scientia:
1133 2390 1341 2418 instructionem
1367 2391 1448 2418 etiam
1475 2390 1527 2425 ipsi
1552 2395 1614 2424 apta
1629 2390 1668 2415 la-

890 2443 991 2470 tcntur,
1016 2437 1144 2464 omittunt
1168 2442 1194 2464 et
1214 2438 1372 2473 negligant;
1395 2443 1445 2463 nec
1473 2435 1572 2470 aliquid
1595 2436 1670 2467 inde,

888 2481 961 2509 unde
976 2486 1089 2517 possunt
1108 2481 1165 2517 (3t)
1178 2486 1205 2509 et
1215 2482 1315 2509 debent
1326 2483 1456 2516 prolicere
1469 2490 1476 2514 ;
1492 2488 1524 2508 ea
1537 2489 1602 2508 vero
1611 2479 1667 2508 sola

887 2582 980 2618 postea
991 2577 1113 2612 plerique
1128 2578 1227 2605 habent
1249 2578 1386 2610 veritatis;
1405 2586 1455 2605 ms.
1472 2585 1536 2605 vero
1550 2576 1668 2612 .Regius,

886 2617 1031 2639 veri/atem.

923 2647 978 2682 (27)
999 2647 1076 2674 Mihi.
1092 2646 1254 2675 Restituitur
1265 2656 1298 2674 ex
1316 2655 1365 2674 ms.
1381 2646 1551 2675 Corbeiensi.

924 2683 979 2717 (28)
1001 2683 1081 2714 Editi,
1096 2682 1309 2717 pra’judicatrix,
1327 2691 1390 2709 mss.
1428 2683 1595 2715 rwjudimta.

924 2717 979 2744 129)
1000 2718 1082 2744 Editi.
1104 2718 1289 2744 conliteuntur.
1311 2718 1390 2744 male.
1400 2691 1490 2744 ‘Baulo
1514 2723 1595 2744 nosti

923 2717 979 2753 (29)
1000 2718 1082 2748 Editi,
1104 2718 1289 2751 conﬁteantur,
1311 2718 1390 2745 male.
1400 2717 1490 2745 ‘Paulo
1513 2723 1574 2752 post
1589 2724 1667 2749 ntss.,

887 2753 964 2787 plena
979 2752 1109 2779 ridiculis.

920 2787 977 2822 (30)
996 2788 1086 2820 Editi,
1109 2787 1191 2815 cladis
1223 2788 1325 2814 incessit
1353 2788 1467 2814 insania.
1492 2786 1569 2818 Mss..
1594 2792 1622 2814 ut
1643 2788 1670 2814 in

997 2858 1080 2892 Editi,
1095 2863 1118 2886 et
1133 2859 1234 2891 debent,
1248 2858 1374 2892 proﬁcere
1386 2859 1483 2884 volunt.
1500 2857 1550 2886 ills.
1567 2856 1664 2884 Sorba-
