1909 3080
248 115 300 144 5H

845 114 874 143 S.
894 88 1058 142 PAMPDILI
1077 113 1256 142 MARTYRIS

1847 113 1902 142 568

249 181 311 210 qua
324 173 358 202 ad
379 171 541 202 calumniam
565 171 719 207 proﬁciant,
737 179 844 200 summo
864 173 953 200 studio
977 171 1035 200 edi-
1048 175 1071 203 Α
1085 172 1243 207 gentilibus,
1270 177 1454 207 quantamque
1478 173 1616 201 haereticis
1640 172 1815 208 praebeant,
1833 180 1899 201 cum

247 225 345 249 scunt:
366 219 453 254 utqtti
475 218 537 246 boni
562 217 759 252 nihilunquam
775 217 847 246 forte
862 217 1031 251 didicerunt,

248 267 306 294 haec
319 272 380 301 quae
397 265 445 300 ipsi
465 271 519 291 non
547 271 608 292 esse
634 263 704 291 bona
718 264 821 296 dicttnt,
836 264 959 298 apprime
976 271 1033 291 me-

248 313 340 340 moriae
353 311 495 338 retinenda
515 310 725 337 commendent:
740 317 793 345 qtto
802 309 930 337 videlicet
946 318 1034 345 pratu-

246 358 318 392 ptius
334 365 366 385 ca
378 358 559 392 proferentes,
578 356 635 391 (ὅὲ)
650 356 828 384 exercitatius
841 357 952 384 valeant
966 365 1033 384 con-

246 403 360 430 cinnare
372 402 536 430 calumnias.
562 402 643 429 Aliud
663 409 771 437 quoque
788 407 832 430 est
854 410 939 438 genus
949 403 1032 431 homi-

245 456 309 475 num
324 447 424 476 faadum
442 455 507 474 sane
527 451 554 474 et
567 451 655 482 turpe,
670 452 802 481 quantum
816 447 873 482 (55)
888 448 921 475 ad
940 449 1033 482 prohi-

247 498 330 521 tatem
349 493 470 528 pertinet
498 500 614 524 ntorum,
633 493 679 519 sed
700 493 734 519 ad
749 492 969 519 calumniandum
987 500 1033 520 ve-

245 540 408 570 ltementins,
426 544 452 565 et
475 539 572 566 tetritts
600 538 633 565 ad
649 538 840 570 incttsandum,
862 545 930 573 quos
946 537 1031 566 (ἰηιξεί

246 586 301 622 (54)
317 585 526 620 φαγολοιδόρους
551 583 721 619 appellarunt
741 593 747 611 :
767 584 812 618 qtti
827 592 961 611 sunttnum
976 584 1034 619 qui-

245 632 307 660 dent
322 631 453 664 stttdium,
478 631 525 658 sed
548 636 573 657 et
592 630 657 657 satis
679 630 812 657 intentam
832 638 942 665 operam
955 630 1032 658 libris

247 677 306 710 ejus
333 676 478 708 dederunt,
506 676 541 703 ita
562 679 592 702 ut
614 680 641 702 et
663 675 794 709 magistro
816 683 848 702 eo
864 675 891 702 in
906 676 1032 704 omnibus

245 727 399 754 uterentur,
425 726 452 749 et
478 729 508 749 se
530 722 555 749 ei
581 725 711 754 tanquam
732 721 864 755 speciales
884 721 1031 756 discipulos

246 768 435 802 manciparent
449 768 511 794 zsed
525 767 570 794 ubi
587 767 621 794 ad
638 767 664 794 id
678 766 728 794 loci
744 771 854 794 ventum
870 772 924 801 est,
938 768 1030 802 utjam

245 821 275 841 se
300 814 441 849 magistros
466 812 562 840 malint
593 821 675 848 qttam
704 813 854 847 discipulos
883 814 1030 846 ttominari,

1085 224 1132 244 eos
1145 225 1213 252 quns
1227 223 1376 246 assertores
1397 212 1545 246 Christiani
1565 219 1701 254 dogmatis
1724 223 1760 245 et
1789 217 1898 246 defen-

1085 268 1163 289 sores
1180 262 1323 296 putabant,
1336 262 1468 291 confutari
1483 271 1553 291 nunc
1565 264 1687 294 videant,
1708 268 1740 290 et
1760 263 1831 297 (59)
1852 272 1898 290 re-

1084 307 1138 334 felli
1154 315 1168 334 a
1185 308 1314 342 propriis,
1326 313 1353 335 et
1369 309 1441 335 velut
1454 309 1525 336 civili
1545 309 1614 337 bello
1628 309 1781 344 gaudeant
1799 309 1899 342 impu-

1083 358 1206 388 gnatum,
1218 360 1298 387 quem
1314 353 1362 388 ipsi
1378 353 1515 381 hostiliter
1529 354 1690 389 impugnare
1713 362 1776 381 non
1810 358 1893 388 pote-

1083 403 1153 426 rant.
1176 399 1308 433 Quoniam
1324 407 1387 436 ergo
1402 401 1594 436 quamplurimi
1609 409 1641 428 ex
1659 401 1896 435 simplicioribus

1084 445 1235 480 quibusque
1255 445 1386 473 fratribus
1403 454 1417 473 a
1437 454 1519 481 supra
1543 447 1625 474 dictis
1648 447 1812 479 lmdntttnr,
1838 447 1894 482 (40)

1083 498 1136 518 non
1149 491 1236 518 solutn
1263 493 1296 519 de
1323 493 1367 520 his
1388 493 1433 526 qui
1455 493 1488 520 de
1507 493 1565 528 ipso
1586 493 1657 521 male
1673 494 1824 524 sentiunt,
1846 494 1893 520 sed

1083 537 1163 564 etiam
1181 538 1214 565 de
1228 538 1271 565 his
1285 538 1331 573 qui
1346 539 1436 566 studio
1450 539 1570 567 scientia:
1585 544 1612 566 et
1630 539 1891 574 intelligendamm

1084 582 1288 617 Scripturarnm
1317 583 1388 610 inter
1415 589 1530 611 caeteros
1556 584 1640 611 libros
1674 583 1766 611 etiam
1800 584 1892 619 ipsius

1082 628 1185 662 scripta
1210 628 1392 663 conspiciunt,
1415 629 1452 656 ita
1476 634 1505 656 ttt
1526 629 1582 665 (41)
1611 637 1661 657 vos
1685 636 1813 664 quoque
1838 630 1889 663 ipsi

1083 673 1109 701 in
1125 675 1236 701 dubium
1253 675 1393 708 veneritis,
1418 683 1451 702 ne
1470 674 1542 703 forte
1568 676 1609 703 vel
1637 676 1820 703 multitudini
1848 676 1888 703 vel

1082 721 1236 748 auctoritati
1254 721 1480 749 calumniatorum
1503 722 1569 749 fides
1584 722 1680 750 debeat
1695 722 1837 749 adhiberi
1855 723 1887 748 de

1082 766 1126 794 his
1141 774 1201 802 quae
1215 760 1314 802 passim
1333 767 1393 795 sitte
1408 767 1463 795 ullo
1481 774 1606 803 respectu
1625 761 1816 795 did-amantur
1828 777 1836 794 :
1847 769 1886 795 ri-

1081 820 1142 840 sum
1159 813 1236 840 nobis
1255 818 1308 846 est,
1326 814 1413 848 primo
1426 815 1536 849 quidem
1561 822 1661 842 curare
1684 814 1885 848 suspicionem

247 859 292 887 ubi
310 858 366 895 (55)
384 859 515 886 auditoris
529 859 639 894 plausus
653 855 756 886 sectari
767 863 874 894 emptus
889 864 942 891 est,
959 860 995 887 ibi
1005 860 1027 888 si
1045 866 1066 894 Β
1081 862 1215 891 vestram;
1242 859 1322 886 simul
1341 860 1422 887 etiam
1441 867 1489 894 per
1500 860 1670 887 occasionem
1699 860 1805 892 vestri,
1822 867 1883 886 om-

247 905 317 932 forte
333 904 432 937 aliquis
451 904 622 936 audientium
653 911 713 938 quae
738 903 883 931 laudantur
905 905 1042 940 Origenis-

244 951 566 983 esseobtnurmuraverit,
582 958 617 977 no
627 950 668 977 vel
687 950 767 977 laude
781 951 1029 986 cedantmagistro,

244 996 286 1023 vel
301 996 513 1030 culptejudicio,
522 995 640 1023 alienum
659 1003 720 1024 esse
733 995 877 1031 Origenem
902 997 1031 1024 continuo

245 1045 440 1076 protestantur,
458 1040 524 1068 nihil
543 1041 594 1068 sibi
611 1049 671 1068 cutn
695 1042 779 1076 ipsius
804 1041 929 1069 doctrina
955 1049 1031 1069 com-

244 1093 325 1114 mune
337 1093 397 1114 esse
413 1086 587 1114 confirmant.
612 1087 765 1114 Anathema
796 1095 905 1122 qttoque
929 1088 1029 1120 dicere,

244 1140 306 1160 eum
333 1141 387 1161 tton
410 1132 536 1160 dubitant
562 1132 695 1168 improbe,
718 1138 745 1160 et
768 1133 871 1161 inferre
886 1133 1029 1161 tnaledicta

247 1186 301 1205 non
322 1182 458 1212 parcunt;
485 1186 520 1206 ne
544 1178 620 1205 illum
646 1178 756 1212 quidem
776 1178 954 1213 apostolicum
975 1187 1031 1206 seri

249 1231 355 1251 mortem
377 1227 503 1251 verentes
526 1231 580 1258 quo
597 1223 735 1259 designat,
751 1224 814 1259 quia
840 1225 962 1253 maledici
987 1233 1030 1252 rc‘

245 1277 328 1304 gnum
355 1269 403 1296 Dei
430 1276 482 1296 non
512 1269 688 1304 possidebunt
708 1270 741 1298 ".
761 1270 792 1298 In
815 1275 918 1298 tantum
939 1275 1029 1298 autem

244 1315 353 1347 horum,
378 1315 411 1342 de
437 1315 537 1350 quibus
563 1315 619 1351 (56)
645 1323 726 1350 supra
743 1316 872 1348 diximus,
887 1323 1028 1351 progressa

243 1360 345 1388 ntalitia
360 1365 413 1394 est,
429 1366 458 1388 ut
475 1360 585 1395 quidant
603 1361 686 1388 etiam
704 1361 884 1389 conscribere
897 1361 1029 1389 adversus

244 1414 306 1434 eutn
320 1407 379 1434 ausi
394 1407 459 1439 sint,
474 1412 501 1434 et
519 1406 619 1435 libellis
645 1407 727 1435 editis
752 1407 885 1442 derogare
909 1408 934 1435 ei
959 1407 1028 1440 viro,

244 1452 290 1487 qui
305 1459 353 1487 per
369 1457 408 1479 tot
432 1459 520 1480 annos
546 1453 678 1488 magister
694 1451 822 1479 Ecclesia:
847 1452 908 1485 fuit,
932 1452 978 1487 qui
1002 1453 1028 1480 itt

246 1496 368 1525 Ecclesia
389 1497 444 1532 (δῖ)
469 1497 605 1525 catholica
632 1498 732 1529 senuit,
757 1498 802 1532 qui
829 1498 960 1525 adversus
983 1505 1029 1525 eas

1085 903 1158 930 nium
1171 904 1215 938 qui
1232 904 1256 930 ei
1273 903 1429 932 obtrectant
1441 905 1585 932 confutare
1606 905 1779 932 calumnias.
1804 904 1882 938 Quod

1085 949 1120 975 ita
1141 949 1220 976 nobis
1240 951 1367 985 prosequi
1393 951 1493 978 rectius
1515 951 1602 978 visum
1623 956 1678 983 est,
1699 951 1759 986 (4Q)
1781 956 1814 977 ιιι
1830 958 1880 978 non

1084 995 1183 1022 nostris
1198 996 1288 1023 verbis
1312 1000 1339 1023 et
1361 996 1560 1024 assertionibus
1581 996 1775 1023 defensionettt
1804 1003 1881 1031 pare-

1085 1047 1157 1072 tttus,
1182 1040 1229 1067 sed
1253 1047 1286 1067 ex
1310 1034 1368 1069 suis
1393 1041 1511 1076 propriis
1539 1042 1662 1074 vocibus,
1689 1041 1798 1077 quibus
1825 1043 1879 1076 ipse

1083 1085 1174 1112 aliena
1201 1085 1252 1112 sibi
1276 1086 1335 1114 haec
1356 1094 1428 1119 esse,
1449 1095 1508 1122 quae
1533 1087 1576 1114 i'sti
1600 1087 1743 1120 objiciunt,
1766 1088 1882 1122 proprio

1083 1138 1210 1158 sermone
1223 1136 1349 1165 testatur,
1366 1131 1392 1159 id
1405 1137 1457 1166 est,
1473 1140 1553 1160 omne
1569 1132 1698 1168 quidquid
1716 1139 1825 1168 praeter
1848 1134 1878 1159 fi.

1084 1178 1145 1203 detn
1169 1177 1330 1205 Catholicam
1348 1179 1524 1212 praedicatur:
1541 1179 1603 1214 quia
1620 1180 1642 1206 si
1660 1180 1764 1207 nostris
1784 1180 1875 1207 verbis

1084 1222 1140 1249 haec
1174 1230 1296 1250 asserere
1320 1223 1446 1257 velimus,
1475 1225 1654 1258 suspiciosum
1688 1224 1777 1251 videri
1808 1223 1875 1251 [one

1082 1269 1177 1303 possit,
1205 1277 1239 1296 eo
1263 1270 1334 1304 quod
1359 1277 1410 1297 nos
1428 1277 1522 1298 amore
1546 1269 1603 1305 (45)
1625 1270 1683 1304 ejus
1697 1270 1719 1297 si
1738 1270 1806 1304 quid
1821 1270 1875 1304 ipse

1084 1321 1166 1348 prave
1186 1315 1302 1342 senserit
1317 1315 1508 1343 eelaverimus.
1528 1314 1578 1343 Ubi
1604 1321 1696 1342 autent
1710 1316 1773 1350 ejus
1792 1315 1873 1350 ipsius

1082 1360 1287 1395 quiaccusatur
1299 1361 1412 1388 vocibus
1430 1362 1543 1395 utimur,
1570 1366 1596 1389 et
1619 1362 1651 1388 ad
1671 1369 1768 1389 omnes
1799 1360 1872 1395 obje-

1087 1406 1190 1433 ctiones
1214 1413 1402 1434 accusatorum
1418 1407 1476 1434 suis
1501 1407 1591 1435 verbis
1611 1415 1684 1439 eum,
1703 1415 1757 1434 non
1780 1412 1873 1435 nostra

1083 1452 1244 1485 assertione,
1275 1452 1457 1486 defendimus,
1484 1461 1545 1487 quae
1580 1453 1649 1480 ultra
1681 1453 1800 1488 relinqui
1827 1460 1871 1487 po-

1083 1500 1135 1524 test
1149 1497 1206 1532 (M)
1219 1497 1419 1524 criminationis
1438 1499 1556 1531 occasio,
1573 1498 1669 1525 saltem
1687 1498 1730 1526 bis
1743 1499 1813 1532 ipsis
1828 1499 1870 1532 qui

247 1543 374 1576 haereses,
385 1534 508 1578 quasillo
522 1547 644 1577 tempore
656 1542 806 1571 Ecclesiam
823 1544 1027 1578 impugnabant,
1043 1544 1064 1575 α
1081 1550 1133 1569 tton
1153 1543 1208 1570 veri
1224 1543 1328 1575 studio,
1340 1543 1387 1570 sed
1403 1544 1474 1571 velut
1486 1544 1597 1571 libidine
1608 1544 1725 1579 quadam
1742 1544 1868 1579 culpandi

245 1588 282 1615 ita
305 1593 473 1620 constanter,
505 1588 542 1614 ita
572 1587 679 1615 fortiter
704 1588 855 1620 dimicavit,
882 1592 911 1614 ut
937 1588 1028 1615 omnia

247 1642 342 1662 eorutn
373 1635 513 1662 diabolicae
535 1635 745 1663 machinationis
770 1635 943 1663 fundamenta
968 1636 1032 1662 subo

244 1680 369 1711 verterit,
384 1687 439 1707 non
453 1680 607 1707 studiorunt
621 1680 754 1714 laborem,
771 1688 824 1708 non
839 1681 1029 1714 continentiae,

244 1733 298 1754 non
311 1727 501 1760 institutionis,
516 1734 568 1754 tton
584 1727 757 1760 humilitatis;
771 1735 832 1761 quae
851 1733 934 1762 super
948 1731 1030 1754 cane-

245 1780 290 1799 ras
302 1780 398 1800 omnes
414 1773 529 1800 virtutes
539 1772 597 1807 ejus
606 1773 753 1800 maximam
766 1773 882 1808 gratiam
898 1774 1029 1806 continet,

245 1824 298 1845 non
311 1817 376 1845 illud
395 1823 470 1845 certe
484 1819 692 1846 considerantes
714 1820 786 1853 quod
804 1819 966 1854 presbyterii
990 1819 1030 1846 die

245 1863 346 1897 gnitate
360 1863 386 1890 in
402 1863 522 1892 Ecclesia
539 1864 687 1892 honoratus
702 1870 753 1892 est.
769 1865 834 1897 Quae
845 1864 867 1891 si
883 1864 974 1891 omnia
991 1864 1024 1891 ad

247 1910 427 1936 revocandam
451 1909 582 1944 linguam.
616 1910 905 1945 compritnendumque
928 1917 1032 1937 sermo-

246 1963 307 1983 nem
329 1956 455 1983 sttllicere
481 1963 533 1983 non
561 1961 683 1991 possunt,
711 1956 774 1983 illud
798 1955 893 1984 saltem
911 1960 1032 1983 contem-

243 2001 313 2035 plari
335 2001 494 2034 debuerant,
514 2007 645 2036 quantam
673 2002 732 2037 (58)
759 2002 865 2029 ridendi
889 2003 1031 2029 materiam

283 2083 331 2120 *°_l
346 2084 462 2119 Con",
478 2084 522 2112 l0.

1081 1595 1188 1622 semper
1212 1587 1365 1622 agitantur?
1390 1588 1423 1615 Et
1439 1589 1567 1623 quoniam
1583 1589 1615 1616 de
1629 1597 1662 1616 eo
1687 1597 1760 1616 nunc
1782 1597 1870 1617 sermo

1081 1637 1132 1665 est,
1157 1633 1203 1668 qui
1229 1633 1323 1668 utique
1344 1634 1415 1669 apud
1439 1634 1565 1662 homines
1593 1634 1738 1662 defunctus
1755 1640 1809 1668 est,
1824 1635 1868 1670 qui

1082 1679 1152 1714 apud
1171 1679 1228 1714 με)
1249 1686 1344 1707 omnes
1366 1679 1474 1715 judices
1499 1676 1548 1715 pro
1572 1680 1699 1707 defuncto
1724 1680 1825 1708 fortius
1844 1686 1868 1708 et

1084 1724 1188 1752 firmius
1212 1725 1302 1753 valere
1326 1726 1417 1760 debet,
1440 1734 1522 1762 quam
1546 1731 1573 1754 et
1593 1726 1701 1758 littera»,
1719 1731 1748 1753 et
1769 1727 1868 1762 scripta

1083 1769 1203 1798 defuncti
1216 1770 1229 1798 τ

1118 1816 1280 1852 lneipientes
1307 1817 1390 1853 igitur
1423 1818 1530 1846 indiciis
1563 1819 1729 1852 scriptorum
1758 1826 1868 1846 suorum

1084 1863 1230 1890 ostettdere
1245 1863 1308 1898 quid
1332 1865 1364 1891 de
1383 1863 1496 1898 singulis
1516 1865 1642 1896 senserit,
1660 1872 1693 1891 ex
1711 1864 1753 1891 ltis
1775 1865 1867 1899 praeci-

1083 1917 1137 1945 pue
1165 1909 1244 1937 libris
1277 1910 1431 1937 testimonia
1457 1910 1692 1945 congregabimus,
1719 1909 1776 1945 (46)
1803 1919 1867 1945 quos

1086 1961 1259 1985 accusatores
1271 1956 1330 1991 ejus
1346 1964 1426 1991 quam
1439 1956 1556 1983 maxime
1569 1956 1759 1988 criminantur,
1776 1957 1802 1983 id
1816 1962 1865 1989 est,

1085 2010 1154 2038 quos
1181 2011 1231 2039 per
1255 2003 1372 2039 spatium
1394 2007 1422 2030 et
1440 2003 1560 2038 quietem
1583 2003 1609 2030 itt
1625 2007 1731 2030 secreto
1747 2004 1867 2031 conscri-‘

243 2156 332 2194 nicus,
354 2157 495 2194 et_dcltent
518 2157 655 2192 proﬁcere,
680 2150 828 2184 assumunt.
846 2156 944 2184 Castori
963 2163 1028 2184 vero
1041 2163 1066 2194 ι)
1080 2155 1304 2194 πιδεξ.ῌῃ[ςι·ἰεξῆιεξ,
1329 2155 1412 2194 ipsius
1426 2154 1530 2194 scripta
1546 2153 1699 2188 conﬁciunt,
1719 2154 1797 2194 male.

243 2193 323 2223 mss"
338 2196 368 2218 ut
385 2191 411 2219 in
427 2197 515 2219 testu.

280 2225 336 2262 (52)
358 2226 463 2254 Merlitti
478 2227 559 2254 editio
574 2235 715 2262 perperam
734 2228 827 2260 habet,
850 2228 965 2254 exterius
981 2235 1026 2253 va-

244 2260 315 2287 leant
327 2260 481 2288 continuare
497 2260 655 2290 calumnias.
671 2261 735 2289 Mss.
752 2263 851 2289 habent
872 2262 1025 2294 exercitius,

246 2300 294 2329 pro
309 2297 488 2329 exercitatius,
501 2302 599 2324 caetera
616 2305 680 2324 vero
695 2302 723 2324 ttt
738 2298 763 2323 itt
784 2303 867 2324 textu.

282 2329 337 2366 (55)
357 2331 555 2366 Gettebrardus,
568 2332 602 2358 ad
614 2334 803 2366 probationem,
832 2332 912 2359 male.

282 2365 339 2400 (54)
361 2365 397 2392 lta
426 2366 565 2400 legendum
589 2365 705 2394 videtur.
728 2367 832 2394 Merl'ttti
858 2374 922 2393 vero
945 2366 1028 2394 editio

248 2400 394 2438 μάστιγας.
410 2401 498 2438 Cotlctt
518 2402 696 2438 S_orlt0tticus,
710 2402 954 2438 Phangolaedorat.
971 2401 1029 2429 Cte-

247 2436 295 2471 teri
313 2443 380 2471 mss.
394 2441 421 2463 et
431 2437 508 2468 editi,
523 2436 746 2471 Pltagoloedoros.

280 2470 339 2507 (55)
360 2470 421 2498 Mss.
436 2471 557 2507 quidam,
572 2470 747 2505 auditoribus,
763 2472 799 2499 al.
815 2471 847 2499 ab
863 2472 1028 2498 auditoribus

246 2505 295 2542 [all
312 2506 488 2542 auditorum].
514 2506 616 2534 Deinde
639 2508 720 2534 tidem
741 2515 819 2540 mss.,
841 2507 938 2542 aliquis
953 2514 1030 2534 acce-

245 2542 408 2568 dentium...
420 2542 536 2568 obmurm
542 2546 635 2568 uravtt.

281 2576 337 2612 (56)
358 2576 455 2612 Supra.
471 2577 552 2612 Deest
569 2577 594 2603 in
611 2577 702 2610 editis,
716 2581 743 2604 et
753 2577 892 2612 suppletur
907 2584 941 2604 ex
962 2583 1029 2604 mss.

281 2613 337 2646 (57)
358 2611 506 2639 Catholica.
521 2611 744 2639 Prattermittitur
759 2611 887 2639 itt’e’dttis.

281 2646 338 2681 (58)
364 2647 432 2674 Editi
453 2647 604 2679 irridendi;
627 2647 723 2674 deinde
742 2646 945 2678 Genebrurdus,
977 2646 1027 2672 tri-

246 2681 326 2708 buant
339 2690 388 2717 pro
415 2681 547 2716 prwbeant
560 2689 568 2709 :
580 2687 607 2709 et
620 2682 700 2716 paulo
721 2687 783 2718 post
801 2690 852 2709 tns.
865 2690 934 2709 uttus
949 2681 1031 2708 habet

244 2722 337 2750 putant
354 2725 402 2751 pro
419 2717 556 2751 putabunt.

291 2751 336 2787 59)
357 2753 394 2787 lta
409 2752 560 2783 mss.,editi
579 2759 654 2785 vero,
673 2752 772 2787 repelli.

292 2786 336 2821 40)
355 2786 400 2814 Sic
412 2791 485 2813 recte
499 2793 565 2813 mss.
584 2785 706 2821 quidam.
716 2787 814 2814 Cteteri
824 2794 898 2819 vero,
915 2791 942 2813 et
953 2785 1030 2817 editi,

246 2828 297 2846 tum
309 2821 393 2847 aulum
405 2826 431 2848 ut
444 2821 491 2857 Lai.
500 2821 556 2856 qui]
562 2822 593 2848 de
606 2822 661 2856 ipso
672 2822 739 2849 male
748 2823 871 2849 sentiant.
882 2822 964 2849 Paulo
973 2826 1032 2856 post

1116 2189 1173 2226 (41)
1192 2189 1297 2217 Merlini
1313 2190 1408 2226 editio,
1423 2189 1461 2216 ita
1481 2195 1509 2226 ut
1523 2196 1696 2226 tresquoque
1717 2190 1766 2226 ipsi
1777 2189 1802 2216 in
1818 2190 1862 2215 dn-

1078 2223 1150 2252 biunt
1160 2223 1316 2257 uenerimus,
1331 2232 1362 2251 ne
1376 2225 1444 2259 forte
1456 2224 1493 2251 vel
1508 2223 1707 2259 multitudini...
1720 2224 1806 2259 debeat
1821 2226 1862 2250 ml-

1077 2261 1171 2287 Itiberi.
1200 2259 1249 2286 Ms.
1276 2258 1442 2286 Sorbonicus
1467 2264 1494 2287 et
1519 2258 1548 2287 S.
1579 2259 1718 2286 Michaelis
1745 2259 1768 2284 itt
1791 2258 1860 2286 Peri-

1078 2296 1139 2323 culo
1155 2296 1249 2325 maris,
1260 2295 1379 2321 timentes
1394 2300 1420 2320 ut
1432 2299 1456 2321 ct
1474 2302 1517 2321 vos
1532 2302 1634 2328 quoque
1650 2294 1700 2328 ipsi
1713 2295 1740 2320 in
1754 2294 1858 2320 dubium

1078 2331 1210 2362 veniretis,
1228 2338 1258 2356 ne
1271 2330 1338 2363 [orte
1356 2335 1383 2356 ut
1399 2329 1600 2356 multitudini...
1613 2329 1717 2355 deberet
1734 2330 1857 2356 adhiberi.

1078 2366 1175 2393 Caetcri
1194 2373 1273 2397 tttss.,
1287 2370 1313 2390 ut
1332 2373 1375 2391 vos
1391 2372 1493 2400 quoque
1508 2364 1557 2397 ipsi
1572 2365 1598 2390 in
1613 2364 1721 2400 dubium
1737 2363 1856 2400 ueniretia,

1079 2409 1111 2427 ne
1128 2401 1195 2435 forte
1211 2405 1256 2426 aut
1276 2398 1488 2426 multitudini....
1506 2400 1608 2435 deberet
1626 2398 1754 2435 adhiberi.
1764 2399 1857 2435 Deinde

1079 2432 1155 2467 editi,
1173 2436 1272 2469 passim
1297 2439 1320 2461 ιι
1342 2435 1397 2461 sine
1423 2439 1549 2469 respectu.
1578 2433 1662 2460 Paulo
1684 2438 1745 2468 post
1762 2432 1855 2460 Merlini

1080 2471 1175 2501 editio,
1189 2470 1365 2504 suspicionem
1375 2475 1504 2502 nostram,
1524 2469 1603 2495 simul
1623 2468 1704 2495 etiam
1728 2475 1772 2502 per
1787 2476 1855 2494 occa-

1080 2506 1181 2532 sionem
1197 2505 1293 2534 nostri,
1310 2509 1363 2531 etc.
1539 2538 1543 2539 ν
1592 2538 1612 2539 Π
1698 2536 1706 2539 Δ

1116 2539 1266 2576 (42)-5158.
1290 2539 1456 2576 sorltonieus
1478 2544 1505 2566 et
1524 2538 1742 2576 rS._gMichaelis‘,
1767 2541 1794 2564 ut
1809 2546 1854 2564 non

1082 2573 1169 2602 nostri
1183 2574 1230 2609 (ιιι.
1247 2573 1338 2609 uestri]
1356 2574 1424 2600 verbi
1436 2574 1635 2605 assertionibus,
1650 2579 1703 2600 etc.

1118 2609 1174 2645 (45)
1184 2607 1275 2645 Ejus,
1288 2614 1315 2635 et
1328 2607 1409 2645 paulo
1423 2614 1494 2644 post,
1508 2610 1617 2645 utimur,
1631 2609 1728 2635 desunt
1742 2608 1767 2635 iIt
1774 2607 1850 2635 editis.

1119 2645 1174 2680 (44)
1197 2644 1234 2670 Ita
1255 2651 1320 2671 ntss.
1340 2644 1408 2670 Εὐιιί
1428 2652 1502 2680 vero.
1516 2644 1742 2670 criminatoribus.

1119 2677 1175 2716 (45)
1197 2680 1241 2706 Sic
1263 2685 1335 2716 recte
1350 2686 1415 2716 mss.
1432 2679 1502 2707 Editi
1516 2685 1592 2709 vero,
1607 2680 1727 2705 homines
1746 2677 1848 2712 judicer.

1083 2713 1213 2742 Merlit'tus
1231 2714 1330 2741 omittit
1343 2713 1456 2748 judtces.

1119 2750 1177 2783 (46)
1198 2749 1263 2777 Mss.
1277 2749 1376 2788 nostri,
1388 2757 1447 2788 quia
1466 2754 1643 2788 accusatores"
1654 2748 1756 2788 ιςξιιδ...ἲ
1773 2748 1796 2773 id
1810 2752 1848 2788 est,

1083 2793 1141 2821 qua;
1156 2793 1202 2819 per
1220 2784 1382 2818 spatium...
1400 2786 1456 2813 hac
1466 2785 1546 2818 enim,
1558 2789 1614 2812 etc.
1626 2783 1680 2812 Sed
1693 2784 1787 2811 rectius
1795 2783 1849 2810 editi

1084 2826 1113 2848 ut
1129 2820 1154 2846 in
1171 2825 1257 2847 textu.
