1909 3080
64 140 117 169 549

663 128 833 159 APOLOGIA
852 128 921 156 PRO
940 124 1092 156 ORIGENE

1636 121 1691 152 550

62 200 120 235 psit
131 208 140 227 :
150 199 202 227 hos
212 197 286 226 enim
300 199 426 224 asserunt
437 194 555 223 maxime
568 201 583 221 a
599 192 791 229 prmdicatione
805 199 851 219 ec-
866 195 885 219 Α
900 189 983 221 Enos,
998 187 1101 221 Enoch,
1127 185 1195 235 l‘ioe,
1219 185 1294 218 Sent,
1311 185 1467 235 Abraham,
1493 184 1579 235 Isaac,
1592 183 1688 217 Jacob,

62 240 216 272 clesiastica
229 242 401 277 discrepare:
414 248 448 268 ex
460 240 502 268 his
514 239 649 274 praecipue
669 238 759 269 libris,
782 245 852 272 quos

63 290 133 324 Περὶ
143 288 247 324 ἀρχῶν
272 287 431 318 attituluvit,
450 286 476 313 in
492 285 591 320 quibtts
613 284 811 320 quamplurima
835 291 849 310 a

63 335 308 363 calumniatoribus
324 335 494 360 incusantur.
512 331 539 358 lu
557 331 599 358 his
621 338 688 366 ergo
709 329 765 365 (47)
787 329 851 364 ipsis

64 380 136 407 inter
153 380 286 415 principia
300 378 372 414 quali
387 377 558 413 expositione
574 376 636 403 fidei
652 383 717 403 usus
733 376 768 403 sit
788 382 851 410 pro-

64 425 185 452 feremus
202 433 208 451 :
228 430 284 452 tum
301 424 400 452 deinde
425 428 453 450 et
472 431 507 450 ex
531 423 576 450 his
599 430 659 457 qua:
675 422 789 456 sparsim
810 421 850 449 vel

64 477 116 505 per
140 471 215 505 ipsos
243 470 327 497 libros
351 469 393 497 vel
407 475 521 497 caeteros
540 469 637 501 sensit,
653 467 852 503 assignabitnus

63 523 128 543 eutn
155 517 376 551 praedicationem
410 515 584 551 apostolicam
620 515 779 542 custodisse.
803 514 852 541 Est

62 570 131 596 ergo
145 562 226 590 lectio
243 571 276 590 ex
290 563 378 597 primo
392 562 460 590 libro
480 562 550 597 Περὶ
559 561 668 597 ἀρχῶν,
694 568 774 596 quam
786 567 850 595 pro-

62 608 201 641 misimus,
215 607 282 636 bae.
399 610 403 616 '

383 653 496 681 CAPUT
516 652 537 680 1.

174 699 316 735 Catalogur
334 699 519 727 ecclesiastica:
536 699 744 733 pmdicationit.

100 745 247 773 ORIGENES.
263 746 318 781 (48)
338 754 347 771 t
367 745 444 772 Sicut
455 745 539 776 enim,
556 744 648 772 multis
661 744 731 779 apud
743 743 852 771 Grtecos

61 796 90 819 et
109 792 243 819 barbaros
266 791 453 826 pollicentibus
468 791 617 822 veritatem,
635 789 690 826 (49)
704 791 852 818 desivinnts

62 837 135 871 apud
150 843 249 865 omnes
261 843 319 864 eam
335 843 459 871 quaerere
473 835 518 870 qui
535 843 595 863 eam
620 835 696 863 falsis
718 835 851 871 opinioni—

905 235 1047 262 duodecim
1065 233 1295 268 patriarcharum,
1311 231 1413 267 Moysis
1428 236 1456 259 et
1469 231 1665 266 prophetarum
1680 239 1687 257 :

905 285 934 308 et
952 280 1024 314 quod
1043 279 1087 307 ltic
1116 278 1187 306 Deus
1205 278 1233 305 in
1256 277 1414 305 novissimis
1428 276 1533 308 diebus,
1553 277 1626 304 sicut
1642 283 1691 310 per

905 327 1050 361 prophetas
1069 332 1133 353 suos
1158 328 1222 352 ante
1243 323 1416 358 promiserat,
1444 323 1517 350 misit
1542 323 1685 350 Dominum

904 371 997 399 Jesum
1017 370 1169 402 Christum,
1182 370 1272 404 primo
1287 369 1396 403 quidem
1410 373 1569 395 vocaturum
1594 367 1690 400 Israel,

904 416 1024 444 secundo
1038 422 1103 442 vero
1126 415 1210 442 etiam
1235 418 1327 449 gentes
1352 418 1413 448 post
1434 414 1575 447 perlidiam
1599 413 1690 447 populi

905 463 997 490 lsrael.
1016 462 1064 490 Hic
1078 461 1148 489 Deus
1162 461 1251 496 justus
1266 466 1293 488 et
1307 461 1408 492 bonus,
1423 459 1506 487 Pater
1519 460 1624 486 Domini
1640 467 1691 487 no-

909 510 958 537 stri
971 508 1035 536 Jesu
1058 508 1173 540 Christi,
1190 508 1286 542 legem,
1308 512 1334 534 et
1351 507 1507 542 prophetas,
1526 512 1552 533 et
1571 506 1692 542 Evange-

887 570 891 575 .
910 555 948 589 lia,
964 555 1020 589 ipse
1034 554 1116 587 dedit,
1134 554 1180 588 qui
1194 559 1221 581 et
1232 553 1415 589 apostolorum
1435 553 1506 580 Deus
1526 558 1577 585 est,
1598 557 1625 580 et
1639 553 1692 580 Ve-

906 601 971 628 teris
985 605 1013 627 et
1031 600 1097 628 N0vi
1113 600 1291 628 'l‘estamenti.
1316 599 1385 626 Tutu
1407 599 1506 626 deinde
1531 599 1593 634 quia
1610 599 1690 626 Chri<

904 650 962 673 stus
985 645 1065 674 Jesus
1083 646 1141 681 ipse
1165 646 1212 680 qui
1237 645 1321 678 venit,
1332 651 1396 673 ante
1408 652 1516 672 omnem
1536 649 1690 672 creaturam

906 698 986 720 natus
999 700 1032 720 ex
1044 692 1124 720 Patre
1138 698 1191 720 est.
1207 692 1258 726 Qui
1280 700 1341 720 cum
1356 692 1383 720 in
1397 692 1518 720 omnium
1537 692 1692 719 conditione

906 739 978 766 Patri
993 739 1176 766 ministrasset
1190 738 1248 774 (per
1270 739 1357 773 ipsum
1380 746 1498 773 namque
1514 739 1602 765 omnia
1621 737 1693 772 facta

905 791 965 812 sunt
981 786 1003 801 ”
1016 786 1027 820 )
1042 785 1198 812 novissimis
1217 785 1384 820 temporibus
1396 785 1514 819 seipsum
1533 785 1695 812 exiuaniens

907 832 987 859 homo
1003 831 1091 859 factus
1109 836 1172 865 est;
1190 831 1350 859 incarnatus
1372 836 1414 858 est
1434 839 1496 858 cum
1512 830 1582 858 Deus
1605 835 1691 863 esset,

63 882 115 907 hus
151 881 324 912 asserebant,
350 885 526 915 posteaquam
557 880 724 907 credidimus
754 879 852 906 Filium
868 876 890 903 Β
904 884 931 905 et
944 879 1024 905 homo
1041 877 1129 906 factus
1157 879 1258 905 mansit
1272 878 1344 912 quod
1358 882 1418 905 erat
1430 878 1510 904 Deus.
1525 876 1630 911 Corpus
1648 884 1694 905 as-

60 932 124 953 esse
138 926 184 953 Dei
202 925 358 957 Christum,
386 929 415 952 et
440 925 474 952 ab
496 925 553 960 ipso
569 925 648 952 ttobis
663 924 733 951 hattc
747 925 872 952 discem-

62 971 125 998 daut
148 978 210 998 esse
235 970 419 1005 persuasimus
441 981 449 998 :
469 971 516 1004 ita,
528 978 590 998 cum
607 970 751 998 multisint
766 970 854 1005 quise

60 1021 161 1050 putant
175 1017 277 1044 sentire
292 1023 352 1051 quae
368 1015 469 1044 Christi
484 1020 558 1049 sunt,
572 1019 601 1043 et
617 1015 738 1043 nonnulli
754 1023 850 1043 eorum

61 1061 170 1089 diversa
196 1069 211 1088 a
234 1061 370 1097 prioribus
395 1062 527 1095 sentiant,
551 1066 673 1088 servetur
688 1068 753 1089 vero
767 1061 854 1088 eccle-

59 1106 175 1134 siastica
202 1106 360 1140 praedicatio
382 1113 432 1140 per
454 1105 640 1134 successionis
664 1106 788 1133 ordinem
820 1107 854 1134 ab

60 1153 196 1187 apostotls
210 1151 320 1185 tradita,
337 1156 365 1180 et
377 1158 464 1187 usque
479 1152 512 1179 ad
531 1159 650 1186 praesens
673 1152 700 1179 in
721 1151 853 1180 Ecclesiis

62 1205 240 1233 permanens,
266 1197 312 1224 illa
336 1197 393 1225 sola
409 1197 544 1225 credenda
557 1202 599 1224 est
614 1197 727 1230 veritas,
741 1205 802 1232 quae
822 1198 848 1225 in

61 1244 138 1271 nullo
153 1245 187 1271 ab
200 1244 382 1272 ecclesiastica
396 1244 546 1271 traditione
570 1244 722 1271 discordat.
739 1244 796 1279 (5ο)
820 1244 854 1271 ll-

62 1289 110 1317 lud
130 1294 221 1317 autem
237 1290 308 1317 scire
328 1294 448 1325 oportet,
474 1290 604 1325 quoniam
628 1291 715 1317 sancti
739 1290 853 1324 apostoli

63 1335 146 1363 ﬁdem
166 1335 267 1363 Christi
288 1335 476 1371 praedicantes,
498 1337 532 1363 de
555 1336 716 1370 quibusdam
744 1336 851 1370 quidam

62 1389 234 1417 quaecunque
257 1381 413 1409 necessaria
440 1381 616 1408 crediderunt
642 1381 769 1408 omnibus
792 1389 854 1408 cre-

62 1427 204 1460 dentibus,
228 1428 309 1455 etiam
337 1427 380 1455 his
399 1427 444 1462 qui
467 1427 601 1463 pigriores
620 1434 684 1463 erga
701 1427 854 1462 inquisitio-

63 1481 127 1500 nem
161 1473 258 1501 divinte
287 1473 408 1501 scientiae
432 1472 605 1506 videbantur,
634 1472 855 1500 manifestissime

63 1519 249 1552 tradiderunt,
276 1519 409 1547 rationem
439 1518 546 1546 scilicet
568 1519 730 1546 assertionis
756 1526 851 1546 eorum

44 1565 255 1599 -relinquentes
275 1565 309 1592 ab
332 1565 375 1593 his
391 1564 583 1600 inquirendam
600 1564 657 1600 (5i)
674 1565 718 1599 qui
734 1564 851 1600 Spiritus

62 1612 135 1638 dona
149 1610 321 1643 excellentia,
336 1615 364 1638 et
382 1611 518 1645 pracipue
534 1610 680 1644 sermonis,
699 1611 850 1646 sapientiai,

62 1660 91 1683 et
105 1656 227 1684 scientia:
245 1663 293 1690 per
307 1656 394 1691 ipsum
409 1655 540 1691 Spiritum
559 1661 685 1683 sanctum
708 1656 852 1691 percipere

65 1702 263 1730 merebantur:
281 1702 315 1730 de
334 1701 395 1729 aliis
419 1709 483 1729 vero
504 1702 633 1729 dixerunt
654 1702 763 1737 quidem
789 1703 852 1738 quia

65 1747 134 1778 sint,
155 1747 292 1781 quomodo
315 1751 416 1779 autem,
441 1751 487 1774 aut
510 1747 582 1774 unde
604 1747 669 1780 sint,
697 1747 851 1776 siluerunt:

66 1792 191 1826 profecto
206 1797 237 1820 ut
249 1793 428 1821 studiosiores
440 1793 539 1828 quique
553 1800 586 1820 ex
599 1794 716 1828 posteris
727 1794 783 1822 suis
793 1794 852 1829 (52)

65 1844 205 1866 amatores
221 1839 360 1873 sapientia:
375 1844 402 1866 et
419 1839 552 1872 scientiae,
565 1840 728 1867 exercitium
752 1840 854 1868 habere

64 1887 187 1916 possent,
202 1883 228 1910 in
240 1890 294 1918 quo
309 1883 410 1918 ingenii
428 1883 470 1911 sui
485 1883 604 1912 fructum
620 1885 766 1911 ostendere
780 1885 853 1912 vale-

66 1933 140 1960 rent,
158 1929 185 1956 hi
200 1928 326 1956 videlicet
339 1929 386 1964 qui
407 1929 503 1964 dignos
516 1936 546 1956 se
564 1933 591 1956 et
608 1936 723 1964 capaces
747 1931 854 1965 sapien-

67 1974 112 2001 tia:
128 1979 324 2010 praepararent.
335 1975 446 2010 Species
465 1982 528 2002 vero
543 1982 638 2003 eorum
652 1983 713 2010 qua:
726 1983 775 2011 per
787 1984 855 2011 prae-

63 2020 231 2048 dicationem
245 2020 422 2056 apostolicam
449 2020 595 2048 manifeste
622 2021 779 2055 traduntur,
796 2022 854 2050 ista:

64 2070 140 2093 sunt.
155 2065 247 2093 Primo
265 2067 335 2101 quod
351 2074 420 2094 unus
432 2071 474 2095 est
486 2067 556 2095 Deus
568 2067 615 2102 qui
633 2066 725 2095 omnia
740 2068 854 2100 creavit,

65 2116 150 2146 atque
164 2112 328 2147 compesuit,
354 2113 455 2148 quique
478 2121 512 2141 ex
533 2113 616 2141 nullis
632 2120 693 2141 esse
710 2113 776 2141 fecit
792 2115 853 2142 uni-

66 2167 146 2187 versa
173 2159 205 2190 ".
235 2160 306 2188 Deus
334 2167 350 2187 a
377 2161 464 2195 prima
490 2165 616 2188 creatura
643 2165 671 2188 et
700 2162 855 2190 conditione

65 2205 160 2233 mundi
177 2205 298 2232 omnium
316 2205 452 2240 iustorum
467 2207 548 2239 Deus,
563 2207 661 2241 Adam,
680 2206 759 2241 Abel,
774 2207 853 2243 Seth,

104 2260 126 2276 ¹¹
146 2258 169 2286 ll
181 2259 307 2288 Machab.
323 2268 373 2295 vn,
388 2261 435 2289 28.
473 2261 495 2277 “
510 2259 589 2290 Joan.
606 2269 626 2294 t,
641 2262 668 2289 3.

904 924 1020 958 sumpsit
1035 930 1129 952 nostro
1152 924 1262 958 corpori
1293 924 1393 956 simile,
1418 931 1452 951 eo
1466 923 1524 951 solo
1550 922 1691 955 differens,

903 971 974 1005 quod
987 974 1066 997 natus
1087 977 1120 996 ex
1147 969 1259 1004 Virgine
1281 974 1309 996 et
1336 969 1440 1004 Spiritu
1461 974 1558 997 sancto
1579 974 1632 996 est.
1659 969 1693 996 Et

903 1015 1029 1050 quoniant
1045 1015 1089 1042 hic
1103 1014 1184 1042 Jcsus
1197 1015 1323 1042 Christus
1349 1020 1429 1041 natus
1450 1020 1478 1041 et
1501 1022 1596 1048 passus
1607 1019 1649 1041 est
1664 1016 1692 1041 in

904 1061 1027 1092 veritate,
1052 1065 1080 1087 et
1105 1067 1159 1087 non
1186 1068 1234 1094 per
1257 1060 1418 1094 imaginem,
1434 1060 1494 1095 (55)
1518 1068 1692 1088 communem

904 1105 975 1133 hanc
990 1110 1103 1133 mortem
1122 1106 1255 1133 sustinuit
1279 1112 1342 1133 vere
1366 1111 1513 1133 mortuus:
1532 1113 1595 1133 vere
1617 1114 1695 1133 emm

904 1156 958 1179 eta
975 1152 1090 1179 mortuis
1114 1152 1265 1180 resurrexit
1290 1159 1298 1178 :
1325 1156 1353 1178 et
1375 1157 1436 1186 post
1464 1151 1692 1179 resurrectionem

904 1202 1084 1226 conversatus
1109 1205 1171 1225 cum
1203 1197 1344 1232 discipulis
1368 1198 1436 1228 suis,
1461 1203 1616 1232 assumptus
1639 1202 1690 1225 est.

905 1244 972 1272 Tum
988 1244 1088 1272 deinde
1112 1243 1217 1272 honore
1232 1251 1264 1271 ac
1281 1244 1416 1279 dignitate
1430 1243 1504 1270 Patri
1518 1249 1545 1270 et
1559 1243 1628 1271 Filio
1648 1252 1693 1271 so-

906 1291 1008 1318 ciatum
1027 1290 1196 1317 tradiderunt
1215 1289 1348 1324 Spiritum
1365 1294 1501 1317 sanctum.
1523 1290 1552 1316 ltt
1569 1289 1620 1316 hoc
1639 1297 1691 1316 non

902 1336 957 1370 jam
986 1337 1130 1364 manifeste
1148 1336 1316 1364 discernitur
1331 1341 1422 1363 utrum
1444 1341 1524 1364 nattts
1537 1337 1584 1368 sit,
1599 1344 1633 1363 an
1651 1336 1694 1363 in—

906 1387 996 1411 natus.
1013 1392 1022 1409 ι

941 1428 1103 1456 Ρηρηιιυε.
1124 1428 1175 1462 Qui
1191 1428 1224 1456 de
1241 1432 1305 1455 nato
1321 1428 1363 1455 vel
1379 1427 1475 1455 innato
1488 1428 1612 1463 requirit,
1632 1429 1692 1456 sine

905 1474 988 1502 dubio
1013 1479 1148 1501 creatura:
1174 1475 1201 1501 in
1229 1481 1261 1501 eo
1286 1473 1387 1500 nullam
1417 1474 1499 1501 habet
1525 1475 1692 1509 opinionem,

904 1520 1023 1555 alioquin
1040 1525 1068 1547 et
1090 1521 1141 1548 hoc
1159 1519 1317 1547 adduxisset
1340 1520 1374 1547 ad
1402 1520 1617 1556 inquisitionem.
1634 1520 1691 1556 (5t)

865 1553 886 1582 (ἶ
904 1564 937 1592 Ει
949 1553 1072 1599 adiungit
1087 1571 1095 1591 :

937 1610 1086 1639 ORIGBNIS.
1106 1619 1116 1637 ι
1131 1610 1178 1638 Vel
1194 1610 1279 1638 Filius
1299 1611 1382 1638 etiam
1396 1611 1454 1646 ipse
1478 1611 1526 1639 Dei
1553 1610 1694 1639 habendus

903 1657 948 1689 sit,
973 1664 1068 1684 necne.
1096 1655 1149 1684 Sed
1170 1657 1332 1691 inquirenda
1355 1657 1411 1691 jam
1434 1657 1486 1684 ista
1510 1664 1559 1691 pro
1583 1657 1692 1684 viribus

903 1707 966 1730 sunt
980 1703 1014 1730 de
1034 1707 1128 1730 sancta
1156 1702 1309 1737 Scriptura,
1334 1708 1361 1730 et
1386 1703 1477 1738 sagaci
1494 1703 1694 1738 perquisitione

904 1747 1104 1782 investiganda.
1147 1746 1220 1774 Sane
1249 1747 1322 1782 quod
1354 1747 1408 1775 iste
1439 1747 1558 1782 Spiritus
1581 1753 1694 1775 sanctus

904 1799 1123 1827 unumquemque
1152 1797 1310 1820 sanctorum
1338 1792 1381 1819 vel
1410 1793 1626 1827 propltetarum,
1651 1793 1693 1820 vel

904 1837 1087 1871 apostolorutn
1104 1837 1160 1873 (55)
1176 1837 1360 1872 inspiraverit,
1375 1842 1402 1865 et
1418 1845 1471 1865 non
1490 1838 1559 1865 alius
1575 1839 1692 1872 Spiritus

904 1883 931 1909 itt
947 1883 1096 1914 veteribus,
1109 1883 1179 1910 alius
1188 1890 1252 1910 vero
1266 1883 1293 1910 in
1309 1883 1351 1910 his
1364 1883 1411 1918 qui
1423 1883 1450 1910 itt
1462 1883 1578 1910 adventu
1591 1883 1694 1910 Christi

905 1928 1029 1963 inspirati
1044 1933 1118 1960 sunt,
1144 1929 1227 1956 fuerit
1240 1949 1248 1962 ,
1267 1929 1490 1956 manifestissime
1518 1929 1545 1955 in
1564 1928 1695 1956 Ecclesiis

906 1974 1087 2009 praedicatur.
1099 1975 1163 2002 Post
1177 1975 1233 2003 haec
1250 1975 1305 2010 jam
1320 1976 1390 2010 quod
1405 1975 1498 2002 anima
1512 1975 1694 2003 substantiam

905 2020 1044 2054 vitamque
1071 2020 1177 2048 habens
1204 2021 1355 2056 propriam,
1382 2028 1444 2048 cum
1471 2028 1504 2048 ex
1528 2022 1579 2048 hoc
1593 2021 1694 2048 mundo

905 2065 1078 2098 discesserit,
1106 2073 1155 2100 pro
1189 2066 1246 2093 suis
1272 2067 1379 2094 meritis
1404 2067 1608 2101 dispensabitur
1635 2067 1693 2094 sive

905 2118 1013 2139 aeternae
1025 2113 1086 2139 vitae
1100 2121 1131 2140 ac
1147 2113 1325 2141 beatitudinis
1336 2114 1496 2141 hrereditate
1518 2114 1649 2149 potitura,
1668 2114 1693 2141 si

906 2161 957 2188 hoc
986 2160 1010 2188 ei
1034 2168 1082 2187 sua
1106 2165 1181 2196 gesta
1210 2161 1387 2195 praestiterint
1406 2169 1413 2188 :
1430 2161 1489 2189 sive
1509 2161 1564 2196 igni
1590 2166 1693 2189 aeterno

908 2214 940 2234 ac
952 2206 1091 2242 suppliciis
1103 2207 1293 2241 mancipanda,
1314 2207 1338 2235 si
1357 2207 1384 2234 in
1405 2207 1457 2234 hoc
1475 2214 1535 2234 eam
1551 2206 1692 2234 scelerum

99 2304 158 2345 (87)
177 2305 282 2346 Merlini
302 2306 491 2346 editio,_iptit,
510 2306 605 2346 quibus
627 2307 697 2346 inter
720 2308 849 2343 principia
868 2315 888 2342 ι)
901 2317 964 2346 gnos
982 2317 1010 2336 se
1020 2313 1179 2346 et‘capacu
1196 2308 1233 2346 ad_
1249 2307 1435 2346 recipiendam
1449 2308 1607 2342 sapientiam
1621 2316 1692 2346 prte‘

64 2341 139 2379 quasi
164 2342 325 2379 expositione
346 2341 407 2374 ﬁdei
428 2349 490 2368 usus
515 2343 560 2379 sit,
584 2342 748 2379 proferemus
765 2351 775 2375 ;
795 2341 850 2371 tum
871 2341 880 2342 ί
899 2341 1035 2379 pararent.
1048 2344 1101 2372 Sed
1116 2351 1212 2370 omnes
1227 2343 1306 2377 huius
1324 2343 1460 2377 Apologus
1474 2352 1537 2370 mss.
1550 2349 1577 2370 et
1588 2341 1692 2370 editiut

65 2377 175 2411 nulla...
191 2375 381 2410 assignabt'mus
390 2384 448 2403 eum
461 2377 678 2411 pra'dicationem
693 2379 851 2406 auctoritate

66 2410 215 2444 apostolica
230 2411 385 2438 custodisse.

179 2445 217 2472 De
231 2445 494 2480 prefatione'libror.
516 2446 586 2481 Περὶ
602 2446 713 2481 ἀρχῶν,
732 2455 804 2475 num.
833 2448 852 2476 2

65 2488 166 2550 0‘3?)-
179 2514 220 2542 Ita
242 2523 308 2543 mss.
324 2515 395 2543 Editi
413 2523 490 2548 vero,
505 2517 676 2545 desueuimtu.

99 2560 157 2597 (50)
178 2560 248 2588 Editi
268 2565 296 2588 et
315 2568 380 2589 mss.
408 2561 531 2597 plerique
546 2582 554 2596 ,
581 2561 655 2589 Illud
680 2567 768 2590 tamen
785 2564 851 2592 scire

65 2600 178 2630 oportet.

98 2631 156 2665 (5t)
177 2630 340 2667 Sicﬂomnes
362 2630 441 2665 huius
465 2632 601 2667 Apologia:
617 2640 695 2664 mss.,
719 2638 747 2660 et
761 2634 846 2664 editi;

64 2673 139 2704 mss.»
150 2666 443 2704 vero_librorum__llsp_i
460 2666 560 2701 ἀρχῶν
571 2675 664 2695 omnes
680 2669 849 2704 habenuqui

65 2701 184 2738 Spiritus
205 2702 278 2738 datur
299 2702 451 2728 excellentia
471 2708 644 2734 mererentur,
663 2707 688 2730 et
715 2701 850 2738 prtzcipue

64 2737 203 2774 sermonis,
222 2736 367 2768 sapientius,
385 2742 409 2762 et
426 2738 548 2774 scientia:
567 2739 683 2773 gratiam
696 2736 743 2773 per
762 2736 847 2774 ipsum

65 2770 192 2804 Spiritum
209 2775 330 2805 sanctum
344 2773 526 2805 percepiumt.

99 2806 156 2841 (52)
176 2805 253 2832 Libri
278 2804 315 2831 De
339 2806 474 2844 principiis
500 2813 554 2834 tam
574 2809 639 2836 editi
666 2816 748 2844 quam
765 2817 845 2841 mss..

66 2843 106 2875 qui
122 2848 257 2879 («iuratores
272 2845 356 2866 essent
371 2841 519 2874 sapientiw,
538 2841 738 2872 exercitium...
753 2845 781 2870 in
794 2853 848 2879 quo

66 2878 164 2912 εηρεηὶὶ
182 2877 224 2903 sui
235 2876 353 2909 fructum
367 2879 542 2912 ostenderent,
562 2879 590 2906 Ιιὶ
607 2879 727 2907 uidelicet
742 2880 786 2914 qui
800 2876 848 2907 ’ἀᾶ-

902 2381 927 2407 in
945 2385 1030 2414 textu,
1045 2380 1096 2407 nisi
1112 2380 1182 2414 quod
1193 2386 1242 2406 ms.
1254 2378 1429 2406 Curbeiensis
1444 2379 1558 2412 emittit,
1568 2385 1591 2406 ct
1605 2380 1692 2406 scim-

900 2416 955 2443 tiw.

937 2448 993 2486 (55)
1013 2449 1058 2486 Sic
1077 2457 1141 2477 mss.
1156 2449 1334 2486 Sorbonicus,
1357 2453 1391 2486 et
1411 2449 1508 2486 Montis
1518 2449 1554 2486 _S.
1569 2449 1690 2476 Michae-

903 2484 946 2517 lis,
966 2492 998 2511 ac
1009 2485 1055 2511 alii
1070 2493 1136 2512 mss.
1150 2485 1280 2512 librorqu
1296 2484 1333 2511 De
1351 2484 1499 2518 principiis.
1513 2484 1609 2511 Caneri
1626 2492 1693 2511 vero

904 2528 969 2548 mss.
985 2520 1065 2553 hujus
1078 2520 1224 2554 Apologite,
1236 2526 1263 2547 et
1279 2519 1417 2551 Merliuus,
1436 2527 1599 2546 communem
1623 2520 1691 2546 lianc

905 2561 1014 2582 mortem
1040 2563 1098 2581 vere
1116 2562 1246 2582 mortuus.
1266 2555 1469 2584 Genebrardtts,
1489 2556 1620 2581 communi
1641 2556 1692 2581 hac

902 2596 986 2617 morte
1000 2598 1057 2617 vere
1069 2595 1199 2623 mortuus,
1224 2591 1325 2617 omisso
1345 2590 1482 2617 sustinuit.
1500 2588 1568 2615 Tum
1591 2590 1691 2617 deinde

901 2626 979 2656 editi,
992 2631 1019 2652 et
1040 2633 1091 2653 ms.
1110 2626 1288 2657 Sorbouicus,
1312 2631 1484 2652 conversatus
1506 2630 1544 2651 ut
1563 2633 1623 2651 cum
1649 2626 1692 2652 di-

901 2661 1010 2694 scipulis
1021 2661 1086 2692 suis,
1098 2665 1122 2686 et
1135 2665 1287 2695 assumptus
1299 2667 1349 2687 ut.
1367 2661 1420 2688 Sed
1432 2661 1521 2688 caeteri
1540 2667 1604 2687 mss.
1620 2665 1648 2686 ut
1663 2660 1691 2687 in

901 2701 987 2723 textu.

935 2732 993 2767 (54)
1015 2732 1048 2759 Ει
1064 2732 1199 2767 adjurtgit.
1216 2731 1277 2758 Haec
1288 2733 1370 2758 verba
1382 2739 1443 2766 quae
1457 2732 1600 2767 proferunt
1613 2733 1690 2766 editi,

901 2774 954 2794 non
969 2773 1129 2803 comparent
1144 2768 1170 2794 itt
1185 2767 1311 2794 ontttibus
1328 2775 1394 2794 mss.
1409 2769 1521 2795 nostris.

1017 2804 1099 2841 Etliti,
1123 2803 1297 2841 inspiravit._.
1311 2821 1336 2828 ..
1358 2804 1404 2836 qui
1426 2803 1452 2829 in
1476 2804 1599 2831 aduentu.
1626 2803 1690 2830 Mss.

900 2839 1081 2874 inspirarerit.
1092 2860 1099 2866 .
1113 2859 1136 2867 ..
1151 2838 1196 2874 qui
1216 2838 1245 2865 in
1260 2839 1411 2865 adventum.
