1909 3080
257 112 306 144 55!

855 119 885 147 S.
903 114 1068 148 ΡΑΜΡΗΙΙᾸ
1088 115 1267 149 MABTYRIS

1829 124 1875 154 552

257 176 336 212 cuba
350 177 506 206 deterserit.
531 175 585 205 Sed
604 181 632 205 et
651 177 715 213 quia
730 177 785 206 erit
797 168 907 213 tempus
923 186 1048 208 resurre-
1063 182 1086 210 Α
1135 180 1301 209 PAMPHILUS.
1314 180 1347 209 Et
1362 187 1421 216 post
1437 189 1520 217 pauca
1538 181 1575 210 ait
1592 190 1600 209 :

257 223 357 252 otiosis
378 229 558 256 mortuorum,
568 231 634 252 cum
647 231 745 259 corpus
755 224 818 257 hoc.
834 224 944 259 quodin
955 233 1043 253 corru.

256 270 341 303 ptione
349 269 504 302 sentiuntur,
516 274 606 303 sumet
623 270 652 297 in
667 270 892 304 incorruptione"
908 275 957 299 :et
973 271 1045 306 quod

256 319 405 346 seminatur
418 318 448 345 in
460 319 617 353 ignominia,
638 324 726 354 surget
743 319 773 347 in
789 320 876 354 gloria
890 320 923 347 “.
943 321 992 350 Est
1018 325 1044 349 et

255 363 319 390 illud
328 363 469 390 definitum
480 363 506 390 in
520 363 706 392 ecclesiastica
720 364 925 398 praedicatione,
935 372 1044 392 omnem

253 409 373 436 animum
387 416 449 436 esse
462 409 666 442 rationabilem,
685 409 764 437 liberi
780 410 888 438 arbitrii
903 414 930 438 et
946 411 1044 439 volun-

254 455 318 482 tatis
335 463 343 482 :
359 463 422 483 esse
441 463 550 490 quoque
566 456 590 483 ei
606 461 745 483 certamen
763 457 895 485 adversus
908 457 1043 486 diabolum

252 505 281 528 et
295 501 406 536 angelos
421 501 491 536 ejus,
505 501 717 536 contrariosque
728 502 860 534 virtutes,
877 510 910 530 ex
925 510 959 530 eo
973 503 1043 538 quod

253 545 292 573 illi
309 546 428 581 peccatis
441 554 500 574 eam
518 554 637 575 onerare
649 547 829 580 contendant,
857 554 907 576 nos
931 555 1006 580 vero,
1020 547 1043 575 si

254 597 327 620 recte
351 593 528 628 consultaque
557 593 692 625 vivamus,
717 593 751 621 ab
768 593 953 629 hujuscemodi
986 594 1042 631 (56)

252 646 336 666 onere
345 646 447 667 exuere
462 647 512 667 nos
528 646 668 668 conemur.
683 639 761 668 Unde
776 644 804 667 et
819 647 989 675 consequens
1002 646 1043 668 est

255 685 409 721 intelligere
433 693 487 713 non
514 694 564 714 uos
591 686 747 714 necessitati
763 693 825 714 esse
840 687 991 723 subjectos,
1014 692 1044 714 ut

253 731 430 765 omnimodo,
445 731 529 759 etiam
544 731 566 759 si
578 732 709 765 nolimus,
731 731 773 759 vel
793 732 883 765 bona,
905 732 948 760 vel
972 732 1042 760 mala

253 785 335 813 agere
349 785 491 813 cogamur.
508 778 536 806 Si
553 778 625 806 enim
640 779 726 806 nostri
741 778 849 806 arbitrii
865 786 977 813 sumus,
992 779 1043 807 im-

255 831 376 858 pugnare
399 831 451 851 nos
474 823 596 851 iortasse
623 828 739 859 possunt
756 823 854 859 aliquae
870 824 985 852 virtutes
1007 825 1041 852 ad

252 874 406 904 peccatum,
422 874 449 897 et
465 869 630 904 alimjuvare
651 869 684 897 ad
708 869 845 903 salutem,
870 878 924 898 non
950 875 1040 898 tamen

253 916 415 944 necessitate
427 915 550 950 cogimur
563 915 606 943 vel
625 921 700 943 recte
711 923 801 950 agere,
814 916 855 944 vel
867 916 949 945 male.
964 916 1041 950 Quod
1062 938 1070 946 .

253 961 310 990 fieri
327 962 498 989 arbitrantur
522 961 567 997 qui
592 961 734 990 stellarum
763 969 872 990 cursum
899 967 927 990 et
951 968 1041 991 motus

251 1015 360 1034 causam
389 1007 482 1034 dicunt
512 1007 693 1035 humanorum
722 1014 782 1035 esse
805 1013 953 1043 gestorum,
987 1015 1040 1036 non

210 1086 218 1098 Ι
249 1060 344 1080 eorum
361 1061 421 1087 qua:
434 1057 511 1080 extra
527 1053 633 1080 arbitrii
651 1053 778 1080 accidunt
793 1053 945 1083 libertatem
956 1075 964 1086 ,
980 1053 1039 1082 sed

250 1106 348 1127 eorum
373 1107 434 1134 quas
463 1100 490 1126 in
517 1103 611 1127 nostra
637 1104 701 1126 sunt
723 1100 808 1134 posita
833 1105 977 1134 potestate.
1002 1101 1040 1128 De

250 1147 340 1173 anima
356 1153 435 1178 vero,
456 1145 513 1181 (57)
542 1151 631 1172 utrum
649 1153 683 1172 ex
703 1146 815 1173 seminis
830 1147 943 1174 traduce
957 1147 1039 1175 duca~

252 1197 304 1223 tur,
326 1192 360 1220 ita
382 1197 410 1218 ut
428 1192 497 1219 ratio
512 1191 599 1226 ipsius
623 1191 664 1219 vel
687 1191 839 1220 substantia
855 1193 958 1220 inserta
975 1194 1039 1228 ipsis

249 1238 436 1273 corporalibus
470 1237 619 1265 seminibus
644 1237 788 1271 habeatur,
819 1246 853 1266 an
878 1246 943 1268 vero
966 1240 1038 1268 aliud

250 1285 357 1312 initium
374 1284 472 1311 habeat
489 1292 495 1311 :
511 1288 538 1310 et
561 1283 613 1311 hoc
633 1283 720 1318 ipsum
745 1283 852 1312 initium
875 1285 899 1312 si
916 1286 1037 1320 genitum

249 1334 302 1360 est.
315 1333 361 1356 aut
376 1336 427 1356 non
447 1329 579 1364 genitum,
599 1329 642 1357 vel
658 1333 733 1357 certe
748 1330 771 1357 si
787 1330 958 1359 extrinsecus
974 1339 1038 1360 icor-

251 1376 310 1411 pori
334 1375 447 1408 inditur,
472 1382 567 1405 necne,
594 1383 647 1402 non
665 1375 732 1402 satis
746 1375 890 1404 manifesta
907 1378 1037 1411 prtedica-

249 1421 325 1448 tionc
341 1420 529 1454 distinguitur.
546 1420 583 1447 De
594 1421 713 1453 diabolo,
728 1425 756 1448 et
770 1422 875 1457 angelis
890 1422 960 1457 ejus,
971 1431 1037 1458 cou-

250 1467 398 1501 trariisque
415 1465 562 1493 virtutibus
574 1465 761 1494 ecclesiastica
778 1467 935 1501 praedicatio
945 1468 1037 1497 docuit

248 1514 379 1549 quoniam
399 1513 454 1540 sint
477 1512 588 1548 quidem
613 1512 670 1541 haec
686 1522 694 1540 :
711 1521 770 1548 quae
796 1520 886 1542 autem
909 1515 973 1549 sint,
995 1516 1036 1543 vel

248 1559 385 1595 quomodo
406 1559 471 1591 sint,
488 1567 541 1586 non
555 1558 623 1586 satis
643 1559 716 1587 clare
731 1561 869 1595 exposuit.
884 1562 962 1597 Apud
977 1562 1036 1597 plu-

248 1606 333 1634 rimos
359 1611 450 1633 tamen
478 1605 530 1632 ista
556 1605 674 1632 habetur
697 1606 799 1640 opinio,
819 1608 897 1642 quod
924 1609 1036 1644 angelus

246 1651 330 1681 fuerit
353 1653 404 1679 iste
426 1651 557 1685 diabolus,
574 1658 602 1680 et
618 1657 743 1687 apostata
762 1652 875 1681 effectus
894 1654 1036 1690 quamplu-

247 1700 332 1727 rimos
346 1699 504 1734 angelorum
523 1706 616 1727 secum
631 1699 769 1727 declinare
781 1701 969 1734 persuaserit,
988 1700 1034 1735 qui

246 1752 274 1775 et
300 1755 372 1775 nunc
397 1753 483 1781 usque
510 1745 597 1781 angeli
626 1745 713 1780 ipsius
748 1749 949 1782 nuncupantur.
986 1746 1034 1775 Est

246 1799 379 1829 prmterea
390 1798 419 1820 et
433 1793 497 1820 illud
509 1793 535 1821 in
547 1793 731 1822 ecclesiastica
744 1792 947 1827 praedicatione,
961 1794 1034 1828 quod

246 1839 364 1866 mundus
379 1839 431 1866 iste
442 1839 478 1866 sit
491 1839 595 1870 factus,
608 1844 637 1866 et
652 1846 666 1865 a
685 1843 762 1866 certo
776 1842 898 1873 tempore
908 1838 1032 1872 creuerit,

245 1889 273 1912 et
299 1885 335 1912 sit
353 1891 402 1919 pro
419 1884 475 1918 ipsa
501 1883 546 1911 sui
576 1883 751 1918 corruptione
776 1882 921 1910 solvendus
939 1892 946 1910 :
962 1884 1026 1918 quid

245 1937 336 1959 tamen
360 1935 424 1958 ante
442 1931 516 1958 hunc
543 1929 786 1962 mundumfuerit,
814 1935 864 1957 aut
891 1930 955 1964 quid
973 1933 1034 1964 post

245 1977 375 2004 mundum
387 1976 450 2008 erit,
460 1976 516 2010 iam
532 1984 584 2003 non
606 1982 656 2009 pro
672 1974 826 2002 manifesto
843 1973 934 2001 multis
952 1974 1033 2001 inno-

243 2023 296 2051 tuit
311 2031 318 2048 :
332 2031 387 2051 non
415 2023 488 2050 enim
510 2022 655 2050 evidenter
670 2023 704 2048 de
722 2021 771 2048 this
793 2021 821 2048 in
843 2020 1030 2050 ecclesiastica

244 2070 435 2104 praedicatione
459 2076 551 2096 sermo
576 2067 726 2103 profertur.
753 2066 822 2094 Tum
838 2067 936 2094 deinde
959 2069 1031 2102 quod

243 2122 293 2150 per
309 2114 438 2149 Spiritum
471 2114 516 2141 Dei
546 2113 696 2147 Scriptum
721 2113 884 2148 conscrime
912 2113 981 2146 sint,
1004 2117 1032 2140 et

241 2167 353 2188 sensum
367 2160 496 2191 habeant,
518 2167 572 2187 non
593 2167 654 2187 eum
670 2158 756 2186 solum
773 2159 820 2194 qui
840 2159 868 2186 in
885 2158 1029 2187 manifesto

1133 227 1277 256 Ontcsuss.
1291 237 1300 254 ι
1315 228 1363 255 Est
1376 229 1457 255 etiam
1473 229 1536 256 illud
1551 229 1577 256 in
1589 229 1775 258 ecclesiastica
1786 232 1874 264 praedi-

1097 273 1224 304 catione,
1250 280 1311 301 esse
1336 273 1448 309 angelos
1474 274 1520 301 Dei
1544 276 1687 309 quosdam,
1709 281 1738 304 et
1765 277 1872 306 virtutes

1097 319 1192 351 bonas,
1209 318 1292 353 quiei
1309 318 1467 347 ministrent
1479 321 1512 347 ad
1532 321 1645 348 salutetn
1661 322 1802 349 hominum
1816 331 1872 351 con-

1096 365 1281 393 summandam
1291 374 1296 392 :
1307 366 1353 394 sed
1361 366 1468 401 quando
1476 365 1519 393 isti
1529 366 1610 393 creati
1625 367 1688 396 sint.
1696 367 1754 402 (58)
1765 368 1805 394 vel
1814 376 1872 402 qua—

1096 411 1145 443 les,
1162 416 1209 438 aut
1220 413 1355 447 quomodo
1367 411 1432 445 sint,
1443 420 1495 440 non
1513 412 1579 440 satis
1593 413 1618 440 in
1630 413 1774 441 manifesto
1785 413 1872 442 distin.

1095 458 1197 492 gttitur.
1225 458 1261 486 De
1273 458 1330 486 sole
1344 465 1450 491 autem,
1474 464 1501 486 et
1517 459 1590 491 luna,
1616 464 1644 486 et
1666 460 1765 493 stellis,
1789 465 1870 489 utrum

1095 504 1243 533 animantia
1255 505 1321 536 sint,
1335 513 1368 533 an
1383 506 1520 538 exanima,
1532 505 1674 534 manifeste
1688 513 1742 533 non
1754 507 1871 536 traditur.

1095 550 1208 585 Oportet
1224 551 1306 587 igitur
1319 551 1393 579 velut
1407 551 1549 579 elementis
1571 559 1602 579 ac
1624 552 1808 580 fundamentis
1826 553 1870 580 hu-

1092 595 1208 630 jnsmodi
1223 597 1274 629 uti,
1285 597 1434 624 secundum
1451 597 1605 624 mandatum
1620 599 1693 632 quod
1705 598 1773 625 dicit
1786 606 1793 625 ί
1807 597 1870 625 Ilis-

1094 643 1191 669 minate
1205 642 1276 669 vobis
1289 642 1376 669 lumen
1391 642 1508 669 scimtite
1518 641 1552 676 η,
1563 649 1623 668 eum
1638 643 1682 676 qui
1695 642 1771 676 cupit
1781 643 1869 672 seriem

1094 688 1238 721 quamdam
1265 692 1292 715 et
1317 695 1415 722 corpus
1437 695 1471 716 ex
1494 688 1592 716 horum
1619 688 1742 716 omnium
1774 689 1869 716 ratione

1093 734 1240 767 coniicere,
1253 739 1283 761 ut
1295 735 1446 763 manifestis
1463 739 1491 763 et
1508 735 1670 764 necessariis
1681 735 1869 763 assertionibus

1092 778 1125 807 de
1140 779 1253 815 singulis
1270 781 1421 815 quibusque
1433 781 1498 815 quid
1520 780 1556 808 sit
1575 781 1601 808 in
1622 788 1688 808 vero
1705 781 1829 812 rimetur.
1846 786 1868 808 et

1093 834 1187 860 unum,
1206 831 1234 854 ut
1250 826 1380 859 diximus,
1391 833 1491 862 corpus
1506 826 1605 856 eﬂlciat
1622 827 1756 862 exemplis
1771 831 1798 855 et
1811 827 1869 855 allii-

1093 873 1269 906 mationibus,
1287 872 1330 900 Vel
1344 873 1386 901 bis
1398 880 1467 908 quas
1481 873 1506 901 in
1524 873 1626 902 sanctis
1637 873 1788 908 Scripturis
1802 874 1867 901 inve-

1092 920 1172 952 nerit,
1185 920 1227 947 vel
1243 926 1311 954 quas
1327 927 1361 947 ex
1376 920 1578 954 consequentia:
1592 919 1678 955 ipsius
1692 920 1827 956 indagine.
1843 929 1868 948 ac

1092 967 1158 994 recti
1176 971 1270 994 tenore
1285 967 1431 1002 repererit.
1452 977 1462 994 ι

1126 1012 1291 1041 ΡΔΙΡΙΙΙΜΙΞ.
1320 1012 1376 1049 (59)
1403 1012 1465 1040 Haec
1497 1012 1605 1047 quidem
1639 1012 1712 1040 inter
1743 1012 1867 1047 principia

1091 1058 1170 1094 primi
1186 1059 1247 1086 libri
1261 1059 1330 1094 Περὶ
1340 1057 1441 1094 ἀρχῶν
1456 1059 1594 1092 disseruit,
1610 1063 1638 1086 ut
1651 1058 1806 1086 ostenderet
1816 1065 1867 1093 qua!

1090 1103 1145 1131 sint
1156 1103 1201 1131 illa
1209 1112 1274 1139 quas
1289 1104 1432 1132 manifeste
1450 1105 1476 1131 in
1492 1104 1675 1132 ecclesiastica
1687 1103 1868 1139 praedicatione

1091 1150 1188 1177 tradita
1202 1156 1275 1182 sunt,
1293 1155 1320 1178 et
1334 1158 1395 1185 qua:
1410 1151 1465 1178 sint
1482 1158 1542 1186 quae
1557 1158 1609 1178 non
1632 1155 1728 1186 aperte
1743 1150 1866 1178 deﬁniun-

1091 1197 1146 1220 tur.
1165 1193 1203 1220 De
1215 1193 1315 1227 quibus
1330 1192 1447 1227 singulis
1463 1193 1612 1221 secundum
1621 1200 1684 1221 .eam
1697 1192 1865 1226 divisionem,

1090 1245 1172 1273 quam
1189 1245 1273 1273 supra
1295 1239 1435 1272 ostendit,
1451 1239 1568 1273 sparsim
1592 1239 1714 1273 disputat
1729 1238 1757 1266 in
1773 1238 1865 1272 reliquo

1090 1290 1205 1317 corpore
1216 1283 1365 1317 librorum,
1381 1291 1413 1313 ea
1429 1285 1538 1320 quidem
1559 1292 1619 1319 qua:
1630 1291 1662 1312 ex
1679 1284 1792 1312 definito
1804 1291 1864 1319 pra:-

1089 1329 1175 1356 dicari
1188 1329 1223 1357 ab
1238 1328 1361 1359 Ecclesia
1374 1337 1457 1365 supra
1479 1329 1583 1363 docuit,
1598 1329 1729 1357 omnibus
1746 1329 1864 1357 adhibitis

1089 1375 1287 1411 probamcnlis,
1311 1384 1343 1404 ex
1357 1376 1509 1412 Scripturis
1526 1376 1629 1404 sanctis
1651 1375 1822 1404 manifestius
1841 1381 1865 1403 et

1088 1421 1259 1449 constantius
1269 1428 1415 1454 asserens;
1433 1422 1467 1449 de
1478 1421 1522 1449 his
1538 1428 1603 1449 vero
1619 1422 1652 1449 de
1666 1421 1768 1456 quibus
1784 1425 1863 1449 osten-

1089 1468 1128 1496 dit
1147 1475 1201 1496 non
1217 1467 1372 1500 manifeste,
1394 1475 1483 1502 neque
1511 1475 1542 1496 ex
1568 1468 1680 1496 definito
1707 1468 1735 1496 in
1753 1467 1862 1495 Ecclesia

1088 1514 1241 1550 praedicari,
1255 1513 1430 1549 opinionibus
1447 1514 1544 1549 magis,
1563 1519 1592 1542 et
1612 1513 1655 1542 his
1678 1514 1804 1542 sensibus
1822 1512 1861 1548 qul

1090 1560 1239 1596 disputanti
1256 1561 1281 1587 ei
1292 1565 1321 1587 et
1335 1559 1465 1588 tractanti
1481 1560 1514 1587 de
1538 1559 1636 1587 talibus
1651 1566 1799 1587 occurrere
1819 1566 1863 1594 po-

1090 1612 1210 1640 tuerunt,
1225 1614 1307 1642 quam
1321 1604 1403 1634 certis
1419 1606 1556 1641 aliquibus
1567 1613 1599 1633 ac
1613 1605 1735 1634 definitis
1747 1605 1863 1633 assertio‘

1088 1653 1169 1680 nibus
1183 1653 1279 1684 utitur,
1296 1651 1321 1679 id
1336 1656 1389 1684 est,
1403 1651 1550 1679 discutiens
1560 1655 1588 1679 et
1600 1655 1774 1686 pertractans
1785 1650 1862 1685 potius

1088 1706 1169 1734 quam
1192 1697 1339 1726 afﬁrmans.
1362 1697 1390 1725 In
1416 1698 1542 1726 omnibus
1560 1703 1649 1725 tamen
1674 1697 1810 1725 sermonis
1827 1696 1861 1723 sui

1089 1744 1223 1777 meminit.
1239 1744 1297 1778 ejus
1314 1751 1397 1779 quem
1409 1751 1491 1778 supra
1508 1744 1645 1778 exposuit,
1665 1751 1730 1772 cum
1743 1744 1782 1771 ait
1797 1743 1860 1771 illaut

1087 1791 1172 1818 solam
1191 1790 1375 1824 recipiendam
1399 1794 1427 1817 et
1450 1789 1612 1817 credendam
1637 1797 1699 1817 esse
1720 1789 1860 1820 veritatem.

1087 1844 1148 1872 quas
1167 1837 1194 1864 in
1219 1837 1292 1864 nullo
1309 1835 1466 1871 apostolicis
1484 1841 1512 1863 et
1527 1835 1723 1864 ecclesiasticis
1742 1834 1861 1870 dogmati-

1087 1884 1137 1911 bus
1151 1883 1312 1911 adversatur
1329 1891 1337 1909 :
1351 1886 1379 1910 et
1399 1890 1452 1910 non
1468 1882 1555 1909 solum
1572 1882 1599 1909 in
1613 1881 1741 1909 hislihris
1757 1887 1859 1916 quorum

1086 1936 1170 1964 supra
1188 1929 1303 1957 fecimus
1321 1929 1486 1956 mentionem
1497 1948 1505 1962 ,
1526 1928 1573 1956 sed
1587 1932 1614 1955 et
1627 1928 1653 1955 in
1669 1928 1795 1955 omnibus
1809 1933 1859 1961 qua:

1086 1977 1121 2004 de
1145 1976 1297 2011 Scripturis
1310 1977 1433 2010 exponit,
1459 1975 1510 2003 hac
1525 1975 1659 2002 sententia
1681 1975 1722 2002 uti
1742 1974 1818 2005 solet,
1836 1977 1858 1998 et

1086 2022 1114 2049 in
1135 2021 1179 2049 his
1198 2021 1334 2056 praacipue
1356 2021 1383 2048 in
1412 2021 1511 2055 quibus
1534 2020 1625 2055 plures
1649 2019 1732 2047 unius
1759 2016 1856 2061 capituli

1085 2067 1324 2102 interpretationes
1340 2066 1464 2101 exponit,
1485 2066 1536 2093 hoc
1553 2073 1694 2098 asserens,
1714 2072 1744 2093 se
1759 2064 1855 2100 quidem

1085 2121 1119 2141 ne
1132 2113 1197 2148 quid
1210 2114 1282 2147 quod
1296 2113 1350 2140 dici
1367 2113 1454 2147 possit
1470 2113 1618 2144 omitteret,
1635 2111 1712 2146 plura
1731 2111 1773 2139 vel
1783 2111 1856 2138 (ἥνυτε

1085 2167 1125 2192 sa,
1142 2163 1223 2194 prout
1247 2159 1350 2186 sentire
1376 2159 1474 2193 potuit,
1499 2157 1660 2193 protulisse;
1687 2156 1753 2185 illud
1777 2161 1855 2184 autent

241 2212 293 2238 est,
309 2206 357 2233 sed
370 2205 488 2232 etalium
501 2205 646 2240 quemdam
658 2205 788 2233 latentem
802 2205 1028 2240 quamplurimas.
1046 2216 1068 2244 ο
1084 2205 1184 2233 debere
1202 2206 1289 2233 teucri
1302 2205 1376 2240 quod
1393 2205 1558 2240 apostolicus
1569 2209 1652 2240 atque
1665 2202 1856 2232 ecclesiasticus

241 2251 346 2280 Formae
357 2252 429 2279 enitn
445 2257 508 2279 sunt
524 2252 581 2279 haec
597 2259 657 2286 qua:
669 2251 770 2286 scripta
784 2255 849 2278 sunt
867 2258 1026 2278 sacramen-

242 2303 330 2326 torum
350 2298 539 2332 quorumdam.
556 2302 583 2325 et
596 2297 755 2325 divinarum
772 2305 863 2325 rerum
877 2297 1027 2332 imagines’:

241 2343 275 2371 de
286 2351 339 2378 quo
356 2343 438 2370 totius
452 2342 581 2370 Ecclesiae
601 2351 672 2371 unus
692 2347 733 2370 est
751 2350 849 2371 sensus
861 2363 870 2376 ,
891 2351 952 2371 esse
969 2344 1029 2378 qui-

241 2386 302 2416 de'm
314 2395 420 2415 omnem
434 2388 522 2423 legem
537 2388 688 2423 spiritalem
702 2409 710 2423 ,
738 2397 790 2417 non
816 2393 906 2417 tamen
923 2397 954 2416 ea
969 2397 1029 2424 qua:

241 2436 327 2470 spirat
340 2435 395 2466 lex,
407 2442 467 2462 esse
484 2435 612 2462 omnibus
629 2440 706 2468 nota,
724 2435 775 2463 nisi
799 2436 840 2463 bis
853 2435 917 2463 solis
928 2436 1028 2470 quibus

239 2481 326 2516 gratia
339 2480 455 2514 Spiritus
464 2481 551 2508 sancti
565 2480 591 2507 in
602 2481 687 2509 verbo
705 2481 846 2517 sapientiae
860 2489 893 2509 ac
907 2483 1027 2510 scientia:

238 2528 414 2556 contionatur.
435 2537 443 2553 ι

275 2574 296 2590 ¹³
310 2573 320 2601 l
333 2574 395 2601 Cor.
412 2582 455 2602 xv.
471 2574 516 2602 49..
555 2575 652 2602 "ibid.
667 2575 711 2602 4⁵5.
751 2575 772 2590 ³⁵
795 2575 856 2603 05c.
881 2584 907 2607 κ,
931 2575 975 2602 12.

275 2622 329 2656 (56)
349 2622 412 2648 Mss.
427 2622 547 2656 plerique
569 2622 698 2649 omittunt
723 2631 811 2654 onere,
836 2623 907 2656 quod
932 2628 1021 2650 exstat

238 2658 264 2684 in
279 2657 371 2684 editis.
386 2656 435 2684 Ms.
448 2657 623 2688 Sorbouicus,
640 2661 667 2684 et
681 2657 750 2684 alter
763 2658 793 2684 S.
817 2657 904 2685 Vitoui
922 2659 1022 2686 habent

237 2692 311 2718 clude
326 2699 375 2726 pro
395 2700 481 2720 onere.
508 2692 609 2719 Deinde
629 2700 679 2719 ms.
700 2693 867 2720 Sorbouicus
880 2713 887 2725 ,
903 2694 1018 2720 necessi-

237 2732 289 2753 tate
306 2735 361 2754 esre
375 2727 505 2762 subjectos
518 2735 528 2753 :
542 2727 633 2754 cazteri
649 2736 714 2755 vero
740 2735 805 2755 mss.
831 2734 858 2755 et
870 2728 934 2755 editi
947 2748 955 2760 ,
976 2737 1020 2755 ne-

236 2763 355 2789 cessitate
369 2770 425 2789 esse
436 2762 578 2796 subjectos.

273 2796 329 2831 (57)
343 2797 472 2824 Met'Iittus
486 2798 574 2829 habet,
593 2802 682 2824 utrum
695 2806 727 2825 ex.
739 2799 835 2826 sentiae
850 2799 1019 2825 traducatur.

237 2830 446 2863 Gencbrardus,
470 2838 556 2859 utrum
581 2841 614 2860 ea;
637 2834 733 2860 terniue
752 2833 871 2861 traducis
894 2833 1017 2861 ducatur.

1083 2251 1169 2279 lector
1184 2251 1321 2286 probaret.
1341 2251 1400 2280 Hoc
1417 2252 1487 2279 idem
1505 2252 1663 2279 facitetiam
1681 2258 1744 2278 cum
1757 2248 1855 2277 hami.

1082 2305 1178 2326 corum
1195 2298 1306 2326 discutit
1322 2304 1411 2326 sectas
1430 2309 1435 2326 :
1453 2298 1552 2333 quibus
1573 2298 1701 2325 omnibus
1721 2294 1854 2324 confutatis

1082 2349 1164 2379 atque
1180 2345 1323 2377 convictis.
1339 2352 1420 2372 uuatn
1437 2344 1535 2377 solam,
1556 2351 1671 2378 eamque
1684 2350 1766 2377 quam
1785 2346 1854 2374 supra,

1081 2389 1217 2424 exposuit,
1232 2389 1379 2422 catholicae
1393 2389 1517 2417 veritatis
1539 2389 1701 2417 sententiam
1722 2390 1802 2416 tenet.
1823 2385 1854 2412 De

1081 2435 1180 2470 quibus
1201 2435 1314 2471 singulis
1339 2435 1455 2470 qualiter
1482 2434 1652 2469 responderit
1672 2432 1813 2464 haereticis,
1832 2432 1854 2456 et

1081 2482 1217 2517 quomodo
1232 2482 1359 2510 universa
1375 2489 1469 2510 eorum
1492 2481 1617 2516 dogmata
1634 2480 1791 2511 destruens,
1806 2478 1852 2511 ipse

1080 2535 1188 2563 semper
1198 2529 1374 2563 apostolicam
1389 2527 1588 2556 confirmaverit
1606 2526 1702 2558 iidem,
1715 2525 1737 2553 si
1749 2524 1852 2552 velimus

1075 2623 1128 2651 Sed
1142 2630 1237 2650 omnes
1258 2629 1322 2649 mss.
1338 2627 1366 2648 ut
1390 2622 1416 2649 in
1443 2627 1534 2649 nostro
1563 2625 1649 2648 texttt.
1680 2619 1780 2648 Deinde
1803 2624 1847 2655 ηιξ-

1075 2658 1261 2689 Sorbonicus,
1276 2657 1379 2690 corpori
1393 2657 1524 2688 induitur,
1552 2664 1598 2686 nec
1621 2664 1663 2688 ne,
1690 2656 1752 2682 satis
1773 2659 1848 2679 mant-

1074 2693 1342 2730 festoprtedicatione
1357 2692 1536 2730 distinguitur.
1671 2725 1677 2730 ν

1109 2724 1165 2762 (58⁷)
1188 2727 1232 2754 Vel
1245 2727 1345 2761 quales.
1367 2724 1641 2754 llaec-desiderantur
1670 2725 1697 2753 in
1720 2724 1847 2755 editis,cl

1074 2763 1251 2790 restituuntur
1265 2770 1297 2788 cx
1317 2769 1380 2798 mss.
1517 2795 1536 2798 __
1633 2796 1638 2798 _
1652 2796 1657 2798 Α
1720 2795 1725 2798 _
1789 2792 1794 2798 .
1829 2790 1834 2795 _

1109 2798 1165 2833 (59)
1181 2797 1215 2824 ltn
1233 2804 1298 2825 mss.
1324 2797 1394 2824 Editi
1411 2805 1484 2830 vero,
1512 2795 1576 2824 lim
1594 2796 1697 2830 quidem
1717 2795 1744 2822 in
1757 2795 1846 2829 prjna‘

1071 2841 1124 2868 pro,
1141 2839 1194 2859 ctc.
