1909 3080
86 137 140 166 555

657 136 827 165 APOLOGIA
847 135 916 163 PRO
934 135 1094 164 ORIGENE.

1657 137 1708 165 5ῧό

86 201 182 222 omnes
196 194 349 222 sententias
363 194 422 228 ejus
436 201 602 230 congregare
614 215 622 228 ,
642 199 669 223 et
684 194 793 229 longum
811 193 876 220 satis
892 195 912 222 Α
927 193 1083 224 conﬁtetur.
1100 197 1128 220 ct
1141 197 1232 220 tamen
1250 193 1331 220 alium
1347 192 1431 219 Deum
1448 192 1512 227 legis
1527 197 1552 220 et
1566 194 1709 228 propheta-

87 245 140 272 est,
168 246 195 268 et
211 241 266 267 erit
287 245 341 268 tam
369 242 446 268 nobis
470 241 515 275 qui
544 241 691 268 scribimus
718 248 874 272 onerosum,

85 294 168 322 quam
184 286 337 322 legentibus
354 287 505 314 taediosum.
528 286 580 314 Sed
601 286 697 314 suﬂicit
710 295 794 322 pauca
812 294 874 321 pro-

87 332 172 365 ferre,
188 332 214 359 in
230 333 331 366 quibus
347 334 469 360 omnium
484 334 607 368 proiecto
626 333 704 360 facile
715 333 876 367 dignoscen-

88 383 133 404 tttr
148 377 262 404 indicia.
284 376 378 413 Neque
391 378 464 406 enim
480 383 575 406 contra
590 378 695 405 Domini
713 379 874 405 sententiam

85 424 260 451 sentiendum
285 429 338 456 est,
363 429 392 451 ut
413 425 459 460 qui
479 425 505 452 in
530 425 623 459 paucis
648 425 784 452 invenitur
810 424 876 451 title-

86 469 132 501 Iis,
164 477 217 497 non
240 470 323 497 etiam
359 470 386 497 itt
415 470 508 497 multis
543 475 571 498 et
605 470 696 498 haberi
727 471 823 498 dehcat
848 474 874 497 et

86 516 161 543 credi
177 516 264 544 ﬁdelis
274 517 306 544 ¹⁶.
323 517 441 544 Primum
452 525 519 552 ergo
531 525 564 545 ex
582 517 639 551 ejus
654 517 730 544 libris
743 523 874 551 ponemus

84 561 240 596 exemplum
256 561 328 596 quod
342 562 381 589 illi
399 563 532 597 superiori
546 563 700 593 conveniat.
712 569 745 589 ex
760 570 792 589 eo
804 562 874 589 lihro

91 613 175 641 quem
193 607 219 634 in
233 607 381 641 Epistolam
393 607 467 635 Pauli
485 608 599 642 apostoli
613 608 644 635 ad
660 607 750 634 Titum
765 606 874 641 scripsit

87 652 122 679 dc
137 659 172 679 eo
188 652 306 686 capitulo
326 653 351 680 in
369 661 422 688 quo
444 653 509 681 dicit
528 653 674 688 Apostolus
689 661 696 680 :
714 652 873 679 ereticum

82 696 220 724 hominem
234 703 291 732 post
305 698 359 734 (60)
378 706 458 725 unam
481 699 669 732 correptionem
682 698 778 729 deuito,
789 698 872 724 sciens

84 745 151 780 quia
162 753 298 780 perversos
309 751 358 780 est,
367 751 392 772 et
402 751 501 780 peccat,
514 747 560 782 qni
570 751 608 774 est
617 756 632 774 α
646 746 783 781 semetipso
793 746 871 773 dant-

83 795 167 816 natus
183 789 216 816 ".
233 789 289 825 (6i)
308 791 344 818 De
363 798 416 825 quo
431 792 497 818 dicit
510 791 597 826 qualis
610 791 645 819 sit
657 792 701 826 qui
717 791 870 826 haereticus,

89 841 119 863 et
133 836 224 870 qualis
236 836 270 863 sit
285 837 331 872 qui
347 837 497 865 catholicus
508 842 549 865 est
561 842 589 864 et
601 837 811 866 ecclesiasticus.

118 881 267 910 ORIGENES.
293 882 350 918 (62)
371 891 381 908 ι
413 883 514 910 Nomen
537 883 659 916 haeresis,
676 888 805 917 quantum
821 891 871 918 ego

82 927 290 962 deprehendere
317 928 401 962 potui,
431 927 513 955 etiam
532 929 559 955 in
575 928 695 962 Epistola
714 929 747 956 ad
774 928 871 956 Corin-

82 973 158 1000 thios
176 973 336 1006 designatur
362 974 414 1000 hoc
436 973 517 1001 modo
535 982 541 1000 :
559 973 666 1005 Oportet
680 974 748 1001 enim
759 973 870 1001 litoreae:

80 1026 150 1051 me,
168 1023 194 1044 ut
209 1019 311 1051 probati
325 1018 459 1052 manifesti
480 1019 546 1052 ﬁant
563 1020 632 1046 inter
646 1027 689 1046 vos
713 1019 745 1046 ίπ.
772 1019 806 1046 Et
822 1020 871 1046 itc-

81 1071 144 1090 rum
158 1063 192 1090 ad
207 1063 316 1090 Galatas
339 1063 412 1090 inter
424 1071 504 1099 opera
526 1065 616 1091 carnis
636 1065 746 1092 harresis
764 1071 870 1100 quoque

81 1116 186 1136 nomen
211 1110 365 1141 ascribitur,
382 1110 452 1137 sicut
468 1110 506 1137 ait
522 1119 529 1138 :
548 1109 692 1145 Manifesta
709 1115 794 1137 autem
810 1116 869 1138 ιιιηι

80 1162 165 1188 opera
185 1155 282 1186 carnis,
300 1163 359 1190 qute
373 1160 435 1183 sunt
450 1155 601 1190 fornicatio,
620 1157 804 1188 immunditia.
821 1157 870 1183 im-

79 1198 227 1232 pudicitia,
236 1198 387 1226 idololatria
397 1220 405 1233 ,
417 1200 548 1234 veneficia,
564 1200 720 1231 inimicitia,
729 1201 869 1227 contentio-

81 1251 143 1276 nes,
159 1244 357 1276 aemulationes,
378 1245 425 1272 ira:
437 1264 446 1278 ,
464 1245 546 1278 ήκω,
566 1246 722 1278 discordiaz,
739 1246 849 1273 hwreser
861 1266 868 1277 ,

78 1289 233 1322 ebrietates,
251 1290 463 1322 comessationes,
476 1297 500 1317 et
514 1291 554 1318 his
565 1290 676 1323 similia,
689 1298 749 1324 qua:
765 1296 787 1318 et
798 1298 868 1325 pra:-

79 1335 143 1362 ὀίω
156 1335 228 1362 vobis
236 1336 359 1370 quoniam
371 1337 417 1371 qui
432 1336 496 1362 talia
511 1340 604 1370 agunt,
624 1344 731 1370 regnum
750 1335 797 1362 Dei
818 1344 870 1363 non

78 1380 250 1414 possidebunt
263 1379 306 1410 '8‘.
316 1379 367 1408 Per
377 1387 436 1415 qua:
446 1381 646 1416 cognoscimus,
662 1380 788 1415 quoniam
800 1380 870 1408 sicut

78 1426 108 1453 bi
128 1426 175 1460 qui
196 1425 418 1454 fornicationibus
430 1427 472 1453 vel
489 1426 689 1459 immunditiis,
715 1431 796 1460 atque
816 1425 868 1454 im—

77 1472 242 1506 pudicitiis,
271 1476 299 1498 et
324 1471 459 1499 idolorum
487 1471 604 1499 cultibus
628 1472 755 1500 maculati
783 1477 867 1505 sunt,

927 246 996 270 rum,
1015 238 1096 265 alium
1122 238 1326 273 Evangeliorum
1351 239 1432 265 Deum
1455 239 1537 267 dicit.
1559 244 1586 266 et
1603 239 1708 266 Putrem

931 283 1036 311 Domini
1061 283 1146 311 nostri
1159 284 1222 311 Jesn
1238 284 1337 311 Christi
1358 292 1410 311 non
1431 291 1491 311 eum
1505 284 1570 311 dicit
1584 292 1644 312 esse
1664 286 1708 319 qni

926 335 941 355 a
960 327 1018 363 lege
1038 333 1065 356 et
1087 329 1225 364 prophetis
1246 331 1418 364 praedicatur.
1440 330 1487 357 sed
1507 330 1589 357 alium
1618 333 1710 357 nescio

928 381 1008 409 quem
1023 375 1145 410 ignotum
1159 376 1285 403 omnibus
1308 381 1389 410 atque
1407 376 1532 404 omnibus
1545 377 1708 409 inauditum,

926 421 1080 455 huiusmodi
1096 422 1220 450 homines
1245 423 1385 450 haereticos
1414 423 1595 458 designamus,
1618 431 1710 458 quum-

925 465 990 494 lihet
1008 467 1089 495 variis
1105 475 1138 495 ac
1157 468 1270 495 diversis
1286 473 1312 495 et
1332 468 1462 496 fabulosis
1480 470 1643 496 concinnem
1656 469 1708 496 ista

926 511 1070 545 ﬁgmentis,
1084 512 1152 539 sicut
1168 512 1224 548 (65)
1235 518 1386 540 sectatores
1401 513 1556 546 Marcionis,
1569 519 1596 541 et
1607 514 1707 541 Valen-

925 556 985 589 tini.
1004 563 1031 584 et
1049 557 1183 591 Basilidis,
1202 563 1230 586 et
1241 559 1266 585 hi
1282 559 1327 594 qui
1342 566 1371 587 se
1384 559 1532 587 Tcthianos
1549 560 1605 596 (66)
1621 560 1708 595 appel~

923 601 990 630 lant.
1004 602 1058 631 Sed
1074 608 1101 631 et
1116 604 1221 639 Apelles
1242 605 1305 632 licet
1330 612 1383 632 non
1403 605 1528 633 omnibus
1548 606 1634 633 modis
1659 606 1706 633 Dei

923 656 984 676 esse
1005 651 1117 684 deneget
1137 650 1223 684 legem
1250 650 1291 678 vel
1310 652 1471 686 prophetas,
1488 656 1576 678 tamen
1595 656 1622 678 et
1650 652 1708 686 ipse

923 696 1067 723 luereticus
1085 696 1255 731 designatur,
1269 698 1396 731 quoniam
1413 698 1557 725 Dominum
1574 698 1647 725 hunc
1660 699 1706 732 qui

923 742 1051 768 mundum
1068 742 1162 775 edidit,
1174 742 1206 769 ad
1221 743 1332 776 gloriam
1348 743 1459 771 alterius
1473 743 1587 779 ingeniti
1601 749 1628 772 et
1642 745 1704 771 boni

925 785 970 814 Dei
997 794 1060 814 eum
1090 789 1275 817 construxisse
1304 790 1486 824 pronuntiat:
1507 789 1581 816 illum
1615 794 1704 817 autem

923 832 1069 868 ingenitum
1094 833 1177 861 Deutn
1193 834 1218 861 in
1234 835 1472 862 consummatione
1489 836 1579 864 surculi
1596 836 1705 864 misisse

886 864 907 892 Β
921 864 1012 905 Jcsum
1025 878 1161 906 Christum
1176 879 1208 906 ad
1221 880 1441 908 emendationem
1457 881 1560 913 mundi.
1579 887 1703 916 rogatum

921 925 954 951 ab
968 932 1001 952 eo
1016 924 1088 957 Deo,
1116 925 1161 959 qui
1186 933 1247 953 eum
1272 925 1385 958 fecerat,
1411 931 1442 954 ut
1464 927 1584 955 mitteret
1605 927 1703 955 Filium

921 977 998 997 suum
1017 971 1049 998 ad
1066 971 1159 999 mundi
1175 972 1216 999 sui
1235 972 1442 1000 correctionem.
1457 973 1489 1000 Et
1502 973 1524 1001 si
1537 974 1645 1009 quidem
1659 974 1704 1002 hic

922 1016 1093 1045 solummodo
1115 1018 1160 1052 qui
1185 1018 1218 1046 dc
1238 1019 1293 1046 Deo
1307 1017 1388 1046 Patre
1410 1019 1489 1047 aliter
1510 1020 1594 1047 sentit
1622 1028 1702 1055 quam

921 1062 1011 1097 regula
1035 1063 1143 1098 pictatis
1164 1064 1294 1099 exposcit,
1317 1064 1460 1092 haereticus
1479 1065 1535 1101 (67)
1564 1065 1703 1094 trahendus

920 1113 1003 1140 esset,
1021 1108 1158 1136 Sttﬂiceret
1179 1110 1273 1143 utique
1296 1109 1366 1143 quod
1384 1110 1508 1145 superius
1526 1110 1626 1138 dictum
1649 1116 1700 1139 est.

921 1155 973 1182 Sed
992 1163 1061 1182 nunc
1075 1162 1156 1182 unum
1181 1160 1262 1190 atque
1283 1155 1353 1182 idetn
1377 1156 1539 1184 crcdendutn
1561 1161 1602 1184 est
1619 1157 1700 1184 etiam

920 1201 953 1228 de
964 1208 996 1228 eo
1011 1201 1056 1236 qui
1077 1201 1109 1227 de
1129 1201 1244 1229 Dotnino
1259 1206 1353 1228 nostro
1371 1201 1434 1229 Jesu
1451 1202 1559 1230 Christo
1577 1202 1635 1230 l'alsi
1652 1203 1702 1230 ali.

919 1247 983 1282 quid
999 1246 1126 1278 senserit,
1150 1246 1207 1274 sive
1222 1247 1371 1274 secundum
1395 1254 1442 1275 eos
1465 1248 1511 1282 qui
1529 1248 1621 1275 dicunt
1639 1256 1700 1275 cum

919 1299 952 1319 ex
968 1291 1067 1327 Ioseph
1083 1297 1110 1319 et
1126 1291 1210 1319 Maria
1228 1297 1321 1319 natum
1332 1312 1340 1325 ,
1361 1293 1432 1320 sicut
1451 1298 1513 1320 sunt
1531 1294 1661 1322 Ebionita:
1675 1299 1703 1322 et

920 1336 1114 1370 Valentiniani,
1132 1338 1190 1364 sive
1206 1337 1353 1365 secundum
1374 1345 1421 1365 eos
1436 1338 1480 1373 qui
1495 1340 1701 1374 primogenitum

919 1390 980 1410 ettm
994 1387 1105 1417 negant,
1115 1387 1142 1409 et
1158 1383 1240 1410 totius
1254 1387 1385 1410 creaturae
1403 1383 1486 1411 Deum
1498 1404 1505 1415 ,
1524 1388 1552 1411 ct
1574 1383 1701 1421 Verbum,

919 1433 945 1456 et
956 1427 1134 1464 Sapientiam,
1165 1435 1225 1463 quae
1242 1432 1283 1456 est
1306 1429 1414 1456 initium
1430 1429 1534 1456 viarmu
1561 1430 1607 1458 Dei
1628 1436 1702 1459 ante-

919 1482 999 1510 quam
1016 1474 1116 1509 aliquid
1135 1474 1222 1507 ﬂeret,
1244 1479 1307 1502 ante
1326 1474 1423 1502 smcula
1441 1474 1597 1509 fundatam,
1623 1481 1703 1512 atque

80 1525 198 1553 regnum
215 1518 261 1545 Dei
278 1525 331 1545 non
343 1518 529 1553 possidebunt,
546 1519 582 1546 ita
603 1518 663 1546 ethi
679 1518 724 1553 qui
745 1518 770 1545 in
782 1519 868 1547 bmre-
881 1530 904 1562 ε
920 1525 982 1548 ante
1003 1528 1098 1548 omnes
1120 1521 1202 1548 colles
1233 1525 1390 1556 generatam
1417 1521 1450 1554 ‘0,
1489 1521 1535 1549 sed
1566 1522 1702 1550 hominem

78 1563 133 1590 sint
150 1563 360 1591 declinaverint.
380 1563 474 1599 Neque
493 1565 565 1592 enim
581 1564 729 1598 putandum
744 1569 785 1592 est
800 1565 868 1592 tanti

78 1609 197 1642 apostoli
220 1614 275 1636 tam
291 1609 442 1638 absolutam
459 1610 621 1637 sententiam
649 1617 727 1642 posse
747 1610 801 1637 ullo
822 1618 868 1645 ge-

79 1662 147 1683 nere
162 1656 303 1683 vacillare.
322 1656 467 1691 Apostolns
481 1656 553 1684 enim
576 1659 618 1683 est
641 1657 761 1684 omnium
776 1657 868 1684 Eccle-

76 1701 184 1729 siarum
200 1700 301 1729 Christi
316 1721 324 1734 ,
342 1710 395 1730 non
411 1702 445 1729 ab
461 1702 581 1734 homine,
598 1709 685 1736 neque
711 1709 758 1736 per
782 1702 868 1730 homi-

78 1754 157 1779 nem,
180 1747 228 1775 sed
251 1755 299 1782 per
321 1747 414 1776 Iesum
439 1747 577 1776 Christum
600 1752 627 1775 et
651 1747 733 1775 Deum
759 1748 866 1776 Patrem

77 1793 185 1821 electus
201 1793 233 1821 “.
248 1793 394 1829 Propterea
411 1801 488 1829 ergo,
503 1793 655 1821 secundum
677 1794 865 1821 auctoritatem

77 1839 223 1866 sententia:
240 1839 324 1874 ipsius
337 1859 345 1871 ,
367 1843 548 1875 oportet-nos
572 1839 645 1867 sicut
665 1840 767 1875 reliqua
796 1841 865 1869 mala

77 1892 141 1920 qua:
157 1884 214 1920 (65)
231 1886 392 1918 numeravit,
410 1886 446 1913 ita
458 1885 540 1914 etiam
552 1893 649 1914 nomen
666 1886 776 1914 haeresis
789 1887 866 1915 devi-

78 1935 151 1964 tarc,
179 1938 268 1966 neque
290 1939 350 1960 cum
379 1931 477 1960 talibus
501 1933 633 1960 orationis
664 1933 795 1962 societate
816 1935 866 1962 mi-

76 1977 162 2005 δεθῒί.
171 1986 190 2007 D;

113 2021 278 2051 pAIlPlllLlJS.
297 2022 330 2050 Et
348 2027 409 2058 post
432 2023 508 2057 haec,
526 2023 619 2059 paucis
640 2023 801 2059 quibusdam
817 2031 866 2059 per

79 2067 202 2095 medium
212 2068 331 2102 insertis,
347 2068 444 2101 adjecit
455 2078 462 2096 :

112 2112 262 2141 Oatcsass.
285 2123 294 2139 ι
309 2113 378 2147 Quid
401 2121 467 2141 vero
481 2114 516 2142 sit
537 2113 681 2142 haereticus
700 2115 780 2142 homo
791 2135 798 2146 .
815 2122 864 2150 pro

75 2160 184 2188 viribus
198 2160 310 2193 nostris,
326 2162 475 2188 secundum
492 2161 565 2195 quod
578 2161 680 2188 sentire
693 2160 749 2197 (64)
768 2168 864 2196 possu-

76 2213 151 2239 mus,
166 2205 364 2234 describamus.
385 2205 480 2234 Omnis
506 2207 551 2242 qui
571 2207 679 2234 Christo
700 2214 729 2234 se
752 2207 862 2235 credere

113 2264 138 2280 ¹⁶
157 2263 224 2292 Luc.
241 2264 354 2295 xvr,10.
391 2265 412 2281 ¹⁷
430 2264 484 2293 Tit.
507 2273 549 2297 ιιι.
574 2264 620 2298 10,
641 2266 684 2293 Η.

74 2306 137 2333 τιιι,
159 2299 206 2331 20,
226 2299 272 2333 9.2,
285 2299 331 2326 26.

126 2358 172 2394 60)
190 2357 289 2394 Omnes
303 2366 367 2386 mss.
384 2367 474 2387 unam.
490 2358 576 2390 Editi,
588 2359 703 2387 ’trinam.

126 2393 171 2429 6i)
191 2393 228 2421 De
241 2402 292 2428 quo
307 2394 371 2421 dicit
384 2394 470 2429 qualis
486 2395 518 2421 rit
533 2395 578 2429 qui
591 2395 740 2426 luereticns,
756 2399 780 2422 et
793 2403 860 2430 qua-

75 2430 110 2456 lis
122 2430 156 2456 sit
167 2430 213 2464 qui
225 2429 368 2456 catholicus
379 2434 416 2456 est
429 2433 452 2456 et
463 2429 664 2456 ecclesiasticus.
693 2430 754 2456 [huc
764 2429 861 2458 desunt

75 2466 104 2492 in
117 2464 246 2491 omnibus
260 2472 325 2498 mss.
344 2465 456 2496 nostris,
473 2465 519 2491 sed
534 2468 642 2491 exstant
657 2465 682 2490 in
696 2465 787 2491 editis.

124 2499 169 2533 62)
181 2499 221 2525 Ex
239 2498 439 2526 Commentariis
454 2500 481 2525 in
502 2498 587 2533 Epist.
603 2499 637 2525 ad
656 2499 754 2525 Titum.

124 2534 170 2566 65)
184 2534 266 2566 Editi,
281 2538 474 2564 numeraverat,
490 2534 527 2560 ita
545 2542 638 2560 nomen
660 2534 777 2564 ltaaresis.
803 2538 857 2562 etc.

77 2569 143 2597 Mss.
158 2569 316 2600 numeravit,
333 2570 372 2595 ita
386 2569 465 2595 etiam
483 2577 575 2595 nomen
588 2569 704 2599 haeresis,
721 2573 774 2595 etc.

113 2604 172 2640 (tu)
190 2604 274 2640 Editi,
297 2604 441 2638 possimus.
520 2604 565 2638 qui
586 2611 612 2630 se
631 2603 734 2630 Christo
754 2603 859 2631 credere

76 2638 227 2675 proﬁtetur.
242 2638 307 2666 Mss.
321 2646 383 2675 vero
397 2640 460 2666 utin
477 2643 562 2666 textu.

114 2675 174 2710 (65)
199 2673 264 2701 Mss.
281 2674 385 2710 rnostri_
396 2674 523 2701 omittunt
538 2677 689 2710 sectatores
703 2680 713 2699 :
730 2677 757 2700 et
780 2673 860 2710 paulo

77 2707 138 2745 post
154 2707 230 2745 recte
244 2709 344 2745 habent
358 2707 519 2745 Tullianos.
531 2707 665 2745 Merlinus
691 2715 765 2741 vero,
780 2707 857 2737 ’Etlt-

77 2743 189 2778 inanos;
205 2743 409 2778 Genebrardus,
422 2743 613 2778 Eutycltianos.
683 2777 686 2778 ν
715 2777 719 2778 ν
793 2769 796 2772 ,

111 2780 169 2816 (66)
186 2779 338 2816 Tymanos.
358 2777 396 2816 ita
409 2777 616 2816 quidem_m_ss_.;
640 2777 855 2816 _sed_legen_dum

77 2811 184 2842 videtur
203 2813 343 2845 Tatianos,
358 2813 391 2840 de
403 2811 500 2847 quibus
515 2812 681 2847 Epiphanitts
697 2811 795 2839 haeresi
810 2811 856 2844 ‘26,

79 2851 113 2877 al.
126 2850 173 2877 46.
191 2849 284 2876 Editio
300 2856 366 2875 nova
382 2848 568 2882 Hieronymia
583 2847 613 2874 D.
636 2851 728 2874 nostro
748 2847 857 2873 Martia-

81 2893 138 2914 naao
150 2885 261 2920 vulgata
276 2883 355 2910 habet
375 2881 512 2909 Ethiono’s.
537 2881 658 2911 Huurtus
677 2883 704 2910 iu
722 2882 855 2910 Addendis

236 2932 373 2961 ΡΑτιιοι..
395 2931 452 2960 Gn.
472 2930 572 2962 XVII.

724 2265 746 2281 ί·
761 2265 771 2293 l
784 2265 846 2294 Cor.
859 2275 898 2300 ιιι,
913 2268 957 2298 19.

920 1567 1008 1595 solum
1022 1574 1083 1595 eum
1103 1567 1225 1595 dicentes
1242 1566 1304 1594 :vel
1327 1567 1474 1594 secundum
1488 1574 1535 1595 eos
1557 1568 1601 1602 qui
1621 1568 1702 1595 Deum

920 1613 1028 1648 quidem
1042 1620 1102 1640 eum
1124 1612 1254 1644 fatentur,
1271 1612 1327 1648 (68)
1344 1620 1396 1640 nun
1415 1617 1504 1640 tamen
1524 1615 1704 1648 assumpsisse

920 1659 1039 1686 animam
1054 1664 1206 1693 corpusque
1221 1661 1357 1685 terrenum
1375 1667 1381 1685 :
1397 1660 1442 1693 qui
1457 1660 1506 1686 sub
1524 1660 1615 1694 specie
1626 1661 1702 1695 quasi

920 1703 1061 1739 amplioris
1089 1703 1180 1739 glorim
1197 1703 1260 1731 Jesu
1279 1703 1394 1731 Domino
1421 1703 1584 1740 deferendte,
1611 1708 1701 1733 omnia

919 1757 979 1785 quae
992 1751 1025 1777 ab
1042 1757 1074 1778 eo
1086 1754 1162 1785 gesta
1177 1753 1249 1781 sunt,
1269 1748 1324 1785 (69)
1339 1749 1396 1777 visa
1413 1750 1469 1781 geri
1491 1751 1575 1785 magis
1587 1771 1595 1782 ,
1622 1759 1702 1785 quam

918 1802 982 1823 vere
998 1799 1071 1831 gesta
1086 1801 1146 1822 esse
1154 1798 1288 1822 testantur
1304 1794 1424 1829 :quique
1441 1802 1529 1830 neque
1545 1795 1579 1823 de
1592 1795 1703 1831 Virgine

919 1845 1011 1869 natum
1027 1840 1157 1872 fatentur,
1181 1841 1228 1867 sed
1250 1839 1358 1874 triginta
1375 1847 1506 1867 annorum
1525 1841 1613 1868 virum
1637 1849 1698 1869 eum

918 1887 1076 1922 apparuisse
1091 1886 1116 1913 in
1130 1885 1231 1913 Iudaea.
1254 1885 1307 1912 Alii
1323 1892 1386 1912 vero
1407 1892 1440 1912 ex
1457 1885 1567 1921 Virgine
1587 1887 1696 1922 quidem

917 1941 978 1961 eum
994 1932 1107 1959 credunt
1121 1938 1180 1959 esse
1195 1930 1376 1966 praenitum,
1391 1931 1438 1959 sed
1453 1936 1562 1965 putasse
1573 1940 1602 1960 se
1615 1934 1700 1967 magis

918 1977 1056 2013 Virginem
1069 1976 1217 2012 peperisse,
1232 1983 1285 2002 non
1299 1979 1387 2003 tamen
1403 1983 1468 2003 vere
1485 1977 1621 2011 peperisse
1635 1986 1700 2005 cou—

918 2025 1041 2052 lirmant.
1058 2023 1181 2050 Latuisse
1197 2022 1295 2057 quippe
1319 2023 1400 2050 etiam
1420 2022 1556 2057 Virginem
1572 2025 1701 2058 putativzn

917 2068 1102 2105 generationis
1124 2072 1251 2094 asserunt
1265 2071 1477 2097 sacramentum.
1497 2067 1546 2101 Qui
1565 2070 1701 2103 quomodo

918 2123 971 2143 non
981 2114 1015 2141 ab
1028 2113 1147 2141 Ecclesia
1167 2113 1245 2148 longe
1264 2113 1379 2147 ponendi
1397 2119 1468 2145 sunt,
1489 2121 1549 2141 cum
1565 2114 1621 2150 (70)
1637 2116 1700 2150 phi-

917 2161 1026 2188 larchize
1041 2159 1135 2186 morbo
1154 2159 1312 2194 languentes
1324 2158 1447 2194 dogmata
1463 2160 1618 2191 statuerint,
1641 2161 1701 2195 qui-

913 2209 964 2236 bus
975 2207 1009 2234 ad
1023 2213 1100 2233 suum
1118 2211 1213 2232 nomen
1227 2203 1373 2239 discipulos
1385 2204 1551 2233 declinarent
1564 2205 1701 2241 i('ll)Sed

1013 2266 1047 2282 ιδ’
1058 2265 1148 2295 Galat.
1162 2271 1190 2297 v,
1205 2263 1299 2293 19-21.
1339 2264 1360 2281 "
1373 2264 1460 2294 Galat.
1476 2273 1494 2297 ι,
1514 2265 1540 2292 Ι.
1578 2265 1601 2281 ὀ
1619 2265 1698 2295 Prov.

862 2387 864 2391 ,
877 2363 899 2390 D
914 2366 938 2388 et
953 2357 1135 2386 emendandis.

950 2394 1006 2427 (67)
1018 2391 1082 2419 Mss.
1094 2396 1125 2427 et
1141 2389 1248 2427 Merlini
1262 2389 1356 2427 editio,
1372 2390 1509 2427 habendus
1520 2395 1569 2422 est,
1587 2397 1611 2417 et
1628 2393 1699 2427 stt/ﬂ-

914 2425 991 2458 ceret,
1019 2433 1072 2454 etc.
1094 2425 1204 2453 Rectius
1228 2425 1437 2455 Genebrardus,
1464 2425 1600 2452 hebetatur
1620 2425 1695 2457 me,

913 2464 1048 2498 sufficeret,
1062 2466 1114 2498 etc.

950 2495 1005 2533 (68)
1029 2496 1098 2533 Exliti
1121 2503 1172 2522 non
1195 2499 1283 2533 tamen
1301 2495 1474 2533 assumpsisse
1495 2495 1639 2526 hominem,
1668 2497 1696 2522 id

913 2529 962 2563 est,
997 2529 1130 2562 animum,
1156 2534 1208 2557 etc.
1238 2529 1289 2556 Ms.
1318 2530 1501 2561 Sorbonicns,
1530 2538 1580 2556 non
1607 2536 1695 2557 tamen

913 2567 1083 2601 assumpsisse
1097 2565 1216 2591 eumdem
1231 2565 1360 2598 animant,
1383 2571 1436 2592 ctc.
1454 2564 1551 2592 (lu-teri
1576 2573 1642 2592 tnss.
1667 2572 1696 2592 ut

913 2603 940 2630 in
956 2607 1040 2629 textu.

948 2637 1004 2673 (69)
1023 2634 1107 2673 _Etliti,
1127 2634 1289 2673 phantastice
1312 2636 1409 2673 magis,
1436 2643 1527 2669 quam,
1555 2639 1629 2673 etc._
1642 2634 1693 2673 Ms.

914 2669 1100 2705 Sorbdnicus,
1120 2669 1174 2705 uiso
1191 2676 1278 2705 gerere
1301 2671 1394 2704 magis,
1421 2674 1588 2705 quamtetc.
1603 2669 1696 2703 Paulo

912 2713 973 2741 post
986 2705 1060 2738 editi,
1072 2704 1109 2741 (de
1129 2702 1234 2737 Virgine
1246 2702 1498 2732 natum‘terta'ntur.
1513 2702 1608 2732 Caneri
1627 2713 1694 2733 mss.

910 2739 1011 2769 rectius
1028 2745 1056 2766 nt
1071 2739 1097 2766 in
1113 2743 1198 2765 textu.

947 2776 1003 2811 (70)
1018 2774 1099 2805 Editi,
1118 2777 1153 2811 Act
1177 2780 1229 2800 nts.
1250 2773 1360 2806 Regius,
1386 2774 1568 2809 philargyriaz.
1597 2774 1693 2802 Cameri

911 2808 978 2839 mss.
995 2808 1158 2844 philarchice.

947 2843 1005 2908 (71)
1020 2845 1072 2872 Sed
1098 2849 1122 2870 et
1141 2851 1184 2870 eos
1200 2843 1244 2878 qui
1268 2843 1408 2874 hominem,
1424 2848 1477 2871 etc.
1494 2844 1620 2872 Errorem
1643 2844 1695 2871 lie--

947 2880 1178 2908 liBostrenorum
1200 2879 1319 2908 episcopi
1341 2879 1384 2906 hic
1405 2879 1531 2908 designat
1552 2878 1693 2908 Origenes.

910 2878 970 2917 rylli
985 2878 1178 2908 Bostrenorum
1200 2879 1319 2914 episcopi
1341 2879 1384 2906 hic
1405 2879 1531 2915 designat
1552 2878 1693 2917 Origenes.

1517 2927 1554 2958 18
