1909 3080
165 126 218 154 533

765 125 793 151 ὃ.
815 123 978 156 PAMPHILI
996 123 1091 150 MART
1097 122 1172 150 YRIS

1732 120 1791 150 556

166 185 225 213 hac
243 185 375 213 adnotet:
394 193 404 211 σ
423 184 527 219 Signati
556 185 629 212 enim
656 191 749 215 sumus
774 184 877 218 Spiritu
906 183 952 211 Dei
967 186 991 215 Α
1005 183 1113 210 assidue
1140 187 1305 215 versaverat,
1326 182 1352 209 in
1371 189 1421 210 suo
1444 181 1545 209 Hister.
1567 181 1659 209 enata.
1685 180 1734 208 lib.
1745 189 1788 215 vi,

165 236 270 263 sancto,
296 235 325 258 ut
351 235 378 258 et
397 230 509 265 spiritus
523 234 616 257 noster
627 234 656 257 et
678 230 769 256 attinta
794 229 949 264 imprimau-

166 281 211 303 tur
240 276 378 312 signaculo
410 275 474 308 Dei,
499 280 527 303 et
561 276 632 302 illam
663 275 825 310 recipiamus
852 274 948 310 imagi-

165 329 227 349 nem
243 326 271 350 et
285 321 500 353 similitudinem,
519 322 552 349 ad
576 327 656 355 quam
677 320 703 348 in
720 320 832 347 exordio
845 319 948 348 conditi

165 375 267 395 sumus.
282 367 337 394 Hoc
350 366 519 402 signaculum
535 366 622 394 sancti
644 365 773 402 Spiritus,
794 366 870 401 juxta
894 366 947 394 elo—

165 414 256 449 quium
271 413 435 445 Servatoris,
446 412 504 441 Deo
524 413 706 448 imprimente,
722 412 855 447 signatur.
874 421 884 440 ι
900 412 949 440 Ubi

166 461 310 496 imaginem
324 464 352 487 et
378 459 583 487 similitudinem
606 459 680 487 illam
700 458 757 492 Dei,
777 458 811 486 ad
822 466 904 493 quant
922 459 948 486 in

164 506 220 539 ipsa
237 513 285 533 sua
304 506 441 533 creatione
462 504 620 532 eﬂ'ormatus
637 505 690 532 fuit
705 505 798 537 homo,
817 505 950 539 interpre-

164 555 237 577 tatur
247 551 416 585 signaculum
431 550 550 585 Spiritus
559 550 644 579 sancti
662 559 669 577 :
683 551 754 585 quod
768 550 828 577 ideo
838 550 950 578 omnino

164 595 259 624 fecisse
272 595 456 630 videtur,quia
467 595 631 629 spiraculum
642 595 715 627 vitae,
723 595 793 630 quod
803 595 872 626 Deus
888 602 948 622 cum

165 641 280 676 primum
297 641 434 668 hominem
450 639 591 671 formarct,
607 640 657 675 ipsi
673 639 825 674 insulilasse
841 639 948 672 dicitur,

165 686 294 721 Spiritum
311 686 395 714 fuisse
412 691 539 714 sanctum
557 686 682 713 credidit.
700 685 756 713 Hoc
770 685 869 712 clarius
881 683 950 711 dixit

165 732 349 760 Tertullianus
372 732 422 760 lib.
437 732 478 759 De
493 732 634 767 baptismo,
648 739 708 766 cap.
722 731 748 763 5,
763 731 807 758 ubi
825 731 858 759 de
871 737 949 765 rege-

165 779 306 805 neratione
318 778 447 810 hominis,
462 784 523 813 quae
537 785 585 812 per
599 777 763 813 baptismum
782 776 823 810 lit,
847 777 888 804 sic
909 776 948 803 lo-

165 824 258 858 quitur
272 832 298 851 :i
314 824 351 851 ita
364 823 515 852 restituitur
529 823 611 851 homo
626 823 679 850 Deo
695 823 727 850 ad
745 822 947 850 similitudinem

165 856 235 904 ejus,
250 870 295 905 qui
314 874 386 897 retro
405 869 439 898 ad
463 869 608 904 imaginem
626 869 672 896 Dei
695 869 821 897 conditus
848 868 948 901 fuerat,
964 856 985 884 Β

165 921 220 946 etc.
246 915 357 949 Recepit
376 916 449 947 enim
467 915 543 943 illum
559 915 608 947 Dei
628 915 770 949 Spiritum,
786 922 867 950 quem
887 919 951 942 tunc

164 961 198 989 de
220 961 310 989 alllatu
335 961 394 996 ejus
423 966 591 996 susceperat.
608 961 656 989 sed
678 965 739 996 post
755 960 885 996 amiserat
902 967 951 995 per

165 1000 307 1035 delictum.
323 1017 333 1033 ι
349 1007 418 1037 Hinc
440 1007 521 1042 igitur
541 1008 642 1039 factum
665 1007 789 1040 videtur,
810 1011 840 1034 ut
860 1014 896 1035 ex
917 1015 950 1035 eo

165 1053 237 1088 quod
255 1052 463 1087 insuillationeut
478 1053 597 1088 Spiritus
612 1053 658 1080 Dei
676 1053 833 1088 Pamphilus
859 1053 950 1089 (intel-

164 1098 251 1133 ligens
261 1098 390 1126 nimirum
405 1097 681 1133 perinsuﬂlationem,
693 1098 769 1133 juxta
782 1105 843 1126 cum
855 1099 950 1129 adver-

162 1141 327 1177 sariisquos
339 1141 448 1177 refellit,
463 1142 530 1169 nihil
542 1142 615 1169 aliud
632 1150 713 1178 quam
733 1143 818 1177 ipsam
831 1142 950 1171 hominis

163 1187 293 1223 animam)
307 1192 418 1223 negaret
431 1188 464 1214 de
481 1187 634 1214 substantia
650 1194 710 1215 esse
724 1188 782 1222 Dei,
800 1188 888 1222 ipsum
901 1195 949 1215 ca~

162 1233 311 1261 lumniatus
327 1233 408 1266 fuerit
422 1233 617 1268 Hieronymus,
632 1233 710 1276 quasi
727 1234 865 1262 docuisset
885 1234 948 1269 Spi-f

162 1279 245 1306 ritum
272 1278 331 1312 Dei,
354 1278 459 1306 tertiam
484 1277 641 1306 Diviuitatis
660 1285 816 1314 personam,
832 1280 865 1307 de
882 1279 948 1307 sub-

163 1326 262 1354 stantia
291 1326 337 1353 Dei
365 1334 417 1353 non
442 1331 511 1353 esse.
533 1335 543 1352 t
564 1324 664 1353 Nullibi
687 1325 769 1354 etiam
790 1331 950 1361 comparent

163 1380 223 1408 quae
236 1378 328 1406 postea
341 1372 517 1407 reprehendit
533 1372 724 1408 Hieronymus,
739 1372 843 1400 scilicet
861 1382 870 1398 ε
889 1373 949 1401 ani-

164 1425 224 1445 mas
245 1417 383 1446 hominum
399 1417 491 1452 lapsas
504 1426 565 1447 esse
578 1419 610 1445 de
625 1418 707 1450 caelo,
726 1422 753 1445 et
769 1419 796 1445 itt
812 1419 863 1447 hoc
874 1419 947 1454 quod

163 1470 258 1491 sumus
265 1463 298 1490 de
311 1462 413 1498 angelis
420 1464 590 1495 commutati,
604 1463 631 1490 in
644 1463 815 1492 restitutione
826 1465 946 1494 omnium

162 1508 281 1544 aequales
292 1507 350 1535 fore
362 1513 389 1536 et
407 1509 527 1545 angelos.
542 1515 569 1536 et
584 1509 731 1542 daemones,
743 1513 771 1536 et
787 1510 921 1538 homines.
935 1521 945 1537 ι

163 1554 218 1582 Sed
230 1554 287 1581 haec
302 1561 363 1581 cum
383 1555 543 1582 naturaliter
558 1561 704 1590 sequantur
713 1562 745 1582 ex
757 1556 948 1590 praeexsisten-

163 1600 201 1627 tia
221 1600 386 1632 animarum,
403 1608 485 1635 quam
503 1608 635 1628 excusare
660 1605 747 1628 tentat
770 1600 945 1637 Pamphilus,

163 1646 225 1674 inde
243 1653 286 1683 ea,
302 1646 381 1681 quasi
394 1647 416 1674 si
430 1646 502 1674 dicta
516 1647 827 1683 fuissent,exprobrasse
842 1647 948 1677 videtur

165 1690 357 1727 Hieronymus.

198 1737 266 1765 Vlll.
282 1737 321 1764 Ex
337 1737 380 1766 his
397 1737 549 1773 intelligere
568 1737 633 1766 licet
661 1745 784 1773 qumnam
799 1738 833 1765 sit
857 1737 948 1766 lliero-

161 1789 245 1817 nymo
260 1782 327 1810 lides
338 1782 502 1815 adhibenda,
515 1790 576 1810 cum
600 1783 626 1810 in
650 1783 721 1811 banc
745 1783 868 1818 Origenis
896 1783 948 1811 De-

162 1827 308 1860 fensianem
326 1833 379 1855 iam
404 1828 505 1856 acriter
521 1829 666 1858 invehitur.
685 1829 785 1856 Nullibi
810 1830 861 1858 sibi
881 1838 947 1857 con-

160 1878 339 1901 statsanctus
352 1874 446 1902 doctor
464 1883 471 1901 :
490 1874 590 1911 ubique
602 1875 653 1902 sibi
678 1875 847 1904 adversatur.
872 1876 948 1904 Hanc

163 1920 280 1954 printum
305 1919 411 1947 dixerat
424 1920 509 1952 solius
524 1928 585 1949 esse
597 1920 741 1956 l’ampbili,
756 1927 848 1957 postea
864 1924 947 1952 solius

161 1965 285 1997 Eusebii.
299 1965 377 1994 Modo
392 1973 452 1994 eam
464 1966 579 1997 Eusebio
594 1967 699 2001 tribuit,
716 1968 798 1996 modo
809 1969 851 1996 vel
862 1969 946 2006 Didy-

160 2020 218 2051 mo,
236 2011 278 2041 vel
293 2012 400 2045 Ruﬁno,
417 2012 460 2040 vel
476 2012 555 2040 alteri
571 2012 694 2046 cuilibet,
711 2014 770 2048 qui,
790 2013 852 2041 libri
866 2014 945 2049 primi

159 2057 269 2091 Eusebii
285 2057 374 2093 capite
385 2059 557 2092 detruncato,
573 2063 672 2086 caetera
688 2060 809 2087 membra
824 2060 944 2088 sociarit.

157 2103 239 2135 Modo
258 2103 329 2132 hanc
342 2110 402 2133 esse
419 2104 457 2131 ait
470 2104 615 2139 ipsummet
630 2103 740 2132 Eusebii
753 2105 870 2140 primum
897 2113 941 2134 vo-

158 2148 259 2184 lumen,
275 2150 355 2182 ntodo
371 2155 476 2178 sextum
493 2159 501 2183 ;
515 2150 594 2178 modo
609 2150 704 2181 eadem
717 2155 745 2180 et
759 2151 853 2179 iisdem
882 2159 944 2180 ver-

157 2193 199 2222 bis
213 2195 240 2222 in
262 2196 350 2230 primo
380 2195 488 2229 Eusebii
517 2195 588 2223 libro
612 2196 759 2228 contineri,
781 2197 860 2227 modo
884 2199 943 2232 ejus
959 2211 980 2239 υ

156 2240 318 2275 scriptorem
333 2242 367 2269 de
381 2242 438 2276 ipso
463 2242 572 2273 Eusebii
599 2242 668 2270 libro
689 2243 813 2277 quadam
842 2243 941 2272 immu-

157 2291 249 2319 tasse;
269 2288 350 2314 modo
377 2295 473 2316 sensus
504 2288 638 2317 duntaxat
661 2288 831 2323 immutasse,
862 2290 941 2318 modo

155 2333 215 2367 ipsa
243 2333 395 2361 testimonia
421 2334 600 2368 subtraxisse,
626 2339 654 2363 et
673 2335 725 2363 alia
747 2336 938 2372 substituisse;

156 2381 236 2406 ntodo
251 2386 346 2413 pauca,
362 2379 441 2407 modo
455 2379 538 2407 multa
554 2389 561 2414 ;
576 2381 656 2409 modo
682 2381 799 2416 denique
825 2382 851 2409 in
882 2382 938 2418 ipsa

155 2424 244 2451 Ruﬁni
260 2423 353 2452 Latina
370 2425 594 2461 interpretatione
605 2427 687 2454 multa
699 2427 846 2455 etiamnum
861 2436 939 2456 scan-

155 2470 227 2503 dala,
245 2476 272 2498 et
296 2471 485 2506 apertissimas
509 2472 691 2507 blasphemias
712 2474 836 2508 reperiri,
860 2475 939 2503 modo

155 2516 321 2551 Pamphilum
337 2516 453 2545 Nicaeus:
466 2518 526 2545 [idei
545 2525 593 2553 per
609 2526 668 2546 eam
684 2520 787 2547 ostendi
813 2520 938 2548 defenso-

154 2570 222 2590 rem.
237 2563 422 2598 Undequaque
435 2572 495 2592 seSe
507 2569 599 2592 versat
612 2570 723 2592 sanctus
734 2565 840 2599 doctor,
848 2567 937 2594 omnia

153 2613 243 2636 movet
257 2616 290 2636 ne
304 2609 373 2637 liber
390 2610 434 2638 hic
446 2610 582 2645 Pamphili
596 2611 642 2638 sit.
660 2611 740 2646 Atqui
768 2617 858 2640 tamen
885 2620 937 2640 non

153 2659 258 2689 poterat
273 2655 399 2690 ignorare
425 2656 511 2691 ipsum
542 2656 697 2689 Eusebium,
734 2658 811 2693 cujus
837 2658 938 2693 scripta

188 2735 226 2771 (6)
243 2736 320 2763 Φασὶ
347 2736 381 2764 δὲ
410 2738 513 2769 αὐτόν,
537 2743 591 2765 clc.
618 2739 684 2765 Cum
714 2739 785 2766 dicat
811 2738 943 2765 Eusebius

153 2767 227 2797 Hist.
242 2774 332 2809 εσςιεξ.
343 2773 399 2809 lib.
414 2780 451 2805 vr,
466 2767 526 2807 cap.
542 2774 588 2804 59,
603 2773 747 2809 Origenem
761 2779 788 2800 et.
812 2773 894 2800 Decio
917 2777 944 2809 et

155 2807 298 2843 tormentis
306 2807 395 2843 fuisse
406 2809 597 2843 superstitem,
612 2807 688 2843 cujus
702 2808 740 2835 rei
758 2813 841 2836 testes
851 2807 942 2842 appel-

154 2839 190 2873 lat
203 2840 287 2875 ipsius
302 2840 428 2875 Origcttis
444 2842 572 2876 epistolas
586 2839 653 2882 post
670 2843 779 2878 Decium
806 2839 939 2884 scriptas;

1000 237 1060 264 cap.
1074 228 1120 261 35,
1135 232 1228 262 aperte
1242 227 1334 255 testari
1344 234 1359 254 a
1375 235 1405 255 se
1417 232 1467 254 eta
1479 230 1653 254 sacrosancto
1665 231 1790 262 martyre

999 274 1139 309 Pamphilo
1167 273 1367 308 Apoloyeticum
1392 280 1441 307 pro
1467 271 1595 307 Origenis
1627 272 1789 300 defensione

999 320 1136 348 communi
1150 319 1240 348 studio
1253 324 1336 354 atque
1364 326 1446 353 opera
1473 318 1586 353 iunctim
1600 316 1789 346 luisseelalto-

1000 370 1099 398 ratum,
1116 365 1237 400 adeoque
1255 365 1408 400 Apologiam
1420 364 1491 392 hanc
1509 364 1560 392 sub
1574 363 1682 391 nomine
1705 363 1790 390 Pam-

999 412 1065 447 pltili
1084 419 1098 438 a
1112 411 1210 439 Rufino
1227 411 1337 443 editam,
1353 417 1433 445 quant
1448 417 1509 439 esse
1533 409 1632 437 fatetur
1653 409 1790 444 Hierony-

999 465 1059 485 mus
1074 458 1221 492 ipsummet
1233 456 1341 486 Eusebii
1354 457 1469 492 primum
1485 456 1620 489 volumen,
1635 463 1696 484 esse
1710 456 1790 483 Pam-

999 503 1065 538 phili
1081 503 1201 530 simulet
1233 502 1351 530 Eusebii.
1377 502 1490 529 Videtur
1513 509 1577 537 ergo
1605 501 1790 536 Hieronymus

999 547 1062 575 ideo
1078 548 1200 575 eamdem
1215 547 1265 575 soli
1280 547 1397 574 Eusebio
1408 547 1576 582 ascripsisse,
1589 547 1651 581 quia
1661 546 1787 578 Ruﬁnus,

999 593 1043 620 cui
1061 598 1123 621 tunc
1141 593 1270 629 temporis
1288 600 1344 628 quo
1368 594 1427 620 haec
1454 593 1590 620 scribebat
1617 600 1670 620 non
1697 592 1790 620 minus

999 647 1080 675 quam
1101 639 1211 675 Origeni
1230 643 1290 666 erat
1304 639 1445 675 infensus,
1465 638 1514 666 soli
1536 637 1678 674 Pamphilo
1701 639 1790 666 ascri-

999 691 1109 720 pserat;
1123 690 1150 713 et
1163 685 1224 713 ideo
1247 685 1363 712 Eusebio
1379 684 1427 712 soli
1446 685 1543 711 iterum
1573 685 1743 719 ascripsisse,
1757 688 1790 711 nt

999 739 1059 759 eam
1070 732 1171 759 Ariana
1182 735 1257 766 peste
1271 737 1332 759 esse
1346 729 1472 758 infectant
1487 729 1592 757 facilius
1602 730 1789 764 persuaderet,

1000 779 1146 814 [tulinique
1157 779 1219 807 ﬁdei
1231 783 1260 808 et
1275 777 1430 806 auctoritati
1448 777 1548 804 certius
1563 776 1715 810 derogaret.
1733 775 1790 803 Sed

1001 824 1067 852 nihil
1088 825 1195 859 proﬁcit
1219 829 1331 852 sanctus
1361 824 1455 852 doctor
1478 827 1572 851 contra
1597 821 1789 849 auctoritatem

1001 871 1086 906 ipsius
1110 870 1230 903 Eusebii,
1259 870 1397 904 Socratis,
1418 869 1570 905 anonymia
1591 867 1625 895 ll.
1659 867 1689 898 P.
1710 866 1793 902 Lupo

1001 917 1077 950 editi,
1091 916 1193 949 Pltotii,
1209 920 1237 944 et
1252 920 1410 944 ceterorum
1421 935 1429 948 ,
1445 915 1490 950 qui
1504 917 1574 942 hanc
1589 913 1733 949 Pamphilo
1748 913 1790 941 δὴ

1002 963 1056 990 ntitl
1071 963 1242 997 EusebiOque
1257 962 1428 997 adjudicant;
1443 965 1471 990 et
1487 961 1554 989 satis
1569 960 1647 988 nobis
1661 965 1703 988 est
1717 967 1790 994 pm:-~

1000 1008 1108 1042 cipnmn
1124 1006 1216 1043 operis
1228 1012 1366 1034 auctorem
1390 1005 1560 1041 Pamphilum
1577 1006 1611 1033 ab
1625 1004 1742 1033 Eusebio
1758 1009 1790 1033 et

1000 1052 1097 1080 Ptiotio
1114 1052 1274 1088 agnoscimt
1287 1051 1375 1084 nullas
1388 1052 1414 1080 in
1441 1059 1474 1080 eo
1495 1051 1678 1087 blasphemiae
1699 1051 1788 1079 exsti-

1001 1098 1065 1125 tisse
1077 1097 1241 1132 iudicemus.

1036 1143 1079 1175 IX.
1097 1143 1189 1171 Restat
1198 1143 1254 1178 jam
1269 1147 1298 1171 ut
1315 1143 1418 1179 aliquid
1429 1143 1463 1171 dc
1488 1143 1594 1172 caeteris
1607 1142 1727 1178 quinque
1740 1142 1789 1170 de-

1000 1190 1114 1225 perditis
1132 1189 1208 1217 libris
1234 1190 1366 1217 dicamus.
1392 1189 1520 1217 Socrates
1542 1189 1570 1217 in
1598 1196 1631 1217 eo
1657 1194 1789 1218 contextu

999 1244 1079 1272 quem
1091 1243 1171 1270 supra
1188 1236 1327 1263 attulimus
1341 1243 1374 1268 ex
1381 1236 1439 1271 ejus
1452 1235 1554 1263 Hister.
1570 1235 1618 1263 lib.
1631 1243 1673 1269 tit,
1688 1242 1749 1269 cap.
1758 1235 1788 1268 7,

999 1283 1193 1318 desumptum,
1219 1283 1255 1309 ait
1284 1281 1456 1317 Pamphilum
1477 1287 1504 1309 et
1530 1282 1675 1309 Eusebium
1705 1281 1788 1309 simul

996 1329 1104 1364 junctus
1118 1329 1198 1357 vitam
1217 1328 1342 1363 Origenis
1353 1329 1379 1356 in
1394 1335 1426 1355 ea
1440 1328 1569 1364 Apologia
1580 1328 1787 1364 conscripsisse,

999 1380 1026 1403 ct
1040 1375 1077 1403 ibi
1094 1375 1248 1404 ostendisse
1261 1375 1417 1412 Origenem,
1434 1375 1480 1409 qui
1503 1374 1529 1402 iit
1555 1374 1681 1403 omnibus
1708 1374 1788 1403 libris

999 1421 1055 1448 suis
1077 1420 1216 1449 Christum
1237 1421 1374 1448 hominem
1404 1420 1505 1448 factum
1529 1420 1618 1448 anima
1642 1420 1785 1454 praeditum

999 1474 1059 1494 esse
1074 1467 1207 1502 agnoscit,
1218 1466 1374 1502 specialiter
1390 1467 1415 1494 in
1433 1474 1504 1495 nono
1520 1471 1592 1495 tomo
1619 1466 1787 1495 Commenta-

999 1511 1099 1538 riorum
1109 1511 1138 1538 in
1154 1510 1285 1544 σωθείη,
1301 1510 1345 1538 ubi
1377 1510 1510 1538 Adamum
1537 1509 1645 1545 quidem
1670 1509 1784 1543 Christi,

999 1556 1081 1583 Evam
1102 1561 1194 1583 autem
1212 1554 1340 1584 Ecclesia
1355 1560 1448 1591 typum
1465 1562 1559 1591 gerere
1574 1554 1698 1590 pluribus
1708 1561 1785 1582 asse-

998 1602 1094 1634 ruerit,
1114 1609 1168 1629 non
1197 1601 1313 1636 primunt
1331 1601 1358 1628 in
1384 1601 1436 1628 hoc
1464 1605 1623 1635 argumento
1646 1605 1786 1632 versatum

998 1656 1070 1681 esse,
1082 1648 1129 1676 sed
1141 1647 1270 1676 Ecclesia:
1292 1647 1465 1675 traditionem
1483 1653 1544 1674 esse
1562 1647 1782 1681 interpretatum.

998 1694 1075 1728 Quod
1093 1698 1154 1728 post
1165 1693 1305 1721 Socratem
1319 1693 1417 1727 repetit
1428 1691 1596 1727 Nicephorus
1618 1691 1691 1720 Hist.
1721 1691 1739 1720 L
1754 1699 1785 1730 ιι

997 1748 1058 1776 cap.
1077 1740 1122 1767 M.
1136 1739 1219 1767 Docet
1233 1739 1314 1769 etiam
1338 1738 1471 1769 Eusebius
1484 1737 1556 1765 Hist.
1574 1737 1621 1765 lib.
1636 1745 1674 1770 vi,
1689 1745 1714 1765 c.
1734 1737 1781 1769 23,

997 1793 1027 1813 se
1040 1786 1068 1813 in
1088 1785 1207 1813 secundo
1224 1785 1303 1819 hujus
1315 1784 1447 1819 Apologia
1472 1782 1540 1811 libro
1553 1784 1710 1818 exposuisse
1733 1783 1784 1819 qui

998 1836 1086 1859 motus
1100 1831 1279 1862 ordinationis
1291 1829 1416 1865 Origenis
1430 1837 1512 1858 causa
1527 1829 1629 1857 fuerint
1640 1829 1783 1867 concitati,

997 1883 1025 1906 et
1039 1885 1100 1913 quae
1113 1885 1195 1913 super
1206 1877 1302 1905 iisdem
1319 1875 1438 1906 motibus
1455 1883 1470 1903 a
1498 1875 1659 1910 praesulibus
1686 1874 1781 1903 Eccle-

997 1924 1099 1953 siarum
1114 1923 1261 1951 constituta
1275 1922 1348 1956 sint;
1362 1926 1399 1955 ,et
1420 1929 1587 1957 quaecunque
1611 1921 1663 1949 alia
1687 1921 1785 1959 vigeps,

998 1970 1054 2004 ipse
1063 1968 1193 2003 Origenes
1205 1976 1237 1996 ac
1249 1967 1348 1995 ﬂorens
1366 1967 1392 1994 in
1407 1967 1600 2003 pradicatione
1616 1966 1691 1994 verbi
1712 1967 1783 1994 divi-

997 2016 1023 2042 iti
1037 2015 1192 2042 contulerit.
1209 2014 1249 2045 Τὰ
1271 2013 1320 2049 μὲν
1337 2011 1383 2041 οὖν
1411 2012 1458 2048 sui.
1488 2012 1575 2049 τούτῳ
1606 2013 1670 2049 περὶ
1698 2013 1784 2048 αὑτοίξ

998 2060 1165 2097 κεκινημένα
1178 2069 1184 2076 ·
1201 2060 1236 2088 τά
1248 2068 1277 2086 τε
1292 2059 1338 2087 ἐπὶ
1351 2060 1407 2092 τοῖς
1425 2059 1557 2095 κινηθεῖσι
1568 2059 1716 2095 δεδογμένα
1725 2061 1782 2092 soi;

995 2107 1050 2134 τῶν
1069 2106 1236 2142 Ἐκκλησιῶν
1250 2105 1432 2142 προεστῶσιν·
1448 2106 1498 2133 ὅσα
1512 2114 1541 2133 τε
1565 2105 1631 2133 ἄλλα
1649 2106 1782 2147 ὰκμάζῳν

995 2153 1112 2188 napi-rev
1123 2152 1192 2179 θεῖον
1206 2152 1390 2187 εἰσενήνεκται
1402 2151 1490 2186 λόγον,
1504 2151 1571 2184 ιδίας
1585 2151 1699 2188 δςόμενα
1716 2161 1782 2180 συν-

994 2198 1106 2231 τάξεως,
1122 2198 1239 2234 μετρίως
1255 2198 1283 2224 ὲν
1295 2193 1334 2234 τῷ
1347 2197 1465 2234 δευτέρῳ
1476 2195 1510 2234 ἧς
1535 2198 1604 2234 ὑπὲρ
1629 2198 1711 2225 αὑτοῦ
1732 2207 1782 2226 πε·

995 2244 1132 2280 ποιήμεθα
1159 2243 1327 2278 ἀπολογίας,
1362 2243 1564 2279 ἀνεγράψαμεν.
1595 2243 1659 2277 Quae
1689 2244 1780 2271 omnia

994 2291 1138 2319 conﬁrmat
1149 2290 1262 2318 Photius
1276 2286 1401 2318 Bibliolh.
1425 2290 1518 2318 codice
1532 2298 1632 2324 cxt'itt,
1662 2290 1704 2318 his
1719 2298 1781 2318 ver-

993 2337 1054 2364 bis:
1072 2336 1140 2363 Φασὶ
1157 2336 1186 2363 δὲ
1204 2336 1249 2363 τὸν
1272 2336 1411 2373 Ὠριγένην
1431 2338 1459 2363 ὲν
1479 2337 1536 2368 τοῖς
1566 2336 1636 2363 κατὰ
1660 2336 1780 2372 Σευῆρον

992 2382 1122 2418 διωγμοῖς
1137 2383 1239 2419 γράψαι
1256 2382 1378 2421 Λεωνίδῃ
1399 2382 1493 2418 πατρῖ,
1504 2408 1506 2410 ,
1518 2382 1697 2417 ἐπαλείφοντα
1710 2382 1779 2418 πρὸς

992 2429 1038 2455 τὸν
1060 2428 1107 2455 τοῦ
1133 2429 1282 2465 μαρτυρίου
1297 2428 1406 2465 δρόμον,
1434 2428 1463 2455 ὅν
1477 2428 1525 2455 καὶ
1538 2427 1627 2460 καλῶς
1650 2428 1780 2463 δραμόντι

991 2474 1046 2502 τῶν
1063 2474 1198 2511 βραϐεῑων
1211 2476 1301 2510 τυχεῖν
1317 2474 1469 2509 ἐξεγένετο·
1486 2474 1532 2501 καί
1548 2474 1628 2502 αὐτὸν
1639 2474 1667 2500 δὲ
1678 2473 1779 2505 ἀποδύ-

993 2520 1091 2548 σασθαι
1105 2521 1229 2548 σπεύδειν
1245 2520 1313 2555 πρὸς
1323 2520 1354 2547 τὸ
1377 2521 1430 2547 τῶν
1447 2520 1644 2556 ἀγωνισμάτων
1661 2521 1778 2553 στάδιον,

992 2566 1042 2602 τὴν
1056 2566 1085 2593 δὲ
1109 2565 1214 2602 μητέρα
1246 2566 1293 2592 καὶ
1315 2565 1415 2593 ἄκοντα.
1443 2565 1588 2602 δυνηθῆναι
1615 2565 1667 2600 τῆς
1690 2566 1779 2601 ὁρμῆς

992 2613 1131 2648 ἐπισχεῖν·
1150 2611 1291 2638 καὶτοῦτο
1305 2612 1352 2638 καὶ
1371 2611 1453 2643 αὐτὸς
1478 2612 1507 2639 ὲν
1531 2612 1659 2647 ἐπιστολῇ
1690 2611 1778 2647 οἰκείᾳ

991 2657 1211 2693 ἐπισημαίνεται.
1232 2657 1269 2693 (6)
1283 2657 1351 2683 Φασὶ
1364 2657 1393 2684 δὲ
1420 2658 1511 2691 αὑτὸν,
1539 2658 1553 2685 ὅ
1574 2666 1604 2684 τε
1636 2657 1778 2694 Πάμφιλος

993 2737 1034 2764 Vel
1046 2734 1163 2764 nondum
1180 2736 1284 2764 videi-at
1315 2737 1375 2764 illas
1403 2735 1532 2770 epistolas
1548 2736 1655 2770 quando
1668 2734 1697 2763 in
1725 2736 1776 2763 hac

992 2773 1121 2808 Apologia
1139 2779 1269 2808 una‘cum
1286 2772 1428 2808 Pamphilo
1438 2773 1574 2808 scribebat
1585 2771 1727 2808 Origeuein
1749 2772 1776 2798 in

991 2806 1180 2843 persecutione
1191 2806 1265 2843 Decii
1281 2807 1364 2843 vitam
1378 2807 1481 2843 celebri
1498 2807 1626 2843 martyrio
1640 2806 1775 2843 li_nivisse;

992 2840 1033 2871 vel
1052 2841 1204 2875 inconsulto
1217 2840 1334 2877 Eusebio
1345 2842 1418 2871 solus
1432 2843 1488 2873 haec
1513 2840 1625 2882 scripsit
1648 2841 1777 2877 Pamphi-
