1909 3080
42 143 89 170 53Ἱ

508 141 680 170 APOLOGIA
700 140 768 169 PRO
787 140 948 169 ORIGENE.
968 156 1002 162 -—
1020 139 1190 168 MONITUM.

1604 140 1656 168 558

45 202 153 238 μάρτυς,
171 201 220 228 καὶ
232 200 324 236 ἕτεροι
340 201 469 233 πλεῖστοι,
487 202 587 234 οἵτινες
600 202 647 229 ἀπ’
664 201 754 228 αὐτῶν
767 201 820 227 τῶν

873 201 933 228 dam
948 208 996 228 sua
1015 203 1142 227 testatum
1162 199 1280 234 reliquit.
1295 198 1366 232 Quin
1382 198 1537 234 Pamphilus
1544 205 1657 235 martyr,

44 245 200 282 ἑωρακότων
226 245 366 281 Ὠριγένην
387 245 422 272 τὰ
437 246 499 280 περὶ
518 245 564 273 τοῦ
591 245 687 282 ἀνδρὸς
701 244 822 281 ὴκριϐώ-

45 300 128 323 σαντο,
143 290 277 326 διαϐοήτῳ
301 291 444 326 μαρτνρίῳ
464 291 512 318 τοῦ
538 291 597 326 βίου
622 290 820 327 ἐξεληλυθέναι,

45 337 173 372 ὲπ“αὺτῆς
186 337 236 372 τῆς
246 336 413 372 Καισαρείας
425 337 521 366 Δεκίου
536 337 585 373 τὴν
598 337 668 364 κατὰ
682 337 736 364 τῶν
754 337 822 373 Χρι-

46 383 153 411 στιανῶν
163 382 291 418 ὠμότητα
306 384 440 415 πνέοντος.
459 384 490 410 0i.
508 383 538 412 δέ
557 392 639 418 φασιν
660 382 740 410 αὑτὸν
770 383 823 414 ἓως

46 427 138 455 Γάλλου
149 429 194 459 καὶ
209 428 384 455 Βολουσιανοῠ
400 429 590 465 διαρκέσαντα,
610 429 657 456 καὶ
679 428 823 464 ἑξηκοστὸν

45 474 146 501 ἔννατον
162 474 222 506 ἔτος
236 474 284 509 τῆς
299 474 407 509 ἡλικίας
421 475 532 509 ἄγοντα,
546 476 574 502 ὲν
600 475 682 511 Τύρῳ
704 474 752 501 καὶ
777 483 822 500 τε-

45 520 177 556 λευτῆσαι.
194 521 241 547 καὶ
262 523 333 557 ταφῇ
357 521 551 557 παραδοθῆναι.
567 522 646 550 Ἔστι
669 521 698 548 δὲ
724 520 822 556 μᾶλλον

45 563 114 598 οὗτος
126 567 140 593 ὁ
151 567 230 600 λόγος
241 566 355 602 ἀληθὴς,
369 568 396 593 εί
407 575 439 602 γε
452 568 479 594 αἱ
492 567 640 603 φερόμεναι
658 566 740 593 αὑτοῦ
755 565 823 601 μετὰ

45 612 84 638 τὸν
99 612 215 647 διωγμὸν
228 612 322 639 Δεκίου
334 613 474 640 ἐπιστολαὶ
485 614 535 640 οὐκ
548 613 638 648 ἔχουσι
650 612 681 639 τὸ
693 612 820 639 πλαστόν.

45 657 139 689 Παντὸς
153 657 181 684 δὲ
194 658 355 693 μαθήματος
367 659 438 685 ίδὲαν
454 659 535 686 αὐτόν
550 667 616 694 φασι
631 659 677 686 καὶ
687 657 823 694 μετελθεῖν

45 704 85 731 καὶ
108 704 249 731 διδάσκειν.
265 704 374 734 ,Τοῦτον
396 705 485 732 τοίνυν
505 706 551 733 τὸν
568 705 718 741 Ὠριγένην,
732 705 761 732 ὃν
775 704 823 731 καὶ¹

50 750 216 785 ’Δδαμάντιον
228 750 444 786 ὲπονομάζεσθαί
457 759 547 786 φασιν,
563 752 604 778 ὅτι
634 751 822 787 ἀδαμαντίνοις

44 796 143 831 δεσμοῖς
153 796 274 830 ἐῴκεσαν
289 796 335 828 οὓς
346 797 379 824 ἂν
396 797 486 833 δήσειε
499 798 604 832 λάγους,
621 797 759 833 ἀκροατὴν
776 798 823 823 καὶ

45 841 154 876 διάδοχον
170 840 281 876 λέγουσι
306 842 431 876 γενέσθαι
451 843 611 878 Κλήμεντος
624 843 672 870 τοῦ
691 844 822 879 Στρωμα-

873 252 900 274 et
911 247 956 273 alii
975 254 1036 274 cum
1049 253 1082 274 eo
1094 245 1213 280 plurimi,
1222 252 1265 272 res
1279 244 1405 280 Origenis
1418 252 1453 272 ex
1465 244 1518 272 illis
1532 244 1599 280 ipsis
1609 245 1656 280 qui

874 293 1009 321 hominem
1035 285 1171 324 viderant,
1187 291 1343 319 accuratius
1355 290 1530 325 perscrutati,
1546 294 1658 317 narrant

873 345 936 366 eum
952 337 1052 366 celebri
1064 337 1197 373 martyrio
1212 342 1267 364 tum
1281 338 1336 364 vita
1348 336 1509 368 decessisse,
1523 344 1587 364 cum
1600 335 1658 364 Cae-

872 391 957 412 sarea
985 383 1083 422 Decius
1109 391 1185 411 suam
1214 382 1240 410 in
1265 383 1431 410 Christianos
1468 382 1656 410 crudelitatem

871 429 1030 457 elIunderct.
1052 428 1104 455 Alii
1122 433 1210 456 tamen
1225 428 1317 455 volunt
1333 428 1365 454 ad
1381 428 1449 456 Galli
1461 436 1495 455 ac
1518 427 1657 456 Volusiani

873 481 957 509 usque
969 479 1090 508 tempora
1105 474 1278 509 perdurasse,
1293 478 1323 500 et
1345 474 1541 509 sexagesimum
1558 481 1657 501 nonum

872 519 957 547 atatis
969 527 1071 546 annum
1083 523 1209 553 agentem
1226 519 1288 554 Tyri
1307 523 1455 550 mortuum,
1469 519 1495 545 in
1508 518 1658 552 eademque

871 565 938 592 urbe
950 564 1084 600 sepultura
1101 564 1151 600 (8).
1168 565 1233 598 Quae
1246 565 1355 599 quidem
1371 565 1460 592 verior
1475 565 1593 592 narratio
1605 569 1656 596 est,

872 611 894 638 si
909 611 987 638 modo
998 618 1134 646 germanae
1150 616 1223 643 sunt,
1235 618 1296 645 qua;
1305 611 1441 642 feruntur,
1454 610 1575 645 epistolae
1586 610 1658 637 illius

873 662 933 692 post
945 657 1018 684 Decii
1033 657 1247 691 persecutionem
1265 657 1436 691 conscriptat.
1451 656 1551 684 Omnetl
1567 660 1657 684 autem

871 703 982 730 omnino
997 703 1152 737 disciplinas
1168 703 1255 737 ipsum
1270 708 1296 730 et
1315 703 1480 737 percepisse,
1491 707 1520 730 et
1533 702 1658 730 docuisse

873 748 971 775 ierunt.
989 747 1066 776 Hunc
1083 749 1146 776 item
1162 748 1315 782 Origenem,
1332 755 1412 783 quem
1426 748 1508 775 etiam
1521 747 1659 775 Adaman~

872 795 937 821 tium
954 794 1172 829 cognominatum
1193 801 1226 820 ex
1254 801 1287 822 eo
1306 793 1425 825 tradunt,
1438 793 1510 828 quod
1539 792 1657 820 rationes

872 847 939 875 quas
950 839 1100 874 colligaret,
1115 839 1297 867 adamantinis
1322 839 1484 874 quibusdam
1496 839 1573 874 quasi
1597 838 1659 865 vin-

44 887 113 919 τὲως,
128 887 230 914 καὶτοῦ
249 888 320 915 κατὰ
337 887 386 923 τὴν
406 887 606 924 Ἀλεξάνδρειαν
632 888 821 923 ἐκκλησιαστι-

873 886 939 913 culis
969 893 1022 912 non
1040 885 1179 913 absimiles
1210 886 1375 916 riderentur,
1402 885 1551 912 auditorem
1574 885 1658 912 fuisse

44 932 87 960 κοῦ
100 933 292 961 διδασκαλείου.
310 934 456 970 Κλήμεντα
470 934 498 960 δὲ
526 934 674 961 Πανταίνου
697 934 822 968 γενέσθαι

45 978 142 1012 λεγουσι
154 980 199 1006 καὶ
211 980 360 1016 ἀκροατὴν,
372 980 419 1007 καὶ
432 980 479 1006 τοῦ
491 980 677 1007 διδασκαλείου
690 980 820 1015 διάδοχονν

45 1025 180 1053 Πάνταινον
192 1025 230 1058 δὲ,
257 1026 311 1052 τῶν
331 1030 360 1055 τε
379 1026 443 1058 τοὺς
470 1026 634 1058 ἀποστόλους
662 1026 823 1061 ἑωρακότων

46 1071 233 1107 ἀκροάσασθαι,
250 1072 281 1098 οὺ
294 1072 347 1107 μὴν
362 1072 430 1099 ἀλλὰ
445 1071 493 1099 καί
508 1080 589 1098 τινων
603 1071 691 1098 αὐτῶν
710 1071 822 1099 ἐκείνοιν

45 1116 182 1144 διακοῦσαι.
197 1117 254 1148 Τὰς
265 1117 294 1144 δὲ
312 1117 383 1144 κατὰ
400 1118 552 1153 Ὠριγένους
574 1118 695 1153 κινήσεις
718 1118 823 1144 ἐκεῖθεν

45 1162 156 1196 λέγουσιν
180 1164 328 1199 ἐκρυῆναι·
359 1163 514 1199 Δημήτριος
532 1163 734 1199 Ἀλεξανδρείας
760 1165 821 1190 ἑπι-

48 1209 141 1241 σκόπει,
155 1208 183 1240 δς
207 1209 348 1245 Ὠριγένην
360 1208 393 1236 δι’
418 1210 538 1236 ἐπαίνων
552 1208 619 1245 εἶχε,
632 1210 679 1238 καὶ
704 1209 734 1241 ὲς
758 1210 822 1242 τοὺς

48 1254 178 1288 φιλτάτους
191 1255 362 1282 συνέταττεν.
389 1255 459 1282 Ἀλλ’
481 1255 620 1291 Ὠριγένης
637 1255 765 1291 ἀπαίρειν
781 1256 822 1288 είς

52 1299 154 1335 Ἀθήνας
164 1300 250 1335 χωρὶς
265 1300 314 1336 τῆς
340 1300 388 1327 τοῦ
401 1301 501 1328 οίκείου
521 1301 633 1337 γνώμης
660 1301 819 1335 ἐπισκόπου,

48 1345 82 1376 εἰς
95 1345 272 1380 πρεσϐύτερον
290 1346 320 1372 οὐ
342 1345 400 1372 δέον
418 1346 448 1373 δν
472 1346 674 1380 ἀναϐιϐάζεται.
693 1346 732 1382 (7)
757 1346 821 1374 Θεό-

48 1399 129 1423 τεκνος
144 1392 164 1417 δ’
179 1390 222 1427 ἦν.
239 1393 255 1418 ὁ
271 1391 342 1418 κατὰ
358 1393 526 1428 Καισάρειαν
539 1393 588 1429 τὴν
611 1393 640 1419 ὲν
655 1392 821 1431 Παλαιστίνῃ

48 1436 87 1462 τὸν
107 1437 293 1473 ἀρχιερατικὸν
317 1438 444 1473 χειρίζων
466 1438 559 1474 νόμον,
573 1439 588 1464 ὁ
604 1438 653 1474 τῆς
670 1438 821 1474 Ὤριγένους

48 1483 180 1518 αὐτουργὸς
192 1484 369 1520 χειροτονίας,
386 1483 455 1520 ἔχων
475 1483 684 1512 συνευδοκοῦντα
708 1484 757 1511 καὶ
775 1484 821 1512 τὸν

54 1529 230 1582 Ἱεροσολύμων
255 1529 437 1565 Ἀλέξανδρον.
460 1530 597 1566 Τρέπεται
612 1530 656 1557 διὰ
672 1530 753 1557 τοῦτο
772 1531 821 1566 Δη-
834 1553 855 1582 c

51 1575 144 1611 μητρίῳ
157 1575 194 1607 είς
208 1577 297 1611 μῖσος,
316 1576 345 1602 τὸ
357 1576 483 1612 φίλτρον·
496 1576 544 1603 καὶ
559 1577 584 1603 οἱ
604 1576 709 1604 ἔπαινοι
722 1597 730 1610 ,
752 1577 820 1613 πρὸς

49 1621 103 1652 τοὺς
115 1621 220 1656 ψόγους.
234 1622 292 1649 Καὶ
307 1621 413 1654 σύνοδος
425 1621 578 1658 ἀθροίζεται
593 1623 760 1654 ἐπισκόπων,
773 1624 822 1650 καί

51 1674 119 1693 τινων
132 1667 330 1703 πρεσϐυτέριον,
350 1667 421 1694 κατὰ
447 1668 609 1704 Ὠριγένους,
636 1669 669 1696 Ἠ
688 1669 728 1702 δὲ,
746 1669 785 1701 ὠς
806 1670 821 1696 ὸ

52 1711 177 1747 Πάμφιλός
203 1722 281 1749 φησι,
309 1713 456 1749 ψηφίζεται
472 1733 480 1746 ,
499 1715 664 1750 μεταστῆναι
694 1716 742 1751 μὲν
765 1715 821 1742 ἀπὸ

57 1757 241 1795 Ἀλεξανδρείας
259 1759 306 1786 τὸν
329 1760 479 1796 Ὠριγένην,
494 1761 542 1787 καὶ
555 1761 623 1796 μήτε
634 1761 781 1797 διατρίϐειν
791 1762 821 1788 ὲν

52 1803 120 1839 αὐτῇ,
133 1805 197 1840 μήτε
207 1805 353 1833 διδάσκειν.
371 1805 427 1840 Τῆς
451 1806 541 1841 μέντοι
555 1806 603 1833 τοῦ
624 1807 820 1844 πρεσϐυτερίου

51 1849 123 1884 τιμῆς
137 1850 260 1886 οὐδαμῶς
279 1851 502 1887 ὰποκεκινῆσθαι.
524 1852 594 1881 Ἀλλ’
606 1853 653 1887 ὅγε
667 1845 821 1889 Δημῆτριος

52 1893 102 1930 ἅμα
113 1896 178 1923 τισὶν
193 1896 352 1928 ἐπισκόποις
366 1897 537 1932 Αίγυτιτίοις,
553 1898 659 1934 καὶτῆς
673 1899 822 1935 ἱερωσύνης

52 1940 202 1977 ἀπεκήρυξε,
216 1943 480 1978 συνυπογραψάντων
490 1944 537 1971 καὶ
561 1945 594 1980 τῇ
611 1944 746 1979 ἀποφάσει
767 1945 822 1973 τῶν

55 1987 190 2023 συμψήφων
204 1988 279 2024 αὐτῷ
293 1989 495 2025 γεγενημένων.
507 1990 711 2025 Φυγαδευθέντα
733 1990 761 2017 δὲ
776 1991 823 2018 τὸν

59 2032 183 2069 Ὧριγὲνην
199 2035 246 2071 τῆς
264 2034 476 2071 ’Δλεξανδρείας,
498 2035 642 2068 Θεότεκνος
653 2037 668 2063 6
680 2035 822 2063 Παλαιστί-

54 2087 104 2114 νης,
114 2079 232 2114 ἀσμένως
247 2089 278 2107 τε
288 2081 390 2114 διάγειν
404 2081 432 2108 ὲν
445 2082 598 2117 Καισαρείᾳ
609 2081 765 2115 ὑπεδέξατο,
777 2081 824 2108 καὶ

55 2124 95 2151 τοῦ
106 2125 231 2153 διδάσκειν
243 2127 331 2153 πᾶσαν
343 2127 466 2160 ἐξουσίαν
477 2128 634 2164 ἐνεχείρισε.
649 2128 705 2154 Καὶ
714 2128 763 2160 τὰς
775 2128 824 2164 μὲν

56 2170 133 2203 αἰτίας
155 2172 183 2205 ἐξ
212 2169 248 2199 ὦν
275 2172 372 2208 συνέϐη
391 2173 440 2205 τὰς
466 2173 591 2205 διαϐολὰς
616 2174 764 2210 ἐκραγῆναι
785 2173 824 2210 τῷ

871 932 1016 960 Clementis
1028 932 1097 966 ejus.
1115 932 1160 965 qui
1173 931 1343 958 Stromateus
1352 931 1441 958 dictus
1456 935 1507 962 est.
1520 929 1656 963 ejusdem-

871 985 922 1012 que
941 978 966 1004 in
999 977 1166 1004 catecltetica
1183 976 1286 1010 schola,
1313 984 1373 1010 quae
1394 976 1565 1003 Alexandriae
1586 980 1656 1009 erat,

871 1031 1067 1051 successorem.
1102 1023 1269 1050 Clementem
1299 1030 1382 1057 porro
1417 1022 1538 1050 Pantazni
1572 1022 1657 1050 fuisse

871 1069 1042 1104 discipulum.
1057 1069 1211 1104 scholaaque
1223 1076 1430 1096 successorem:
1454 1072 1482 1095 et
1497 1067 1656 1095 Pantaenum

871 1123 978 1143 rursum
995 1115 1028 1143 iis
1037 1122 1115 1142 usum
1128 1114 1276 1150 magistris,
1288 1115 1334 1149 qui
1351 1113 1487 1149 apostolos
1498 1113 1631 1141 vidissent
1646 1123 1654 1141 ς

871 1162 934 1196 quin
950 1166 979 1188 et
994 1161 1101 1189 illorum
1120 1160 1265 1188 nonnullos
1285 1160 1415 1188 audiisse.
1429 1159 1564 1187 Czeterum
1594 1159 1657 1187 hine

871 1207 898 1235 in
911 1206 1054 1242 Origenem
1067 1206 1213 1234 excitatam
1239 1212 1349 1234 omnem
1373 1209 1561 1240 tempestatem
1583 1213 1658 1233 com-

871 1257 1022 1281 memorant
1035 1260 1043 1279 :
1062 1252 1214 1281 Demetrius
1222 1251 1392 1280 Alexandria:
1402 1250 1500 1287 praesul
1512 1251 1656 1286 Origenem

871 1299 983 1327 multum
1002 1299 1125 1330 laudans.
1150 1298 1177 1326 in
1197 1298 1289 1333 paucis
1306 1297 1497 1326 charissimutn
1527 1297 1654 1328 habebat.

870 1346 906 1374 At
925 1352 986 1374 cum
1000 1345 1044 1373 hic
1057 1345 1158 1380 absque
1190 1344 1259 1372 bona
1281 1344 1401 1379 episcopi
1431 1343 1509 1371 venia
1536 1343 1657 1372 Athenas

871 1391 1040 1427 profecturus
1051 1394 1133 1424 esset,
1148 1390 1334 1422 Theotecnus,
1347 1390 1480 1417 Caesareas
1503 1388 1656 1417 Palaastinat

871 1443 927 1465 tum
954 1437 1175 1472 archiepiscopus
1188 1455 1197 1469 ,
1218 1443 1297 1463 secus
1321 1443 1383 1463 eum
1407 1442 1487 1470 quam
1507 1440 1655 1470 oporteret,

871 1483 1056 1519 presbyterum
1071 1482 1218 1514 ordinavit,
1232 1489 1284 1509 non
1305 1480 1475 1516 improbante
1491 1481 1592 1508 factum
1605 1481 1656 1508 hoc

871 1529 1024 1557 Alexandro
1032 1528 1262 1562 Jerosolymorum
1275 1527 1412 1562 episcopo.
1435 1527 1504 1554 Hinc
1518 1526 1656 1554 Demetrio

872 1583 948 1603 amor
963 1575 990 1603 in
1004 1575 1095 1603 odium
1119 1575 1211 1607 vertit,
1227 1573 1374 1608 laudesque
1389 1581 1450 1601 mox
1464 1581 1526 1601 cum
1550 1572 1656 1607 vitupe-

873 1622 976 1649 ratione
990 1625 1171 1648 commutatae.
1190 1619 1314 1655 Synodus
1328 1621 1442 1654 insuper
1467 1620 1656 1654 episcoporum

873 1672 974 1699 coacta,
992 1672 1019 1694 et
1033 1667 1252 1701 presbyterorum
1265 1665 1445 1700 quorumdam
1459 1670 1553 1692 contra
1567 1665 1658 1700 0rigo~

874 1719 934 1740 nem
951 1720 958 1740 :
975 1720 1045 1746 quae,
1059 1717 1089 1739 ut
1110 1711 1264 1746 Pamphilus
1292 1711 1390 1744 refert.
1416 1711 1554 1738 decretum
1582 1710 1657 1745 fecit,

873 1759 1035 1786 Alexandria
1049 1757 1157 1793 quidem
1173 1757 1326 1792 pellendum
1350 1756 1505 1792 Origenem,
1530 1763 1616 1791 neque
1629 1756 1655 1783 in

874 1813 905 1832 ea
922 1805 1024 1832 versari
1050 1808 1097 1831 aut
1125 1804 1222 1831 docere
1249 1803 1479 1838 permittendum;
1511 1802 1656 1830 sacerdotii

877 1857 968 1878 tamen
983 1849 1113 1884 dignitate
1123 1855 1293 1884 nequaquam
1311 1848 1535 1876 submovendum.
1557 1846 1658 1874 Verum

877 1895 1028 1924 Demetritls
1055 1902 1106 1922 una
1126 1902 1186 1922 cum
1209 1893 1320 1930 Egypti
1335 1894 1470 1929 episcopis
1481 1893 1600 1928 aliquot,
1618 1900 1660 1919 seu

875 1942 994 1970 cerdotio
1017 1948 1124 1976 quoque
1148 1940 1223 1967 illum
1251 1939 1404 1974 abjudicat,
1426 1939 1659 1967 subscribentibus

875 1989 955 2016 etiam
975 1987 1066 2016 edicto
1092 1986 1174 2020 huic,
1199 1989 1332 2020 quotquot
1358 1989 1438 2012 antea
1466 1983 1604 2019 sull'ragati
1633 1984 1658 2011 ei

876 2034 1000 2062 fuissent.
1018 2033 1055 2061 Ita
1067 2033 1151 2068 igitur
1167 2032 1329 2060 Alexandria
1353 2031 1380 2059 in
1403 2031 1526 2059 exsilium
1553 2030 1658 2066 pulsum

876 2080 1029 2116 Origenem,
1047 2078 1218 2107 Theotecnus
1229 2078 1378 2106 Palaestinae
1386 2077 1528 2112 episcopus
1544 2076 1660 2104 libenter

877 2126 1006 2154 Caesarea:
1020 2129 1048 2153 et
1069 2124 1269 2159 degerejussit,
1287 2124 1360 2151 etde
1383 2124 1526 2158 superiore
1541 2122 1601 2151 loco
1616 2122 1660 2149 do-

877 2172 954 2199 cendi
979 2176 1139 2207 potestatem
1157 2170 1232 2198 fecit.
1247 2170 1302 2198 Has
1316 2170 1360 2198 ille
1386 2177 1482 2197 causas
1511 2169 1598 2201 ailert,
1627 2175 1659 2196 ex

60 2215 189 2264 'ﬂpiyévst,
203 2218 304 2250 ταύτας
317 2218 394 2254 φησί.
411 2228 420 2244 ι
436 2219 519 2246 Aiunt
546 2219 628 2254 igitur
658 2218 822 2255 (Pamphilus

877 2216 974 2252 quibus
985 2224 1080 2244 omnes
1096 2216 1147 2243 illm
1171 2216 1315 2244 calumnias
1339 2216 1365 2242 in
1393 2215 1535 2250 Origenem
1562 2221 1661 2249 erupe-

57 2265 79 2286 et
94 2260 227 2296 Eusebius)
249 2262 394 2298 Origenem
420 2263 513 2291 Severi
540 2264 604 2298 imp.
636 2264 824 2298 persecutione

58 2306 169 2336 Leonida:
196 2310 266 2343 patri
290 2309 420 2344 scriptum
438 2309 556 2342 misisse,
570 2317 623 2345 quo
648 2310 681 2336 ad
702 2309 822 2345 martyrii

57 2355 207 2384 curriculum
221 2364 283 2384 eum
297 2362 444 2386 exacueret
463 2366 471 2385 :
485 2362 513 2384 et
531 2364 596 2384 sane
609 2356 726 2384 stadium
747 2356 824 2383 forti-

57 2405 93 2426 ter
110 2402 250 2430 decurrens
266 2403 309 2430 ille
324 2403 446 2433 bravium
462 2402 577 2437 accepit.
597 2402 707 2429 Addunt
726 2402 825 2436 ipsum-

57 2451 104 2474 niet
115 2448 253 2484 Origenem
267 2457 374 2477 summo
390 2449 479 2476 studio
501 2449 572 2475 idem
589 2452 726 2476 certamen
739 2447 825 2475 susci-

57 2499 112 2524 pere
125 2499 245 2521 conatum
260 2488 355 2527 fuisse,
373 2495 422 2522 sed
440 2498 554 2531 matrem
567 2493 696 2528 impetum
709 2492 750 2520 vel
765 2493 823 2527 ipso

56 2536 131 2567 invito
151 2539 309 2568 refrenasse.
337 2538 414 2573 Quod
447 2539 534 2574 ipsum
552 2539 615 2566 item
627 2538 739 2574 epistola
757 2545 822 2573 qua-

57 2593 101 2632 ius,
115 2601 199 2630 utpote
223 2599 373 2632 praecipuus
402 2598 493 2632 operis
508 2602 618 2630 auctor;
646 2597 687 2624 vel
713 2596 827 2625 Photius

57 2629 355 2668 fortassisdeceptus'est
368 2629 488 2668 martyrii
502 2633 594 2663 verbo,
610 2629 680 2667 quod
693 2633 726 2659 de
739 2632 826 2659 omni-

58 2664 100 2704 bus
109 2673 152 2699 pro
164 2667 221 2695 ﬁdei
238 2664 351 2704 veritate
367 2664 489 2695 toleratis
505 2664 672 2695 cruciatibus
698 2672 770 2694 recte
785 2668 826 2704 di-

59 2703 272 2738 uturkquamvis
301 2704 357 2738 ipsa
388 2711 440 2730 non
463 2708 593 2737 sequatur
608 2710 682 2729 mors
694 2703 823 2738 (eueniunt

59 2741 128 2762 sensu
141 2736 165 2763 in
184 2737 296 2764 Deciana
309 2736 400 2772 strage
416 2736 576 2773 martyrium
592 2737 709 2773 subiisse
726 2736 819 2773 Qrige-

60 2775 111 2809 netu
125 2777 192 2809 recte
202 2777 289 2809 potest
304 2773 388 2809 dici);
406 2773 447 2809 vel
475 2773 604 2809 memoria
627 2772 716 2809 lapsus
743 2772 823 2799 Pam-

59 2804 122 2836 philo
137 2804 215 2833 etiam
231 2808 322 2835 tribuit
333 2804 403 2842 quod
419 2808 453 2834 ab
466 2807 526 2835 aliis
539 2804 736 2838 tantummodo,
755 2815 823 2841 quos

60 2846 248 2876 couimemorat,
263 2842 377 2870 fortasse
388 2843 490 2869 dictum
504 2848 547 2870 est
558 2854 563 2870 :
574 2843 613 2869 vel
629 2843 746 2876 denique
757 2841 822 2868 illud

62 2873 178 2905 duntaxat
191 2877 301 2914 intelligi
319 2877 402 2906 \‘oluit
415 2877 580 2912 Pamphilus,
603 2873 748 2913 Qrigesiem
763 2883 823 2906 cru-

878 2264 942 2299 ript.
969 2271 979 2288 ι
1012 2261 1147 2290 Praeterea
1173 2261 1307 2289 Eusebius
1332 2261 1402 2288 Hist.
1419 2261 1466 2288 lib.
1485 2268 1523 2292 vi,
1542 2268 1602 2295 cap.
1615 2259 1660 2293 56,

877 2309 967 2336 dicere
980 2307 1086 2335 videtur
1103 2306 1173 2334 sein
1186 2311 1266 2335 sexto
1284 2307 1363 2342 liuius
1380 2306 1514 2341 ‘palogite
1525 2307 1593 2333 libro
1605 2306 1663 2342 epi-

877 2354 970 2386 stolas,
983 2361 1051 2388 quas
1063 2354 1097 2381 ad
1118 2352 1268 2380 Fabianum
1284 2360 1381 2387 papam
1407 2357 1434 2379 et
1453 2353 1486 2379 ad
1510 2351 1662 2386 complures

877 2400 945 2428 alios
966 2399 1149 2428 Ecclesiarum
1176 2399 1313 2426 antistites
1329 2399 1362 2426 de
1385 2403 1458 2426 recta
1473 2398 1535 2425 ﬁdei
1551 2405 1607 2425 suae
1621 2405 1663 2423 ra-

877 2447 950 2474 tione
969 2446 1100 2481 Origenes
1123 2446 1284 2480 scripserat,
1306 2444 1453 2471 inseruisse
1476 2453 1483 2472 :
1507 2443 1609 2479 Γράφει
1635 2442 1664 2470 δὶ

878 2492 925 2519 καὶ
936 2491 1060 2527 Φαϐιανῷ
1070 2491 1110 2527 τῷ
1121 2491 1192 2518 κατὰ
1212 2489 1321 2526 Ῥώμην
1337 2489 1478 2525 ἐπισκόπῳ
1493 2509 1500 2522 ,
1518 2489 1621 2524 ἑτέροις
1634 2496 1665 2514 τε

876 2537 1012 2569 πλείστοις
1025 2538 1156 2577 ἄρχουσιν
1177 2536 1356 2572 Ἐκκλησιῶν,
1372 2536 1435 2572 περὶ
1448 2535 1498 2572 τῆς
1509 2535 1568 2562 κατ’
1584 2534 1665 2562 αὑτὸν

882 2596 998 2637 ciatibus
1013 2603 1045 2622 ac
1058 2595 1178 2637 miseriis
1195 2595 1222 2622 in
1249 2594 1323 2637 Decii
1349 2594 1465 2637 laniena
1477 2592 1585 2637 elistim,
1608 2598 1663 2619 non

880 2630 959 2665 longe
977 2636 1069 2665 postea
1094 2631 1194 2658 vixisse
1218 2640 1226 2658 :
1251 2630 1322 2665 quod
1357 2628 1466 2656 Eusebii
1491 2627 1580 2655 verbis
1611 2635 1664 2654 non

880 2671 1311 2762 leggflgsldtaxroc.Legendum
1326 2699 1431 2726 videtur
1457 2698 1502 2739 liic
1527 2702 1554 2738 et
1584 2696 1664 2730 inira,

878 2735 913 2762 Θε
930 2744 1048 2762 κτιστος.
1065 2736 1102 2762 Ita
1117 2744 1188 2762 enim
1200 2740 1312 2761 vocatur
1324 2735 1358 2761 ab
1375 2732 1489 2760 Eusebio
1507 2732 1609 2759 Πιειον.
1620 2739 1664 2758 ec-

878 2740 1048 2768 υεόκτιστος.
1065 2740 1102 2762 Ita
1117 2744 1188 2762 cuitu
1200 2740 1312 2761 vocatur
1324 2740 1358 2761 at)
1375 2740 1489 2760 uiset)"
1507 2740 1609 2759 ntt‘tor.
1620 2740 1664 2758 ec—

877 2772 939 2798 clex.
954 2772 1048 2802 lib.vu.
1062 2778 1123 2805 cap.
1138 2770 1172 2796 27
1190 2774 1218 2796 et
1231 2769 1277 2801 46,
1295 2775 1344 2796 nec
1370 2776 1422 2805 non
1441 2769 1475 2795 ab
1501 2767 1665 2802 Hieronymo

878 2805 924 2833 lib.
943 2806 980 2832 De
992 2803 1285 2840 scriptof..ecclesiast.,
1297 2811 1357 2838 cap.
1375 2803 1420 2831 54.

911 2841 952 2876 (8)
966 2836 1134 2877 Hieroniqu
1149 2840 1186 2871 De
1200 2836 1320 2874 scriptor.
1332 2836 1488 2871 ὶτιηίωὶαδι..
1500 2845 1559 2873 cap.
1569 2836 1614 2867 54.
