  <div class='ocr_page' id='page_1' title='image "/cluster/home/n/w/nwhite01/storage/ocr_20150623/17/njp.32101010944583/377.png"; bbox 0 0 1909 3080; ppageno 0'>
   <div class='ocr_carea' id='block_1_1' title="bbox 219 113 271 142">
    <p class='ocr_par' dir='ltr' id='par_1_1' title="bbox 219 113 271 142">
     <span class='ocr_line' id='line_1_1' title="bbox 219 113 271 142; baseline -0.019 0"><span class='ocrx_word' id='word_1_1' title='bbox 219 113 271 142; x_wconf 77' lang='lat'><strong>559</strong></span> 
     </span>
    </p>
   </div>
   <div class='ocr_carea' id='block_1_2' title="bbox 817 114 1231 143">
    <p class='ocr_par' dir='ltr' id='par_1_2' title="bbox 817 114 1231 143">
     <span class='ocr_line' id='line_1_2' title="bbox 817 114 1231 143; baseline 0 -1"><span class='ocrx_word' id='word_1_2' title='bbox 817 115 848 142; x_wconf 74' lang='grc' dir='ltr'><strong>ὃ.</strong></span> <span class='ocrx_word' id='word_1_3' title='bbox 869 114 1030 143; x_wconf 77' lang='lat' dir='ltr'><strong>PAMPlllLl</strong></span> <span class='ocrx_word' id='word_1_4' title='bbox 1051 115 1231 143; x_wconf 74' lang='lat' dir='ltr'><strong>MABTYRIS</strong></span> 
     </span>
    </p>
   </div>
   <div class='ocr_carea' id='block_1_3' title="bbox 1785 113 1847 142">
    <p class='ocr_par' dir='ltr' id='par_1_3' title="bbox 1785 113 1847 142">
     <span class='ocr_line' id='line_1_3' title="bbox 1785 113 1847 142; baseline 0 0"><span class='ocrx_word' id='word_1_5' title='bbox 1785 113 1847 142; x_wconf 60' lang='lat'><strong>500</strong></span> 
     </span>
    </p>
   </div>
   <div class='ocr_carea' id='block_1_4' title="bbox 219 171 998 210">
    <p class='ocr_par' dir='ltr' id='par_1_4' title="bbox 219 171 998 210">
     <span class='ocr_line' id='line_1_4' title="bbox 219 171 998 210; baseline 0.003 -11"><span class='ocrx_word' id='word_1_6' title='bbox 219 171 381 209; x_wconf 74' lang='grc' dir='ltr'><strong>ὀρθοδοξῖας-</strong></span> <span class='ocrx_word' id='word_1_7' title='bbox 391 172 461 208; x_wconf 76' lang='grc' dir='ltr'>ἔχεις</span> <span class='ocrx_word' id='word_1_8' title='bbox 475 172 522 199; x_wconf 71' lang='grc' dir='ltr'><strong>καὶ</strong></span> <span class='ocrx_word' id='word_1_9' title='bbox 535 171 637 199; x_wconf 70' lang='grc' dir='ltr'><strong>τούτων</strong></span> <span class='ocrx_word' id='word_1_10' title='bbox 650 173 700 205; x_wconf 81' lang='grc' dir='ltr'><strong>τὰς</strong></span> <span class='ocrx_word' id='word_1_11' title='bbox 712 172 874 206; x_wconf 82' lang='grc' dir='ltr'><strong>ἀποδείξεις,</strong></span> <span class='ocrx_word' id='word_1_12' title='bbox 890 175 919 200; x_wconf 87' lang='grc' dir='ltr'><strong>ὲν</strong></span> <span class='ocrx_word' id='word_1_13' title='bbox 934 174 998 210; x_wconf 59' lang='grc' dir='ltr'><strong>ἕκτᾳ</strong></span> 
     </span>
    </p>
   </div>
   <div class='ocr_carea' id='block_1_5' title="bbox 1050 171 1844 210">
    <p class='ocr_par' dir='ltr' id='par_1_5' title="bbox 1055 171 1844 201">
     <span class='ocr_line' id='line_1_5' title="bbox 1055 171 1844 201; baseline -0.005 0"><span class='ocrx_word' id='word_1_14' title='bbox 1055 179 1082 201; x_wconf 89' lang='lat' dir='ltr'><strong>et</strong></span> <span class='ocrx_word' id='word_1_15' title='bbox 1096 174 1209 200; x_wconf 85' lang='lat' dir='ltr'><strong>adversa</strong></span> <span class='ocrx_word' id='word_1_16' title='bbox 1231 172 1292 200; x_wconf 99' lang='lat' dir='ltr'><strong>ﬁdei</strong></span> <span class='ocrx_word' id='word_1_17' title='bbox 1306 176 1480 200; x_wconf 83' lang='lat' dir='ltr'><strong>astruentem.</strong></span> <span class='ocrx_word' id='word_1_18' title='bbox 1494 171 1603 199; x_wconf 75' lang='lat' dir='ltr'><strong>Litterae</strong></span> <span class='ocrx_word' id='word_1_19' title='bbox 1627 171 1708 198; x_wconf 89' lang='lat' dir='ltr'><strong>verba</strong></span> <span class='ocrx_word' id='word_1_20' title='bbox 1726 171 1844 198; x_wconf 68' lang='lat' dir='ltr'><strong>tradunt</strong></span> 
     </span>
    </p>
   </div>
   <div class='ocr_carea' id='block_1_6' title="bbox 218 219 1000 255">
    <p class='ocr_par' dir='ltr' id='par_1_6' title="bbox 218 219 1000 255">
     <span class='ocr_line' id='line_1_6' title="bbox 218 219 1000 255; baseline 0.003 -11"><span class='ocrx_word' id='word_1_21' title='bbox 218 219 269 254; x_wconf 81' lang='grc' dir='ltr'><strong>τῆς</strong></span> <span class='ocrx_word' id='word_1_22' title='bbox 292 219 443 254; x_wconf 80' lang='grc' dir='ltr'><strong>γραφείσης</strong></span> <span class='ocrx_word' id='word_1_23' title='bbox 471 219 537 254; x_wconf 82' lang='grc' dir='ltr'><strong>ἡμῖν</strong></span> <span class='ocrx_word' id='word_1_24' title='bbox 563 219 627 254; x_wconf 81' lang='grc' dir='ltr'>περὶ</span> <span class='ocrx_word' id='word_1_25' title='bbox 651 219 698 245; x_wconf 82' lang='grc' dir='ltr'><strong>τοῦ</strong></span> <span class='ocrx_word' id='word_1_26' title='bbox 721 219 817 255; x_wconf 82' lang='grc' dir='ltr'><strong>ἀνδρὸς</strong></span> <span class='ocrx_word' id='word_1_27' title='bbox 844 219 1000 254; x_wconf 84' lang='grc' dir='ltr'><strong>ἀπολογίας.</strong></span> 
     </span>
    </p>
   </div>
   <div class='ocr_carea' id='block_1_7' title="bbox 220 263 1002 300">
    <p class='ocr_par' dir='ltr' id='par_1_7' title="bbox 220 263 1002 300">
     <span class='ocr_line' id='line_1_7' title="bbox 220 263 1002 300; baseline 0.003 -9"><span class='ocrx_word' id='word_1_28' title='bbox 220 263 364 291; x_wconf 86' lang='lat' dir='ltr'><strong>Testautur</strong></span> <span class='ocrx_word' id='word_1_29' title='bbox 379 265 460 290; x_wconf 89' lang='lat' dir='ltr'><strong>etiam</strong></span> <span class='ocrx_word' id='word_1_30' title='bbox 494 264 621 291; x_wconf 85' lang='lat' dir='ltr'><strong>Socrates</strong></span> <span class='ocrx_word' id='word_1_31' title='bbox 639 264 709 291; x_wconf 71' lang='lat' dir='ltr'><strong>Hist.</strong></span> <span class='ocrx_word' id='word_1_32' title='bbox 722 265 769 293; x_wconf 85' lang='lat' dir='ltr'><strong>lib.</strong></span> <span class='ocrx_word' id='word_1_33' title='bbox 787 273 823 298; x_wconf 87' lang='lat' dir='ltr'><strong>IV,</strong></span> <span class='ocrx_word' id='word_1_34' title='bbox 841 273 900 300; x_wconf 88' lang='lat' dir='ltr'><strong>cap.</strong></span> <span class='ocrx_word' id='word_1_35' title='bbox 915 265 961 298; x_wconf 75' lang='grc'><strong>27,</strong></span> <span class='ocrx_word' id='word_1_36' title='bbox 975 270 1002 293; x_wconf 88' lang='lat' dir='ltr'><strong>et</strong></span> 
     </span>
    </p>
   </div>
   <div class='ocr_carea' id='block_1_8' title="bbox 219 309 1001 346">
    <p class='ocr_par' dir='ltr' id='par_1_8' title="bbox 219 309 1001 346">
     <span class='ocr_line' id='line_1_8' title="bbox 219 309 1001 346; baseline 0.003 -9"><span class='ocrx_word' id='word_1_37' title='bbox 219 310 384 344; x_wconf 89' lang='lat' dir='ltr'><strong>Nicephorus</strong></span> <span class='ocrx_word' id='word_1_38' title='bbox 400 309 445 336; x_wconf 97' lang='lat' dir='ltr'><strong>lib.</strong></span> <span class='ocrx_word' id='word_1_39' title='bbox 461 318 500 342; x_wconf 82' lang='lat' dir='ltr'><strong>xl,</strong></span> <span class='ocrx_word' id='word_1_40' title='bbox 515 318 576 345; x_wconf 90' lang='lat' dir='ltr'><strong>cap.</strong></span> <span class='ocrx_word' id='word_1_41' title='bbox 596 311 637 342; x_wconf 80' lang='lat' dir='ltr'><strong>l9,</strong></span> <span class='ocrx_word' id='word_1_42' title='bbox 657 310 731 338; x_wconf 89' lang='lat' dir='ltr'><strong>hisce</strong></span> <span class='ocrx_word' id='word_1_43' title='bbox 751 311 828 339; x_wconf 81' lang='lat' dir='ltr'><strong>libris</strong></span> <span class='ocrx_word' id='word_1_44' title='bbox 845 311 1001 346; x_wconf 86' lang='lat' dir='ltr'><strong>adjunctam</strong></span> 
     </span>
    </p>
   </div>
   <div class='ocr_carea' id='block_1_9' title="bbox 218 354 1001 392">
    <p class='ocr_par' dir='ltr' id='par_1_9' title="bbox 218 354 1001 392">
     <span class='ocr_line' id='line_1_9' title="bbox 218 354 1001 392; baseline 0.003 -10"><span class='ocrx_word' id='word_1_45' title='bbox 218 363 278 383; x_wconf 89' lang='lat' dir='ltr'><strong>esse</strong></span> <span class='ocrx_word' id='word_1_46' title='bbox 297 355 325 382; x_wconf 92' lang='lat' dir='ltr'><strong>S.</strong></span> <span class='ocrx_word' id='word_1_47' title='bbox 337 354 460 389; x_wconf 76' lang='lat' dir='ltr'><strong>Gregorii</strong></span> <span class='ocrx_word' id='word_1_48' title='bbox 475 356 670 392; x_wconf 84' lang='lat' dir='ltr'><strong>Thaumaturgi</strong></span> <span class='ocrx_word' id='word_1_49' title='bbox 693 358 878 392; x_wconf 80' lang='lat' dir='ltr'><strong>panegyricum</strong></span> <span class='ocrx_word' id='word_1_50' title='bbox 902 358 1001 385; x_wconf 84' lang='lat' dir='ltr'><strong>oratio—</strong></span> 
     </span>
    </p>
   </div>
   <div class='ocr_carea' id='block_1_10' title="bbox 218 401 1000 437">
    <p class='ocr_par' dir='ltr' id='par_1_10' title="bbox 218 401 1000 437">
     <span class='ocr_line' id='line_1_10' title="bbox 218 401 1000 437; baseline 0.003 -10"><span class='ocrx_word' id='word_1_51' title='bbox 218 409 285 432; x_wconf 77' lang='lat' dir='ltr'><strong>nem,</strong></span> <span class='ocrx_word' id='word_1_52' title='bbox 304 408 384 435; x_wconf 86' lang='lat' dir='ltr'><strong>quam</strong></span> <span class='ocrx_word' id='word_1_53' title='bbox 397 401 441 428; x_wconf 90' lang='lat' dir='ltr'><strong>ille</strong></span> <span class='ocrx_word' id='word_1_54' title='bbox 456 402 488 428; x_wconf 88' lang='lat' dir='ltr'><strong>ab</strong></span> <span class='ocrx_word' id='word_1_55' title='bbox 501 401 620 436; x_wconf 74' lang='lat' dir='ltr'><strong>Origene</strong></span> <span class='ocrx_word' id='word_1_56' title='bbox 632 403 773 430; x_wconf 85' lang='lat' dir='ltr'><strong>discedens</strong></span> <span class='ocrx_word' id='word_1_57' title='bbox 785 403 810 430; x_wconf 93' lang='lat' dir='ltr'><strong>in</strong></span> <span class='ocrx_word' id='word_1_58' title='bbox 826 402 884 437; x_wconf 82' lang='lat' dir='ltr'><strong>ejus</strong></span> <span class='ocrx_word' id='word_1_59' title='bbox 897 403 1000 430; x_wconf 86' lang='lat' dir='ltr'><strong>laudem</strong></span> 
     </span>
    </p>
   </div>
   <div class='ocr_carea' id='block_1_11' title="bbox 217 447 1001 481">
    <p class='ocr_par' dir='ltr' id='par_1_11' title="bbox 217 447 1001 481">
     <span class='ocr_line' id='line_1_11' title="bbox 217 447 1001 481; baseline 0.003 -7"><span class='ocrx_word' id='word_1_60' title='bbox 217 449 378 481; x_wconf 85' lang='lat' dir='ltr'><strong>composuit.</strong></span> <span class='ocrx_word' id='word_1_61' title='bbox 393 447 517 481; x_wconf 80' lang='lat' dir='ltr'><strong>Ruﬁnus,</strong></span> <span class='ocrx_word' id='word_1_62' title='bbox 529 454 558 475; x_wconf 89' lang='lat' dir='ltr'><strong>ut</strong></span> <span class='ocrx_word' id='word_1_63' title='bbox 569 448 624 481; x_wconf 84' lang='lat' dir='ltr'><strong>jam</strong></span> <span class='ocrx_word' id='word_1_64' title='bbox 651 449 781 481; x_wconf 79' lang='lat' dir='ltr'><strong>diximus,</strong></span> <span class='ocrx_word' id='word_1_65' title='bbox 797 449 842 476; x_wconf 89' lang='lat' dir='ltr'><strong>lib.</strong></span> <span class='ocrx_word' id='word_1_66' title='bbox 857 449 1001 476; x_wconf 75' lang='lat' dir='ltr'><strong>taduersus</strong></span> 
     </span>
    </p>
   </div>
   <div class='ocr_carea' id='block_1_12' title="bbox 217 491 1000 529">
    <p class='ocr_par' dir='ltr' id='par_1_12' title="bbox 217 491 1000 529">
     <span class='ocr_line' id='line_1_12' title="bbox 217 491 1000 529; baseline 0.004 -10"><span class='ocrx_word' id='word_1_67' title='bbox 217 491 417 528; x_wconf 83' lang='lat' dir='ltr'><strong>Hieronymum,</strong></span> <span class='ocrx_word' id='word_1_68' title='bbox 436 494 502 521; x_wconf 93' lang='lat' dir='ltr'><strong>dicit</strong></span> <span class='ocrx_word' id='word_1_69' title='bbox 519 494 545 521; x_wconf 92' lang='lat' dir='ltr'><strong>in</strong></span> <span class='ocrx_word' id='word_1_70' title='bbox 563 495 613 522; x_wconf 88' lang='lat' dir='ltr'><strong>hac</strong></span> <span class='ocrx_word' id='word_1_71' title='bbox 625 494 752 529; x_wconf 76' lang='lat' dir='ltr'><strong>Apologia</strong></span> <span class='ocrx_word' id='word_1_72' title='bbox 768 495 809 529; x_wconf 84' lang='lat' dir='ltr'><strong>agi</strong></span> <span class='ocrx_word' id='word_1_73' title='bbox 831 496 864 522; x_wconf 89' lang='lat' dir='ltr'><strong>de</strong></span> <span class='ocrx_word' id='word_1_74' title='bbox 877 495 932 522; x_wconf 75' lang='lat' dir='ltr'><strong>fato</strong></span> <span class='ocrx_word' id='word_1_75' title='bbox 952 502 1000 522; x_wconf 90' lang='lat' dir='ltr'><strong>seu</strong></span> 
     </span>
    </p>
   </div>
   <div class='ocr_carea' id='block_1_13' title="bbox 217 539 999 575">
    <p class='ocr_par' dir='ltr' id='par_1_13' title="bbox 217 539 999 575">
     <span class='ocr_line' id='line_1_13' title="bbox 217 539 999 575; baseline 0.005 -11"><span class='ocrx_word' id='word_1_76' title='bbox 217 539 342 567; x_wconf 77' lang='lat' dir='ltr'><strong>mathesi.</strong></span> <span class='ocrx_word' id='word_1_77' title='bbox 357 539 514 575; x_wconf 81' lang='lat' dir='ltr'><strong>Anonymus</strong></span> <span class='ocrx_word' id='word_1_78' title='bbox 531 545 627 567; x_wconf 84' lang='lat' dir='ltr'><strong>auctor</strong></span> <span class='ocrx_word' id='word_1_79' title='bbox 643 547 657 566; x_wconf 84' lang='lat' dir='ltr'><strong>a</strong></span> <span class='ocrx_word' id='word_1_80' title='bbox 672 540 704 567; x_wconf 69' lang='lat' dir='ltr'><strong>lt.</strong></span> <span class='ocrx_word' id='word_1_81' title='bbox 734 540 764 568; x_wconf 89' lang='lat' dir='ltr'><strong>P.</strong></span> <span class='ocrx_word' id='word_1_82' title='bbox 794 540 871 575; x_wconf 89' lang='lat' dir='ltr'><strong>Lupo</strong></span> <span class='ocrx_word' id='word_1_83' title='bbox 900 541 999 574; x_wconf 82' lang='lat' dir='ltr'><strong>editus,</strong></span> 
     </span>
    </p>
   </div>
   <div class='ocr_carea' id='block_1_14' title="bbox 217 584 1000 622">
    <p class='ocr_par' dir='ltr' id='par_1_14' title="bbox 217 584 1000 622">
     <span class='ocr_line' id='line_1_14' title="bbox 217 584 1000 622; baseline 0.006 -12"><span class='ocrx_word' id='word_1_84' title='bbox 217 584 301 611; x_wconf 82' lang='lat' dir='ltr'><strong>refert</strong></span> <span class='ocrx_word' id='word_1_85' title='bbox 325 585 494 618; x_wconf 83' lang='lat' dir='ltr'><strong>Pamphilum</strong></span> <span class='ocrx_word' id='word_1_86' title='bbox 522 593 690 621; x_wconf 81' lang='lat' dir='ltr'><strong>martyrem,</strong></span> <span class='ocrx_word' id='word_1_87' title='bbox 715 591 742 613; x_wconf 79' lang='lat' dir='ltr'><strong>et</strong></span> <span class='ocrx_word' id='word_1_88' title='bbox 773 587 918 614; x_wconf 81' lang='lat' dir='ltr'><strong>Eusebium</strong></span> <span class='ocrx_word' id='word_1_89' title='bbox 952 596 1000 622; x_wconf 89' lang='lat' dir='ltr'><strong>pro</strong></span> 
     </span>
    </p>
   </div>
   <div class='ocr_carea' id='block_1_15' title="bbox 217 630 1001 667">
    <p class='ocr_par' dir='ltr' id='par_1_15' title="bbox 217 630 1001 667">
     <span class='ocr_line' id='line_1_15' title="bbox 217 630 1001 667; baseline 0.005 -11"><span class='ocrx_word' id='word_1_90' title='bbox 217 630 430 663; x_wconf 66' lang='lat' dir='ltr'><strong>prmexsistentia</strong></span> <span class='ocrx_word' id='word_1_91' title='bbox 449 634 476 657; x_wconf 91' lang='lat' dir='ltr'><strong>et</strong></span> <span class='ocrx_word' id='word_1_92' title='bbox 490 631 660 658; x_wconf 73' lang='lat' dir='ltr'><strong>restitutione</strong></span> <span class='ocrx_word' id='word_1_93' title='bbox 687 631 780 659; x_wconf 89' lang='lat' dir='ltr'><strong>multis</strong></span> <span class='ocrx_word' id='word_1_94' title='bbox 807 632 884 660; x_wconf 85' lang='lat' dir='ltr'><strong>valde</strong></span> <span class='ocrx_word' id='word_1_95' title='bbox 901 641 1001 667; x_wconf 66' lang='lat' dir='ltr'><strong>praece-</strong></span> 
     </span>
    </p>
   </div>
   <div class='ocr_carea' id='block_1_16' title="bbox 217 676 999 706">
    <p class='ocr_par' dir='ltr' id='par_1_16' title="bbox 217 676 999 706">
     <span class='ocr_line' id='line_1_16' title="bbox 217 676 999 706; baseline 0.006 -5"><span class='ocrx_word' id='word_1_96' title='bbox 217 676 337 702; x_wconf 80' lang='lat' dir='ltr'><strong>dentium</strong></span> <span class='ocrx_word' id='word_1_97' title='bbox 354 676 462 703; x_wconf 82' lang='lat' dir='ltr'><strong>Patrum</strong></span> <span class='ocrx_word' id='word_1_98' title='bbox 477 677 638 704; x_wconf 82' lang='lat' dir='ltr'><strong>testimoniis</strong></span> <span class='ocrx_word' id='word_1_99' title='bbox 652 684 717 705; x_wconf 89' lang='lat' dir='ltr'><strong>usos</strong></span> <span class='ocrx_word' id='word_1_100' title='bbox 734 685 805 705; x_wconf 84' lang='lat' dir='ltr'><strong>esse.</strong></span> <span class='ocrx_word' id='word_1_101' title='bbox 832 678 907 705; x_wconf 85' lang='lat' dir='ltr'><strong>Alter</strong></span> <span class='ocrx_word' id='word_1_102' title='bbox 923 679 999 706; x_wconf 90' lang='lat' dir='ltr'><strong>deni-</strong></span> 
     </span>
    </p>
   </div>
   <div class='ocr_carea' id='block_1_17' title="bbox 217 721 1000 756">
    <p class='ocr_par' dir='ltr' id='par_1_17' title="bbox 217 721 1000 756">
     <span class='ocr_line' id='line_1_17' title="bbox 217 721 1000 756; baseline 0.004 -8"><span class='ocrx_word' id='word_1_103' title='bbox 217 728 269 755; x_wconf 79' lang='lat' dir='ltr'><strong>que</strong></span> <span class='ocrx_word' id='word_1_104' title='bbox 283 729 431 756; x_wconf 84' lang='lat' dir='ltr'><strong>anonymus</strong></span> <span class='ocrx_word' id='word_1_105' title='bbox 446 730 460 748; x_wconf 87' lang='lat' dir='ltr'><strong>a</strong></span> <span class='ocrx_word' id='word_1_106' title='bbox 473 721 619 750; x_wconf 87' lang='lat' dir='ltr'><strong>Sirntundo</strong></span> <span class='ocrx_word' id='word_1_107' title='bbox 631 723 719 750; x_wconf 89' lang='lat' dir='ltr'><strong>editus</strong></span> <span class='ocrx_word' id='word_1_108' title='bbox 737 725 786 750; x_wconf 84' lang='lat' dir='ltr'><strong>sub</strong></span> <span class='ocrx_word' id='word_1_109' title='bbox 803 725 911 751; x_wconf 90' lang='lat' dir='ltr'><strong>nomine</strong></span> <span class='ocrx_word' id='word_1_110' title='bbox 926 724 1000 751; x_wconf 68' lang='lat' dir='ltr'><strong>Prae-</strong></span> 
     </span>
    </p>
   </div>
   <div class='ocr_carea' id='block_1_18' title="bbox 214 767 1000 803">
    <p class='ocr_par' dir='ltr' id='par_1_18' title="bbox 214 767 1000 803">
     <span class='ocr_line' id='line_1_18' title="bbox 214 767 1000 803; baseline 0.005 -10"><span class='ocrx_word' id='word_1_111' title='bbox 214 767 350 799; x_wconf 71' lang='lat' dir='ltr'><strong>destinali,</strong></span> <span class='ocrx_word' id='word_1_112' title='bbox 363 775 441 802; x_wconf 84' lang='lat' dir='ltr'><strong>quem</strong></span> <span class='ocrx_word' id='word_1_113' title='bbox 463 768 507 795; x_wconf 92' lang='lat' dir='ltr'><strong>alii</strong></span> <span class='ocrx_word' id='word_1_114' title='bbox 522 768 671 796; x_wconf 86' lang='lat' dir='ltr'><strong>Arnobium</strong></span> <span class='ocrx_word' id='word_1_115' title='bbox 689 768 824 803; x_wconf 85' lang='lat' dir='ltr'><strong>junioreut</strong></span> <span class='ocrx_word' id='word_1_116' title='bbox 837 789 846 802; x_wconf 81' lang='lat'><strong>,</strong></span> <span class='ocrx_word' id='word_1_117' title='bbox 869 770 914 797; x_wconf 83' lang='lat' dir='ltr'><strong>alii</strong></span> <span class='ocrx_word' id='word_1_118' title='bbox 942 771 1000 797; x_wconf 84' lang='lat' dir='ltr'><strong>Pri-</strong></span> 
     </span>
    </p>
   </div>
   <div class='ocr_carea' id='block_1_19' title="bbox 217 812 997 848">
    <p class='ocr_par' dir='ltr' id='par_1_19' title="bbox 217 812 997 848">
     <span class='ocr_line' id='line_1_19' title="bbox 217 812 997 848; baseline 0.005 -10"><span class='ocrx_word' id='word_1_119' title='bbox 217 812 330 838; x_wconf 80' lang='lat' dir='ltr'><strong>tnasium</strong></span> <span class='ocrx_word' id='word_1_120' title='bbox 346 819 406 840; x_wconf 88' lang='lat' dir='ltr'><strong>esse</strong></span> <span class='ocrx_word' id='word_1_121' title='bbox 425 813 592 845; x_wconf 84' lang='lat' dir='ltr'><strong>existimant,</strong></span> <span class='ocrx_word' id='word_1_122' title='bbox 626 814 651 841; x_wconf 92' lang='lat' dir='ltr'><strong>in</strong></span> <span class='ocrx_word' id='word_1_123' title='bbox 672 814 719 842; x_wconf 91' lang='lat' dir='ltr'><strong>lib.</strong></span> <span class='ocrx_word' id='word_1_124' title='bbox 745 822 753 842; x_wconf 86' lang='grc' dir='ltr'><strong>ι</strong></span> <span class='ocrx_word' id='word_1_125' title='bbox 783 815 819 842; x_wconf 87' lang='lat' dir='ltr'><strong>De</strong></span> <span class='ocrx_word' id='word_1_126' title='bbox 846 816 997 848; x_wconf 75' lang='lat' dir='ltr'><strong>hwreribus,</strong></span> 
     </span>
    </p>
   </div>
   <div class='ocr_carea' id='block_1_20' title="bbox 217 858 1001 895">
    <p class='ocr_par' dir='ltr' id='par_1_20' title="bbox 217 858 1001 895">
     <span class='ocr_line' id='line_1_20' title="bbox 217 858 1001 895; baseline 0.005 -11"><span class='ocrx_word' id='word_1_127' title='bbox 217 858 310 885; x_wconf 62' lang='lat' dir='ltr'><strong>haeresi</strong></span> <span class='ocrx_word' id='word_1_128' title='bbox 327 866 395 890; x_wconf 81' lang='lat' dir='ltr'><strong>xxn,</strong></span> <span class='ocrx_word' id='word_1_129' title='bbox 414 866 473 895; x_wconf 69' lang='lat' dir='ltr'><strong>quae</strong></span> <span class='ocrx_word' id='word_1_130' title='bbox 490 863 532 886; x_wconf 85' lang='lat' dir='ltr'><strong>est</strong></span> <span class='ocrx_word' id='word_1_131' title='bbox 556 859 746 894; x_wconf 81' lang='lat' dir='ltr'><strong>Apellitarum,</strong></span> <span class='ocrx_word' id='word_1_132' title='bbox 767 861 802 887; x_wconf 89' lang='lat' dir='ltr'><strong>ita</strong></span> <span class='ocrx_word' id='word_1_133' title='bbox 820 861 855 887; x_wconf 86' lang='lat' dir='ltr'><strong>ait</strong></span> <span class='ocrx_word' id='word_1_134' title='bbox 873 868 880 887; x_wconf 89' lang='lat'><strong>:</strong></span> <span class='ocrx_word' id='word_1_135' title='bbox 917 870 926 887; x_wconf 74' lang='grc' dir='ltr'>ι</span> <span class='ocrx_word' id='word_1_136' title='bbox 946 861 1001 888; x_wconf 88' lang='lat' dir='ltr'><strong>llos</strong></span> 
     </span>
    </p>
   </div>
   <div class='ocr_carea' id='block_1_21' title="bbox 214 903 1000 939">
    <p class='ocr_par' dir='ltr' id='par_1_21' title="bbox 214 903 1000 939">
     <span class='ocr_line' id='line_1_21' title="bbox 214 903 1000 939; baseline 0.001 -7"><span class='ocrx_word' id='word_1_137' title='bbox 214 903 346 939; x_wconf 79' lang='lat' dir='ltr'><strong>Origenes</strong></span> <span class='ocrx_word' id='word_1_138' title='bbox 361 905 396 932; x_wconf 88' lang='lat' dir='ltr'><strong>ita</strong></span> <span class='ocrx_word' id='word_1_139' title='bbox 425 904 544 939; x_wconf 81' lang='lat' dir='ltr'><strong>perfecte</strong></span> <span class='ocrx_word' id='word_1_140' title='bbox 569 905 717 939; x_wconf 79' lang='lat' dir='ltr'><strong>superavit,</strong></span> <span class='ocrx_word' id='word_1_141' title='bbox 733 911 761 932; x_wconf 92' lang='lat' dir='ltr'><strong>ut</strong></span> <span class='ocrx_word' id='word_1_142' title='bbox 792 913 886 933; x_wconf 87' lang='lat' dir='ltr'><strong>eorum</strong></span> <span class='ocrx_word' id='word_1_143' title='bbox 920 914 1000 934; x_wconf 82' lang='lat' dir='ltr'><strong>causa</strong></span> 
     </span>
    </p>
   </div>
   <div class='ocr_carea' id='block_1_22' title="bbox 216 949 1001 986">
    <p class='ocr_par' dir='ltr' id='par_1_22' title="bbox 216 949 1001 986">
     <span class='ocr_line' id='line_1_22' title="bbox 216 949 1001 986; baseline 0.003 -10"><span class='ocrx_word' id='word_1_144' title='bbox 216 949 388 985; x_wconf 78' lang='grc' dir='ltr'><strong>περιοδευτὴς</strong></span> <span class='ocrx_word' id='word_1_145' title='bbox 402 949 554 985; x_wconf 91' lang='lat' dir='ltr'><strong>(circuitor)</strong></span> <span class='ocrx_word' id='word_1_146' title='bbox 566 950 654 982; x_wconf 87' lang='lat' dir='ltr'><strong>ﬁeret,</strong></span> <span class='ocrx_word' id='word_1_147' title='bbox 671 955 696 977; x_wconf 90' lang='lat' dir='ltr'><strong>et</strong></span> <span class='ocrx_word' id='word_1_148' title='bbox 711 958 758 985; x_wconf 86' lang='lat' dir='ltr'><strong>per</strong></span> <span class='ocrx_word' id='word_1_149' title='bbox 776 951 896 985; x_wconf 81' lang='lat' dir='ltr'><strong>singulas</strong></span> <span class='ocrx_word' id='word_1_150' title='bbox 919 959 1001 986; x_wconf 89' lang='lat' dir='ltr'><strong>quas-</strong></span> 
     </span>
    </p>
   </div>
   <div class='ocr_carea' id='block_1_23' title="bbox 216 996 1000 1032">
    <p class='ocr_par' dir='ltr' id='par_1_23' title="bbox 216 996 1000 1032">
     <span class='ocr_line' id='line_1_23' title="bbox 216 996 1000 1032; baseline 0.003 -10"><span class='ocrx_word' id='word_1_151' title='bbox 216 1003 268 1029; x_wconf 89' lang='lat' dir='ltr'><strong>que</strong></span> <span class='ocrx_word' id='word_1_152' title='bbox 283 996 363 1023; x_wconf 87' lang='lat' dir='ltr'><strong>urbes</strong></span> <span class='ocrx_word' id='word_1_153' title='bbox 381 1004 429 1030; x_wconf 87' lang='lat' dir='ltr'><strong>per</strong></span> <span class='ocrx_word' id='word_1_154' title='bbox 441 996 578 1023; x_wconf 85' lang='lat' dir='ltr'><strong>Orientem</strong></span> <span class='ocrx_word' id='word_1_155' title='bbox 590 998 678 1024; x_wconf 86' lang='lat' dir='ltr'><strong>eundo</strong></span> <span class='ocrx_word' id='word_1_156' title='bbox 701 997 870 1031; x_wconf 73' lang='lat' dir='ltr'><strong>prmdicaret.</strong></span> <span class='ocrx_word' id='word_1_157' title='bbox 887 997 919 1024; x_wconf 88' lang='lat' dir='ltr'><strong>Et</strong></span> <span class='ocrx_word' id='word_1_158' title='bbox 938 998 1000 1032; x_wconf 83' lang='lat' dir='ltr'><strong>quia</strong></span> 
     </span>
    </p>
   </div>
   <div class='ocr_carea' id='block_1_24' title="bbox 216 1039 1002 1075">
    <p class='ocr_par' dir='ltr' id='par_1_24' title="bbox 216 1039 1002 1075">
     <span class='ocr_line' id='line_1_24' title="bbox 216 1039 1002 1075; baseline 0.005 -10"><span class='ocrx_word' id='word_1_159' title='bbox 216 1039 421 1067; x_wconf 88' lang='lat' dir='ltr'><strong>innumerabilia</strong></span> <span class='ocrx_word' id='word_1_160' title='bbox 449 1045 511 1067; x_wconf 90' lang='lat' dir='ltr'><strong>sunt</strong></span> <span class='ocrx_word' id='word_1_161' title='bbox 528 1045 704 1067; x_wconf 90' lang='lat' dir='ltr'><strong>tractatorum</strong></span> <span class='ocrx_word' id='word_1_162' title='bbox 717 1041 775 1075; x_wconf 90' lang='lat' dir='ltr'><strong>ejus</strong></span> <span class='ocrx_word' id='word_1_163' title='bbox 788 1041 936 1073; x_wconf 76' lang='lat' dir='ltr'><strong>volumina,</strong></span> <span class='ocrx_word' id='word_1_164' title='bbox 950 1043 1002 1069; x_wconf 65' lang='lat' dir='ltr'><strong>hm-</strong></span> 
     </span>
    </p>
   </div>
   <div class='ocr_carea' id='block_1_25' title="bbox 217 1084 1002 1120">
    <p class='ocr_par' dir='ltr' id='par_1_25' title="bbox 217 1084 1002 1120">
     <span class='ocr_line' id='line_1_25' title="bbox 217 1084 1002 1120; baseline 0.003 -8"><span class='ocrx_word' id='word_1_165' title='bbox 217 1084 294 1112; x_wconf 87' lang='lat' dir='ltr'><strong>retici</strong></span> <span class='ocrx_word' id='word_1_166' title='bbox 310 1085 428 1120; x_wconf 83' lang='lat' dir='ltr'><strong>superati</strong></span> <span class='ocrx_word' id='word_1_167' title='bbox 445 1085 529 1112; x_wconf 86' lang='lat' dir='ltr'><strong>libros</strong></span> <span class='ocrx_word' id='word_1_168' title='bbox 544 1085 601 1118; x_wconf 86' lang='lat' dir='ltr'><strong>ejus</strong></span> <span class='ocrx_word' id='word_1_169' title='bbox 617 1086 650 1112; x_wconf 86' lang='lat' dir='ltr'><strong>ad</strong></span> <span class='ocrx_word' id='word_1_170' title='bbox 674 1093 738 1113; x_wconf 82' lang='lat' dir='ltr'><strong>suos</strong></span> <span class='ocrx_word' id='word_1_171' title='bbox 753 1086 844 1113; x_wconf 85' lang='lat' dir='ltr'><strong>libitus</strong></span> <span class='ocrx_word' id='word_1_172' title='bbox 859 1087 1002 1114; x_wconf 87' lang='lat' dir='ltr'><strong>callidissi—</strong></span> 
     </span>
    </p>
   </div>
   <div class='ocr_carea' id='block_1_26' title="bbox 217 1131 1001 1166">
    <p class='ocr_par' dir='ltr' id='par_1_26' title="bbox 217 1131 1001 1166">
     <span class='ocr_line' id='line_1_26' title="bbox 217 1131 1001 1166; baseline 0.003 -9"><span class='ocrx_word' id='word_1_173' title='bbox 217 1139 258 1157; x_wconf 89' lang='lat' dir='ltr'><strong>ma</strong></span> <span class='ocrx_word' id='word_1_174' title='bbox 273 1131 506 1166; x_wconf 81' lang='lat' dir='ltr'><strong>argumentatione</strong></span> <span class='ocrx_word' id='word_1_175' title='bbox 522 1136 672 1163; x_wconf 83' lang='lat' dir='ltr'><strong>mutarunt,</strong></span> <span class='ocrx_word' id='word_1_176' title='bbox 691 1137 798 1165; x_wconf 85' lang='lat' dir='ltr'><strong>utquos</strong></span> <span class='ocrx_word' id='word_1_177' title='bbox 816 1132 915 1159; x_wconf 86' lang='lat' dir='ltr'><strong>vellent</strong></span> <span class='ocrx_word' id='word_1_178' title='bbox 929 1133 1001 1159; x_wconf 88' lang='lat' dir='ltr'><strong>deci-</strong></span> 
     </span>
    </p>
   </div>
   <div class='ocr_carea' id='block_1_27' title="bbox 215 1177 1000 1212">
    <p class='ocr_par' dir='ltr' id='par_1_27' title="bbox 215 1177 1000 1212">
     <span class='ocr_line' id='line_1_27' title="bbox 215 1177 1000 1212; baseline 0.001 -8"><span class='ocrx_word' id='word_1_179' title='bbox 215 1185 290 1211; x_wconf 87' lang='lat' dir='ltr'><strong>pere.</strong></span> <span class='ocrx_word' id='word_1_180' title='bbox 306 1177 428 1204; x_wconf 87' lang='lat' dir='ltr'><strong>dicerent</strong></span> <span class='ocrx_word' id='word_1_181' title='bbox 461 1177 497 1204; x_wconf 87' lang='lat' dir='ltr'><strong>ita</strong></span> <span class='ocrx_word' id='word_1_182' title='bbox 525 1177 668 1212; x_wconf 84' lang='lat' dir='ltr'><strong>Origenem</strong></span> <span class='ocrx_word' id='word_1_183' title='bbox 696 1178 753 1205; x_wconf 86' lang='lat' dir='ltr'><strong>suis</strong></span> <span class='ocrx_word' id='word_1_184' title='bbox 780 1178 1000 1212; x_wconf 84' lang='lat' dir='ltr'><strong>Expositionibus</strong></span> 
     </span>
    </p>
   </div>
   <div class='ocr_carea' id='block_1_28' title="bbox 215 1221 998 1258">
    <p class='ocr_par' dir='ltr' id='par_1_28' title="bbox 215 1221 998 1258">
     <span class='ocr_line' id='line_1_28' title="bbox 215 1221 998 1258; baseline 0.001 -9"><span class='ocrx_word' id='word_1_185' title='bbox 215 1221 354 1250; x_wconf 88' lang='lat' dir='ltr'><strong>deﬁnisse.</strong></span> <span class='ocrx_word' id='word_1_186' title='bbox 377 1221 452 1249; x_wconf 85' lang='lat' dir='ltr'><strong>Unde</strong></span> <span class='ocrx_word' id='word_1_187' title='bbox 469 1223 624 1258; x_wconf 88' lang='lat' dir='ltr'><strong>quicunque</strong></span> <span class='ocrx_word' id='word_1_188' title='bbox 638 1230 723 1257; x_wconf 85' lang='lat' dir='ltr'><strong>usque</strong></span> <span class='ocrx_word' id='word_1_189' title='bbox 747 1222 828 1250; x_wconf 89' lang='lat' dir='ltr'><strong>hodie</strong></span> <span class='ocrx_word' id='word_1_190' title='bbox 855 1223 998 1256; x_wconf 70' lang='lat' dir='ltr'><strong>Origene:-</strong></span> 
     </span>
    </p>
   </div>
   <div class='ocr_carea' id='block_1_29' title="bbox 216 1267 998 1304">
    <p class='ocr_par' dir='ltr' id='par_1_29' title="bbox 216 1267 998 1304">
     <span class='ocr_line' id='line_1_29' title="bbox 216 1267 998 1304; baseline 0.006 -11"><span class='ocrx_word' id='word_1_191' title='bbox 216 1267 290 1302; x_wconf 73' lang='lat' dir='ltr'><strong>legit,</strong></span> <span class='ocrx_word' id='word_1_192' title='bbox 302 1267 325 1294; x_wconf 89' lang='lat' dir='ltr'><strong>si</strong></span> <span class='ocrx_word' id='word_1_193' title='bbox 343 1268 465 1302; x_wconf 89' lang='lat' dir='ltr'><strong>prudenti</strong></span> <span class='ocrx_word' id='word_1_194' title='bbox 481 1276 542 1295; x_wconf 90' lang='lat' dir='ltr'><strong>eum</strong></span> <span class='ocrx_word' id='word_1_195' title='bbox 557 1269 630 1296; x_wconf 88' lang='lat' dir='ltr'><strong>novit</strong></span> <span class='ocrx_word' id='word_1_196' title='bbox 647 1269 806 1296; x_wconf 75' lang='lat' dir='ltr'><strong>recitatione</strong></span> <span class='ocrx_word' id='word_1_197' title='bbox 822 1268 998 1304; x_wconf 63' lang='lat' dir='ltr'><strong>distinguere.</strong></span> 
     </span>
    </p>
   </div>
   <div class='ocr_carea' id='block_1_30' title="bbox 215 1313 998 1350">
    <p class='ocr_par' dir='ltr' id='par_1_30' title="bbox 215 1313 998 1350">
     <span class='ocr_line' id='line_1_30' title="bbox 215 1313 998 1350; baseline 0.005 -11"><span class='ocrx_word' id='word_1_198' title='bbox 215 1313 394 1348; x_wconf 84' lang='lat' dir='ltr'><strong>deprehendit</strong></span> <span class='ocrx_word' id='word_1_199' title='bbox 407 1313 464 1342; x_wconf 90' lang='lat' dir='ltr'><strong>loca</strong></span> <span class='ocrx_word' id='word_1_200' title='bbox 475 1315 508 1343; x_wconf 86' lang='lat' dir='ltr'><strong>ab</strong></span> <span class='ocrx_word' id='word_1_201' title='bbox 528 1315 662 1344; x_wconf 67' lang='lat' dir='ltr'><strong>haereticis</strong></span> <span class='ocrx_word' id='word_1_202' title='bbox 679 1315 823 1343; x_wconf 76' lang='lat' dir='ltr'><strong>maculata.</strong></span> <span class='ocrx_word' id='word_1_203' title='bbox 855 1316 931 1350; x_wconf 87' lang='lat' dir='ltr'><strong>Quod</strong></span> <span class='ocrx_word' id='word_1_204' title='bbox 961 1317 998 1343; x_wconf 82' lang='lat' dir='ltr'><strong>ita</strong></span> 
     </span>
    </p>
   </div>
   <div class='ocr_carea' id='block_1_31' title="bbox 215 1360 999 1398">
    <p class='ocr_par' dir='ltr' id='par_1_31' title="bbox 215 1360 999 1398">
     <span class='ocr_line' id='line_1_31' title="bbox 215 1360 999 1398; baseline 0.006 -13"><span class='ocrx_word' id='word_1_205' title='bbox 215 1366 277 1386; x_wconf 88' lang='lat' dir='ltr'><strong>esse</strong></span> <span class='ocrx_word' id='word_1_206' title='bbox 291 1364 399 1387; x_wconf 88' lang='lat' dir='ltr'><strong>sanctus</strong></span> <span class='ocrx_word' id='word_1_207' title='bbox 413 1360 570 1396; x_wconf 84' lang='lat' dir='ltr'><strong>Pamphilus</strong></span> <span class='ocrx_word' id='word_1_208' title='bbox 587 1367 690 1398; x_wconf 85' lang='lat' dir='ltr'><strong>martyr</strong></span> <span class='ocrx_word' id='word_1_209' title='bbox 703 1363 728 1389; x_wconf 92' lang='lat' dir='ltr'><strong>in</strong></span> <span class='ocrx_word' id='word_1_210' title='bbox 753 1370 802 1390; x_wconf 89' lang='lat' dir='ltr'><strong>suo</strong></span> <span class='ocrx_word' id='word_1_211' title='bbox 830 1363 999 1398; x_wconf 79' lang='lat' dir='ltr'><strong>Apologelico</strong></span> 
     </span>
    </p>
   </div>
   <div class='ocr_carea' id='block_1_32' title="bbox 216 1405 999 1443">
    <p class='ocr_par' dir='ltr' id='par_1_32' title="bbox 216 1405 999 1443">
     <span class='ocr_line' id='line_1_32' title="bbox 216 1405 999 1443; baseline 0.005 -12"><span class='ocrx_word' id='word_1_212' title='bbox 216 1405 372 1433; x_wconf 79' lang='lat' dir='ltr'><strong>declaravit.</strong></span> <span class='ocrx_word' id='word_1_213' title='bbox 395 1416 404 1432; x_wconf 73' lang='grc' dir='ltr'>ι</span> <span class='ocrx_word' id='word_1_214' title='bbox 421 1406 454 1435; x_wconf 87' lang='lat' dir='ltr'><strong>Et</strong></span> <span class='ocrx_word' id='word_1_215' title='bbox 470 1408 566 1436; x_wconf 61' lang='lat' dir='ltr'><strong>haeresi</strong></span> <span class='ocrx_word' id='word_1_216' title='bbox 582 1417 661 1443; x_wconf 77' lang='lat' dir='ltr'><strong>mu,</strong></span> <span class='ocrx_word' id='word_1_217' title='bbox 687 1414 831 1443; x_wconf 88' lang='lat' dir='ltr'><strong>postquam</strong></span> <span class='ocrx_word' id='word_1_218' title='bbox 847 1408 916 1436; x_wconf 92' lang='lat' dir='ltr'><strong>dixit</strong></span> <span class='ocrx_word' id='word_1_219' title='bbox 944 1414 999 1436; x_wconf 87' lang='lat' dir='ltr'><strong>tres</strong></span> 
     </span>
    </p>
   </div>
   <div class='ocr_carea' id='block_1_33' title="bbox 216 1449 998 1490">
    <p class='ocr_par' dir='ltr' id='par_1_33' title="bbox 216 1449 998 1490">
     <span class='ocr_line' id='line_1_33' title="bbox 216 1449 998 1490; baseline 0.006 -13"><span class='ocrx_word' id='word_1_220' title='bbox 216 1449 299 1478; x_wconf 78' lang='lat' dir='ltr'><strong>fuisse</strong></span> <span class='ocrx_word' id='word_1_221' title='bbox 313 1450 452 1487; x_wconf 79' lang='lat' dir='ltr'><strong>Origenes,</strong></span> <span class='ocrx_word' id='word_1_222' title='bbox 466 1461 547 1481; x_wconf 93' lang='lat' dir='ltr'><strong>unum</strong></span> <span class='ocrx_word' id='word_1_223' title='bbox 571 1454 669 1490; x_wconf 77' lang='lat' dir='ltr'><strong>Syrtim</strong></span> <span class='ocrx_word' id='word_1_224' title='bbox 688 1455 938 1486; x_wconf 77' lang='lat' dir='ltr'><strong>sceleratissimum,</strong></span> <span class='ocrx_word' id='word_1_225' title='bbox 954 1456 998 1489; x_wconf 88' lang='lat' dir='ltr'><strong>qui</strong></span> 
     </span>
    </p>
   </div>
   <div class='ocr_carea' id='block_1_34' title="bbox 215 1497 998 1534">
    <p class='ocr_par' dir='ltr' id='par_1_34' title="bbox 215 1497 998 1534">
     <span class='ocr_line' id='line_1_34' title="bbox 215 1497 998 1534; baseline 0.008 -12"><span class='ocrx_word' id='word_1_226' title='bbox 215 1497 304 1530; x_wconf 87' lang='lat' dir='ltr'><strong>turpia</strong></span> <span class='ocrx_word' id='word_1_227' title='bbox 318 1497 450 1530; x_wconf 86' lang='lat' dir='ltr'><strong>docuerit.</strong></span> <span class='ocrx_word' id='word_1_228' title='bbox 466 1498 580 1526; x_wconf 88' lang='lat' dir='ltr'><strong>alterum</strong></span> <span class='ocrx_word' id='word_1_229' title='bbox 595 1500 639 1534; x_wconf 89' lang='lat' dir='ltr'><strong>qui</strong></span> <span class='ocrx_word' id='word_1_230' title='bbox 665 1505 693 1528; x_wconf 90' lang='lat' dir='ltr'><strong>et</strong></span> <span class='ocrx_word' id='word_1_231' title='bbox 708 1506 874 1527; x_wconf 91' lang='lat' dir='ltr'><strong>mortuorum</strong></span> <span class='ocrx_word' id='word_1_232' title='bbox 909 1508 998 1528; x_wconf 82' lang='lat' dir='ltr'><strong>resur-</strong></span> 
     </span>
    </p>
   </div>
   <div class='ocr_carea' id='block_1_35' title="bbox 217 1542 998 1582">
    <p class='ocr_par' dir='ltr' id='par_1_35' title="bbox 217 1542 998 1582">
     <span class='ocr_line' id='line_1_35' title="bbox 217 1542 998 1582; baseline 0.008 -14"><span class='ocrx_word' id='word_1_233' title='bbox 217 1542 361 1570; x_wconf 84' lang='lat' dir='ltr'><strong>rectionem</strong></span> <span class='ocrx_word' id='word_1_234' title='bbox 371 1544 495 1579; x_wconf 82' lang='lat' dir='ltr'><strong>negahat,</strong></span> <span class='ocrx_word' id='word_1_235' title='bbox 509 1550 537 1572; x_wconf 85' lang='lat' dir='ltr'><strong>et</strong></span> <span class='ocrx_word' id='word_1_236' title='bbox 547 1544 647 1573; x_wconf 86' lang='lat' dir='ltr'><strong>Christi</strong></span> <span class='ocrx_word' id='word_1_237' title='bbox 660 1550 813 1573; x_wconf 86' lang='lat' dir='ltr'><strong>creaturam</strong></span> <span class='ocrx_word' id='word_1_238' title='bbox 827 1553 887 1574; x_wconf 86' lang='lat' dir='ltr'><strong>esse</strong></span> <span class='ocrx_word' id='word_1_239' title='bbox 910 1546 998 1582; x_wconf 86' lang='lat' dir='ltr'><strong>Spiri—</strong></span> 
     </span>
    </p>
   </div>
   <div class='ocr_carea' id='block_1_36' title="bbox 216 1590 1000 1625">
    <p class='ocr_par' dir='ltr' id='par_1_36' title="bbox 216 1590 1000 1625">
     <span class='ocr_line' id='line_1_36' title="bbox 216 1590 1000 1625; baseline 0.008 -11"><span class='ocrx_word' id='word_1_240' title='bbox 216 1592 272 1614; x_wconf 88' lang='lat' dir='ltr'><strong>tum</strong></span> <span class='ocrx_word' id='word_1_241' title='bbox 298 1593 420 1616; x_wconf 92' lang='lat' dir='ltr'><strong>sanctum</strong></span> <span class='ocrx_word' id='word_1_242' title='bbox 438 1590 559 1623; x_wconf 86' lang='lat' dir='ltr'><strong>dicebat,</strong></span> <span class='ocrx_word' id='word_1_243' title='bbox 588 1591 740 1625; x_wconf 80' lang='lat' dir='ltr'><strong>paradisum</strong></span> <span class='ocrx_word' id='word_1_244' title='bbox 757 1596 846 1619; x_wconf 89' lang='lat' dir='ltr'><strong>autem</strong></span> <span class='ocrx_word' id='word_1_245' title='bbox 862 1597 889 1619; x_wconf 86' lang='lat' dir='ltr'><strong>et</strong></span> <span class='ocrx_word' id='word_1_246' title='bbox 915 1593 1000 1620; x_wconf 68' lang='lat' dir='ltr'><strong>caelos</strong></span> 
     </span>
    </p>
   </div>
   <div class='ocr_carea' id='block_1_37' title="bbox 215 1633 998 1673">
    <p class='ocr_par' dir='ltr' id='par_1_37' title="bbox 215 1633 998 1673">
     <span class='ocr_line' id='line_1_37' title="bbox 215 1633 998 1673; baseline 0.009 -14"><span class='ocrx_word' id='word_1_247' title='bbox 215 1633 359 1668; x_wconf 67' lang='lat' dir='ltr'><strong>allegorice</strong></span> <span class='ocrx_word' id='word_1_248' title='bbox 384 1635 454 1662; x_wconf 89' lang='lat' dir='ltr'><strong>dicta</strong></span> <span class='ocrx_word' id='word_1_249' title='bbox 472 1644 533 1664; x_wconf 90' lang='lat' dir='ltr'><strong>esse</strong></span> <span class='ocrx_word' id='word_1_250' title='bbox 561 1636 723 1670; x_wconf 85' lang='lat' dir='ltr'><strong>aﬁlrmabat,</strong></span> <span class='ocrx_word' id='word_1_251' title='bbox 757 1637 815 1665; x_wconf 62' lang='lat' dir='ltr'><strong>haec</strong></span> <span class='ocrx_word' id='word_1_252' title='bbox 840 1637 998 1673; x_wconf 75' lang='lat' dir='ltr'><strong>subjungit:</strong></span> 
     </span>
    </p>
   </div>
   <div class='ocr_carea' id='block_1_38' title="bbox 217 1677 998 1718">
    <p class='ocr_par' dir='ltr' id='par_1_38' title="bbox 217 1677 998 1718">
     <span class='ocr_line' id='line_1_38' title="bbox 217 1677 998 1718; baseline 0.008 -13"><span class='ocrx_word' id='word_1_253' title='bbox 217 1688 227 1704; x_wconf 78' lang='grc' dir='ltr'><strong>ε</strong></span> <span class='ocrx_word' id='word_1_254' title='bbox 243 1677 276 1706; x_wconf 86' lang='lat' dir='ltr'><strong>Hi</strong></span> <span class='ocrx_word' id='word_1_255' title='bbox 293 1680 344 1707; x_wconf 91' lang='lat' dir='ltr'><strong>duo</strong></span> <span class='ocrx_word' id='word_1_256' title='bbox 359 1680 489 1714; x_wconf 83' lang='lat' dir='ltr'><strong>Origenes</strong></span> <span class='ocrx_word' id='word_1_257' title='bbox 498 1689 582 1716; x_wconf 88' lang='lat' dir='ltr'><strong>prava</strong></span> <span class='ocrx_word' id='word_1_258' title='bbox 597 1690 710 1718; x_wconf 60' lang='lat' dir='ltr'><strong>quaeque</strong></span> <span class='ocrx_word' id='word_1_259' title='bbox 733 1683 910 1717; x_wconf 85' lang='lat' dir='ltr'><strong>scripserunt.</strong></span> <span class='ocrx_word' id='word_1_260' title='bbox 938 1683 998 1711; x_wconf 69' lang='lat' dir='ltr'><strong>Ha:-</strong></span> 
     </span>
    </p>
   </div>
   <div class='ocr_carea' id='block_1_39' title="bbox 216 1725 999 1764">
    <p class='ocr_par' dir='ltr' id='par_1_39' title="bbox 216 1725 999 1764">
     <span class='ocr_line' id='line_1_39' title="bbox 216 1725 999 1764; baseline 0.006 -13"><span class='ocrx_word' id='word_1_261' title='bbox 216 1725 291 1752; x_wconf 89' lang='lat' dir='ltr'><strong>retici</strong></span> <span class='ocrx_word' id='word_1_262' title='bbox 305 1732 331 1753; x_wconf 85' lang='lat' dir='ltr'><strong>et</strong></span> <span class='ocrx_word' id='word_1_263' title='bbox 349 1727 469 1760; x_wconf 88' lang='lat' dir='ltr'><strong>perversi</strong></span> <span class='ocrx_word' id='word_1_264' title='bbox 493 1728 618 1756; x_wconf 84' lang='lat' dir='ltr'><strong>doetores</strong></span> <span class='ocrx_word' id='word_1_265' title='bbox 631 1733 724 1756; x_wconf 92' lang='lat' dir='ltr'><strong>nostro</strong></span> <span class='ocrx_word' id='word_1_266' title='bbox 738 1729 848 1764; x_wconf 85' lang='lat' dir='ltr'><strong>Origeni</strong></span> <span class='ocrx_word' id='word_1_267' title='bbox 865 1729 999 1757; x_wconf 80' lang='lat' dir='ltr'><strong>catholico</strong></span> 
     </span>
    </p>
   </div>
   <div class='ocr_carea' id='block_1_40' title="bbox 216 1772 1000 1809">
    <p class='ocr_par' dir='ltr' id='par_1_40' title="bbox 216 1772 1000 1809">
     <span class='ocr_line' id='line_1_40' title="bbox 216 1772 1000 1809; baseline 0.005 -12"><span class='ocrx_word' id='word_1_268' title='bbox 216 1773 355 1799; x_wconf 84' lang='lat' dir='ltr'><strong>tractatori</strong></span> <span class='ocrx_word' id='word_1_269' title='bbox 372 1772 549 1806; x_wconf 86' lang='lat' dir='ltr'><strong>miscuerunt,</strong></span> <span class='ocrx_word' id='word_1_270' title='bbox 564 1779 593 1800; x_wconf 96' lang='lat' dir='ltr'><strong>ut</strong></span> <span class='ocrx_word' id='word_1_271' title='bbox 602 1774 795 1808; x_wconf 84' lang='lat' dir='ltr'><strong>adimpleretur</strong></span> <span class='ocrx_word' id='word_1_272' title='bbox 810 1775 881 1809; x_wconf 86' lang='lat' dir='ltr'><strong>quod</strong></span> <span class='ocrx_word' id='word_1_273' title='bbox 901 1775 1000 1802; x_wconf 91' lang='lat' dir='ltr'><strong>dicitur</strong></span> 
     </span>
    </p>
   </div>
   <div class='ocr_carea' id='block_1_41' title="bbox 214 1816 999 1854">
    <p class='ocr_par' dir='ltr' id='par_1_41' title="bbox 214 1816 999 1854">
     <span class='ocr_line' id='line_1_41' title="bbox 214 1816 999 1854; baseline 0.006 -12"><span class='ocrx_word' id='word_1_274' title='bbox 214 1824 230 1843; x_wconf 85' lang='lat' dir='ltr'><strong>a</strong></span> <span class='ocrx_word' id='word_1_275' title='bbox 256 1816 368 1845; x_wconf 89' lang='lat' dir='ltr'><strong>Domino</strong></span> <span class='ocrx_word' id='word_1_276' title='bbox 389 1818 416 1844; x_wconf 94' lang='lat' dir='ltr'><strong>in</strong></span> <span class='ocrx_word' id='word_1_277' title='bbox 443 1819 626 1854; x_wconf 79' lang='lat' dir='ltr'><strong>Evangeliis”</strong></span> <span class='ocrx_word' id='word_1_278' title='bbox 643 1830 650 1847; x_wconf 92' lang='lat'>:</span> <span class='ocrx_word' id='word_1_279' title='bbox 668 1819 763 1847; x_wconf 77' lang='lat' dir='ltr'><strong>Nonne</strong></span> <span class='ocrx_word' id='word_1_280' title='bbox 792 1820 888 1846; x_wconf 75' lang='lat' dir='ltr'><strong>bonum</strong></span> <span class='ocrx_word' id='word_1_281' title='bbox 913 1829 999 1847; x_wconf 75' lang='lat' dir='ltr'><strong>semen</strong></span> 
     </span>
    </p>
   </div>
   <div class='ocr_carea' id='block_1_42' title="bbox 212 1862 1000 1900">
    <p class='ocr_par' dir='ltr' id='par_1_42' title="bbox 212 1862 1000 1900">
     <span class='ocr_line' id='line_1_42' title="bbox 212 1862 1000 1900; baseline 0.006 -12"><span class='ocrx_word' id='word_1_282' title='bbox 212 1862 349 1890; x_wconf 70' lang='lat' dir='ltr'><strong>seminasti</strong></span> <span class='ocrx_word' id='word_1_283' title='bbox 376 1864 403 1890; x_wconf 84' lang='lat' dir='ltr'><strong>in</strong></span> <span class='ocrx_word' id='word_1_284' title='bbox 430 1873 493 1899; x_wconf 85' lang='lat' dir='ltr'><strong>agro</strong></span> <span class='ocrx_word' id='word_1_285' title='bbox 519 1866 584 1892; x_wconf 80' lang='lat' dir='ltr'><strong>tuo?</strong></span> <span class='ocrx_word' id='word_1_286' title='bbox 610 1865 685 1893; x_wconf 83' lang='lat' dir='ltr'><strong>Unde</strong></span> <span class='ocrx_word' id='word_1_287' title='bbox 713 1873 773 1900; x_wconf 68' lang='lat' dir='ltr'><strong>ergo</strong></span> <span class='ocrx_word' id='word_1_288' title='bbox 789 1866 844 1893; x_wconf 71' lang='lat' dir='ltr'><strong>lucc</strong></span> <span class='ocrx_word' id='word_1_289' title='bbox 868 1866 1000 1894; x_wconf 59' lang='grc' dir='ltr'><strong>κίκιαηίαέ</strong></span> 
     </span>
    </p>
   </div>
   <div class='ocr_carea' id='block_1_43' title="bbox 214 1906 992 1946">
    <p class='ocr_par' dir='ltr' id='par_1_43' title="bbox 214 1906 992 1946">
     <span class='ocr_line' id='line_1_43' title="bbox 214 1906 992 1946; baseline 0.006 -13"><span class='ocrx_word' id='word_1_290' title='bbox 214 1906 266 1939; x_wconf 79' lang='lat' dir='ltr'><strong>Qui</strong></span> <span class='ocrx_word' id='word_1_291' title='bbox 292 1909 448 1942; x_wconf 72' lang='lat' dir='ltr'><strong>respondens</strong></span> <span class='ocrx_word' id='word_1_292' title='bbox 464 1911 502 1937; x_wconf 85' lang='lat' dir='ltr'><strong>ait</strong></span> <span class='ocrx_word' id='word_1_293' title='bbox 539 1921 548 1940; x_wconf 90' lang='lat'><em>:</em></span> <span class='ocrx_word' id='word_1_294' title='bbox 574 1911 703 1938; x_wconf 76' lang='lat' dir='ltr'><strong>Inimicus</strong></span> <span class='ocrx_word' id='word_1_295' title='bbox 729 1912 807 1938; x_wconf 88' lang='lat' dir='ltr'><strong>Itomo</strong></span> <span class='ocrx_word' id='word_1_296' title='bbox 834 1911 890 1938; x_wconf 64' lang='lat' dir='ltr'><strong>haec</strong></span> <span class='ocrx_word' id='word_1_297' title='bbox 918 1911 992 1946; x_wconf 76' lang='lat' dir='ltr'><strong>fecit.</strong></span> 
     </span>
    </p>
   </div>
   <div class='ocr_carea' id='block_1_44' title="bbox 215 1953 998 1992">
    <p class='ocr_par' dir='ltr' id='par_1_44' title="bbox 215 1953 998 1992">
     <span class='ocr_line' id='line_1_44' title="bbox 215 1953 998 1992; baseline 0.006 -13"><span class='ocrx_word' id='word_1_298' title='bbox 215 1953 275 1980; x_wconf 85' lang='lat' dir='ltr'><strong>Ideo</strong></span> <span class='ocrx_word' id='word_1_299' title='bbox 291 1955 363 1982; x_wconf 88' lang='lat' dir='ltr'><strong>enim</strong></span> <span class='ocrx_word' id='word_1_300' title='bbox 384 1955 528 1991; x_wconf 81' lang='lat' dir='ltr'><strong>Origenem</strong></span> <span class='ocrx_word' id='word_1_301' title='bbox 561 1957 681 1992; x_wconf 73' lang='lat' dir='ltr'><strong>legentes</strong></span> <span class='ocrx_word' id='word_1_302' title='bbox 707 1957 860 1985; x_wconf 90' lang='lat' dir='ltr'><strong>invenimus</strong></span> <span class='ocrx_word' id='word_1_303' title='bbox 884 1957 998 1985; x_wconf 89' lang='lat' dir='ltr'><strong>catholi-</strong></span> 
     </span>
    </p>
   </div>
   <div class='ocr_carea' id='block_1_45' title="bbox 213 2003 996 2032">
    <p class='ocr_par' dir='ltr' id='par_1_45' title="bbox 213 2003 996 2032">
     <span class='ocr_line' id='line_1_45' title="bbox 213 2003 996 2032; baseline 0.008 -7"><span class='ocrx_word' id='word_1_304' title='bbox 213 2006 284 2032; x_wconf 83' lang='lat' dir='ltr'><strong>cum,</strong></span> <span class='ocrx_word' id='word_1_305' title='bbox 301 2005 328 2027; x_wconf 92' lang='lat' dir='ltr'><strong>et</strong></span> <span class='ocrx_word' id='word_1_306' title='bbox 341 2007 434 2028; x_wconf 86' lang='lat' dir='ltr'><strong>contra</strong></span> <span class='ocrx_word' id='word_1_307' title='bbox 450 2003 571 2031; x_wconf 66' lang='lat' dir='ltr'><strong>haereses</strong></span> <span class='ocrx_word' id='word_1_308' title='bbox 589 2003 762 2030; x_wconf 86' lang='lat' dir='ltr'><strong>dimicantem</strong></span> <span class='ocrx_word' id='word_1_309' title='bbox 778 2007 805 2030; x_wconf 88' lang='lat' dir='ltr'><strong>et</strong></span> <span class='ocrx_word' id='word_1_310' title='bbox 818 2003 972 2030; x_wconf 85' lang='lat' dir='ltr'><strong>vincentem</strong></span> <span class='ocrx_word' id='word_1_311' title='bbox 989 2011 996 2031; x_wconf 92' lang='lat'><strong>:</strong></span> 
     </span>
    </p>
   </div>
   <div class='ocr_carea' id='block_1_46' title="bbox 213 2044 996 2084">
    <p class='ocr_par' dir='ltr' id='par_1_46' title="bbox 213 2044 996 2084">
     <span class='ocr_line' id='line_1_46' title="bbox 213 2044 996 2084; baseline 0.005 -12"><span class='ocrx_word' id='word_1_312' title='bbox 213 2044 359 2074; x_wconf 83' lang='lat' dir='ltr'><strong>identidem</strong></span> <span class='ocrx_word' id='word_1_313' title='bbox 373 2048 492 2082; x_wconf 81' lang='lat' dir='ltr'><strong>legentes</strong></span> <span class='ocrx_word' id='word_1_314' title='bbox 505 2048 649 2084; x_wconf 81' lang='lat' dir='ltr'><strong>Origeuem</strong></span> <span class='ocrx_word' id='word_1_315' title='bbox 665 2048 817 2076; x_wconf 88' lang='lat' dir='ltr'><strong>invenimus</strong></span> <span class='ocrx_word' id='word_1_316' title='bbox 829 2048 996 2082; x_wconf 63' lang='lat' dir='ltr'><strong>haarcticum,</strong></span> 
     </span>
    </p>
   </div>
   <div class='ocr_carea' id='block_1_47' title="bbox 248 2103 576 2138">
    <p class='ocr_par' dir='ltr' id='par_1_47' title="bbox 248 2103 576 2138">
     <span class='ocr_line' id='line_1_47' title="bbox 248 2103 576 2138; baseline 0.009 -8"><span class='ocrx_word' id='word_1_317' title='bbox 248 2103 270 2119; x_wconf 83' lang='grc'><strong>³³</strong></span> <span class='ocrx_word' id='word_1_318' title='bbox 283 2103 376 2131; x_wconf 79' lang='lat' dir='ltr'><strong>Matth.</strong></span> <span class='ocrx_word' id='word_1_319' title='bbox 394 2113 452 2138; x_wconf 85' lang='lat' dir='ltr'><strong>xtlt,</strong></span> <span class='ocrx_word' id='word_1_320' title='bbox 471 2105 515 2138; x_wconf 73' lang='lat'><strong>27,</strong></span> <span class='ocrx_word' id='word_1_321' title='bbox 531 2105 576 2133; x_wconf 74' lang='grc'><strong>28.</strong></span> 
     </span>
    </p>
   </div>
   <div class='ocr_carea' id='block_1_48' title="bbox 218 2169 704 2185">
    <p class='ocr_par' dir='ltr' id='par_1_48' title="bbox 218 2169 704 2185">
     <span class='ocr_line' id='line_1_48' title="bbox 218 2169 704 2185; baseline 0.008 -4"><span class='ocrx_word' id='word_1_322' title='bbox 218 2169 704 2185; x_wconf 48' lang='grc' dir='ltr'>Ἦ</span> 
     </span>
    </p>
   </div>
   <div class='ocr_carea' id='block_1_49' title="bbox 1053 216 1842 253">
    <p class='ocr_par' dir='ltr' id='par_1_49' title="bbox 1053 216 1842 253">
     <span class='ocr_line' id='line_1_49' title="bbox 1053 216 1842 253; baseline -0.004 -7"><span class='ocrx_word' id='word_1_323' title='bbox 1053 225 1079 246; x_wconf 91' lang='lat' dir='ltr'><strong>et</strong></span> <span class='ocrx_word' id='word_1_324' title='bbox 1095 226 1192 246; x_wconf 89' lang='lat' dir='ltr'><strong>sensus</strong></span> <span class='ocrx_word' id='word_1_325' title='bbox 1212 227 1220 245; x_wconf 90' lang='lat'><strong>:</strong></span> <span class='ocrx_word' id='word_1_326' title='bbox 1236 218 1259 245; x_wconf 88' lang='lat' dir='ltr'><strong>si</strong></span> <span class='ocrx_word' id='word_1_327' title='bbox 1275 223 1384 253; x_wconf 86' lang='lat' dir='ltr'><strong>possent</strong></span> <span class='ocrx_word' id='word_1_328' title='bbox 1401 222 1428 244; x_wconf 93' lang='lat' dir='ltr'><strong>et</strong></span> <span class='ocrx_word' id='word_1_329' title='bbox 1439 217 1524 244; x_wconf 83' lang='lat' dir='ltr'><strong>facies</strong></span> <span class='ocrx_word' id='word_1_330' title='bbox 1546 216 1709 251; x_wconf 89' lang='lat' dir='ltr'><strong>loquentium</strong></span> <span class='ocrx_word' id='word_1_331' title='bbox 1723 216 1842 244; x_wconf 84' lang='lat' dir='ltr'><strong>demon-</strong></span> 
     </span>
    </p>
   </div>
   <div class='ocr_carea' id='block_1_50' title="bbox 1053 262 1843 297">
    <p class='ocr_par' dir='ltr' id='par_1_50' title="bbox 1053 262 1843 297">
     <span class='ocr_line' id='line_1_50' title="bbox 1053 262 1843 297; baseline -0.004 -6"><span class='ocrx_word' id='word_1_332' title='bbox 1053 269 1150 296; x_wconf 84' lang='lat' dir='ltr'><strong>strare,</strong></span> <span class='ocrx_word' id='word_1_333' title='bbox 1172 271 1292 290; x_wconf 88' lang='lat' dir='ltr'><strong>errorem</strong></span> <span class='ocrx_word' id='word_1_334' title='bbox 1309 263 1398 289; x_wconf 91' lang='lat' dir='ltr'><strong>nullus</strong></span> <span class='ocrx_word' id='word_1_335' title='bbox 1421 266 1526 297; x_wconf 85' lang='lat' dir='ltr'><strong>poterat</strong></span> <span class='ocrx_word' id='word_1_336' title='bbox 1542 262 1575 289; x_wconf 85' lang='lat' dir='ltr'><strong>de</strong></span> <span class='ocrx_word' id='word_1_337' title='bbox 1588 269 1702 296; x_wconf 86' lang='lat' dir='ltr'><strong>persona</strong></span> <span class='ocrx_word' id='word_1_338' title='bbox 1716 263 1843 289; x_wconf 82' lang='lat' dir='ltr'><strong>doctoris</strong></span> 
     </span>
    </p>
   </div>
   <div class='ocr_carea' id='block_1_51' title="bbox 1053 308 1844 342">
    <p class='ocr_par' dir='ltr' id='par_1_51' title="bbox 1053 308 1844 342">
     <span class='ocr_line' id='line_1_51' title="bbox 1053 308 1844 342; baseline -0.003 -6"><span class='ocrx_word' id='word_1_339' title='bbox 1053 310 1204 339; x_wconf 83' lang='lat' dir='ltr'><strong>incurrere.</strong></span> <span class='ocrx_word' id='word_1_340' title='bbox 1219 309 1286 336; x_wconf 84' lang='lat' dir='ltr'><strong>Nam</strong></span> <span class='ocrx_word' id='word_1_341' title='bbox 1301 314 1329 336; x_wconf 90' lang='lat' dir='ltr'><strong>et</strong></span> <span class='ocrx_word' id='word_1_342' title='bbox 1343 308 1407 335; x_wconf 89' lang='lat' dir='ltr'><strong>illud</strong></span> <span class='ocrx_word' id='word_1_343' title='bbox 1426 309 1575 336; x_wconf 86' lang='lat' dir='ltr'><strong>cavendum</strong></span> <span class='ocrx_word' id='word_1_344' title='bbox 1593 313 1644 339; x_wconf 81' lang='lat' dir='ltr'><strong>est,</strong></span> <span class='ocrx_word' id='word_1_345' title='bbox 1672 308 1742 342; x_wconf 81' lang='lat' dir='ltr'><strong>quod</strong></span> <span class='ocrx_word' id='word_1_346' title='bbox 1770 309 1844 334; x_wconf 78' lang='lat' dir='ltr'><strong>Am-</strong></span> 
     </span>
    </p>
   </div>
   <div class='ocr_carea' id='block_1_52' title="bbox 1052 352 1845 389">
    <p class='ocr_par' dir='ltr' id='par_1_52' title="bbox 1052 352 1845 389">
     <span class='ocr_line' id='line_1_52' title="bbox 1052 352 1845 389; baseline -0.004 -7"><span class='ocrx_word' id='word_1_347' title='bbox 1052 355 1187 389; x_wconf 88' lang='lat' dir='ltr'><strong>pulliauus</strong></span> <span class='ocrx_word' id='word_1_348' title='bbox 1201 355 1309 389; x_wconf 88' lang='lat' dir='ltr'><strong>quidam</strong></span> <span class='ocrx_word' id='word_1_349' title='bbox 1326 353 1520 381; x_wconf 78' lang='lat' dir='ltr'><strong>lueresiarches</strong></span> <span class='ocrx_word' id='word_1_350' title='bbox 1535 352 1684 388; x_wconf 62' lang='lat' dir='ltr'><strong>ltythinius,</strong></span> <span class='ocrx_word' id='word_1_351' title='bbox 1696 353 1741 387; x_wconf 93' lang='lat' dir='ltr'><strong>qui</strong></span> <span class='ocrx_word' id='word_1_352' title='bbox 1755 353 1845 379; x_wconf 84' lang='lat' dir='ltr'><strong>doce-</strong></span> 
     </span>
    </p>
   </div>
   <div class='ocr_carea' id='block_1_53' title="bbox 1052 398 1843 436">
    <p class='ocr_par' dir='ltr' id='par_1_53' title="bbox 1052 398 1843 436">
     <span class='ocr_line' id='line_1_53' title="bbox 1052 398 1843 436; baseline -0.004 -7"><span class='ocrx_word' id='word_1_353' title='bbox 1052 403 1098 430; x_wconf 87' lang='lat' dir='ltr'><strong>bat</strong></span> <span class='ocrx_word' id='word_1_354' title='bbox 1117 406 1176 436; x_wconf 89' lang='lat' dir='ltr'><strong>post</strong></span> <span class='ocrx_word' id='word_1_355' title='bbox 1204 400 1347 435; x_wconf 80' lang='lat' dir='ltr'><strong>Origeuem</strong></span> <span class='ocrx_word' id='word_1_356' title='bbox 1381 399 1527 426; x_wconf 90' lang='lat' dir='ltr'><strong>Ecclesiam</strong></span> <span class='ocrx_word' id='word_1_357' title='bbox 1559 399 1616 426; x_wconf 84' lang='lat' dir='ltr'><strong>Dei.</strong></span> <span class='ocrx_word' id='word_1_358' title='bbox 1648 398 1696 425; x_wconf 84' lang='lat' dir='ltr'><strong>llic</strong></span> <span class='ocrx_word' id='word_1_359' title='bbox 1720 399 1843 426; x_wconf 76' lang='lat' dir='ltr'><strong>incurrit</strong></span> 
     </span>
    </p>
   </div>
   <div class='ocr_carea' id='block_1_54' title="bbox 1053 445 1842 479">
    <p class='ocr_par' dir='ltr' id='par_1_54' title="bbox 1053 445 1842 479">
     <span class='ocr_line' id='line_1_54' title="bbox 1053 445 1842 479; baseline -0.003 -6"><span class='ocrx_word' id='word_1_360' title='bbox 1053 447 1133 474; x_wconf 88' lang='lat' dir='ltr'><strong>talem</strong></span> <span class='ocrx_word' id='word_1_361' title='bbox 1157 446 1286 473; x_wconf 77' lang='lat' dir='ltr'><strong>hzeresem</strong></span> <span class='ocrx_word' id='word_1_362' title='bbox 1297 465 1306 479; x_wconf 86' lang='lat'><strong>,</strong></span> <span class='ocrx_word' id='word_1_363' title='bbox 1320 450 1350 472; x_wconf 92' lang='lat' dir='ltr'><strong>ut</strong></span> <span class='ocrx_word' id='word_1_364' title='bbox 1365 445 1467 472; x_wconf 91' lang='lat' dir='ltr'><strong>diceret</strong></span> <span class='ocrx_word' id='word_1_365' title='bbox 1478 452 1573 472; x_wconf 88' lang='lat' dir='ltr'><strong>omnes</strong></span> <span class='ocrx_word' id='word_1_366' title='bbox 1594 445 1756 472; x_wconf 87' lang='lat' dir='ltr'><strong>criminosos</strong></span> <span class='ocrx_word' id='word_1_367' title='bbox 1774 452 1842 471; x_wconf 80' lang='lat' dir='ltr'><strong>curn</strong></span> 
     </span>
    </p>
   </div>
   <div class='ocr_carea' id='block_1_55' title="bbox 1052 491 1841 526">
    <p class='ocr_par' dir='ltr' id='par_1_55' title="bbox 1052 491 1841 526">
     <span class='ocr_line' id='line_1_55' title="bbox 1052 491 1841 526; baseline -0.004 -6"><span class='ocrx_word' id='word_1_368' title='bbox 1052 492 1158 520; x_wconf 88' lang='lat' dir='ltr'><strong>diabolo</strong></span> <span class='ocrx_word' id='word_1_369' title='bbox 1170 496 1196 519; x_wconf 89' lang='lat' dir='ltr'><strong>et</strong></span> <span class='ocrx_word' id='word_1_370' title='bbox 1207 492 1348 519; x_wconf 66' lang='lat' dir='ltr'><strong>daemoniis</strong></span> <span class='ocrx_word' id='word_1_371' title='bbox 1363 498 1395 518; x_wconf 89' lang='lat' dir='ltr'><strong>eo</strong></span> <span class='ocrx_word' id='word_1_372' title='bbox 1416 499 1500 525; x_wconf 89' lang='lat' dir='ltr'><strong>usque</strong></span> <span class='ocrx_word' id='word_1_373' title='bbox 1513 492 1538 518; x_wconf 93' lang='lat' dir='ltr'><strong>in</strong></span> <span class='ocrx_word' id='word_1_374' title='bbox 1559 491 1680 526; x_wconf 78' lang='lat' dir='ltr'><strong>gehenna</strong></span> <span class='ocrx_word' id='word_1_375' title='bbox 1709 491 1841 526; x_wconf 79' lang='lat' dir='ltr'><strong>decoqui.</strong></span> 
     </span>
    </p>
   </div>
   <div class='ocr_carea' id='block_1_56' title="bbox 1051 537 1841 572">
    <p class='ocr_par' dir='ltr' id='par_1_56' title="bbox 1051 537 1841 572">
     <span class='ocr_line' id='line_1_56' title="bbox 1051 537 1841 572; baseline 0 -8"><span class='ocrx_word' id='word_1_376' title='bbox 1051 545 1191 572; x_wconf 82' lang='lat' dir='ltr'><strong>nsquequo</strong></span> <span class='ocrx_word' id='word_1_377' title='bbox 1218 538 1277 571; x_wconf 89' lang='lat' dir='ltr'><strong>puri</strong></span> <span class='ocrx_word' id='word_1_378' title='bbox 1303 537 1397 564; x_wconf 87' lang='lat' dir='ltr'><strong>redditi</strong></span> <span class='ocrx_word' id='word_1_379' title='bbox 1423 537 1527 570; x_wconf 86' lang='lat' dir='ltr'><strong>possint</strong></span> <span class='ocrx_word' id='word_1_380' title='bbox 1551 538 1612 564; x_wconf 89' lang='lat' dir='ltr'><strong>inde</strong></span> <span class='ocrx_word' id='word_1_381' title='bbox 1623 542 1650 564; x_wconf 89' lang='lat' dir='ltr'><strong>et</strong></span> <span class='ocrx_word' id='word_1_382' title='bbox 1671 537 1841 564; x_wconf 88' lang='lat' dir='ltr'><strong>immaculati</strong></span> 
     </span>
    </p>
   </div>
   <div class='ocr_carea' id='block_1_57' title="bbox 1051 580 1844 616">
    <p class='ocr_par' dir='ltr' id='par_1_57' title="bbox 1051 580 1844 616">
     <span class='ocr_line' id='line_1_57' title="bbox 1051 580 1844 616; baseline -0.005 -6"><span class='ocrx_word' id='word_1_383' title='bbox 1051 583 1154 616; x_wconf 80' lang='lat' dir='ltr'><strong>egredi,</strong></span> <span class='ocrx_word' id='word_1_384' title='bbox 1169 583 1202 609; x_wconf 87' lang='lat' dir='ltr'><strong>ad</strong></span> <span class='ocrx_word' id='word_1_385' title='bbox 1215 583 1264 609; x_wconf 88' lang='lat' dir='ltr'><strong>hoc</strong></span> <span class='ocrx_word' id='word_1_386' title='bbox 1279 581 1350 616; x_wconf 88' lang='lat' dir='ltr'><strong>qttod</strong></span> <span class='ocrx_word' id='word_1_387' title='bbox 1365 586 1444 608; x_wconf 82' lang='lat' dir='ltr'><strong>antea</strong></span> <span class='ocrx_word' id='word_1_388' title='bbox 1457 581 1565 607; x_wconf 79' lang='lat' dir='ltr'><strong>fuerant</strong></span> <span class='ocrx_word' id='word_1_389' title='bbox 1578 581 1657 608; x_wconf 87' lang='lat' dir='ltr'><strong>alieni</strong></span> <span class='ocrx_word' id='word_1_390' title='bbox 1672 589 1685 607; x_wconf 87' lang='lat' dir='ltr'><strong>a</strong></span> <span class='ocrx_word' id='word_1_391' title='bbox 1695 580 1771 614; x_wconf 84' lang='lat' dir='ltr'><strong>culpa</strong></span> <span class='ocrx_word' id='word_1_392' title='bbox 1787 587 1844 607; x_wconf 86' lang='lat' dir='ltr'><strong>suo</strong></span> 
     </span>
    </p>
   </div>
   <div class='ocr_carea' id='block_1_58' title="bbox 1052 626 1844 661">
    <p class='ocr_par' dir='ltr' id='par_1_58' title="bbox 1052 626 1844 661">
     <span class='ocr_line' id='line_1_58' title="bbox 1052 626 1844 661; baseline -0.001 -7"><span class='ocrx_word' id='word_1_393' title='bbox 1052 629 1148 655; x_wconf 87' lang='lat' dir='ltr'><strong>iterum</strong></span> <span class='ocrx_word' id='word_1_394' title='bbox 1169 628 1293 655; x_wconf 84' lang='lat' dir='ltr'><strong>Creatori</strong></span> <span class='ocrx_word' id='word_1_395' title='bbox 1311 628 1424 654; x_wconf 87' lang='lat' dir='ltr'><strong>restitui.</strong></span> <span class='ocrx_word' id='word_1_396' title='bbox 1450 627 1513 661; x_wconf 34' lang='lat' dir='ltr'><strong>llic“</strong></span> <span class='ocrx_word' id='word_1_397' title='bbox 1530 628 1593 654; x_wconf 89' lang='lat' dir='ltr'><strong>dmn</strong></span> <span class='ocrx_word' id='word_1_398' title='bbox 1618 631 1777 661; x_wconf 80' lang='lat' dir='ltr'><strong>argueretur</strong></span> <span class='ocrx_word' id='word_1_399' title='bbox 1803 626 1844 654; x_wconf 85' lang='lat' dir='ltr'><strong>ab</strong></span> 
     </span>
    </p>
   </div>
   <div class='ocr_carea' id='block_1_59' title="bbox 1051 672 1843 708">
    <p class='ocr_par' dir='ltr' id='par_1_59' title="bbox 1051 672 1843 708">
     <span class='ocr_line' id='line_1_59' title="bbox 1051 672 1843 708; baseline -0.003 -8"><span class='ocrx_word' id='word_1_400' title='bbox 1051 673 1181 705; x_wconf 81' lang='lat' dir='ltr'><strong>Ecclesia,</strong></span> <span class='ocrx_word' id='word_1_401' title='bbox 1202 673 1285 708; x_wconf 63' lang='lat' dir='ltr'><strong>coepit</strong></span> <span class='ocrx_word' id='word_1_402' title='bbox 1299 672 1420 707; x_wconf 80' lang='lat' dir='ltr'><strong>proferre</strong></span> <span class='ocrx_word' id='word_1_403' title='bbox 1434 672 1517 699; x_wconf 91' lang='lat' dir='ltr'><strong>libros</strong></span> <span class='ocrx_word' id='word_1_404' title='bbox 1533 673 1658 706; x_wconf 71' lang='lat' dir='ltr'><strong>Origcnis</strong></span> <span class='ocrx_word' id='word_1_405' title='bbox 1669 692 1676 704; x_wconf 89' lang='grc'>,</span> <span class='ocrx_word' id='word_1_406' title='bbox 1688 680 1755 707; x_wconf 87' lang='lat' dir='ltr'><strong>quos</strong></span> <span class='ocrx_word' id='word_1_407' title='bbox 1779 673 1843 706; x_wconf 82' lang='lat' dir='ltr'><strong>ipse</strong></span> 
     </span>
    </p>
   </div>
   <div class='ocr_carea' id='block_1_60' title="bbox 1051 718 1842 754">
    <p class='ocr_par' dir='ltr' id='par_1_60' title="bbox 1051 718 1842 754">
     <span class='ocr_line' id='line_1_60' title="bbox 1051 718 1842 754; baseline 0.001 -8"><span class='ocrx_word' id='word_1_408' title='bbox 1051 720 1204 753; x_wconf 84' lang='lat' dir='ltr'><strong>vitiaverat,</strong></span> <span class='ocrx_word' id='word_1_409' title='bbox 1217 725 1245 747; x_wconf 89' lang='lat' dir='ltr'><strong>et</strong></span> <span class='ocrx_word' id='word_1_410' title='bbox 1258 720 1348 747; x_wconf 83' lang='lat' dir='ltr'><strong>dicere</strong></span> <span class='ocrx_word' id='word_1_411' title='bbox 1361 729 1369 747; x_wconf 89' lang='lat'>:</span> <span class='ocrx_word' id='word_1_412' title='bbox 1387 720 1454 747; x_wconf 84' lang='lat' dir='ltr'><strong>Ecce</strong></span> <span class='ocrx_word' id='word_1_413' title='bbox 1466 720 1528 754; x_wconf 90' lang='lat' dir='ltr'><strong>quia</strong></span> <span class='ocrx_word' id='word_1_414' title='bbox 1540 718 1669 753; x_wconf 73' lang='lat' dir='ltr'><strong>Origenes</strong></span> <span class='ocrx_word' id='word_1_415' title='bbox 1685 719 1721 745; x_wconf 73' lang='lat' dir='ltr'><strong>ita</strong></span> <span class='ocrx_word' id='word_1_416' title='bbox 1739 719 1842 751; x_wconf 77' lang='lat' dir='ltr'><strong>sensit,</strong></span> 
     </span>
    </p>
   </div>
   <div class='ocr_carea' id='block_1_61' title="bbox 1051 764 1841 801">
    <p class='ocr_par' dir='ltr' id='par_1_61' title="bbox 1051 764 1841 801">
     <span class='ocr_line' id='line_1_61' title="bbox 1051 764 1841 801; baseline -0.003 -8"><span class='ocrx_word' id='word_1_417' title='bbox 1051 771 1078 793; x_wconf 90' lang='lat' dir='ltr'><strong>et</strong></span> <span class='ocrx_word' id='word_1_418' title='bbox 1089 766 1223 800; x_wconf 70' lang='lat' dir='ltr'><strong>praseipue</strong></span> <span class='ocrx_word' id='word_1_419' title='bbox 1237 766 1263 792; x_wconf 91' lang='lat' dir='ltr'><strong>in</strong></span> <span class='ocrx_word' id='word_1_420' title='bbox 1277 764 1395 801; x_wconf 87' lang='lat' dir='ltr'><strong>q’uatuor</strong></span> <span class='ocrx_word' id='word_1_421' title='bbox 1407 766 1476 799; x_wconf 78' lang='grc' dir='ltr'><strong>Περὶ</strong></span> <span class='ocrx_word' id='word_1_422' title='bbox 1485 764 1584 799; x_wconf 80' lang='grc' dir='ltr'><strong>ἀρχῶν</strong></span> <span class='ocrx_word' id='word_1_423' title='bbox 1596 765 1685 792; x_wconf 89' lang='lat' dir='ltr'><strong>lihris.</strong></span> <span class='ocrx_word' id='word_1_424' title='bbox 1709 764 1762 791; x_wconf 83' lang='lat' dir='ltr'><strong>Sed</strong></span> <span class='ocrx_word' id='word_1_425' title='bbox 1789 764 1841 799; x_wconf 87' lang='lat' dir='ltr'><strong>qui</strong></span> 
     </span>
    </p>
   </div>
   <div class='ocr_carea' id='block_1_62' title="bbox 1051 809 1841 845">
    <p class='ocr_par' dir='ltr' id='par_1_62' title="bbox 1051 809 1841 845">
     <span class='ocr_line' id='line_1_62' title="bbox 1051 809 1841 845; baseline -0.004 -6"><span class='ocrx_word' id='word_1_426' title='bbox 1051 813 1108 839; x_wconf 89' lang='lat' dir='ltr'><strong>sani</strong></span> <span class='ocrx_word' id='word_1_427' title='bbox 1125 819 1221 839; x_wconf 83' lang='lat' dir='ltr'><strong>sensus</strong></span> <span class='ocrx_word' id='word_1_428' title='bbox 1233 817 1284 844; x_wconf 81' lang='lat' dir='ltr'><strong>est,</strong></span> <span class='ocrx_word' id='word_1_429' title='bbox 1300 817 1327 839; x_wconf 89' lang='lat' dir='ltr'><strong>et</strong></span> <span class='ocrx_word' id='word_1_430' title='bbox 1342 812 1424 838; x_wconf 87' lang='lat' dir='ltr'><strong>habet</strong></span> <span class='ocrx_word' id='word_1_431' title='bbox 1438 812 1537 838; x_wconf 74' lang='lat' dir='ltr'><strong>trientis</strong></span> <span class='ocrx_word' id='word_1_432' title='bbox 1558 810 1714 845; x_wconf 84' lang='lat' dir='ltr'><strong>splendidos</strong></span> <span class='ocrx_word' id='word_1_433' title='bbox 1729 809 1841 840; x_wconf 86' lang='lat' dir='ltr'><strong>oculos.</strong></span> 
     </span>
    </p>
   </div>
   <div class='ocr_carea' id='block_1_63' title="bbox 1053 854 1840 891">
    <p class='ocr_par' dir='ltr' id='par_1_63' title="bbox 1053 854 1840 891">
     <span class='ocr_line' id='line_1_63' title="bbox 1053 854 1840 891; baseline -0.005 -7"><span class='ocrx_word' id='word_1_434' title='bbox 1053 858 1092 885; x_wconf 79' lang='lat' dir='ltr'><strong>sic</strong></span> <span class='ocrx_word' id='word_1_435' title='bbox 1107 857 1178 884; x_wconf 85' lang='lat' dir='ltr'><strong>videt</strong></span> <span class='ocrx_word' id='word_1_436' title='bbox 1195 857 1284 884; x_wconf 85' lang='lat' dir='ltr'><strong>addita</strong></span> <span class='ocrx_word' id='word_1_437' title='bbox 1300 856 1327 884; x_wconf 90' lang='lat' dir='ltr'><strong>in</strong></span> <span class='ocrx_word' id='word_1_438' title='bbox 1353 855 1480 891; x_wconf 82' lang='lat' dir='ltr'><strong>Origeuis</strong></span> <span class='ocrx_word' id='word_1_439' title='bbox 1513 855 1651 890; x_wconf 78' lang='lat' dir='ltr'><strong>opusculis</strong></span> <span class='ocrx_word' id='word_1_440' title='bbox 1679 854 1748 881; x_wconf 87' lang='lat' dir='ltr'><strong>mala</strong></span> <span class='ocrx_word' id='word_1_441' title='bbox 1773 855 1840 886; x_wconf 87' lang='lat' dir='ltr'><strong>ista,</strong></span> 
     </span>
    </p>
   </div>
   <div class='ocr_carea' id='block_1_64' title="bbox 1052 901 1844 938">
    <p class='ocr_par' dir='ltr' id='par_1_64' title="bbox 1052 901 1844 938">
     <span class='ocr_line' id='line_1_64' title="bbox 1052 901 1844 938; baseline -0.003 -9"><span class='ocrx_word' id='word_1_442' title='bbox 1052 908 1134 937; x_wconf 82' lang='lat' dir='ltr'><strong>atque</strong></span> <span class='ocrx_word' id='word_1_443' title='bbox 1147 902 1295 938; x_wconf 79' lang='lat' dir='ltr'><strong>cognoscit,</strong></span> <span class='ocrx_word' id='word_1_444' title='bbox 1314 903 1383 929; x_wconf 86' lang='lat' dir='ltr'><strong>sicut</strong></span> <span class='ocrx_word' id='word_1_445' title='bbox 1400 902 1426 929; x_wconf 94' lang='lat' dir='ltr'><strong>in</strong></span> <span class='ocrx_word' id='word_1_446' title='bbox 1443 902 1566 937; x_wconf 80' lang='lat' dir='ltr'><strong>stragulo</strong></span> <span class='ocrx_word' id='word_1_447' title='bbox 1589 901 1717 928; x_wconf 73' lang='lat' dir='ltr'><strong>coccineo</strong></span> <span class='ocrx_word' id='word_1_448' title='bbox 1733 909 1844 935; x_wconf 88' lang='lat' dir='ltr'><strong>pannos</strong></span> 
     </span>
    </p>
   </div>
   <div class='ocr_carea' id='block_1_65' title="bbox 1052 946 1842 981">
    <p class='ocr_par' dir='ltr' id='par_1_65' title="bbox 1052 946 1842 981">
     <span class='ocr_line' id='line_1_65' title="bbox 1052 946 1842 981; baseline -0.001 -8"><span class='ocrx_word' id='word_1_449' title='bbox 1052 946 1138 979; x_wconf 89' lang='lat' dir='ltr'><strong>albos,</strong></span> <span class='ocrx_word' id='word_1_450' title='bbox 1156 953 1202 973; x_wconf 89' lang='lat' dir='ltr'><strong>aut</strong></span> <span class='ocrx_word' id='word_1_451' title='bbox 1217 946 1348 981; x_wconf 84' lang='lat' dir='ltr'><strong>cujusque</strong></span> <span class='ocrx_word' id='word_1_452' title='bbox 1359 946 1473 973; x_wconf 86' lang='lat' dir='ltr'><strong>alterius</strong></span> <span class='ocrx_word' id='word_1_453' title='bbox 1488 946 1588 973; x_wconf 84' lang='lat' dir='ltr'><strong>coloris</strong></span> <span class='ocrx_word' id='word_1_454' title='bbox 1603 950 1698 973; x_wconf 85' lang='lat' dir='ltr'><strong>cernat</strong></span> <span class='ocrx_word' id='word_1_455' title='bbox 1715 950 1842 973; x_wconf 88' lang='lat' dir='ltr'><strong>assutos.</strong></span> 
     </span>
    </p>
   </div>
   <div class='ocr_carea' id='block_1_66' title="bbox 1051 991 1842 1027">
    <p class='ocr_par' dir='ltr' id='par_1_66' title="bbox 1051 991 1842 1027">
     <span class='ocr_line' id='line_1_66' title="bbox 1051 991 1842 1027; baseline 0 -9"><span class='ocrx_word' id='word_1_456' title='bbox 1051 992 1127 1025; x_wconf 83' lang='lat' dir='ltr'><strong>Quod</strong></span> <span class='ocrx_word' id='word_1_457' title='bbox 1143 992 1180 1019; x_wconf 89' lang='lat' dir='ltr'><strong>ita</strong></span> <span class='ocrx_word' id='word_1_458' title='bbox 1200 999 1260 1019; x_wconf 86' lang='lat' dir='ltr'><strong>esse</strong></span> <span class='ocrx_word' id='word_1_459' title='bbox 1271 997 1383 1019; x_wconf 86' lang='lat' dir='ltr'><strong>sanctus</strong></span> <span class='ocrx_word' id='word_1_460' title='bbox 1398 997 1502 1027; x_wconf 85' lang='lat' dir='ltr'><strong>martyr</strong></span> <span class='ocrx_word' id='word_1_461' title='bbox 1515 991 1672 1026; x_wconf 85' lang='lat' dir='ltr'><strong>Pamphilus</strong></span> <span class='ocrx_word' id='word_1_462' title='bbox 1687 992 1776 1023; x_wconf 79' lang='lat' dir='ltr'><strong>docet,</strong></span> <span class='ocrx_word' id='word_1_463' title='bbox 1791 992 1842 1026; x_wconf 90' lang='lat' dir='ltr'><strong>qui</strong></span> 
     </span>
    </p>
   </div>
   <div class='ocr_carea' id='block_1_67' title="bbox 1052 1037 1843 1072">
    <p class='ocr_par' dir='ltr' id='par_1_67' title="bbox 1052 1037 1843 1072">
     <span class='ocr_line' id='line_1_67' title="bbox 1052 1037 1843 1072; baseline 0 -8"><span class='ocrx_word' id='word_1_464' title='bbox 1052 1043 1196 1071; x_wconf 83' lang='lat' dir='ltr'><strong>antequam</strong></span> <span class='ocrx_word' id='word_1_465' title='bbox 1212 1038 1245 1064; x_wconf 86' lang='lat' dir='ltr'><strong>ad</strong></span> <span class='ocrx_word' id='word_1_466' title='bbox 1257 1037 1383 1071; x_wconf 82' lang='lat' dir='ltr'><strong>martyrii</strong></span> <span class='ocrx_word' id='word_1_467' title='bbox 1404 1044 1533 1064; x_wconf 89' lang='lat' dir='ltr'><strong>coronam</strong></span> <span class='ocrx_word' id='word_1_468' title='bbox 1554 1037 1843 1072; x_wconf 84' lang='lat' dir='ltr'><strong>altingeret,irrcpre—</strong></span> 
     </span>
    </p>
   </div>
   <div class='ocr_carea' id='block_1_68' title="bbox 1052 1082 1844 1117">
    <p class='ocr_par' dir='ltr' id='par_1_68' title="bbox 1052 1082 1844 1117">
     <span class='ocr_line' id='line_1_68' title="bbox 1052 1082 1844 1117; baseline -0.001 -7"><span class='ocrx_word' id='word_1_469' title='bbox 1052 1083 1221 1110; x_wconf 85' lang='lat' dir='ltr'><strong>heusihiliter</strong></span> <span class='ocrx_word' id='word_1_470' title='bbox 1235 1082 1393 1110; x_wconf 87' lang='lat' dir='ltr'><strong>cathedram</strong></span> <span class='ocrx_word' id='word_1_471' title='bbox 1406 1083 1577 1117; x_wconf 85' lang='lat' dir='ltr'><strong>episcopatus</strong></span> <span class='ocrx_word' id='word_1_472' title='bbox 1594 1083 1711 1109; x_wconf 88' lang='lat' dir='ltr'><strong>obtinuit</strong></span> <span class='ocrx_word' id='word_1_473' title='bbox 1721 1104 1728 1116; x_wconf 87' lang='lat'><strong>,</strong></span> <span class='ocrx_word' id='word_1_474' title='bbox 1739 1089 1766 1109; x_wconf 88' lang='lat' dir='ltr'><strong>et.</strong></span> <span class='ocrx_word' id='word_1_475' title='bbox 1792 1091 1844 1110; x_wconf 84' lang='lat' dir='ltr'><strong>sa-</strong></span> 
     </span>
    </p>
   </div>
   <div class='ocr_carea' id='block_1_69' title="bbox 1051 1127 1844 1161">
    <p class='ocr_par' dir='ltr' id='par_1_69' title="bbox 1051 1127 1844 1161">
     <span class='ocr_line' id='line_1_69' title="bbox 1051 1127 1844 1161; baseline 0.001 -7"><span class='ocrx_word' id='word_1_476' title='bbox 1051 1135 1112 1154; x_wconf 89' lang='lat' dir='ltr'><strong>nam</strong></span> <span class='ocrx_word' id='word_1_477' title='bbox 1129 1128 1279 1155; x_wconf 89' lang='lat' dir='ltr'><strong>doctrinam</strong></span> <span class='ocrx_word' id='word_1_478' title='bbox 1291 1127 1338 1154; x_wconf 88' lang='lat' dir='ltr'><strong>Dei</strong></span> <span class='ocrx_word' id='word_1_479' title='bbox 1365 1127 1470 1161; x_wconf 83' lang='lat' dir='ltr'><strong>populis</strong></span> <span class='ocrx_word' id='word_1_480' title='bbox 1489 1127 1663 1154; x_wconf 81' lang='lat' dir='ltr'><strong>ministravit.</strong></span> <span class='ocrx_word' id='word_1_481' title='bbox 1685 1127 1735 1154; x_wconf 85' lang='lat' dir='ltr'><strong>Hic</strong></span> <span class='ocrx_word' id='word_1_482' title='bbox 1750 1129 1844 1156; x_wconf 73' lang='lat' dir='ltr'><strong>edidit.</strong></span> 
     </span>
    </p>
   </div>
   <div class='ocr_carea' id='block_1_70' title="bbox 1050 1173 1842 1209">
    <p class='ocr_par' dir='ltr' id='par_1_70' title="bbox 1050 1173 1842 1209">
     <span class='ocr_line' id='line_1_70' title="bbox 1050 1173 1842 1209; baseline 0.003 -10"><span class='ocrx_word' id='word_1_483' title='bbox 1050 1173 1256 1208; x_wconf 76' lang='lat' dir='ltr'><strong>Apologelicum,</strong></span> <span class='ocrx_word' id='word_1_484' title='bbox 1272 1178 1298 1201; x_wconf 85' lang='lat' dir='ltr'><strong>et</strong></span> <span class='ocrx_word' id='word_1_485' title='bbox 1309 1173 1401 1200; x_wconf 84' lang='lat' dir='ltr'><strong>omnia</strong></span> <span class='ocrx_word' id='word_1_486' title='bbox 1419 1181 1479 1208; x_wconf 65' lang='lat' dir='ltr'><strong>quae</strong></span> <span class='ocrx_word' id='word_1_487' title='bbox 1505 1173 1539 1200; x_wconf 92' lang='lat' dir='ltr'><strong>de</strong></span> <span class='ocrx_word' id='word_1_488' title='bbox 1562 1173 1678 1209; x_wconf 81' lang='lat' dir='ltr'><strong>Origene</strong></span> <span class='ocrx_word' id='word_1_489' title='bbox 1703 1174 1842 1202; x_wconf 82' lang='lat' dir='ltr'><strong>Catholici</strong></span> 
     </span>
    </p>
   </div>
   <div class='ocr_carea' id='block_1_71' title="bbox 1051 1219 1844 1256">
    <p class='ocr_par' dir='ltr' id='par_1_71' title="bbox 1051 1219 1844 1256">
     <span class='ocr_line' id='line_1_71' title="bbox 1051 1219 1844 1256; baseline 0.003 -10"><span class='ocrx_word' id='word_1_490' title='bbox 1051 1219 1207 1254; x_wconf 80' lang='lat' dir='ltr'><strong>ignorantes</strong></span> <span class='ocrx_word' id='word_1_491' title='bbox 1222 1220 1400 1252; x_wconf 80' lang='lat' dir='ltr'><strong>mentiuntur,</strong></span> <span class='ocrx_word' id='word_1_492' title='bbox 1421 1220 1549 1252; x_wconf 84' lang='lat' dir='ltr'><strong>exclusit,</strong></span> <span class='ocrx_word' id='word_1_493' title='bbox 1561 1221 1706 1248; x_wconf 86' lang='lat' dir='ltr'><strong>ostendens</strong></span> <span class='ocrx_word' id='word_1_494' title='bbox 1721 1229 1763 1254; x_wconf 86' lang='lat' dir='ltr'><strong>ea,</strong></span> <span class='ocrx_word' id='word_1_495' title='bbox 1776 1229 1844 1256; x_wconf 67' lang='lat' dir='ltr'><strong>quae</strong></span> 
     </span>
    </p>
   </div>
   <div class='ocr_carea' id='block_1_72' title="bbox 1050 1265 1843 1301">
    <p class='ocr_par' dir='ltr' id='par_1_72' title="bbox 1050 1265 1843 1301">
     <span class='ocr_line' id='line_1_72' title="bbox 1050 1265 1843 1301; baseline 0.004 -9"><span class='ocrx_word' id='word_1_496' title='bbox 1050 1265 1275 1300; x_wconf 70' lang='lat' dir='ltr'><strong>reprehensibilia</strong></span> <span class='ocrx_word' id='word_1_497' title='bbox 1291 1266 1467 1293; x_wconf 88' lang='lat' dir='ltr'><strong>inveniuntur</strong></span> <span class='ocrx_word' id='word_1_498' title='bbox 1483 1267 1507 1293; x_wconf 93' lang='lat' dir='ltr'><strong>in</strong></span> <span class='ocrx_word' id='word_1_499' title='bbox 1532 1267 1589 1301; x_wconf 87' lang='lat' dir='ltr'><strong>ejus</strong></span> <span class='ocrx_word' id='word_1_500' title='bbox 1603 1267 1756 1301; x_wconf 85' lang='lat' dir='ltr'><strong>opusculis,</strong></span> <span class='ocrx_word' id='word_1_501' title='bbox 1776 1267 1843 1295; x_wconf 88' lang='lat' dir='ltr'><strong>Ori-</strong></span> 
     </span>
    </p>
   </div>
   <div class='ocr_carea' id='block_1_73' title="bbox 1049 1313 1839 1348">
    <p class='ocr_par' dir='ltr' id='par_1_73' title="bbox 1049 1313 1839 1348">
     <span class='ocr_line' id='line_1_73' title="bbox 1049 1313 1839 1348; baseline 0.001 -9"><span class='ocrx_word' id='word_1_502' title='bbox 1049 1313 1126 1347; x_wconf 76' lang='lat' dir='ltr'><strong>genis</strong></span> <span class='ocrx_word' id='word_1_503' title='bbox 1139 1320 1190 1339; x_wconf 89' lang='lat' dir='ltr'><strong>non</strong></span> <span class='ocrx_word' id='word_1_504' title='bbox 1209 1319 1280 1346; x_wconf 83' lang='lat' dir='ltr'><strong>esse,</strong></span> <span class='ocrx_word' id='word_1_505' title='bbox 1295 1313 1341 1339; x_wconf 87' lang='lat' dir='ltr'><strong>sed</strong></span> <span class='ocrx_word' id='word_1_506' title='bbox 1354 1320 1448 1340; x_wconf 86' lang='lat' dir='ltr'><strong>eorum</strong></span> <span class='ocrx_word' id='word_1_507' title='bbox 1463 1320 1534 1347; x_wconf 91' lang='lat' dir='ltr'><strong>quos</strong></span> <span class='ocrx_word' id='word_1_508' title='bbox 1557 1314 1617 1348; x_wconf 92' lang='lat' dir='ltr'><strong>ipse</strong></span> <span class='ocrx_word' id='word_1_509' title='bbox 1631 1319 1812 1348; x_wconf 83' lang='lat' dir='ltr'><strong>superaverat</strong></span> <span class='ocrx_word' id='word_1_510' title='bbox 1830 1322 1839 1340; x_wconf 92' lang='lat'><strong>:</strong></span> 
     </span>
    </p>
   </div>
   <div class='ocr_carea' id='block_1_74' title="bbox 1050 1357 1840 1392">
    <p class='ocr_par' dir='ltr' id='par_1_74' title="bbox 1050 1357 1840 1392">
     <span class='ocr_line' id='line_1_74' title="bbox 1050 1357 1840 1392; baseline 0.004 -8"><span class='ocrx_word' id='word_1_511' title='bbox 1050 1357 1101 1384; x_wconf 85' lang='lat' dir='ltr'><strong>alia</strong></span> <span class='ocrx_word' id='word_1_512' title='bbox 1117 1365 1190 1390; x_wconf 88' lang='lat' dir='ltr'><strong>vero,</strong></span> <span class='ocrx_word' id='word_1_513' title='bbox 1206 1365 1265 1392; x_wconf 65' lang='lat' dir='ltr'><strong>quae</strong></span> <span class='ocrx_word' id='word_1_514' title='bbox 1281 1362 1336 1385; x_wconf 91' lang='lat' dir='ltr'><strong>tota</strong></span> <span class='ocrx_word' id='word_1_515' title='bbox 1356 1365 1481 1392; x_wconf 87' lang='lat' dir='ltr'><strong>perversa</strong></span> <span class='ocrx_word' id='word_1_516' title='bbox 1501 1365 1573 1392; x_wconf 82' lang='lat' dir='ltr'><strong>suntl</strong></span> <span class='ocrx_word' id='word_1_517' title='bbox 1588 1360 1700 1387; x_wconf 85' lang='lat' dir='ltr'><strong>aliorum</strong></span> <span class='ocrx_word' id='word_1_518' title='bbox 1720 1361 1840 1388; x_wconf 88' lang='lat' dir='ltr'><strong>duormn</strong></span> 
     </span>
    </p>
   </div>
   <div class='ocr_carea' id='block_1_75' title="bbox 1050 1404 1838 1443">
    <p class='ocr_par' dir='ltr' id='par_1_75' title="bbox 1050 1404 1838 1443">
     <span class='ocr_line' id='line_1_75' title="bbox 1050 1404 1838 1443; baseline 0.001 -12"><span class='ocrx_word' id='word_1_519' title='bbox 1050 1404 1241 1435; x_wconf 58' lang='lat' dir='ltr'><strong>haereticorum</strong></span> <span class='ocrx_word' id='word_1_520' title='bbox 1257 1412 1328 1436; x_wconf 85' lang='lat' dir='ltr'><strong>esse.</strong></span> <span class='ocrx_word' id='word_1_521' title='bbox 1340 1405 1385 1439; x_wconf 92' lang='lat' dir='ltr'><strong>qui</strong></span> <span class='ocrx_word' id='word_1_522' title='bbox 1399 1404 1524 1440; x_wconf 85' lang='lat' dir='ltr'><strong>Origcuis</strong></span> <span class='ocrx_word' id='word_1_523' title='bbox 1537 1413 1644 1443; x_wconf 71' lang='lat' dir='ltr'><strong>nomen,</strong></span> <span class='ocrx_word' id='word_1_524' title='bbox 1660 1414 1713 1433; x_wconf 90' lang='lat' dir='ltr'><strong>non</strong></span> <span class='ocrx_word' id='word_1_525' title='bbox 1742 1406 1838 1439; x_wconf 84' lang='lat' dir='ltr'><strong>ﬁdem,</strong></span> 
     </span>
    </p>
   </div>
   <div class='ocr_carea' id='block_1_76' title="bbox 1049 1450 1841 1480">
    <p class='ocr_par' dir='ltr' id='par_1_76' title="bbox 1049 1450 1841 1480">
     <span class='ocr_line' id='line_1_76' title="bbox 1049 1450 1841 1480; baseline 0.005 -4"><span class='ocrx_word' id='word_1_526' title='bbox 1049 1457 1098 1476; x_wconf 86' lang='lat' dir='ltr'><strong>nec</strong></span> <span class='ocrx_word' id='word_1_527' title='bbox 1120 1450 1313 1477; x_wconf 85' lang='lat' dir='ltr'><strong>conscientiam</strong></span> <span class='ocrx_word' id='word_1_528' title='bbox 1336 1451 1497 1478; x_wconf 86' lang='lat' dir='ltr'><strong>habuerunt.</strong></span> <span class='ocrx_word' id='word_1_529' title='bbox 1523 1460 1532 1477; x_wconf 77' lang='grc' dir='ltr'>ι</span> <span class='ocrx_word' id='word_1_530' title='bbox 1559 1451 1655 1480; x_wconf 77' lang='lat' dir='ltr'><strong>Nescio</strong></span> <span class='ocrx_word' id='word_1_531' title='bbox 1684 1456 1755 1480; x_wconf 87' lang='lat' dir='ltr'><strong>unde</strong></span> <span class='ocrx_word' id='word_1_532' title='bbox 1779 1453 1841 1480; x_wconf 75' lang='lat' dir='ltr'><strong>hate</strong></span> 
     </span>
    </p>
   </div>
   <div class='ocr_carea' id='block_1_77' title="bbox 1049 1495 1839 1532">
    <p class='ocr_par' dir='ltr' id='par_1_77' title="bbox 1049 1495 1839 1532">
     <span class='ocr_line' id='line_1_77' title="bbox 1049 1495 1839 1532; baseline 0.004 -10"><span class='ocrx_word' id='word_1_533' title='bbox 1049 1495 1171 1523; x_wconf 83' lang='lat' dir='ltr'><strong>hauserit</strong></span> <span class='ocrx_word' id='word_1_534' title='bbox 1182 1504 1331 1531; x_wconf 88' lang='lat' dir='ltr'><strong>anonymus</strong></span> <span class='ocrx_word' id='word_1_535' title='bbox 1346 1501 1452 1528; x_wconf 82' lang='lat' dir='ltr'><strong>auctor,</strong></span> <span class='ocrx_word' id='word_1_536' title='bbox 1467 1497 1513 1523; x_wconf 88' lang='lat' dir='ltr'><strong>sed</strong></span> <span class='ocrx_word' id='word_1_537' title='bbox 1528 1504 1562 1523; x_wconf 86' lang='lat' dir='ltr'><strong>ex</strong></span> <span class='ocrx_word' id='word_1_538' title='bbox 1582 1498 1694 1532; x_wconf 90' lang='lat' dir='ltr'><strong>impuris</strong></span> <span class='ocrx_word' id='word_1_539' title='bbox 1722 1505 1755 1525; x_wconf 87' lang='lat' dir='ltr'><strong>ea</strong></span> <span class='ocrx_word' id='word_1_540' title='bbox 1775 1498 1839 1525; x_wconf 80' lang='lat' dir='ltr'><strong>fou—</strong></span> 
     </span>
    </p>
   </div>
   <div class='ocr_carea' id='block_1_78' title="bbox 1050 1541 1841 1580">
    <p class='ocr_par' dir='ltr' id='par_1_78' title="bbox 1050 1541 1841 1580">
     <span class='ocr_line' id='line_1_78' title="bbox 1050 1541 1841 1580; baseline 0.005 -12"><span class='ocrx_word' id='word_1_541' title='bbox 1050 1541 1121 1568; x_wconf 87' lang='lat' dir='ltr'><strong>tibus</strong></span> <span class='ocrx_word' id='word_1_542' title='bbox 1133 1541 1255 1569; x_wconf 87' lang='lat' dir='ltr'><strong>hausisse</strong></span> <span class='ocrx_word' id='word_1_543' title='bbox 1266 1541 1374 1569; x_wconf 86' lang='lat' dir='ltr'><strong>videtur</strong></span> <span class='ocrx_word' id='word_1_544' title='bbox 1386 1551 1393 1575; x_wconf 91' lang='lat'>;</span> <span class='ocrx_word' id='word_1_545' title='bbox 1406 1547 1433 1569; x_wconf 91' lang='lat' dir='ltr'><strong>et</strong></span> <span class='ocrx_word' id='word_1_546' title='bbox 1449 1550 1544 1570; x_wconf 84' lang='lat' dir='ltr'><strong>vereor</strong></span> <span class='ocrx_word' id='word_1_547' title='bbox 1558 1551 1591 1570; x_wconf 89' lang='lat' dir='ltr'><strong>ne</strong></span> <span class='ocrx_word' id='word_1_548' title='bbox 1606 1544 1652 1578; x_wconf 90' lang='lat' dir='ltr'><strong>qui</strong></span> <span class='ocrx_word' id='word_1_549' title='bbox 1670 1548 1724 1571; x_wconf 90' lang='lat' dir='ltr'><strong>tam</strong></span> <span class='ocrx_word' id='word_1_550' title='bbox 1745 1544 1841 1580; x_wconf 77' lang='lat' dir='ltr'><strong>inepte</strong></span> 
     </span>
    </p>
   </div>
   <div class='ocr_carea' id='block_1_79' title="bbox 1050 1587 1838 1625">
    <p class='ocr_par' dir='ltr' id='par_1_79' title="bbox 1050 1587 1838 1625">
     <span class='ocr_line' id='line_1_79' title="bbox 1050 1587 1838 1625; baseline 0.005 -11"><span class='ocrx_word' id='word_1_551' title='bbox 1050 1587 1218 1622; x_wconf 82' lang='lat' dir='ltr'><strong>Pamphilum</strong></span> <span class='ocrx_word' id='word_1_552' title='bbox 1237 1595 1383 1624; x_wconf 87' lang='lat' dir='ltr'><strong>martyrem</strong></span> <span class='ocrx_word' id='word_1_553' title='bbox 1407 1590 1553 1625; x_wconf 82' lang='lat' dir='ltr'><strong>episcopali</strong></span> <span class='ocrx_word' id='word_1_554' title='bbox 1581 1590 1713 1625; x_wconf 77' lang='lat' dir='ltr'><strong>dignitate</strong></span> <span class='ocrx_word' id='word_1_555' title='bbox 1741 1590 1838 1624; x_wconf 85' lang='lat' dir='ltr'><strong>donat,</strong></span> 
     </span>
    </p>
   </div>
   <div class='ocr_carea' id='block_1_80' title="bbox 1050 1634 1838 1672">
    <p class='ocr_par' dir='ltr' id='par_1_80' title="bbox 1050 1634 1838 1672">
     <span class='ocr_line' id='line_1_80' title="bbox 1050 1634 1838 1672; baseline 0.005 -10"><span class='ocrx_word' id='word_1_556' title='bbox 1050 1634 1168 1669; x_wconf 89' lang='lat' dir='ltr'><strong>ineptius</strong></span> <span class='ocrx_word' id='word_1_557' title='bbox 1180 1635 1262 1662; x_wconf 89' lang='lat' dir='ltr'><strong>etiam</strong></span> <span class='ocrx_word' id='word_1_558' title='bbox 1277 1636 1320 1662; x_wconf 90' lang='lat' dir='ltr'><strong>vel</strong></span> <span class='ocrx_word' id='word_1_559' title='bbox 1352 1636 1507 1672; x_wconf 74' lang='lat' dir='ltr'><strong>Apologiam</strong></span> <span class='ocrx_word' id='word_1_560' title='bbox 1521 1638 1641 1672; x_wconf 88' lang='lat' dir='ltr'><strong>quinque</strong></span> <span class='ocrx_word' id='word_1_561' title='bbox 1663 1638 1740 1666; x_wconf 89' lang='lat' dir='ltr'><strong>libris</strong></span> <span class='ocrx_word' id='word_1_562' title='bbox 1767 1646 1838 1666; x_wconf 83' lang='lat' dir='ltr'><strong>con-</strong></span> 
     </span>
    </p>
   </div>
   <div class='ocr_carea' id='block_1_81' title="bbox 1051 1681 1838 1718">
    <p class='ocr_par' dir='ltr' id='par_1_81' title="bbox 1051 1681 1838 1718">
     <span class='ocr_line' id='line_1_81' title="bbox 1051 1681 1838 1718; baseline 0.004 -10"><span class='ocrx_word' id='word_1_563' title='bbox 1051 1685 1168 1708; x_wconf 80' lang='lat' dir='ltr'><strong>stantem</strong></span> <span class='ocrx_word' id='word_1_564' title='bbox 1200 1681 1326 1716; x_wconf 88' lang='lat' dir='ltr'><strong>anouymi</strong></span> <span class='ocrx_word' id='word_1_565' title='bbox 1349 1682 1419 1709; x_wconf 81' lang='lat' dir='ltr'><strong>illius</strong></span> <span class='ocrx_word' id='word_1_566' title='bbox 1443 1682 1476 1709; x_wconf 89' lang='lat' dir='ltr'><strong>de</strong></span> <span class='ocrx_word' id='word_1_567' title='bbox 1497 1691 1551 1718; x_wconf 91' lang='lat' dir='ltr'><strong>quo</strong></span> <span class='ocrx_word' id='word_1_568' title='bbox 1575 1683 1685 1711; x_wconf 78' lang='lat' dir='ltr'><strong>Photius</strong></span> <span class='ocrx_word' id='word_1_569' title='bbox 1707 1683 1838 1712; x_wconf 82' lang='lat' dir='ltr'><strong>Biblioth.</strong></span> 
     </span>
    </p>
   </div>
   <div class='ocr_carea' id='block_1_82' title="bbox 1050 1727 1840 1760">
    <p class='ocr_par' dir='ltr' id='par_1_82' title="bbox 1050 1727 1840 1760">
     <span class='ocr_line' id='line_1_82' title="bbox 1050 1727 1840 1760; baseline 0.004 -6"><span class='ocrx_word' id='word_1_570' title='bbox 1050 1727 1110 1755; x_wconf 89' lang='lat' dir='ltr'><strong>cod.</strong></span> <span class='ocrx_word' id='word_1_571' title='bbox 1131 1734 1214 1760; x_wconf 84' lang='lat' dir='ltr'><strong>cxvtt,</strong></span> <span class='ocrx_word' id='word_1_572' title='bbox 1228 1728 1269 1754; x_wconf 79' lang='lat' dir='ltr'><strong>vel</strong></span> <span class='ocrx_word' id='word_1_573' title='bbox 1283 1727 1373 1754; x_wconf 81' lang='lat' dir='ltr'><strong>Ruﬁni</strong></span> <span class='ocrx_word' id='word_1_574' title='bbox 1391 1727 1490 1755; x_wconf 90' lang='lat' dir='ltr'><strong>librum</strong></span> <span class='ocrx_word' id='word_1_575' title='bbox 1504 1729 1541 1756; x_wconf 85' lang='lat' dir='ltr'><strong>De</strong></span> <span class='ocrx_word' id='word_1_576' title='bbox 1549 1731 1744 1757; x_wconf 79' lang='lat' dir='ltr'><strong>adulleratione</strong></span> <span class='ocrx_word' id='word_1_577' title='bbox 1756 1731 1840 1757; x_wconf 83' lang='lat' dir='ltr'><strong>libro-</strong></span> 
     </span>
    </p>
   </div>
   <div class='ocr_carea' id='block_1_83' title="bbox 1050 1773 1836 1810">
    <p class='ocr_par' dir='ltr' id='par_1_83' title="bbox 1050 1773 1836 1810">
     <span class='ocr_line' id='line_1_83' title="bbox 1050 1773 1836 1810; baseline 0.004 -10"><span class='ocrx_word' id='word_1_578' title='bbox 1050 1781 1108 1800; x_wconf 85' lang='lat' dir='ltr'><strong>rum</strong></span> <span class='ocrx_word' id='word_1_579' title='bbox 1125 1773 1247 1807; x_wconf 79' lang='lat' dir='ltr'><strong>Origem&#39;s</strong></span> <span class='ocrx_word' id='word_1_580' title='bbox 1260 1782 1308 1809; x_wconf 94' lang='lat' dir='ltr'><strong>pro</strong></span> <span class='ocrx_word' id='word_1_581' title='bbox 1324 1774 1380 1808; x_wconf 88' lang='lat' dir='ltr'><strong>ipsa</strong></span> <span class='ocrx_word' id='word_1_582' title='bbox 1395 1773 1527 1809; x_wconf 87' lang='lat' dir='ltr'><strong>Pamphili</strong></span> <span class='ocrx_word' id='word_1_583' title='bbox 1553 1776 1679 1810; x_wconf 66' lang='lat' dir='ltr'><strong>Apologia</strong></span> <span class='ocrx_word' id='word_1_584' title='bbox 1695 1776 1836 1803; x_wconf 86' lang='lat' dir='ltr'><strong>habuerit.</strong></span> 
     </span>
    </p>
   </div>
   <div class='ocr_carea' id='block_1_84' title="bbox 1053 1819 1840 1855">
    <p class='ocr_par' dir='ltr' id='par_1_84' title="bbox 1053 1819 1840 1855">
     <span class='ocr_line' id='line_1_84' title="bbox 1053 1819 1840 1855; baseline 0.004 -9"><span class='ocrx_word' id='word_1_585' title='bbox 1053 1819 1171 1854; x_wconf 91' lang='lat' dir='ltr'><strong>Uterque</strong></span> <span class='ocrx_word' id='word_1_586' title='bbox 1183 1821 1256 1846; x_wconf 90' lang='lat' dir='ltr'><strong>enim</strong></span> <span class='ocrx_word' id='word_1_587' title='bbox 1271 1820 1355 1847; x_wconf 90' lang='lat' dir='ltr'><strong>libros</strong></span> <span class='ocrx_word' id='word_1_588' title='bbox 1371 1820 1479 1853; x_wconf 85' lang='lat' dir='ltr'><strong>quidem</strong></span> <span class='ocrx_word' id='word_1_589' title='bbox 1493 1820 1618 1855; x_wconf 82' lang='lat' dir='ltr'><strong>Origenis</strong></span> <span class='ocrx_word' id='word_1_590' title='bbox 1635 1821 1668 1848; x_wconf 90' lang='lat' dir='ltr'><strong>ab</strong></span> <span class='ocrx_word' id='word_1_591' title='bbox 1696 1821 1840 1849; x_wconf 62' lang='lat' dir='ltr'><strong>hzcreticis</strong></span> 
     </span>
    </p>
   </div>
   <div class='ocr_carea' id='block_1_85' title="bbox 1049 1865 1840 1900">
    <p class='ocr_par' dir='ltr' id='par_1_85' title="bbox 1049 1865 1840 1900">
     <span class='ocr_line' id='line_1_85' title="bbox 1049 1865 1840 1900; baseline 0.003 -8"><span class='ocrx_word' id='word_1_592' title='bbox 1049 1865 1088 1892; x_wconf 91' lang='lat' dir='ltr'><strong>ait</strong></span> <span class='ocrx_word' id='word_1_593' title='bbox 1102 1873 1162 1893; x_wconf 88' lang='lat' dir='ltr'><strong>esse</strong></span> <span class='ocrx_word' id='word_1_594' title='bbox 1176 1866 1302 1898; x_wconf 80' lang='lat' dir='ltr'><strong>vitiatus;</strong></span> <span class='ocrx_word' id='word_1_595' title='bbox 1320 1865 1366 1892; x_wconf 84' lang='lat' dir='ltr'><strong>sed</strong></span> <span class='ocrx_word' id='word_1_596' title='bbox 1386 1865 1480 1892; x_wconf 87' lang='lat' dir='ltr'><strong>nullibi</strong></span> <span class='ocrx_word' id='word_1_597' title='bbox 1498 1865 1667 1900; x_wconf 74' lang='lat' dir='ltr'><strong>Pamphilus;</strong></span> <span class='ocrx_word' id='word_1_598' title='bbox 1688 1867 1742 1893; x_wconf 82' lang='lat' dir='ltr'><strong>nisi</strong></span> <span class='ocrx_word' id='word_1_599' title='bbox 1767 1867 1840 1894; x_wconf 81' lang='lat' dir='ltr'><strong>forte</strong></span> 
     </span>
    </p>
   </div>
   <div class='ocr_carea' id='block_1_86' title="bbox 1050 1911 1840 1946">
    <p class='ocr_par' dir='ltr' id='par_1_86' title="bbox 1050 1911 1840 1946">
     <span class='ocr_line' id='line_1_86' title="bbox 1050 1911 1840 1946; baseline 0.001 -8"><span class='ocrx_word' id='word_1_600' title='bbox 1050 1911 1076 1939; x_wconf 95' lang='lat' dir='ltr'><strong>id</strong></span> <span class='ocrx_word' id='word_1_601' title='bbox 1094 1911 1193 1939; x_wconf 79' lang='lat' dir='ltr'><strong>dixerit</strong></span> <span class='ocrx_word' id='word_1_602' title='bbox 1209 1912 1236 1939; x_wconf 92' lang='lat' dir='ltr'><strong>in</strong></span> <span class='ocrx_word' id='word_1_603' title='bbox 1264 1912 1371 1939; x_wconf 78' lang='lat' dir='ltr'><strong>caeteris</strong></span> <span class='ocrx_word' id='word_1_604' title='bbox 1399 1912 1475 1940; x_wconf 85' lang='lat' dir='ltr'><strong>libris</strong></span> <span class='ocrx_word' id='word_1_605' title='bbox 1494 1917 1642 1946; x_wconf 82' lang='lat' dir='ltr'><strong>temperum</strong></span> <span class='ocrx_word' id='word_1_606' title='bbox 1668 1912 1768 1946; x_wconf 86' lang='lat' dir='ltr'><strong>injuria</strong></span> <span class='ocrx_word' id='word_1_607' title='bbox 1790 1914 1840 1940; x_wconf 85' lang='lat' dir='ltr'><strong>ah-</strong></span> 
     </span>
    </p>
   </div>
   <div class='ocr_carea' id='block_1_87' title="bbox 1050 1957 1840 1993">
    <p class='ocr_par' dir='ltr' id='par_1_87' title="bbox 1050 1957 1840 1993">
     <span class='ocr_line' id='line_1_87' title="bbox 1050 1957 1840 1993; baseline 0.001 -10"><span class='ocrx_word' id='word_1_608' title='bbox 1050 1958 1166 1991; x_wconf 88' lang='lat' dir='ltr'><strong>sumptls</strong></span> <span class='ocrx_word' id='word_1_609' title='bbox 1180 1966 1187 1984; x_wconf 84' lang='lat'><strong>:</strong></span> <span class='ocrx_word' id='word_1_610' title='bbox 1203 1957 1236 1984; x_wconf 87' lang='lat' dir='ltr'><strong>de</strong></span> <span class='ocrx_word' id='word_1_611' title='bbox 1251 1965 1305 1991; x_wconf 90' lang='lat' dir='ltr'><strong>quo</strong></span> <span class='ocrx_word' id='word_1_612' title='bbox 1318 1962 1405 1984; x_wconf 89' lang='lat' dir='ltr'><strong>tamen</strong></span> <span class='ocrx_word' id='word_1_613' title='bbox 1422 1966 1471 1985; x_wconf 88' lang='lat' dir='ltr'><strong>nec</strong></span> <span class='ocrx_word' id='word_1_614' title='bbox 1488 1958 1630 1990; x_wconf 80' lang='lat' dir='ltr'><strong>Eusebius,</strong></span> <span class='ocrx_word' id='word_1_615' title='bbox 1641 1965 1690 1985; x_wconf 90' lang='lat' dir='ltr'><strong>nec</strong></span> <span class='ocrx_word' id='word_1_616' title='bbox 1703 1957 1840 1993; x_wconf 76' lang='lat' dir='ltr'><strong>Hierony-</strong></span> 
     </span>
    </p>
   </div>
   <div class='ocr_carea' id='block_1_88' title="bbox 1051 2001 1838 2036">
    <p class='ocr_par' dir='ltr' id='par_1_88' title="bbox 1051 2001 1838 2036">
     <span class='ocr_line' id='line_1_88' title="bbox 1051 2001 1838 2036; baseline 0 -7"><span class='ocrx_word' id='word_1_617' title='bbox 1051 2009 1121 2035; x_wconf 85' lang='lat' dir='ltr'><strong>mus,</strong></span> <span class='ocrx_word' id='word_1_618' title='bbox 1137 2010 1187 2030; x_wconf 90' lang='lat' dir='ltr'><strong>nec</strong></span> <span class='ocrx_word' id='word_1_619' title='bbox 1198 2001 1338 2036; x_wconf 86' lang='lat' dir='ltr'><strong>Socrates,</strong></span> <span class='ocrx_word' id='word_1_620' title='bbox 1351 2010 1402 2030; x_wconf 86' lang='lat' dir='ltr'><strong>nec</strong></span> <span class='ocrx_word' id='word_1_621' title='bbox 1416 2003 1543 2034; x_wconf 84' lang='lat' dir='ltr'><strong>Photius.</strong></span> <span class='ocrx_word' id='word_1_622' title='bbox 1560 2011 1609 2030; x_wconf 84' lang='lat' dir='ltr'><strong>nec</strong></span> <span class='ocrx_word' id='word_1_623' title='bbox 1624 2003 1695 2032; x_wconf 87' lang='lat' dir='ltr'><strong>ullus</strong></span> <span class='ocrx_word' id='word_1_624' title='bbox 1711 2003 1782 2031; x_wconf 88' lang='lat' dir='ltr'><strong>alius</strong></span> <span class='ocrx_word' id='word_1_625' title='bbox 1796 2003 1838 2030; x_wconf 83' lang='lat' dir='ltr'><strong>vel</strong></span> 
     </span>
    </p>
   </div>
   <div class='ocr_carea' id='block_1_89' title="bbox 1050 2049 1451 2079">
    <p class='ocr_par' dir='ltr' id='par_1_89' title="bbox 1050 2049 1451 2079">
     <span class='ocr_line' id='line_1_89' title="bbox 1050 2049 1451 2079; baseline 0.002 -2"><span class='ocrx_word' id='word_1_626' title='bbox 1050 2049 1191 2077; x_wconf 90' lang='lat' dir='ltr'><strong>minimum</strong></span> <span class='ocrx_word' id='word_1_627' title='bbox 1210 2050 1311 2078; x_wconf 78' lang='lat' dir='ltr'><strong>habent</strong></span> <span class='ocrx_word' id='word_1_628' title='bbox 1329 2052 1451 2079; x_wconf 83' lang='lat' dir='ltr'><strong>verbum.</strong></span> 
     </span>
    </p>
   </div>
   <div class='ocr_carea' id='block_1_90' title="bbox 437 2232 1600 2316">
    <p class='ocr_par' dir='ltr' id='par_1_90' title="bbox 437 2232 1600 2316">
     <span class='ocr_line' id='line_1_90' title="bbox 437 2232 1600 2316; baseline 0.002 -3"><span class='ocrx_word' id='word_1_629' title='bbox 437 2258 509 2314; x_wconf 92' lang='lat' dir='ltr'><strong>IN</strong></span> <span class='ocrx_word' id='word_1_630' title='bbox 553 2232 1102 2316; x_wconf 84' lang='lat' dir='ltr'><strong>APOLOGETICUM</strong></span> <span class='ocrx_word' id='word_1_631' title='bbox 1148 2259 1208 2315; x_wconf 89' lang='lat' dir='ltr'><strong>s.</strong></span> <span class='ocrx_word' id='word_1_632' title='bbox 1258 2258 1600 2316; x_wconf 87' lang='lat' dir='ltr'><strong>PAMPHILI</strong></span> 
     </span>
    </p>
   </div>
   <div class='ocr_carea' id='block_1_91' title="bbox 883 2369 1160 2401">
    <p class='ocr_par' dir='ltr' id='par_1_91' title="bbox 883 2369 1160 2401">
     <span class='ocr_line' id='line_1_91' title="bbox 883 2369 1160 2401; baseline 0.004 -1"><span class='ocrx_word' id='word_1_633' title='bbox 883 2370 961 2401; x_wconf 79' lang='lat' dir='ltr'><strong>PRO</strong></span> <span class='ocrx_word' id='word_1_634' title='bbox 983 2369 1160 2401; x_wconf 79' lang='lat' dir='ltr'><strong>ORIGENE</strong></span> 
     </span>
    </p>
   </div>
   <div class='ocr_carea' id='block_1_92' title="bbox 465 2452 1582 2508">
    <p class='ocr_par' dir='ltr' id='par_1_92' title="bbox 465 2452 1582 2508">
     <span class='ocr_line' id='line_1_92' title="bbox 465 2452 1582 2508; baseline -0.002 -2"><span class='ocrx_word' id='word_1_635' title='bbox 465 2463 676 2506; x_wconf 82' lang='lat' dir='ltr'><strong>BUFlNl</strong></span> <span class='ocrx_word' id='word_1_636' title='bbox 716 2461 1036 2508; x_wconf 66' lang='lat' dir='ltr'><strong>PBJEFATIO</strong></span> <span class='ocrx_word' id='word_1_637' title='bbox 1072 2461 1146 2506; x_wconf 89' lang='lat' dir='ltr'><strong>AD</strong></span> <span class='ocrx_word' id='word_1_638' title='bbox 1183 2462 1492 2508; x_wconf 82' lang='lat' dir='ltr'><strong>MACABIUM</strong></span> <span class='ocrx_word' id='word_1_639' title='bbox 1528 2452 1582 2504; x_wconf 69' lang='grc' dir='ltr'><strong>(ι).</strong></span> 
     </span>
    </p>
   </div>
   <div class='ocr_carea' id='block_1_93' title="bbox 246 2639 1837 2678">
    <p class='ocr_par' dir='ltr' id='par_1_93' title="bbox 246 2639 1837 2678">
     <span class='ocr_line' id='line_1_93' title="bbox 246 2639 1837 2678; baseline 0.001 -12"><span class='ocrx_word' id='word_1_640' title='bbox 246 2639 436 2674; x_wconf 78' lang='lat' dir='ltr'><strong>Cognoscenda:</strong></span> <span class='ocrx_word' id='word_1_641' title='bbox 449 2640 562 2667; x_wconf 71' lang='lat' dir='ltr'><strong>veritatis</strong></span> <span class='ocrx_word' id='word_1_642' title='bbox 572 2647 660 2667; x_wconf 84' lang='lat' dir='ltr'><strong>amore</strong></span> <span class='ocrx_word' id='word_1_643' title='bbox 667 2647 810 2675; x_wconf 77' lang='lat' dir='ltr'><strong>permotus,</strong></span> <span class='ocrx_word' id='word_1_644' title='bbox 828 2649 842 2668; x_wconf 95' lang='lat' dir='ltr'><strong>o</strong></span> <span class='ocrx_word' id='word_1_645' title='bbox 857 2642 894 2668; x_wconf 73' lang='grc' dir='ltr'><strong>υἱι-</strong></span> <span class='ocrx_word' id='word_1_646' title='bbox 913 2642 1102 2669; x_wconf 79' lang='lat' dir='ltr'><strong>desideriorum</strong></span> <span class='ocrx_word' id='word_1_647' title='bbox 1117 2641 1248 2674; x_wconf 82' lang='lat' dir='ltr'><strong>Machari,</strong></span> <span class='ocrx_word' id='word_1_648' title='bbox 1267 2639 1304 2676; x_wconf 68' lang='grc' dir='ltr'><strong>(Ξ)</strong></span> <span class='ocrx_word' id='word_1_649' title='bbox 1315 2639 1431 2675; x_wconf 72' lang='lat' dir='ltr'><strong>injungis</strong></span> <span class='ocrx_word' id='word_1_650' title='bbox 1449 2641 1514 2667; x_wconf 77' lang='lat' dir='ltr'><strong>milii</strong></span> <span class='ocrx_word' id='word_1_651' title='bbox 1528 2648 1591 2678; x_wconf 68' lang='lat' dir='ltr'><strong>rem,</strong></span> <span class='ocrx_word' id='word_1_652' title='bbox 1603 2648 1661 2675; x_wconf 77' lang='lat' dir='ltr'><strong>qmr</strong></span> <span class='ocrx_word' id='word_1_653' title='bbox 1677 2639 1725 2666; x_wconf 80' lang='lat' dir='ltr'><strong>tibi</strong></span> <span class='ocrx_word' id='word_1_654' title='bbox 1739 2640 1837 2674; x_wconf 67' lang='lat' dir='ltr'><strong>agnita</strong></span> 
     </span>
    </p>
   </div>
   <div class='ocr_carea' id='block_1_94' title="bbox 246 2699 992 2760">
    <p class='ocr_par' dir='ltr' id='par_1_94' title="bbox 246 2699 992 2760">
     <span class='ocr_line' id='line_1_94' title="bbox 246 2699 992 2760; baseline 0.003 -34"><span class='ocrx_word' id='word_1_655' title='bbox 246 2699 285 2760; x_wconf 53' lang='grc' dir='ltr'><strong>(ἃ)</strong></span> <span class='ocrx_word' id='word_1_656' title='bbox 314 2699 388 2726; x_wconf 85' lang='lat' dir='ltr'><strong>Hanc</strong></span> <span class='ocrx_word' id='word_1_657' title='bbox 405 2699 602 2734; x_wconf 59' lang='lat' dir='ltr'><strong>praefationem.</strong></span> <span class='ocrx_word' id='word_1_658' title='bbox 627 2700 823 2735; x_wconf 80' lang='lat' dir='ltr'><strong>Apolageticum</strong></span> <span class='ocrx_word' id='word_1_659' title='bbox 849 2702 992 2736; x_wconf 83' lang='lat' dir='ltr'><strong>Pamphili.</strong></span> 
     </span>
     <span class='ocr_line' id='line_1_95' title="bbox 280 2734 992 2760; baseline 0 0"><span class='ocrx_word' id='word_1_660' title='bbox 280 2735 343 2760; x_wconf 81' lang='lat' dir='ltr'><strong>utiui</strong></span> <span class='ocrx_word' id='word_1_661' title='bbox 359 2734 456 2760; x_wconf 87' lang='lat' dir='ltr'><strong>librutn</strong></span> <span class='ocrx_word' id='word_1_662' title='bbox 470 2735 508 2760; x_wconf 78' lang='lat' dir='ltr'><strong>De</strong></span> <span class='ocrx_word' id='word_1_663' title='bbox 524 2735 717 2760; x_wconf 78' lang='lat' dir='ltr'><strong>adulteralione</strong></span> <span class='ocrx_word' id='word_1_664' title='bbox 730 2736 859 2760; x_wconf 83' lang='lat' dir='ltr'><strong>librorum</strong></span> <span class='ocrx_word' id='word_1_665' title='bbox 872 2737 992 2760; x_wconf 75' lang='lat' dir='ltr'><strong>()rinenis</strong></span> 
     </span>
    </p>
   </div>
   <div class='ocr_carea' id='block_1_95' title="bbox 212 2734 993 2770">
    <p class='ocr_par' dir='ltr' id='par_1_95' title="bbox 212 2734 993 2770">
     <span class='ocr_line' id='line_1_96' title="bbox 212 2734 993 2770; baseline 0.003 -10"><span class='ocrx_word' id='word_1_666' title='bbox 212 2741 244 2760; x_wconf 91' lang='lat' dir='ltr'><strong>ac</strong></span> <span class='ocrx_word' id='word_1_667' title='bbox 254 2734 343 2761; x_wconf 73' lang='lat' dir='ltr'><strong>Ruﬁni</strong></span> <span class='ocrx_word' id='word_1_668' title='bbox 359 2734 456 2762; x_wconf 90' lang='lat' dir='ltr'><strong>librum</strong></span> <span class='ocrx_word' id='word_1_669' title='bbox 470 2735 508 2762; x_wconf 82' lang='lat' dir='ltr'><strong>De</strong></span> <span class='ocrx_word' id='word_1_670' title='bbox 524 2734 717 2762; x_wconf 80' lang='lat' dir='ltr'><strong>adulteratione</strong></span> <span class='ocrx_word' id='word_1_671' title='bbox 730 2736 859 2763; x_wconf 85' lang='lat' dir='ltr'><strong>librorum</strong></span> <span class='ocrx_word' id='word_1_672' title='bbox 872 2734 993 2770; x_wconf 66' lang='lat' dir='ltr'><strong>Origenis</strong></span> 
     </span>
    </p>
   </div>
   <div class='ocr_carea' id='block_1_96' title="bbox 211 2769 994 2802">
    <p class='ocr_par' dir='ltr' id='par_1_96' title="bbox 211 2769 994 2802">
     <span class='ocr_line' id='line_1_97' title="bbox 211 2769 994 2802; baseline 0.004 -8"><span class='ocrx_word' id='word_1_673' title='bbox 211 2769 372 2796; x_wconf 74' lang='lat' dir='ltr'><strong>contulimus</strong></span> <span class='ocrx_word' id='word_1_674' title='bbox 396 2776 455 2796; x_wconf 85' lang='lat' dir='ltr'><strong>cum</strong></span> <span class='ocrx_word' id='word_1_675' title='bbox 470 2777 517 2797; x_wconf 88' lang='lat' dir='ltr'><strong>sex</strong></span> <span class='ocrx_word' id='word_1_676' title='bbox 539 2778 602 2798; x_wconf 88' lang='lat' dir='ltr'><strong>mss.</strong></span> <span class='ocrx_word' id='word_1_677' title='bbox 617 2779 670 2798; x_wconf 90' lang='lat' dir='ltr'><strong>uno</strong></span> <span class='ocrx_word' id='word_1_678' title='bbox 683 2770 848 2802; x_wconf 76' lang='lat' dir='ltr'><strong>Corbe&#39;tensi,</strong></span> <span class='ocrx_word' id='word_1_679' title='bbox 864 2769 942 2799; x_wconf 72' lang='lat' dir='ltr'><strong>hodie</strong></span> <span class='ocrx_word' id='word_1_680' title='bbox 965 2771 994 2798; x_wconf 88' lang='lat' dir='ltr'><strong>S.</strong></span> 
     </span>
    </p>
   </div>
   <div class='ocr_carea' id='block_1_97' title="bbox 212 2803 994 2839">
    <p class='ocr_par' dir='ltr' id='par_1_97' title="bbox 212 2803 994 2839">
     <span class='ocr_line' id='line_1_98' title="bbox 212 2803 994 2839; baseline 0.004 -9"><span class='ocrx_word' id='word_1_681' title='bbox 212 2803 340 2839; x_wconf 69' lang='lat' dir='ltr'><strong>Germani</strong></span> <span class='ocrx_word' id='word_1_682' title='bbox 364 2811 378 2830; x_wconf 88' lang='lat' dir='ltr'><strong>a</strong></span> <span class='ocrx_word' id='word_1_683' title='bbox 398 2804 494 2836; x_wconf 71' lang='lat' dir='ltr'><strong>l‘ratis.</strong></span> <span class='ocrx_word' id='word_1_684' title='bbox 513 2805 574 2832; x_wconf 90' lang='lat' dir='ltr'><strong>noni</strong></span> <span class='ocrx_word' id='word_1_685' title='bbox 591 2805 695 2837; x_wconf 69' lang='lat' dir='ltr'><strong>saeculi;</strong></span> <span class='ocrx_word' id='word_1_686' title='bbox 713 2806 801 2833; x_wconf 87' lang='lat' dir='ltr'><strong>altero</strong></span> <span class='ocrx_word' id='word_1_687' title='bbox 822 2806 904 2839; x_wconf 73' lang='lat' dir='ltr'><strong>Regio</strong></span> <span class='ocrx_word' id='word_1_688' title='bbox 920 2814 994 2833; x_wconf 88' lang='lat' dir='ltr'><strong>num.</strong></span> 
     </span>
    </p>
   </div>
   <div class='ocr_carea' id='block_1_98' title="bbox 215 2838 996 2874">
    <p class='ocr_par' dir='ltr' id='par_1_98' title="bbox 215 2838 996 2874">
     <span class='ocr_line' id='line_1_99' title="bbox 215 2838 996 2874; baseline 0.005 -10"><span class='ocrx_word' id='word_1_689' title='bbox 215 2838 293 2871; x_wconf 69' lang='lat' dir='ltr'><strong>tu“,</strong></span> <span class='ocrx_word' id='word_1_690' title='bbox 310 2838 406 2865; x_wconf 84' lang='lat' dir='ltr'><strong>decimi</strong></span> <span class='ocrx_word' id='word_1_691' title='bbox 428 2839 498 2869; x_wconf 85' lang='lat' dir='ltr'><strong>tertii</strong></span> <span class='ocrx_word' id='word_1_692' title='bbox 514 2840 618 2873; x_wconf 80' lang='lat' dir='ltr'><strong>sa&#39;culi;</strong></span> <span class='ocrx_word' id='word_1_693' title='bbox 634 2841 662 2867; x_wconf 77' lang='grc' dir='ltr'><strong>ὅσ</strong></span> <span class='ocrx_word' id='word_1_694' title='bbox 681 2841 844 2874; x_wconf 82' lang='lat' dir='ltr'><strong>Sorbouico;</strong></span> <span class='ocrx_word' id='word_1_695' title='bbox 861 2838 888 2869; x_wconf 57' lang='grc' dir='ltr'><strong>ἆυ</strong></span> <span class='ocrx_word' id='word_1_696' title='bbox 902 2841 930 2868; x_wconf 89' lang='lat' dir='ltr'><strong>S.</strong></span> <span class='ocrx_word' id='word_1_697' title='bbox 944 2841 996 2869; x_wconf 66' lang='lat' dir='ltr'><strong>lic-</strong></span> 
     </span>
    </p>
   </div>
   <div class='ocr_carea' id='block_1_99' title="bbox 1049 2699 1836 2735">
    <p class='ocr_par' dir='ltr' id='par_1_99' title="bbox 1049 2699 1836 2735">
     <span class='ocr_line' id='line_1_100' title="bbox 1049 2699 1836 2735; baseline 0 -7"><span class='ocrx_word' id='word_1_698' title='bbox 1049 2701 1123 2735; x_wconf 82' lang='lat' dir='ltr'><strong>migii</strong></span> <span class='ocrx_word' id='word_1_699' title='bbox 1139 2700 1298 2732; x_wconf 73' lang='lat' dir='ltr'><strong>Bernensis;</strong></span> <span class='ocrx_word' id='word_1_700' title='bbox 1327 2701 1355 2727; x_wconf 80' lang='lat'><strong>5°</strong></span> <span class='ocrx_word' id='word_1_701' title='bbox 1379 2700 1408 2728; x_wconf 84' lang='lat' dir='ltr'><strong>S.</strong></span> <span class='ocrx_word' id='word_1_702' title='bbox 1437 2701 1542 2732; x_wconf 76' lang='lat' dir='ltr'><strong>Vitoni;</strong></span> <span class='ocrx_word' id='word_1_703' title='bbox 1557 2701 1585 2727; x_wconf 75' lang='grc' dir='ltr'><strong>6ο</strong></span> <span class='ocrx_word' id='word_1_704' title='bbox 1603 2700 1632 2726; x_wconf 79' lang='lat' dir='ltr'><strong>S.</strong></span> <span class='ocrx_word' id='word_1_705' title='bbox 1650 2699 1792 2727; x_wconf 79' lang='lat' dir='ltr'><strong>Michaelis</strong></span> <span class='ocrx_word' id='word_1_706' title='bbox 1810 2702 1836 2728; x_wconf 92' lang='lat' dir='ltr'><strong>in</strong></span> 
     </span>
    </p>
   </div>
   <div class='ocr_carea' id='block_1_100' title="bbox 1048 2735 1836 2763">
    <p class='ocr_par' dir='ltr' id='par_1_100' title="bbox 1048 2735 1836 2763">
     <span class='ocr_line' id='line_1_101' title="bbox 1048 2735 1836 2763; baseline -0.001 0"><span class='ocrx_word' id='word_1_707' title='bbox 1048 2736 1171 2763; x_wconf 84' lang='lat' dir='ltr'><strong>Periculo</strong></span> <span class='ocrx_word' id='word_1_708' title='bbox 1195 2735 1277 2762; x_wconf 89' lang='lat' dir='ltr'><strong>maris</strong></span> <span class='ocrx_word' id='word_1_709' title='bbox 1295 2746 1300 2763; x_wconf 96' lang='lat'><strong>:</strong></span> <span class='ocrx_word' id='word_1_710' title='bbox 1318 2743 1421 2762; x_wconf 84' lang='lat' dir='ltr'><strong>necnon</strong></span> <span class='ocrx_word' id='word_1_711' title='bbox 1443 2741 1469 2763; x_wconf 89' lang='lat' dir='ltr'><strong>et</strong></span> <span class='ocrx_word' id='word_1_712' title='bbox 1490 2743 1550 2762; x_wconf 81' lang='lat' dir='ltr'><strong>cum</strong></span> <span class='ocrx_word' id='word_1_713' title='bbox 1569 2735 1661 2762; x_wconf 87' lang='lat' dir='ltr'><strong>iisdem</strong></span> <span class='ocrx_word' id='word_1_714' title='bbox 1679 2743 1744 2763; x_wconf 89' lang='lat' dir='ltr'><strong>mss.</strong></span> <span class='ocrx_word' id='word_1_715' title='bbox 1761 2736 1836 2762; x_wconf 86' lang='lat' dir='ltr'><strong>codi-</strong></span> 
     </span>
    </p>
   </div>
   <div class='ocr_carea' id='block_1_101' title="bbox 1049 2769 1833 2811">
    <p class='ocr_par' dir='ltr' id='par_1_101' title="bbox 1049 2769 1833 2811">
     <span class='ocr_line' id='line_1_102' title="bbox 1049 2769 1833 2811; baseline 0 -13"><span class='ocrx_word' id='word_1_716' title='bbox 1049 2771 1126 2811; x_wconf 75' lang='lat' dir='ltr'><strong>cibus</strong></span> <span class='ocrx_word' id='word_1_717' title='bbox 1136 2771 1168 2798; x_wconf 87' lang='lat' dir='ltr'><strong>ad</strong></span> <span class='ocrx_word' id='word_1_718' title='bbox 1183 2778 1297 2806; x_wconf 92' lang='lat' dir='ltr'><strong>quorum</strong></span> <span class='ocrx_word' id='word_1_719' title='bbox 1318 2771 1398 2798; x_wconf 90' lang='lat' dir='ltr'><strong>ﬁdem</strong></span> <span class='ocrx_word' id='word_1_720' title='bbox 1413 2770 1496 2799; x_wconf 83' lang='lat' dir='ltr'><strong>libros</strong></span> <span class='ocrx_word' id='word_1_721' title='bbox 1510 2770 1579 2805; x_wconf 77' lang='grc' dir='ltr'><strong>Περὶ</strong></span> <span class='ocrx_word' id='word_1_722' title='bbox 1589 2769 1689 2804; x_wconf 82' lang='grc' dir='ltr'><em>ἀρχῶν</em></span> <span class='ocrx_word' id='word_1_723' title='bbox 1703 2771 1833 2798; x_wconf 76' lang='lat' dir='ltr'><strong>emend:-</strong></span> 
     </span>
    </p>
   </div>
   <div class='ocr_carea' id='block_1_102' title="bbox 1049 2813 1834 2877">
    <p class='ocr_par' dir='ltr' id='par_1_102' title="bbox 1049 2813 1834 2877">
     <span class='ocr_line' id='line_1_103' title="bbox 1049 2813 1834 2877; baseline -0.001 -9"><span class='ocrx_word' id='word_1_724' title='bbox 1049 2813 1214 2877; x_wconf 50' lang='grc' dir='ltr'><strong>Ηῐξὲῗῇίδεη</strong></span> <span class='ocrx_word' id='word_1_725' title='bbox 1228 2840 1344 2877; x_wconf 82' lang='lat' dir='ltr'><strong>injungis</strong></span> <span class='ocrx_word' id='word_1_726' title='bbox 1357 2841 1420 2869; x_wconf 80' lang='lat' dir='ltr'><strong>mihi</strong></span> <span class='ocrx_word' id='word_1_727' title='bbox 1433 2849 1485 2869; x_wconf 82' lang='lat' dir='ltr'><strong>rem</strong></span> <span class='ocrx_word' id='word_1_728' title='bbox 1497 2849 1573 2876; x_wconf 83' lang='lat' dir='ltr'><strong>quam</strong></span> <span class='ocrx_word' id='word_1_729' title='bbox 1596 2839 1691 2868; x_wconf 76' lang='lat' dir='ltr'><strong>videris</strong></span> <span class='ocrx_word' id='word_1_730' title='bbox 1706 2845 1834 2875; x_wconf 70' lang='lat' dir='ltr'><strong>quantum</strong></span> 
     </span>
    </p>
   </div>
  </div>
