1909 3080
14 141 55 172 551
604 141 778 171 APOLOGIA
798 142 868 171 PRO
887 143 1046 171 ORIGENE.
1579 144 1633 172 5B

14 204 122 233 veritatis
137 204 250 239 gratiam
274 203 416 239 conferat;
431 203 496 233 mihi
509 209 596 232 tamen
620 213 671 233 non
685 205 776 235 dubito
791 205 855 241 quin
880 206 1006 241 oﬂ'ensam
1021 206 1164 233 maximam
1183 210 1315 240 comparet
1331 212 1433 238 eorum,
1446 205 1493 240 qui
1505 213 1533 233 se
1554 206 1631 234 ltesos

15 257 97 289 putant
111 253 143 278 ab
156 260 187 278 eo
198 253 243 286 qui
258 252 290 278 de
304 251 416 288 Origene
433 260 484 279 non
501 252 603 290 aliquid
619 252 687 280 male
711 254 831 281 senserit.
849 253 883 280 Et
902 253 1020 288 quamvis
1039 261 1091 280 non
1111 261 1197 280 meam
1214 253 1246 280 de
1268 261 1298 280 eo
1311 253 1477 285 sententiam,
1488 252 1533 279 sed
1546 253 1631 280 sancti

15 299 131 333 martyris
150 297 286 332 Pamphili
297 299 445 326 sciscitatus
460 300 509 332 sis,
523 305 547 326 et
565 299 660 326 librum
674 301 743 335 ejus,
768 309 844 335 quem
862 309 909 336 pro
924 300 1037 335 Origene
1051 301 1077 327 in
1093 299 1184 327 σταται
1201 300 1335 334 scripsisse
1352 300 1479 331 traditur,
1493 299 1631 333 transferri

15 345 55 371 tibi
68 344 215 379 poposceris
226 346 253 371 in
268 344 404 377 Latinum,
419 351 507 373 tamen
522 354 574 373 non
591 346 683 374 dubito
699 346 803 381 futuros
819 346 858 383 (5)
873 347 999 382 quosdam
1013 346 1059 382 qui
1076 352 1100 374 et
1117 347 1143 373 in
1161 354 1191 374 eo
1201 346 1276 374 lwsos
1285 355 1312 373 se
1325 351 1425 380 putent,
1439 345 1462 372 si
1477 354 1523 372 nos
1532 345 1630 381 aliquid

15 399 56 424 pro
69 399 98 418 eo
108 392 147 419 vel
160 391 246 418 alieno
258 400 377 420 sermone
390 393 518 420 dicamus.
532 392 604 426 Quos
620 399 708 422 tamen
719 399 743 422 et
763 385 832 430 ipsos
848 396 1018 429 deprecamur
1033 394 1101 422 nihil
1123 400 1280 429 pra-sumpto
1298 393 1337 420 vel
1351 394 1524 428 pru'judicato
1542 394 1631 420 animo
1662 397 1668 416 ἱ

15 444 83 471 agere
96 444 106 463 :
120 436 166 464 sed
187 437 311 472 quoniam
331 437 366 464 ad
377 437 510 472 judicium
524 438 573 466 Dei
584 439 686 466 venturi
698 448 802 473 sumus,
815 448 867 467 non
883 439 1015 479 refugiant
1028 439 1094 466 scire
1109 441 1178 474 quod
1197 447 1285 466 verum
1306 444 1355 471 est,
1372 439 1410 474 (4)
1431 447 1461 466 ne
1474 438 1540 472 forte
1554 439 1630 474 igno-

15 491 95 512 rantes
114 484 286 519 delinquant;
299 486 343 512 sed
356 486 552 514 considerantes
572 488 633 522 quia
645 487 720 522 falsis
738 480 966 521 criminationibus
980 492 1114 522 perculere
1126 488 1242 521 fratrum
1259 486 1425 521 infirmorum
1446 486 1630 517 conscientias,

15 531 37 556 in
52 529 178 556 Christum
202 538 312 565 peccare
334 536 384 565 est,
407 531 467 559 ideo
481 540 532 559 non
545 533 740 561 accommodent
757 533 973 560 criminatoribus
990 540 1080 560 aurem
1103 539 1191 563 suam,
1212 540 1258 559 nec
1281 531 1313 558 ab
1329 531 1382 558 alio
1402 531 1505 558 discant
1524 531 1631 557 alterius

15 576 95 610 fidem,
107 577 223 603 mazime
239 585 298 604 cum
309 585 399 605 caram
417 580 532 614 experiri
547 580 582 607 sit
593 581 682 613 copia,
696 585 721 608 et
734 581 788 608 oris
802 581 845 608 sui
858 580 988 616 confessio
998 580 1062 617 quid
1078 578 1116 606 vel
1135 579 1251 613 qualiter
1265 578 1443 613 unusquisque
1458 578 1538 604 credit
1549 583 1621 604 ostcn

15 625 64 649 dat.
79 622 123 651 Sic
134 624 205 651 enim
216 625 345 661 scriptum
358 630 407 659 est,
423 628 485 662 quia
496 628 577 656 corde
589 628 711 656 creditur
723 629 756 655 ad
766 628 917 663 justitiam,
936 635 984 656 ore
997 633 1086 655 autem
1101 627 1237 655 confessio
1255 626 1286 654 lit
1302 627 1335 653 ad
1352 626 1468 653 salutem
1485 626 1493 642 ¹
1511 631 1552 652 :et
1565 633 1574 652 .'
1590 625 1633 654 Es

16 671 87 703 verbis
103 671 157 698 suis
168 673 347 708 unusquisque
353 673 560 709 justi/imbitur,
576 680 600 703 et
613 684 646 703 e1;
659 676 742 703 verbis
753 676 809 707 suis
821 676 1039 706 condemnabitur
1047 676 1068 702 '.
1081 675 1120 712 (ὅ)
1137 674 1257 708 Qualiter
1269 674 1463 710 ergoOrigenes
1476 674 1508 700 de
1524 674 1634 708 singulis

15 718 128 751 capitulis
141 724 294 747 sanctarum
309 719 506 755 Scripturarum
520 725 629 751 senserit
640 729 715 751 tenor
725 724 807 751 libelli
822 724 901 758 hujus
916 724 1034 752 edoceat.
1052 723 1090 753 De
1110 723 1150 750 Itis
1162 727 1250 749 autem
1264 731 1323 757 quin
1340 723 1410 758 apud
1430 730 1488 749 eum
1499 722 1633 748 contraria

16 765 58 790 sibi
72 765 250 799 inveniuntur,
266 767 330 801 quid
342 775 430 794 causa:
444 768 491 801 sit,
508 768 536 795 in
556 769 654 796 ultimo
669 769 740 796 brevi
761 769 798 804 (6)
819 769 967 806 adfectione
987 769 1148 796 docebimus.
1174 769 1231 797 Nos
1248 774 1346 799 autem.
1363 769 1429 795 sicut
1447 768 1575 794 traditum
1595 770 1634 794 est

16 811 79 837 nobis
90 819 105 838 a
122 813 222 839 sanctis
237 811 373 848 Patribus,
385 815 423 842 ita
431 820 560 850 tenemus,
571 816 641 850 quod
656 821 749 844 sancta
765 816 884 844 Trinitas
897 821 1029 843 coteterna
1042 816 1089 848 sit,
1105 822 1129 843 et
1145 817 1223 844 unius
1242 820 1356 847 naturte,
1377 815 1506 849 uniusque
1519 813 1634 845 virtutis,

16 865 82 893 atque
93 858 267 888 substantiae:
278 865 301 887 et
312 862 382 896 quod
399 861 486 890 Filius
501 862 548 890 Dei
559 863 586 890 in
601 863 742 890 novissimo
757 869 871 898 tempore
885 863 962 890 homo
976 863 1063 898 factus
1081 868 1129 894 est,
1144 869 1168 890 et
1184 871 1230 898 pro
1244 862 1357 897 peccatis
1372 862 1468 888 nostris
1480 869 1572 894 passus
1583 865 1632 894 est,

15 912 35 933 et
46 908 70 934 in
79 916 108 934 ea
120 908 177 942 ipsa
199 917 291 942 carne,
309 911 336 937 in
349 918 402 946 qua
412 919 506 945 passus
521 916 571 945 est,
583 912 728 940 resurrexit
747 920 763 938 a
784 912 903 945 mortuis,
916 912 1030 946 lpropter
1044 912 1114 947 quod
1131 916 1154 939 et
1169 910 1368 939 resurrectionis
1381 918 1452 943 spent
1465 910 1579 935 humano
1589 916 1634 943 ge-

16 955 63 981 neri
74 955 173 982 tribuit.
188 955 287 984 Carnis
301 966 360 985 t'ero
379 959 599 986 resurrectionem
623 967 675 986 non
695 968 742 994 per
758 960 861 995 aliquas
876 960 1037 995 prtcstigias.
1051 960 1119 989 sicut
1140 958 1260 987 nonnulli
1276 958 1484 990 calumniantur,
1497 957 1609 983 dicimus
1621 962 1634 984 :

17 1002 54 1028 sed
64 1003 127 1030 hanc
145 1003 233 1039 ipsum
249 1013 366 1038 carnem,
384 1006 410 1032 in
421 1015 474 1041 qua
489 1015 560 1034 nunc
570 1007 691 1041 vivimus,
706 1012 914 1037 resurrecturum
929 1007 1078 1041 credimus;
1091 1015 1143 1034 non
1158 1007 1239 1033 aliam
1250 1014 1297 1041 pro
1310 1005 1376 1038 alia,
1391 1012 1436 1031 nec
1450 1012 1545 1039 corpus
1558 1003 1633 1030 aliud

15 1057 82 1086 quam
96 1050 172 1084 hujus
193 1052 283 1079 carnis
295 1052 418 1080 dicimus.
432 1052 491 1080 Sive
505 1060 565 1088 ergo
579 1061 673 1088 corpus
684 1059 892 1081 resurrecturum
902 1054 1026 1086 dicimus,
1035 1054 1178 1080 secundum
1196 1051 1351 1087 Apostolum
1361 1051 1491 1083 dicimus;
1505 1050 1553 1077 hoc
1563 1049 1633 1078 enim

15 1095 108 1122 nomine
119 1104 180 1123 usus
192 1102 233 1124 est
244 1097 289 1125 ille
306 1106 316 1125 ε
327 1098 380 1125 sive
395 1107 500 1126 carnem
518 1099 641 1131 dicimus,
653 1099 798 1126 secundum
812 1099 981 1127 traditionem
994 1098 1110 1134 Symboli
1126 1098 1294 1132 conﬁtemur.
1307 1096 1396 1126 Stulta
1405 1097 1474 1127 enim
1484 1095 1634 1124 adiuvantia

15 1140 141 1169 calumnia:
157 1147 208 1177 est,
228 1152 322 1178 corpus
335 1144 480 1171 humanum
491 1145 566 1171 aliud
580 1150 673 1180 putare
691 1153 747 1172 esse
757 1153 836 1180 quam
853 1153 969 1172 carnem.
989 1145 1051 1173 Sive
1066 1153 1127 1178 ergo
1140 1152 1202 1171 caro
1215 1145 1359 1171 secundum
1371 1150 1533 1170 communem
1543 1141 1634 1176 ﬁdem,

14 1187 58 1213 sive
69 1195 157 1221 corpus
169 1188 316 1215 secundum
328 1189 482 1223 Apostolum
500 1189 600 1216 tﬁcitur
612 1190 683 1225 quod
700 1195 827 1225 resurget,
841 1191 880 1217 ita
892 1190 1053 1217 credendum
1066 1194 1103 1217 est
1119 1189 1186 1216 sicut
1201 1189 1341 1223 Apostolus
1355 1188 1480 1222 deﬁnivit,
1490 1187 1552 1223 quia
1564 1188 1634 1222 quod

15 1241 126 1270 resurget,
142 1236 171 1262 in
188 1237 285 1264 virtute
296 1242 422 1272 resurget,
437 1241 461 1264 et
475 1237 503 1264 in
520 1237 626 1272 gloria;
640 1242 665 1265 et
682 1237 883 1272 incorruptibile
897 1243 1012 1273 resurget
1030 1242 1054 1264 et
1072 1236 1189 1271 spiritale
1210 1244 1304 1271 corpus
1321 1236 1349 1269 ³;
1365 1235 1428 1271 quia
1441 1235 1580 1270 corruptio
1591 1234 1634 1261 in-

14 1284 198 1317 corruptionem
219 1291 270 1315 non
291 1284 473 1318 possidebit‘.
501 1283 588 1312 Salvis
605 1293 666 1320 ergo
687 1286 728 1312 liis
751 1285 931 1319 prterogativis
952 1284 1038 1319 futuri
1060 1283 1176 1318 corporis
1191 1282 1231 1310 vel
1251 1282 1351 1315 carnis,
1365 1280 1521 1309 resurrectio
1545 1279 1634 1307 carnis

15 1326 129 1355 "sedendo
150 1333 188 1355 est
205 1329 307 1364 integre
327 1335 405 1364 atque
416 1329 540 1367 perfecte,
554 1335 581 1357 ut
596 1335 620 1358 et
636 1335 732 1358 natura
753 1331 841 1358 carnis
862 1332 952 1358 eadem
970 1335 1095 1362 servetur,
1109 1335 1133 1357 et
1151 1329 1298 1363 incorrupti
1317 1337 1348 1355 ac
1368 1327 1498 1364 spiritalis
1515 1326 1634 1361 corporis

15 1379 88 1404 status
99 1382 120 1402 et
129 1376 214 1410 gloria
225 1384 279 1418 non
295 1372 470 1412 infringatur'.
490 1376 536 1404 Sic
558 1377 627 1404 enim
644 1377 771 1412 scriptum
786 1382 841 1404 est:
857 1377 922 1405 Haec
936 1377 963 1404 in
976 1376 1149 1412 Jerosolymis
1164 1377 1193 1403 in
1208 1375 1327 1403 Ecclesia
1342 1374 1390 1402 Dei
1407 1383 1424 1402 a
1439 1379 1529 1401 sancta
1544 1380 1634 1400 sacer-

15 1424 64 1448 dote
75 1422 178 1458 ejus‘(7)
192 1414 298 1450 Joanne
320 1424 522 1457 pradicantur:
539 1424 594 1451 htcc
609 1432 656 1451 nos
673 1432 732 1451 cum
749 1425 806 1459 ipso
821 1429 846 1452 et
866 1425 989 1456 dicimus,
1006 1429 1030 1452 et
1050 1429 1178 1452 tenemus.
1189 1423 1218 1451 Si
1235 1424 1294 1458 quis
1307 1428 1403 1458 praeter
1414 1421 1470 1449 htcc
1481 1420 1521 1449 vel
1540 1420 1635 1452 credit,
1666 1414 1671 1420 ’

15 1467 47 1499 rel
56 1467 135 1501 docet,
148 1469 185 1496 vel
201 1479 217 1497 a
239 1470 315 1497 nobis
339 1470 417 1498 aliter
439 1471 510 1498 credi
529 1479 608 1506 quam
627 1471 797 1506 exposuimus
814 1475 902 1505 putat,
918 1471 1058 1498 anathema
1070 1471 1115 1499 sit.
1134 1469 1240 1498 Nostra:
1260 1477 1322 1504 ergo
1336 1469 1398 1504 fidei
1411 1468 1598 1495 documentum
1611 1466 1635 1493 si

16 1517 64 1550 quis
78 1516 169 1544 habere
184 1517 250 1550 vult,
268 1517 362 1545 habeat
377 1526 409 1546 ea:
418 1518 468 1546 his.
486 1518 525 1554 (8)
538 1518 568 1546 Si
579 1519 643 1554 quid
657 1524 746 1547 autem
757 1524 802 1546 aut
810 1519 932 1554 legimus,
946 1523 992 1546 aut
1010 1518 1090 1553 hujus
1100 1521 1198 1550 nostra:
1210 1517 1272 1552 fidei
1289 1516 1401 1551 facimus
1413 1515 1525 1547 ratione,
1541 1521 1635 1540 secuti.

18 1562 71 1588 dum
82 1563 246 1598 Apostolum,
263 1564 401 1599 probantes
415 1566 513 1598 omnia,
538 1566 608 1601 quod
625 1567 722 1594 bonum
743 1571 780 1594 est
796 1565 951 1599 obtinentes,
971 1566 1003 1592 ab
1017 1566 1088 1592 omni
1105 1565 1189 1600 specie
1200 1564 1272 1592 mala
1285 1572 1332 1591 nos
1347 1563 1508 1590 abstinentes
1523 1561 1534 1577 '
1549 1569 1556 1588 :
1571 1564 1599 1587 et
1611 1560 1636 1593 si

16 1608 54 1643 qui
73 1607 138 1636 hanc
155 1609 277 1645 regulam
290 1614 449 1645 sequuntur,
466 1618 518 1646 pax
536 1618 619 1646 super
630 1611 692 1639 illos
708 1615 733 1639 et
747 1619 830 1646 super
845 1611 927 1639 Israel
943 1611 1003 1639 Dei.
1019 1610 1142 1638 Amen‘.

404 1673 1594 1688 _____—m______—__—

645 1763 999 1822 APOLOGIA

265 1864 563 1915 PAMPHILI
600 1865 910 1915 MARTYRIS
945 1864 1064 1912 PRO
1101 1862 1393 1911 OBIGENE.

293 2001 491 2048 Futurum.

46 2064 81 2091 Ad
91 2065 251 2099 confessores
263 2064 298 2092 ad
316 2063 424 2091 metalla
439 2062 592 2092 Palaestinae
604 2063 756 2090 damnatos.

47 2110 109 2138 Nihil
123 2111 234 2143 mirum,
248 2110 360 2142 fratres,
375 2108 502 2137 videmini
519 2107 557 2144 (9)
574 2108 638 2136 mihi
651 2116 712 2136 esse
731 2116 794 2143 per-

49 2158 56 2173 ¹
70 2157 142 2185 Rom.
157 2166 185 2191 ς,
199 2158 243 2185 io.
282 2158 293 2173 ²
309 2157 405 2184 Matth.
420 2163 469 2188 xu,
483 2155 528 2183 57,
567 2155 577 2171 ³
595 2155 678 2184 lCor.
693 2163 738 2188 xv,
756 2155 791 2189 t2

862 2163 921 2191 seq.

15 2194 97 2225 ",16.

17 2241 70 2280 tibi
82 2242 174 2276 agnita:
193 2241 314 2280 veritatis
335 2241 421 2280 gratia
443 2240 490 2280 [ξι.
518 2238 623 2276 gratim]
637 2239 767 2280 Iconferat
782 2247 790 2266 :
806 2242 830 2270 Α

17 2277 70 2303 mitti
87 2275 168 2304 tamen
179 2285 231 2304 non
245 2276 337 2303 dubito
350 2276 418 2309 quod
431 2275 559 2310 offensam
567 2275 713 2310 (multimam
728 2283 791 2301 con-

16 2311 107 2346 sciverit
129 2312 192 2346 (ms.
217 2311 329 2346 Regius,
353 2317 538 2341 consecraret;
563 2309 738 2346 Sorhonicus,
766 2314 793 2346 et

17 2344 178 2375 S.Michaelis
192 2348 218 2373 in
233 2344 359 2373 Périculo
373 2346 465 2377 maris,
475 2345 597 2378 conferat
609 2344 648 2372 vel
660 2344 790 2380 copgerat)

17 2388 104 2417 eorum,
127 2389 179 2410 etc.
201 2382 306 2409 Deinde
333 2389 410 2417 mss.
424 2381 525 2415 plures,
552 2380 597 2417 qui
619 2379 651 2406 de
679 2378 792 2415 Origene

18 2415 104 2450 aliquid
117 2418 183 2444 mule
197 2417 340 2447 senserint,
360 2416 439 2446 unde.

46 2449 80 2486 (ὅ)
92 2451 234 2485 Quosdam.
251 2451 391 2479 Outitlilur
403 2453 428 2477 in
443 2450 534 2483 editis,
553 2450 599 2477 sed
608 2449 747 2484 suppletur
758 2456 790 2477 es

17 2493 72 2513 mss.

46 2522 81 2556 (ι)
97 2522 158 2549 Mss.
173 2523 306 2557 plerique,
319 2529 351 2548 ne
363 2521 430 2555 forte
452 2520 684 2557 ignorantes_quod
701 2527 790 2557 verum

17 2553 58 2593 est,
73 2553 270 2585 considerantes
292 2557 329 2593 [al
357 2553 625 2593 considerantesquef
640 2556 736 2590 quia...
754 2553 790 2593 Ιξι

18 2591 76 2623 ideo,
89 2598 140 2620 etc.
152 2593 233 2626 Editi,
248 2601 279 2620 ne
293 2590 361 2627 forte
375 2592 524 2627 ignorantes
537 2590 690 2627 delinquant
702 2590 790 2617 consi-

17 2629 125 2663 derantes
143 2628 241 2663 quia...
260 2625 298 2653 Et
310 2625 511 2663 ideo.’etc._Sed
525 2625 626 2663 rectius
641 2633 693 2663 nis.
709 2632 789 2663 unus,

19 2666 43 2688 ut
55 2662 78 2689 iu
102 2660 187 2696 texiu,
213 2663 264 2690 nisi
280 2664 352 2689 forte
368 2661 508 2696 legendum
524 2662 569 2696 si},
587 2668 617 2696 ne
636 2660 704 2696 forte
717 2660 791 2694 igno-

19 2702 94 2733 rantes
106 2694 274 2733 delinquant;
290 2697 335 2724 sed
349 2694 525 2729 considerent,
542 2694 605 2730 μοι,
615 2694 792 2723 considerent-

19 2731 72 2791 que)
81 2734 173 2773 quia...
181 2731 224 2760 Ἐι
233 2733 303 2765 ideo,
317 2738 370 2773 etc.

48 2767 137 2791 lJSm
154 2775 206 2791 ms.
222 2768 370 2791 Snrlmmcu

48 2764 137 2827 (5)8ic
154 2775 206 2795 ms.
222 2764 399 2795 Sorbonicus.
412 2766 509 2794 Crateri
526 2773 590 2793 vero
603 2772 668 2792 mss.
681 2764 791 2798 etctliti,

48 2810 68 2827 ta
79 2803 191 2827 itererun
200 2804 296 2827 sentiat
315 2803 391 2827 luiss.
403 2802 456 2827 duo
470 2801 595 2827 omittunt
612 2799 718 2827 sentiat)
734 2799 791 2826 Ori-

19 2799 191 2838 Qualiterergo
200 2804 302 2838 sentiat,
315 2803 391 2838 (mss.
403 2802 456 2828 duo
467 2801 595 2838 (omittunt
607 2799 720 2838 sentiat)
734 2799 793 2838 Ofi-

19 2843 82 2902 ἕᾶιέεε
101 2833 305 2900 )al.'0rigettis]
319 2833 360 2866 ‘de
384 2836 495 2872 singulis
515 2841 589 2863 tenor
603 2833 689 2868 libelli
710 2834 790 2870 hujus

59 2880 98 2899 ceu
113 2893 119 2900 .

19 2878 119 2900 edoceat.

845 2016 928 2052 pessl,
940 2017 1012 2052 quod
1025 2016 1062 2043 ita
1074 2022 1123 2043 vos
1140 2013 1265 2050 Origenis
1282 2011 1447 2047 subterlugit
1467 2010 1633 2045 intellectus,

846 2067 874 2090 ut
885 2069 933 2090 vos
943 2069 1051 2098 quoque
1062 2069 1093 2088 ea
1107 2061 1248 2088 mstimetis
1264 2059 1297 2086 de
1313 2058 1369 2091 illo,
1389 2064 1450 2093 quae
1460 2060 1487 2084 et
1505 2056 1550 2084 alti
1565 2063 1633 2084 non-

847 2108 934 2136 nulli:
954 2108 999 2143 qui
1023 2109 1081 2136 sive
1103 2115 1152 2143 per
1176 2107 1340 2142 imperitiam
1363 2105 1416 2137 sui,
1438 2103 1493 2139 (10)
1511 2110 1564 2137 qua
1580 2109 1632 2129 non

968 2155 980 2171 ⁸
999 2155 1065 2185 ibid.
1082 2155 1126 2183 50.
1177 2155 1188 2171 ⁸
1200 2155 1210 2182 l
1224 2155 1320 2182 Thess.
1334 2161 1360 2185 ν,
1372 2153 1418 2186 21,
1436 2152 1482 2181 22.
1521 2151 1532 2166 ⁶
1543 2149 1632 2179 Galat.

879 2235 918 2271 (6)
932 2234 977 2262 Sic
997 2233 1181 2271 ιῐλεοτ-ιᾘεείυβΖΔ
1193 2231 1288 2260 Cmteri
1306 2239 1369 2271 vero
1390 2238 1469 2271 mss._,
1485 2230 1632 2271 adjectione

844 2266 993 2299 docuimus.
1011 2269 1093 2300 Editi,
1105 2266 1210 2295 Vaddita
1230 2267 1374 2294 assertione
1388 2267 1534 2293 docuimus.
1550 2266 1632 2294 Paulo

844 2305 971 2350 postiuhi
985 2312 1066 2350 “nisa.
1080 2304 1204 2350 l.linlientr,
1227 2303 1273 2350 ita.
1289 2306 1416 2341 tenemus,
1440 2302 1631 2350 quoddsancta

846 2337 972 2373 ‘I‘rinitas,
984 2340 1045 2368 libri
1054 2338 1117 2366 editi
1130 2337 1286 2373 praeferunt,
1297 2337 1448 2369 retinemus,
1460 2337 1529 2371 quod
1542 2343 1632 2364 sancta

844 2376 972 2404 Trinitas.

873 2412 920 2448 ‘(7)
931 2410 1046 2438 Joanne.
1057 2409 1140 2448 l_s_est
1145 2407 1262 2448 Joannes
1272 2405 1514 2448 lerosolymitanus
1527 2407 1634 2448 episco-

846 2442 998 2482 ρυέίᾳυεη,
1015 2445 1105 2482 multis
1118 2443 1244 2482 prigeuis
1257 2442 1407 2482 erroribus,
1425 2447 1453 2467 et
1468 2442 1584 2469 maxime
1598 2446 1632 2471 de

847 2478 1046 2510 resurrectione
1060 2480 1227 2514 implicatum
1237 2485 1301 2514 esse
1312 2478 1427 2514 probare
1441 2483 1557 2514 conatur
1567 2485 1631 2506 san-

846 2523 907 2544 ctus
933 2511 1111 2551 Hieronymus
1137 2514 1217 2549 epist.
1236 2513 1281 2545 58,
1297 2511 1364 2539 alias
1382 2511 1428 2544 6i,
1446 2512 1481 2539 ad
1506 2511 1633 2541 Pamma-

845 2553 946 2580 chium.

881 2588 920 2623 (8)
937 2586 983 2614 Sic
1007 2593 1101 2623 omnes
1117 2584 1265 2623 nisseEditi
1276 2590 1349 2623 vero.
1369 2581 1400 2622 Si
1413 2582 1520 2622 quidem
1535 2587 1581 2609 aut
1591 2583 1631 2611 ls—

845 2615 942 2659 gimus,
961 2625 1006 2648 aut
1027 2621 1106 2655 hujus
1129 2620 1192 2654 fidei
1212 2624 1309 2659 nostrai
1331 2615 1442 2659 facim’us
1459 2617 1630 2659 fati-onem”:

844 2652 916 2694 quod
928 2658 1023 2694 bonum
1037 2652 1076 2694 es't
1086 2652 1210 2694 tenentes.
1227 2655 1327 2694 peinde
1342 2660 1393 2680 ms.
1405 2652 1580 2685 Sorbouicus,
1596 2653 1630 2680 ab

846 2690 917 2721 omni
930 2691 1013 2725 specie
1024 2690 1094 2717 mala
1106 2698 1153 2717 uos
1167 2690 1337 2716 abstinemus.

883 2723 1027 2764 (9)]1ἰ1ςῆ.Δ
1040 2725 1119 2753 Deest
1140 2725 1166 2752 iu
1181 2724 1272 2756 editis,
1291 2729 1318 2763 et
1334 2723 1538 2764 restituitur}:
1563 2731 1629 2764 mss.

848 2759 949 2791 Deinde
963 2761 1039 2794 editi,
1055 2766 1080 2787 ut
1100 2768 1144 2787 nos
1158 2767 1259 2795 quoque
1272 2759 1428 2786 existimetis
1443 2759 1475 2786 de
1489 2759 1547 2792 illo,
1560 2759 1632 2794 quod

845 2805 868 2826 et
882 2798 929 2825 alii
943 2796 1072 2824 nonnulli.
1089 2795 1142 2823 Sed
1156 2802 1222 2822 mss.
1237 2798 1265 2821 ut
1278 2795 1303 2821 in
1318 2798 1403 2820 textu.

880 2833 937 2870 (10)
950 2832 988 2859 lla
1000 2839 1065 2860 mss.
1079 2830 1147 2859 Editi
1163 2837 1239 2862 vero,
1255 2829 1318 2864 quia
1332 2837 1383 2856 non
1398 2829 1494 2863 valent,
