1909 3080
264 102 318 131 515

867 100 897 127 s.
918 83 1080 127 iisunum
1100 97 1277 126 MARTYRIS

1842 98 1891 127 5“

263 163 355 192 valent
371 170 466 191 sensus
480 162 537 196 ejus
552 161 724 190 altitudinem
751 161 893 194 contueri;
914 162 971 191 sive
987 169 1051 196 pra-
1067 166 1090 194 Α
1103 168 1163 197 quae
1177 160 1203 189 in
1216 159 1391 194 quaestionem
1402 160 1512 187 veniunt
1525 163 1623 192 movet,
1636 167 1686 189 nee
1697 164 1789 187 tamen
1800 166 1892 187 eorum

263 210 347 237 vitate
361 208 468 241 utentis,
489 215 540 242 qua
561 207 679 241 studium
702 211 800 241 gerunt
820 215 871 234 non
885 207 971 235 solum
982 207 1053 234 dicta

262 255 321 290 ejus
336 254 392 290 (11)
408 254 545 284 incusare.
572 261 664 281 rerum
688 254 770 281 etiam
794 254 924 281 adVersus
940 262 986 281 eos
1007 254 1052 288 qui

262 302 319 328 haec
341 300 435 335 legunt
455 298 570 326 hostiles
586 299 744 327 inimicitias
758 306 877 332 sumere,
896 305 950 326 tam
966 300 1052 334 perti-

261 346 365 373 nat-iter
380 345 406 372 id
421 351 544 380 agentes,
555 350 583 372 ut
598 345 668 372 nulla
679 353 791 380 prorsus
808 345 885 372 venia
899 353 946 373 eos
955 345 1053 381 dignos

261 392 354 420 haberi
380 395 485 426 putent,
509 399 543 418 ne
563 398 594 419 ea
616 392 726 427 quidem
743 390 799 426 (12)
815 398 895 425 quam
913 391 1053 426 impertire

260 438 359 470 solent,
377 439 451 465 verbi
466 438 563 473 gratia,
583 438 626 466 his
647 438 692 473 qui
710 437 750 464 vel
763 436 921 464 Grmcorum
939 438 1053 465 suacuia-

260 485 330 512 rium
357 485 452 516 libros,
468 484 510 511 vel
529 491 724 519 nonnunquutu
748 483 830 510 etiam
849 482 1050 516 hatreticorum,

261 530 455 566 percunctandi
480 535 564 566 atque
586 529 752 565 agnoscendi
776 529 868 557 studio
882 529 1049 557 decurrunt:

261 578 310 605 sibi
332 577 397 604 solis
412 576 516 604 scilicet
534 577 645 605 concedi
660 576 760 603 debere
781 576 906 612 peritiam
918 576 1050 610 probandi

261 623 394 650 sermonis
424 627 528 657 putant,
550 626 579 648 ut
596 621 620 648 si
644 621 708 656 quid
735 619 792 656 (i5)
820 621 889 649 bene
913 621 947 648 ab
961 621 1051 656 aliquo

261 670 361 697 dicttnn
379 673 430 700 est,
456 668 574 696 retinere
596 669 696 702 sciant,
711 667 746 695 ab
767 668 841 696 omni
858 673 946 696 autem
962 669 1051 703 specie

261 714 329 740 mala
344 713 482 741 abstinere
496 721 525 741 se
537 713 680 741 noverint:
693 713 726 741 ab
738 713 781 741 bis
793 721 857 741 vero
866 714 911 748 qui
926 713 1051 749 Origenls

261 759 344 786 libros
370 759 471 794 legunt,
496 760 567 786 istud
587 759 694 793 penitus
714 759 854 787 exclusum
871 765 970 795 putant
990 767 1050 788 esse

261 806 427 837 mandatum,
438 813 490 840 quo
505 805 659 840 probabiles
671 804 801 839 jubenlur
813 805 881 834 edici
899 806 1047 840 trapezitae,

260 851 378 879 scientes
393 852 464 886 quod
486 851 584 878 bonum
603 857 645 878 est
662 851 792 880 retinere.
808 852 842 879 ab
864 852 937 879 omni
955 857 1045 879 autem
1064 844 1085 871 Β

259 896 348 930 specie
363 896 431 922 mata
447 904 477 924 se
493 896 670 924 abstinere':
685 897 732 924 sed
746 897 934 924 tantununodo
945 897 967 925 si
985 898 1046 932 quis

260 941 349 975 legere
367 942 450 969 libros
466 942 536 970 illius
553 943 627 969 visus
644 942 736 975 fuerit,
752 943 844 970 statim
857 942 891 969 ab
907 943 948 970 his
964 943 1047 970 hatre-

259 987 374 1015 ticorum
406 988 586 1023 periuudetur
609 988 731 1016 infamia.
759 989 881 1024 Denique
907 989 964 1026 (14)
985 997 1045 1017 cutn

259 1033 352 1061 multis
365 1034 486 1061 honesta
510 1034 572 1062 vitae
588 1039 616 1062 et
636 1035 755 1070 religiosi
774 1036 905 1070 propositi
920 1036 1000 1068 viris,
1018 1036 1044 1063 in

258 1080 357 1114 quibus
381 1080 448 1107 nihil
472 1087 585 1115 prorsus
605 1081 691 1116 culpae
718 1081 870 1113 inveniunt,
889 1081 1046 1109 inimicitias

258 1130 370 1160 propter
385 1124 437 1152 hoc
455 1125 540 1152 solum
566 1126 668 1153 habent
691 1126 713 1153 si
739 1134 832 1153 eorum
853 1126 910 1162 (l5)
926 1127 1045 1154 studium

256 1172 329 1198 circa
344 1171 487 1198 memorati
507 1171 558 1198 viri
576 1171 661 1199 libros
681 1173 843 1207 propensius
861 1181 922 1201 esse
937 1181 1045 1208 perspe-

257 1218 358 1250 xerint,
375 1218 536 1245 invidiosius
550 1219 633 1245 etiam
649 1217 699 1245 ista
709 1218 851 1253 tingentes.
866 1221 937 1253 quod
953 1219 988 1247 ab
1003 1220 1046 1247 his

257 1264 284 1291 in
299 1264 359 1291 loco
367 1269 522 1291 sanctorum
535 1265 718 1299 apostolorum
732 1266 772 1292 vel
786 1265 979 1301 prophetarum
989 1271 1044 1294 tam

257 1310 316 1344 ipse
329 1318 410 1345 quam
430 1311 500 1338 dicta
509 1310 566 1345 ejus
579 1311 741 1342 habeantur.
757 1311 809 1338 Sed
826 1311 859 1339 de
877 1312 928 1339 hoc
940 1316 1043 1339 eertum

257 1364 312 1384 non
337 1356 424 1384 habeo
450 1362 539 1384 utrum
564 1357 748 1386 calumniandi
772 1363 836 1385 voto
858 1359 1045 1386 tantummodo

258 1402 308 1429 ista
322 1402 459 1438 jactitent,
473 1412 506 1430 an
525 1404 608 1431 etiam
628 1404 661 1431 ab
679 1404 816 1439 aliquibus
834 1405 1045 1440 simplicioribus

257 1453 285 1475 et
299 1449 475 1484 propensiore
488 1449 586 1478 all‘ectu
595 1451 768 1487 diligentibus
783 1452 883 1483 virum,
898 1451 1045 1486 aliquando

258 1494 381 1523 fortassis
409 1496 462 1524 tale
487 1497 587 1532 aliquid
613 1498 759 1527 audierint.
790 1497 847 1533 (16)
872 1497 927 1525 Nos
954 1502 1043 1524 tamen

258 1542 436 1576 perspicimus
456 1542 612 1577 frequenter
621 1551 652 1571 ea
681 1551 741 1578 qua:
758 1543 792 1570 ab
804 1551 836 1571 eo
856 1551 918 1570 cum
946 1550 1044 1577 magno

260 1585 356 1613 timere
374 1586 422 1613 Dei
437 1592 464 1614 et
479 1595 539 1615 cmn
562 1588 637 1616 omni
656 1588 806 1615 humilitate
821 1589 957 1621 dicuntur,
982 1595 1043 1615 eum

258 1632 364 1658 veniam
390 1633 456 1666 petit
467 1641 516 1667 pro
532 1635 575 1661 his
590 1640 650 1668 qua:
661 1640 710 1667 per
725 1633 835 1660 nimiatn
849 1633 1044 1661 discussionem

257 1681 286 1704 et
300 1685 349 1711 per
373 1678 485 1705 multaut
503 1678 698 1706 scrutationem
724 1679 929 1714 Scripturarum
956 1678 1046 1705 animo

257 1723 420 1757 disputantis
429 1731 577 1752 occurrunt
593 1736 600 1754 :
613 1734 673 1760 quae
682 1733 743 1752 cum
756 1725 881 1758 exponit,
892 1724 1048 1759 frequenter

257 1769 356 1797 addere
371 1770 440 1798 solet
450 1776 478 1798 et
492 1772 616 1807 proﬁteri
632 1780 661 1800 se
674 1780 727 1799 non
745 1772 801 1798 inec
814 1771 890 1805 quasi
907 1770 1046 1797 deiiuitiva

257 1816 434 1850 pronuntiare
457 1818 603 1851 sententia,
629 1825 679 1846 nec
695 1823 799 1848 statuto
815 1819 943 1853 dogmate
956 1817 1048 1844 termi-

257 1869 334 1894 nare,
353 1864 402 1890 sed
415 1865 552 1899 inquirere
562 1873 612 1900 pro
625 1865 737 1894 viribus.
749 1869 777 1891 et
789 1871 898 1891 sensum
912 1864 1048 1890 discutere

259 1907 473 1943 Scripturarum,
497 1918 547 1939 nec
576 1917 665 1939 tamen
692 1912 813 1946 proﬁteri
841 1910 912 1945 quod
938 1910 1043 1944 integre

257 1953 430 1989 peri‘ecteque
444 1958 701 1991 comprehenderit;
720 1957 852 1992 suspicari
869 1956 955 1990 magis
967 1963 996 1982 se
1011 1957 1043 1982 de

257 2002 462 2036 quampiurimis
475 2004 581 2041 dicens,
601 2012 651 2032 nec
678 2009 766 2032 tamen
780 2008 884 2031 certum
899 2009 959 2029 esse
979 2002 1042 2036 quia
1055 1995 1069 2007 ”

257 2047 285 2074 in
298 2049 422 2077 omnibus
443 2050 514 2085 quod
541 2051 691 2085 perfectum
707 2055 749 2078 est
773 2055 801 2077 et
823 2049 956 2083 integrum
971 2054 1044 2074 asse—

257 2098 337 2121 cutus
349 2094 394 2122 sit.
404 2095 457 2123 Sed
468 2101 494 2122 et
506 2104 698 2131 nonnunquam
708 2096 860 2123 invenimus
872 2102 932 2122 eum
948 2093 1003 2129 (t7)
1012 2093 1045 2120 de

258 2140 351 2168 multis
370 2142 474 2170 haerere
497 2150 525 2170 se
539 2142 721 2178 promentem,
737 2143 763 2170 in
777 2142 875 2177 quibus
891 2148 922 2167 ra
936 2138 1043 2174 quidem

270 2214 280 2230 "
295 2214 302 2240 l
322 2214 417 2242 Thess.
439 2223 463 2247 v,
480 2215 525 2246 2|,
542 2215 587 2243 22.

1104 206 1287 234 absolutiones
1307 205 1441 241 adjungit,
1458 207 1504 236 sed
1525 214 1587 235 cum
1607 206 1680 233 omni
1701 206 1857 235 humilitate
1868 212 1893 233 et

1103 252 1216 280 veritate
1229 260 1280 280 non
1296 253 1433 280 erubescit
1456 253 1534 280 fateri
1557 253 1614 290 (l8)
1640 254 1698 283 iure
1723 254 1774 282 sibi
1789 261 1845 281 non
1863 254 1894 280 li-

1103 308 1197 336 quere.
1213 300 1371 330 Audivimus
1394 299 1477 327 etiam
1497 299 1560 329 illud
1576 300 1653 330 abeo
1672 300 1832 336 frequenter
1853 301 1894 327 in-

1105 347 1169 379 lexi,
1183 347 1254 382 quod
1271 347 1352 375 hodie
1377 353 1411 373 ne
1434 345 1477 373 isti
1496 345 1602 381 quidem
1625 346 1676 381 ipsi
1694 347 1893 381 imperitissimi

1102 393 1222 420 omnium
1239 393 1439 424 obtrectatores
1457 391 1514 425 ejus
1534 391 1624 422 dicere
1650 391 1848 427 dedignantur.
1865 398 1894 420 ut

1101 439 1123 466 si
1140 439 1202 477 quis
1211 438 1307 466 melius
1320 438 1353 465 de
1363 438 1404 466 his
1420 437 1487 465 locis
1495 445 1556 476 quae
1568 437 1612 466 ille
1626 437 1766 470 disseruit,
1779 439 1893 470 dixerit,

1101 483 1145 511 vel
1180 483 1354 518 exposuerit,
1390 483 1427 510 illi
1458 483 1547 518 potius
1571 483 1617 519 qui
1654 484 1757 514 rectius
1793 484 1894 514 dixerit

1101 536 1182 563 quam
1201 528 1252 556 sibi
1271 527 1328 564 (11))
1337 532 1410 556 esset
1424 527 1638 560 auscultandum.
1657 528 1793 560 Prazterea
1817 537 1894 557 com-

1101 574 1295 611 prehendimus
1314 581 1375 602 eum
1392 581 1586 608 nonnunquam
1610 574 1731 602 diversas
1741 575 1895 613 expositio-

1101 627 1149 648 nes
1166 618 1221 655 (ΞΟ)
1241 619 1361 654 ejusdem
1373 618 1599 654 capitulii‘acere:
1612 624 1712 646 etcum
1724 619 1800 646 omni
1819 627 1895 646 reve-

1101 667 1199 699 rentia,
1210 666 1288 701 quasi
1298 667 1344 702 qui
1355 666 1424 693 sciat
1433 672 1462 693 se
1469 666 1502 693 de
1512 666 1612 695 sanctis
1627 665 1776 702 Scripturis
1788 666 1892 697 dicere,

1101 720 1161 740 emn
1175 712 1258 739 multa
1274 720 1334 747 quae
1351 712 1403 739 sibi
1417 717 1597 740 occurrerunt
1614 712 1779 748 exp05uerit,
1794 713 1893 747 [πωεὶ-

1100 760 1139 794 pit
1153 759 1195 786 itis
1208 759 1253 793 qui
1267 758 1371 793 legunt,
1387 759 1502 794 probare
1519 760 1551 785 de
1569 758 1681 793 singulis
1698 766 1758 794 qua:
1778 758 1891 788 dixerit,

1101 810 1128 833 et
1138 806 1209 840 quod
1223 805 1324 832 rectius
1338 804 1458 839 prudens
1467 804 1732 838 lectorjudicavcrit,
1748 805 1891 831 obtinere:

1101 853 1220 888 profecto
1246 853 1308 887 quia
1322 860 1371 880 nec
1394 853 1482 888 ipsum
1507 853 1607 880 latebat
1631 855 1701 887 quod
1727 861 1781 881 non
1798 853 1893 880 Onmia

1100 907 1160 934 qure
1182 904 1313 930 moverat,
1334 899 1374 926 vel
1395 899 1572 930 discusserat.
1601 899 1749 934 probabilia
1774 899 1817 926 vel
1839 899 1892 925 lixa

1100 945 1192 972 haberi
1204 945 1344 977 deberent,
1359 953 1407 979 pro
1420 952 1451 972 eo
1463 946 1535 980 quod
1551 945 1634 973 multa
1648 945 1761 980 mystica
1775 945 1804 971 in
1819 943 1895 971 Scri-

1099 991 1187 1025 pturis
1201 990 1314 1023 sanctis,
1329 991 1389 1018 etin
1399 996 1504 1018 secreto
1511 990 1648 1018 recondita
1655 997 1717 1017 e55e
1731 991 1865 1017 credantu
1871 998 1891 1015 r.

1099 1036 1166 1064 illud
1178 1037 1294 1071 denique
1301 1035 1360 1071 ejus
1369 1037 1391 1064 si
1402 1037 1532 1065 intentius
1543 1037 1813 1071 advertamus,quam
1824 1037 1893 1064 inle-

1099 1091 1146 1118 gre
1154 1087 1181 1110 et
1189 1082 1323 1111 catholico
1332 1083 1364 1110 de
1371 1084 1497 1111 omnibus
1509 1083 1682 1111 Tractatibus
1688 1084 1744 1111 suis
1754 1084 1781 1110 in
1798 1084 1883 1118 pro-ra

1099 1130 1172 1157 tione
1179 1136 1271 1156 eorum
1281 1129 1409 1156 librorttm
1417 1137 1485 1164 quos
1493 1130 1518 1156 in
1525 1129 1650 1157 Genesim
1658 1129 1753 1156 scribit
1759 1135 1891 1164 protesta-

1099 1180 1141 1203 tus
1153 1179 1202 1206 est,
1210 1181 1316 1202 omnem
1324 1175 1381 1210 ejus
1387 1183 1495 1203 sensum
1502 1182 1534 1202 ex
1542 1176 1591 1203 hoc
1598 1175 1676 1209 facile
1681 1182 1891 1209 cognoscemus.

1135 1220 1191 1256 (2i)
1216 1221 1364 1248 Outcmss.
1384 1230 1394 1246 ι
1422 1221 1478 1248 Nisi
1490 1222 1652 1249 omnimodis
1666 1222 1734 1257 pigri
1754 1230 1892 1255 essemus,

1099 1274 1130 1295 ac
1156 1267 1274 1298 desides,
1301 1274 1334 1294 ne
1358 1267 1391 1293 ad
1411 1267 1598 1301 inquirendutn
1619 1267 1728 1302 quidem
1744 1268 1889 1301 accedere,

1098 1312 1212 1340 Domino
1226 1317 1253 1339 et
1270 1313 1413 1341 Salvatore
1427 1318 1521 1340 nostro
1533 1313 1566 1340 ad
1584 1313 1634 1340 hoc
1650 1322 1698 1340 nos
1709 1319 1888 1348 provocante,

1098 1358 1219 1393 profecto
1235 1367 1439 1387 revocassemus
1458 1361 1565 1394 pedem,
1579 1359 1786 1387 considerantes
1816 1360 1889 1394 quod

1099 1405 1176 1442 longe
1190 1406 1275 1434 simus
1290 1406 1324 1433 ab
1341 1413 1372 1434 ea
1395 1407 1577 1441 magnitudine
1590 1406 1719 1440 spiritalis
1734 1406 1891 1441 intelligen-

1099 1450 1154 1483 tiae,
1177 1450 1234 1485 (2‘2)
1260 1459 1312 1486 qua
1325 1451 1360 1478 de
1374 1456 1428 1478 tam
1448 1451 1553 1486 magnis
1571 1452 1651 1478 rebus
1669 1451 1827 1486 investigari
1845 1454 1891 1480 de-

1097 1496 1160 1524 beat
1171 1497 1333 1524 intelieetus.
1348 1506 1358 1523 ι

1130 1542 1293 1570 ΡΑιριιιιυς.
1311 1543 1343 1571 Et
1352 1543 1431 1578 paulo
1442 1548 1501 1578 post
1517 1543 1570 1571 ait:

1130 1588 1275 1616 Omostvss.
1286 1599 1296 1615 ι
1309 1590 1340 1616 Si
1350 1590 1393 1616 cui
1406 1597 1468 1617 vero
1481 1589 1711 1624 intlisceptntiono
1723 1591 1890 1624 profundum

1096 1634 1198 1669 aliquid
1223 1635 1383 1667 occurrerit,
1405 1636 1438 1661 de
1455 1636 1505 1662 hoc
1532 1635 1676 1662 dicendum
1694 1636 1805 1670 quidem
1833 1643 1886 1668 εει,

1097 1681 1145 1707 sed
1167 1688 1220 1707 non
1237 1688 1298 1708 cum
1314 1681 1387 1707 omni
1407 1680 1596 1708 allirmalione.
1612 1681 1669 1708 iloc
1691 1682 1764 1708 enim
1782 1687 1831 1708 aut
1850 1689 1888 1709 te-

1097 1726 1205 1754 nterarii
1220 1726 1336 1754 hominis
1346 1731 1397 1758 cst,
1410 1730 1438 1753 el
1448 1725 1505 1760 ejus
1514 1726 1559 1761 qui
1579 1734 1688 1753 sensum
1707 1727 1833 1753 humana:
1847 1728 1889 1753 in-

1097 1772 1235 1798 ﬁrmitatis
1260 1772 1417 1807 perdiderit,
1442 1772 1594 1806 oblitusque
1608 1772 1650 1800 sui
1667 1773 1702 1800 sit
1722 1781 1729 1799 :
1755 1779 1801 1800 aut
1813 1780 1889 1800 certe

1098 1817 1281 1852 perfecturum
1304 1820 1435 1850 virorum,
1450 1823 1479 1848 et
1497 1825 1589 1848 eorum
1608 1818 1656 1853 qui
1678 1818 1848 1845 conlidenter
1861 1826 1890 1845 se

1097 1864 1187 1891 sciant
1201 1864 1235 1891 ab
1244 1865 1302 1898 ipso
1314 1864 1429 1891 Domino
1440 1863 1503 1891 .lesu
1512 1863 1650 1896 didicisse,
1666 1864 1692 1891 id
1705 1869 1757 1897 est,
1770 1873 1785 1890 a
1801 1863 1890 1891 Verbo

1097 1909 1230 1941 veritatis,
1243 1914 1270 1935 et
1282 1909 1316 1936 ab
1333 1909 1390 1943 ipsa
1406 1909 1545 1943 Sapientia
1557 1916 1604 1944 per
1620 1916 1699 1943 qualn
1713 1909 1806 1937 omnia
1818 1909 1888 1936 facta

1096 1958 1171 1985 sunt,
1201 1955 1342 1989 agnovisse
1367 1964 1374 1982 :
1402 1953 1444 1980 vel
1467 1961 1560 1981 eorum
1577 1954 1624 1989 qui
1648 1954 1741 1982 divina
1758 1962 1888 1990 responsa

1097 2000 1210 2035 ingressi
1237 1999 1370 2027 turbinem
1401 2005 1429 2027 et
1444 1998 1587 2034 caliginem
1613 1999 1656 2026 ubi
1679 1999 1751 2027 Deus
1764 2000 1823 2035 ipse
1835 2006 1888 2033 est,

1096 2046 1203 2072 coalitus
1213 2050 1384 2080 acceperunt,
1402 2046 1427 2071 in
1447 2046 1518 2079 quod
1535 2045 1577 2072 vix
1600 2045 1645 2072 ille
1664 2045 1769 2082 Moyses
1785 2047 1888 2082 ingres-

1098 2099 1144 2119 sus
1157 2091 1197 2121 vel
1211 2091 1360 2126 intelligere
1371 2091 1432 2118 talia
1447 2091 1533 2126 potuit
1548 2091 1586 2117 vel
1602 2091 1733 2126 proferre.
1750 2091 1806 2119 Nos
1814 2100 1886 2124 vero.

1098 2145 1147 2172 pro
1171 2144 1203 2164 eo
1225 2137 1281 2165 solo
1304 2137 1375 2172 quod
1394 2138 1567 2166 mediocriter
1586 2137 1649 2165 licet
1663 2138 1732 2173 ('23),
1751 2139 1888 2166 credimus

294 2273 350 2307 (11)
374 2272 510 2300 Incusum.
537 2274 583 2301 Sic
602 2281 669 2302 mss.
693 2274 760 2301 Editi
784 2279 875 2300 autent
892 2279 1044 2307 perperam,
1062 2271 1083 2298 D
1133 2268 1190 2307 (is)
1209 2269 1375 2307 {laicsbcest
1393 2270 1418 2296 in
1435 2275 1512 2307 antea
1525 2269 1614 2307 editis,
1631 2277 1734 2307 necnon
1751 2270 1835 2307 paulo
1848 2271 1887 2297 in-

258 2315 406 2337 incursare.

295 2342 351 2379 (12)
363 2343 445 2376 Alias,
457 2352 515 2378 qua:
537 2343 664 2378 impertiri
678 2344 743 2370 solet
757 2343 806 2379 [aL
821 2351 899 2378 quam
915 2341 1046 2379 impertiri

259 2377 366 2413 solent],
389 2379 458 2405 verbi
481 2377 578 2413 gratia,
601 2380 642 2406 his
663 2380 708 2414 qui
736 2377 924 2406 G‘rwcorum...
952 2377 1046 2405 decur-

259 2417 329 2443 rant,
344 2417 397 2439 etc.

294 2447 351 2484 (l5)
367 2446 446 2479 Bene,
461 2456 565 2476 necnon
587 2454 674 2476 autem
688 2449 759 2484 quod
775 2456 836 2476 mox
851 2448 981 2483 sequitur,
999 2447 1046 2473 de-

258 2488 320 2508 sunt
335 2483 360 2509 in
373 2484 465 2511 editis.

294 2518 350 2552 (ΙᾹ)
376 2519 421 2545 Sic
439 2527 489 2547 ms.
507 2518 684 2546 Sorbonicus.
701 2519 750 2546 Ms.
771 2527 836 2545 vero
851 2517 961 2552 Regius,
984 2524 1042 2552 cunt

257 2551 344 2580 multis
358 2554 432 2581 bona:
448 2555 504 2581 vitae
527 2560 551 2580 et
568 2554 681 2588 religiosi
699 2555 827 2588 propositi
846 2551 919 2580 uiris.
943 2552 991 2588 Ms.

259 2587 384 2626 licinigii,
398 2597 459 2616 cum
474 2589 568 2626 muttis
578 2589 706 2626 religiosis
721 2591 773 2616 vita
787 2587 1042 2626 etpprupositaluiris.

257 2621 349 2655 Editi;
361 2629 388 2651 et
404 2632 454 2651 ms.
472 2621 661 2656 Corbeiensis,
684 2632 741 2652 cm
767 2624 858 2651 multis
882 2623 930 2649 hoc
955 2621 1043 2657 (editi,

256 2657 347 2699 huius.)
360 2659 456 2699 ﬁrmet
471 2659 599 2699 religiosis
611 2660 746 2692 preposito
760 2659 831 2686 viris.

292 2693 349 2726 (15)
362 2693 443 2724 Editi,
454 2693 554 2720 studia.
570 2694 669 2721 Omnes
684 2703 760 2723 ωδε..
775 2694 901 2720 studium.

292 2727 348 2763 (16)
362 2728 423 2755 Mss.
434 2729 489 2755 fere
504 2734 643 2760 omnes,et
653 2730 728 2761 editi,
739 2729 795 2755 Nos
810 2735 894 2755 tamen
904 2726 1042 2760 perspectis

258 2763 463 2796 frequenter/tis,
481 2770 534 2791 etc.
547 2763 600 2791 Sed
616 2765 715 2792 rectius
730 2772 780 2791 ms.
795 2771 864 2790 unus
872 2768 901 2789 ut
916 2762 942 2789 in
954 2767 1040 2789 texur.

295 2798 350 2831 (17)
363 2798 401 2824 ita
419 2805 513 2825 onmes
530 2806 596 2826 mss.
618 2799 688 2826 Editi
706 2807 769 2825 vero
790 2799 890 2831 incptc,
905 2798 937 2824 de
952 2797 1042 2824 multis

295 2805 350 2831 (ιι)
365 2805 401 2824 tta
419 2805 513 2825 omnes
530 2806 596 2826 mss.
618 2805 688 2826 bum
706 2807 769 2825 vero
790 2807 832 2825 un-

261 2832 402 2859 Iut'resibus
413 2833 577 2867 proﬁtentem
590 2833 638 2870 [aL
657 2805 854 2869 proﬁcientem?

1098 2307 1149 2337 ira,
1165 2305 1225 2338 ipsi.
1253 2305 1351 2332 Deinde
1366 2313 1418 2332 ms.
1440 2305 1539 2341 Regius
1559 2306 1638 2332 habet
1658 2305 1816 2341 dignantur.
1831 2306 1887 2334 loco

1098 2341 1286 2374 dedignantur.

1147 2376 1189 2407 l9)
1206 2375 1270 2402 Mss.
1287 2375 1408 2410 plerique
1420 2380 1447 2403 et
1459 2375 1535 2407 editi,
1553 2383 1619 2408 eus,
1642 2374 1723 2403 male.

1144 2410 1242 2471 20)(113
1261 2418 1355 2439 omnes
1371 2418 1435 2438 mss.
1453 2410 1523 2438 Editi
1541 2417 1605 2437 vero
1621 2418 1775 2445 perperam,
1789 2411 1885 2439 eisdem

1147 2454 1183 2471 HM
1197 2454 1228 2471 ll.

1096 2454 1228 2474 cumtutts.

1129 2456 1249 2515 gigni-ta
1271 2480 1345 2516 editi.
1371 2479 1436 2507 Mss.
1460 2487 1523 2516 vero
1547 2480 1685 2516 plerique:
1701 2480 1830 2516 Origenes
1855 2483 1885 2507 de

1097 2516 1259 2551 Pra’fatione
1277 2515 1402 2551 librorum
1420 2516 1450 2551 in
1474 2515 1658 2551 Cenesimﬂai.
1683 2517 1714 2542 de
1731 2515 1885 2549 pia’futiouc

1096 2549 1221 2586 librarum
1237 2550 1354 2586 Origenis
1370 2550 1396 2576 in
1412 2549 1555 2585 Genesimj.
1572 2549 1630 2577 Atii
1643 2551 1804 2579 omnimodis
1820 2551 1884 2586 pigri

1096 2591 1180 2613 essent
1197 2585 1242 2621 [:ti.
1257 2584 1317 2611 Nisi
1334 2585 1490 2621 omnimodis
1511 2584 1619 2619 quidam
1637 2587 1706 2620 pigri
1731 2593 1814 2614 essent
1828 2594 1837 2613 .‘
1849 2584 1884 2613 ai.

1095 2622 1162 2655 pigri
1175 2619 1373 2656 eti—sentingenii]
1385 2625 1409 2647 et
1423 2621 1534 2653 dest'des,
1547 2626 1601 2648 etc.
1638 2619 1642 2620 ν
1660 2620 1664 2623 ’

1132 2656 1188 2690 (22)
1206 2655 1292 2689 Alias,
1307 2663 1366 2690 qtae
1382 2657 1413 2683 de
1423 2661 1503 2683 luntre
1518 2656 1709 2691 magnitudinis
1725 2656 1802 2687 rebus
1813 2656 1885 2686 inso-

1097 2692 1206 2718 stianre.
1222 2695 1274 2718 etc.

1132 2699 1328 2763 gilgf’ltglfziliti,
1341 2726 1395 2763 nisi
1408 2726 1480 2763 quod
1498 2726 1595 2763 addant
1606 2725 1722 2763 σΙιῙίιΙο,
1737 2731 1798 2760 post
1808 2725 1882 2753 Jesu.

1097 2761 1145 2790 lis.
1164 2761 1328 2789 Sorbonicus
1341 2767 1369 2788 et
1383 2762 1412 2788 S.
1439 2761 1576 2789 Michaelis
1594 2763 1618 2788 in
1633 2761 1765 2795 ,Pcrtculo
1791 2763 1881 2791 muris,

1099 2806 1143 2823 ora
1156 2806 1185 2823 eo
1200 2797 1256 2823 solo
1271 2797 1340 2828 quod
1354 2797 1521 2823 mediocriter
1537 2797 1596 2822 licet
1611 2797 1783 2828 credidimus,
1799 2803 1885 2823 (enim

1099 2806 1143 2823 ura
1156 2806 1185 2823 eo
1200 2805 1256 2823 εοιο
1266 2805 1338 2859 justi
1354 2805 1521 2823 trtcatocrtter
1537 2805 1596 2822 uter
1611 2805 1783 2828 creammius,
1799 2805 1878 2823 (auten

1097 2837 1128 2860 de
1143 2832 1252 2860 Domino
1286 2840 1331 2859 esu
1347 2833 1488 2867 loquimur,
1507 2836 1530 2858 ct
1552 2832 1620 2866 ejus,
1638 2838 1691 2859 ctc.
1707 2832 1805 2860 (ἔκιετί
1817 2840 1878 2859 is.
