1909 3080
244 123 297 152 δι]

841 122 871 150 S.
892 96 1055 150 ΡΑιιΡιιιιι
1075 120 1253 150 MARTYRIS

1821 121 1872 151 568

247 189 308 217 qua
321 180 354 209 ad
375 179 538 208 calumniam
562 178 716 214 proﬁciant,
734 186 842 207 summo
861 181 951 208 studio
974 180 1032 208 etli-
1046 183 1068 212 Α
1082 180 1240 215 gentilibus,
1267 185 1451 216 quantamque
1476 181 1613 210 haereticis
1637 181 1794 217 praebeant.
1809 189 1870 209 cum

243 232 342 256 scunt:
363 226 450 261 utqui
472 225 535 253 boni
559 224 626 253 nihil
639 233 756 260 unquam
773 225 844 253 forte
859 225 1028 259 didicerunt,

245 275 302 302 haec
316 279 377 308 qua
393 272 442 307 ipsi
462 279 516 298 non
544 278 605 299 esse
631 271 702 298 bona
715 271 818 303 dicunt,
832 271 956 306 apprime
973 279 1030 299 mc-

244 320 337 347 morite
350 318 492 345 retinenda
511 317 722 345 commendem:
737 325 791 352 quo
799 317 928 345 videlicet
943 326 1031 353 prom-

243 365 315 400 ptius
330 372 362 392 ca
375 365 556 399 proferentes,
574 364 632 399 (32)
647 363 825 391 exercitatius
838 364 949 391 valeant
963 373 1030 392 con-

243 410 357 437 einnare
368 410 532 437 calumnias.
559 410 640 436 Aliud
660 417 768 444 quoque
785 415 828 437 est
851 418 936 445 genus
946 411 1030 438 homi-

241 463 305 482 num
320 454 421 483 fcedum
439 462 504 482 sane
524 459 551 482 et
564 459 652 490 turpe,
667 460 799 489 quantum
813 455 870 491 (35)
885 456 918 482 ad
937 457 1030 490 probi-

243 506 326 528 tatem
346 501 466 536 pertinet
494 507 611 531 morum,
629 500 676 527 sed
696 501 730 527 ad
746 500 966 527 calumniandum
984 508 1029 528 ve-

241 547 405 578 hementius,
423 552 448 574 et
471 546 568 573 Ietritls
596 546 629 572 ad
646 546 837 578 incusantium,
859 553 927 581 quos
942 545 1028 574 Grzeci

242 593 298 629 (3A)
314 592 522 628 φαγολοιδόρους
547 591 717 626 appellarunt
737 601 744 618 :
764 591 809 626 qui
824 600 959 619 sumtnum
973 592 1030 627 qui-

241 639 304 667 dem
319 639 450 671 studium,
474 638 522 666 sed
544 644 569 665 ct
588 638 654 665 satis
675 638 809 664 intentam
829 646 939 672 operam
952 638 1029 666 libris

244 684 303 718 ejus
329 684 474 716 dederunt,
503 684 537 710 ita
559 687 588 710 ut
610 687 638 710 et
660 683 791 717 magistro
813 691 845 710 eo
861 683 888 710 in
903 684 1028 711 omnibtts

242 734 395 762 uterentur,
421 733 448 757 et
474 737 504 756 se
527 729 551 756 ei
577 733 708 762 tanquam
729 729 861 763 speciales
881 730 1029 764 discipulos

242 776 432 810 manciparent
446 776 508 802 :sed
522 775 566 801 ubi
584 774 618 802 ad
635 775 660 802 id
675 774 724 802 loci
740 779 851 802 ventum
867 780 922 809 est,
935 776 1028 810 utjam

241 828 272 849 se
296 821 438 856 magistros
463 820 558 848 malint
590 828 672 856 quam
701 821 850 855 discipulos
880 822 1026 855 nominari,

1082 232 1129 252 eos
1142 232 1210 260 quos
1223 231 1373 254 assertores
1395 220 1542 254 Christiani
1563 227 1696 262 dogmatis
1718 232 1747 254 et
1770 227 1870 254 defen-

1081 276 1160 297 sores
1177 270 1319 304 putabant,
1333 270 1466 300 confutari
1480 280 1550 299 nunc
1563 273 1682 303 videant,
1703 277 1732 300 et
1748 272 1807 307 (59)
1827 280 1870 299 re-

1082 315 1134 342 felli
1150 323 1165 342 a
1182 316 1311 351 propriis,
1322 322 1350 344 et
1366 316 1438 344 velut
1452 318 1523 344 civili
1542 317 1611 345 bello
1625 318 1764 353 gaudeant
1780 317 1873 351 impu-‘

1080 366 1202 395 gnatum,
1215 368 1295 395 quem
1311 361 1359 396 ipsi
1375 362 1512 390 hostiiiter
1527 362 1686 397 impugnare
1707 371 1760 390 non
1790 367 1866 397 pote-

1080 411 1150 434 rant.
1173 407 1305 441 Quoniam
1321 416 1384 444 ergo
1399 409 1591 444 quamplurimi
1606 417 1639 436 cx
1655 409 1871 444 simplicioribus

1080 453 1232 488 quibusque
1251 453 1383 482 fratribus
1400 462 1414 482 a
1434 462 1516 490 supra
1540 455 1622 482 dictis
1645 455 1792 487 laeduntur,
1815 455 1870 490 (to)

1081 506 1132 526 non
1146 499 1234 526 solutn
1260 501 1294 527 de
1320 501 1364 528 his
1385 501 1431 535 qui
1452 501 1485 529 de
1505 501 1563 536 ipso
1583 502 1653 529 male
1669 502 1805 533 sentiunt,
1824 503 1870 529 sed

1079 545 1160 572 etiam
1178 546 1211 573 de
1225 546 1267 574 bis
1282 547 1328 581 qui
1344 547 1434 574 studio
1447 547 1568 575 scientia:
1582 552 1610 574 et
1627 547 1870 582 intelligendarum

1081 590 1285 626 Scripturarum
1314 591 1385 618 inter
1412 597 1527 619 caeteros
1554 592 1638 620 libros
1670 592 1754 619 etiam
1784 593 1871 628 ipsius

1079 636 1182 670 scripta
1207 637 1389 671 conspiciunt,
1412 638 1449 665 ita
1473 642 1502 664 ut
1523 637 1579 673 (Μ)
1608 645 1657 665 vos
1681 645 1795 673 quoque
1819 639 1869 672 ipsi

1079 681 1106 709 in
1122 683 1233 710 dubiutn
1250 683 1390 716 veneritis,
1415 692 1448 710 ne
1467 683 1539 711 forte
1564 684 1606 711 vel
1634 685 1803 711 multitudini
1829 684 1869 712 vel

1078 729 1234 756 auctoritati
1251 729 1477 757 calumniatorum
1500 731 1566 758 fides
1581 730 1676 758 debeat
1691 731 1820 758 adhiberi
1837 732 1868 757 de

1079 775 1124 802 his
1138 782 1198 810 quae
1212 769 1311 811 passim
1330 776 1390 803 sine
1405 776 1460 803 ullo
1478 782 1603 812 respectu
1622 769 1800 804 dill'amantur
1811 786 1818 803 :
1829 778 1868 804 vi-

1078 828 1139 848 sum
1156 821 1233 849 nobis
1252 826 1304 854 est,
1323 822 1410 856 primo
1423 823 1533 858 quidem
1558 831 1658 850 curare
1680 823 1869 857 suspicionem

244 867 289 895 ubi
306 866 363 902 (55)
380 867 512 894 auditoris
525 867 636 902 plausus
649 864 753 894 sectari
765 871 871 902 emptus
886 872 939 899 est,
956 868 992 895 lbi
1002 868 1024 896 si
1042 874 1062 901 Β
1078 870 1212 900 vestram;
1239 867 1319 894 simul
1337 868 1419 896 etiam
1437 875 1486 902 per
1497 868 1666 895 occasionem
1695 869 1791 900 vestri,
1808 876 1868 895 om-

244 913 314 940 forte
329 912 428 945 aliquis
448 912 618 944 audientium
650 919 710 946 quae
735 911 880 939 laudantur
902 912 1039 948 Origenis-

241 959 563 991 esseobmurmuraverit,
579 966 614 985 no
624 958 665 985 vel
684 958 764 985 laude
778 959 1026 994 cetlantmagistro,

241 1003 282 1031 vel
297 1004 383 1038 culpa
391 1004 509 1039 judicio,
519 1003 637 1031 alienum
655 1011 717 1031 esse
730 1004 874 1039 Origenem
898 1004 1027 1032 continuo

241 1053 437 1084 protestantur,
454 1048 521 1076 nihil
540 1049 591 1076 sibi
608 1057 668 1076 cum
692 1050 776 1084 ipsius
800 1049 926 1077 doctrina
951 1057 1028 1077 com-

241 1102 322 1122 mune
333 1102 394 1122 esse
409 1094 584 1122 confirmant.
608 1095 762 1122 Anathema
792 1103 902 1130 quoque
926 1095 1026 1128 dicere,

240 1148 302 1168 eum
330 1148 384 1169 non
407 1139 532 1168 dubitant.
559 1140 692 1176 improbe,
714 1146 742 1168 et
765 1141 868 1169 inferre
883 1141 1025 1169 maledicta

244 1193 298 1213 non
318 1190 454 1220 parcunt;
482 1193 516 1214 ne
541 1185 617 1213 illum
643 1186 752 1221 quidem
773 1186 950 1222 apostolicum
972 1195 1028 1214 ser;

245 1239 352 1258 mortem
373 1235 500 1259 verentes
523 1239 577 1266 quo
594 1231 731 1267 designat,
747 1232 811 1267 quia
836 1233 959 1260 maledici
984 1241 1027 1260 res

242 1285 325 1312 gnum
352 1276 399 1304 Dei
426 1284 478 1304 non
508 1277 684 1312 possidebunt
705 1278 738 1307 ⁸⁸.
758 1278 789 1305 In
811 1283 915 1305 tantum
935 1283 1025 1306 autent

240 1323 350 1355 horum,
375 1324 408 1350 de
434 1323 534 1358 quibus
560 1323 616 1358 (56)
641 1331 723 1358 supra
739 1324 869 1356 diximus,
884 1331 1024 1359 progressa

239 1368 342 1396 malitia
357 1373 410 1402 est,
425 1374 454 1396 ut
471 1368 582 1403 quidam
600 1369 683 1396 etiam
700 1369 880 1397 conscribere
894 1369 1026 1397 adversus

240 1422 302 1442 cuin
316 1415 375 1442 ausi
391 1416 456 1447 sint,
470 1420 498 1442 et
516 1414 615 1443 libellis
641 1415 723 1443 editis
748 1416 882 1451 derogare
905 1416 930 1443 ei
956 1415 1025 1448 viro,-

240 1460 286 1495 qul
301 1467 350 1495 per
366 1465 405 1487 tot
429 1467 516 1488 annos
542 1460 674 1496 magister
690 1460 819 1488 Ecclesiae
843 1460 904 1493 fuit,
928 1460 974 1496 qui
999 1461 1024 1488 in

243 1504 364 1532 Ecclesia
385 1505 441 1540 (57)
465 1505 601 1533 catholica
628 1507 728 1537 senuit,
753 1506 799 1540 qui
826 1506 957 1534 adversus
979 1513 1025 1533 eas

1082 911 1154 938 nium
1168 912 1212 946 qui
1229 913 1253 938 ei
1270 912 1426 940 obtrectant
1438 913 1581 941 confutare
1603 913 1769 941 calumnias.
1790 910 1868 946 Quod

1081 957 1116 983 ita
1138 957 1217 985 nobis
1237 958 1364 993 prosequi
1390 960 1490 986 rectius
1511 960 1598 986 visum
1620 965 1674 991 est,
1695 959 1752 995 (ιῖ)
1771 964 1802 986 ιιι
1816 967 1867 986 ιιοιι

1081 1003 1180 1030 nostris
1195 1004 1285 1031 verbis
1310 1009 1336 1031 et
1358 1005 1556 1032 assertionibus
1578 1005 1767 1032 defensionem
1791 1012 1870 1039 pare-‘

1082 1055 1154 1080 inus,
1179 1048 1225 1075 sed
1251 1055 1283 1075 ex
1307 1041 1365 1077 suis
1390 1050 1508 1084 propriis
1536 1050 1659 1083 vocibus,
1685 1050 1787 1085 quibus
1813 1051 1869 1085 ipse

1080 1093 1171 1121 aliena
1198 1093 1249 1121 sibi
1273 1094 1332 1122 haec
1353 1102 1426 1127 esse,
1445 1103 1505 1130 qua:
1530 1095 1573 1123 i‘sti
1596 1096 1737 1128 objiciunt,
1760 1096 1870 1131 proprio

1080 1146 1206 1166 sermone
1220 1144 1347 1173 testatur,
1364 1140 1389 1167 id
1402 1145 1454 1174 est,
1470 1149 1550 1168 omne
1566 1141 1695 1176 quidquid
1712 1147 1815 1176 praeter
1838 1143 1868 1168 li-

1081 1186 1141 1211 dem
1166 1185 1327 1213 catholicam
1345 1187 1520 1221 praedicatur:
1537 1187 1599 1222 quia
1617 1188 1639 1214 si
1657 1188 1758 1215 nostris
1775 1188 1868 1215 verbis

1080 1230 1136 1257 haec
1171 1238 1293 1258 asserere
1318 1232 1443 1264 velimus,
1472 1233 1650 1266 suspiciosum
1685 1233 1770 1259 videri
1799 1232 1868 1259 [one

1079 1277 1174 1311 possit,
1201 1285 1236 1304 eo
1260 1279 1332 1312 quod
1357 1285 1407 1305 nos
1425 1285 1519 1306 amore
1543 1278 1599 1313 (45)
1621 1278 1679 1312 ejus
1693 1278 1715 1305 si
1733 1278 1797 1312 quid
1812 1278 1868 1313 ipse

1081 1329 1162 1357 prave
1183 1323 1299 1350 senserit
1314 1323 1505 1351 eelaverimus.
1524 1323 1575 1351 Ubi
1601 1330 1692 1350 autem
1707 1324 1767 1358 ejus
1783 1323 1868 1358 ipsius

1079 1368 1284 1403 quiaccusatur
1296 1370 1409 1396 vocibus
1427 1370 1540 1403 utimur,
1566 1375 1593 1397 et
1616 1370 1648 1397 ad
1667 1377 1763 1397 omnes
1791 1368 1868 1403 objev

1084 1414 1188 1442 ctiones
1210 1421 1399 1442 accusatorum
1415 1416 1473 1443 suis
1498 1415 1588 1443 verbis
1607 1424 1681 1447 euut,
1700 1423 1752 1442 non
1774 1421 1869 1443 nostra

1079 1460 1240 1493 assertione,
1272 1460 1453 1494 defendimus,
1481 1469 1541 1496 qua:
1577 1462 1646 1489 ultra
1677 1462 1793 1496 relinqui
1821 1469 1868 1496 po—

1080 1509 1132 1532 test
1146 1505 1203 1540 (M)
1216 1505 1415 1533 critniuationis
1435 1507 1552 1539 occasio,
1569 1507 1666 1534 saltem
1684 1506 1727 1534 his
1739 1507 1806 1540 ipsis
1822 1507 1868 1541 qui

243 1551 371 1584 haereses,
382 1542 504 1585 quze'illo
518 1556 640 1586 tempore
652 1550 803 1578 Ecclesiam
820 1552 1024 1586 impugnabant,
1039 1552 1061 1584 α
1077 1558 1130 1578 non
1149 1551 1205 1578 veri
1221 1551 1324 1583 studio,
1337 1551 1383 1578 sed
1399 1552 1471 1579 velut
1483 1553 1594 1580 libidine
1604 1553 1721 1587 quadam
1737 1552 1866 1587 culpandi

242 1596 279 1623 ita
301 1601 469 1628 constanter,
501 1596 538 1622 ita
568 1595 675 1623 fortiter
700 1596 851 1629 dimicavit,
878 1600 907 1623 ut
933 1597 1025 1623 omnia

243 1650 338 1670 eorum
369 1643 509 1670 diabolica:
531 1643 741 1671 machinationis
766 1643 939 1672 fundamenta
964 1644 1029 1671 sub—

240 1688 365 1719 verterit,
381 1695 435 1715 non
449 1688 603 1716 studiorum
618 1688 750 1722 laborem,
767 1697 820 1716 non
835 1689 1026 1722 continentiae,

241 1741 294 1762 non
308 1734 498 1768 institutionis,
512 1742 564 1762 non
581 1735 753 1768 humilitatis;
768 1743 828 1770 quae
848 1742 930 1770 super
943 1739 1026 1762 czete-

241 1787 287 1808 ras
299 1787 394 1808 omnes
410 1781 525 1808 virtutes
535 1780 593 1815 ejus
602 1781 749 1808 maximam
762 1782 878 1816 gratiam
893 1782 1025 1814 continet,

241 1833 295 1852 non
308 1826 372 1853 illud
391 1831 466 1853 certe
480 1826 688 1855 considerantes
710 1829 782 1861 quod
800 1827 962 1862 presbyterii
986 1827 1027 1854 di—

241 1871 342 1906 gnitate
355 1871 382 1899 in
399 1872 519 1899 Ecclesia
535 1872 684 1900 honoratus
698 1879 750 1900 est.
765 1873 830 1905 Quae
840 1872 863 1899 si
879 1872 971 1899 omnia
987 1872 1021 1899 ad

243 1918 423 1945 revocandam
447 1917 578 1952 linguam,
612 1919 901 1953 comprimendumque
924 1925 1028 1945 sermo-

243 1971 303 1990 nem
326 1964 451 1991 sul‘llcere
477 1972 529 1991 non
557 1969 680 1999 possunt,
707 1964 770 1991 illud
795 1964 890 1992 saltem
907 1968 1028 1991 contem-

239 2009 309 2044 plari
331 2009 490 2042 debuerant,
511 2015 641 2044 quantam
669 2010 728 2045 (58)
755 2010 862 2037 ridendi
885 2011 1027 2037 materiam

279 2091 327 2128 ".l
343 2092 458 2127 Cor.,vt,
474 2092 518 2121 10.

1077 1603 1184 1630 semper
1209 1596 1361 1631 agitantur?
1387 1596 1419 1623 Et
1436 1597 1563 1632 quoniam
1579 1598 1611 1624 de
1626 1606 1659 1624 co
1683 1605 1755 1624 nunc
1777 1605 1869 1625 sermo

1077 1645 1129 1674 est,
1154 1641 1200 1676 qui
1226 1642 1320 1677 utique
1341 1643 1411 1677 apud
1436 1642 1561 1670 homines
1589 1642 1734 1670 defunctus
1750 1648 1804 1676 est,
1820 1643 1866 1678 qui

1079 1687 1149 1722 apud
1168 1687 1224 1723 (45)
1246 1695 1340 1716 omnes
1362 1688 1470 1724 judices
1496 1685 1544 1723 pro
1568 1688 1695 1716 defuncto
1721 1689 1821 1716 fortius
1841 1694 1867 1716 et

1081 1733 1184 1761 firmius
1208 1733 1298 1762 valere
1323 1734 1413 1768 debet,
1436 1742 1518 1770 quam
1542 1739 1569 1762 et
1589 1734 1698 1767 Illlel‘ll’,
1716 1740 1743 1761 et
1766 1735 1867 1770 scripta

1080 1778 1200 1807 defuncti
1212 1778 1225 1806 τ

1115 1825 1276 1860 Incipientes
1304 1825 1386 1861 igitur
1419 1826 1527 1854 indiciis
1560 1827 1726 1861 scriptorum
1753 1833 1867 1854 suorum

1081 1872 1226 1898 ostendere
1240 1872 1305 1907 quid
1328 1873 1360 1899 de
1379 1872 1492 1906 singulis
1513 1873 1638 1904 senserit,
1656 1880 1689 1899 ex
1707 1873 1749 1899 his
1772 1873 1866 1907 pratci-

1080 1925 1134 1953 pue
1161 1918 1241 1945 libris
1273 1918 1428 1946 testimonia
1453 1918 1688 1953 congregahimus,
1715 1917 1774 1953 (Mi)
1801 1927 1867 1953 quos

1082 1970 1256 1993 accusatores
1267 1964 1326 2000 ejus
1342 1972 1422 2000 quam
1435 1965 1552 1992 maxime
1566 1964 1756 1997 criminantur,
1775 1965 1800 1992 id
1815 1970 1866 1997 est,

1081 2018 1150 2046 quos
1178 2019 1227 2047 per
1251 2011 1369 2047 spatium
1390 2015 1419 2038 et
1436 2011 1556 2046 quietem
1579 2011 1606 2038 in
1621 2015 1727 2038 scereto
1744 2012 1870 2039 conseri:

239 2163 328 2202 nicus,
350 2164 491 2202 et_debeut
514 2164 651 2200 proﬁcere,
676 2158 824 2192 assumunt.
842 2163 940 2193 Caneri
959 2172 1024 2192 vero
1037 2171 1063 2202 ι)
1077 2163 1300 2202 mss.__pl_e_riqoe_,
1326 2163 1409 2202 ipsius
1422 2162 1525 2202 _uripta
1542 2162 1696 2196 conﬁciunt,
1715 2162 1798 2202 male.

240 2201 320 2231 mss.,
334 2204 364 2226 ut
381 2199 408 2226 in
424 2205 511 2227 textu.

276 2234 333 2270 (32)
354 2234 459 2262 Merlini
474 2235 555 2262 editio
570 2243 712 2270 perperam
730 2235 823 2268 habet,
846 2235 961 2262 exterius
977 2243 1023 2262 va-

241 2268 311 2295 leant
323 2268 477 2296 continuare
493 2268 651 2298 caluniniua.
667 2270 731 2297 Mss.
748 2271 848 2298 habent
868 2270 1021 2302 exercitius,

242 2308 290 2337 pro
305 2304 484 2337 exercitatius,
497 2310 594 2332 caetera
611 2313 676 2332 vero
691 2311 719 2332 ut
734 2306 760 2332 in
780 2311 863 2332 textu.

278 2338 333 2375 (ξᾷ)
353 2339 552 2375 ςειιςιιιιιιιιιιε,
564 2341 598 2366 ad
609 2341 800 2375 probationem,
828 2340 908 2367 uitale.

279 2373 335 2407 (56)
357 2373 393 2400 Ita
422 2374 561 2408 legendum
585 2373 701 2402 videtur.
724 2375 828 2402 Merllni
854 2383 919 2401 vero
941 2375 1024 2402 editio

244 2408 390 2446 μάᾳτιγας.
406 2409 494 2446 Cotlctt
514 2410 692 2446 S_orbonicus,
706 2410 950 2446 Phangolaedorat.
967 2410 1025 2437 Cat-

243 2444 377 2480 Erilli“.
390 2449 417 2471 et
427 2445 503 2476 editi,
518 2444 742 2480 Pliagoloedoroa.

276 2478 335 2515 (55)
355 2478 417 2506 Mss.
432 2480 553 2513 quidam,
568 2478 744 2513 auditoribus,
759 2480 794 2507 al.
811 2480 843 2507 ab
859 2479 1024 2506 auditoribus

242 2513 291 2550 [alL
307 2514 484 2550 auditarum].
510 2515 612 2542 Deinde
635 2516 716 2542 tidem
737 2523 815 2548 mss.,
837 2515 934 2550 aliquis
949 2523 1026 2542 ncce-

241 2550 403 2576 dentiuut....
416 2550 631 2576 obmurmuravtt.

277 2584 333 2620 (36)
354 2584 450 2618 Supra.
467 2585 547 2620 Deest
564 2585 590 2611 in
607 2585 698 2618 editis,
712 2589 738 2612 et
749 2585 888 2620 suppletur
903 2592 936 2612 ex
959 2591 1025 2612 mss.

276 2621 333 2654 (57)
354 2620 501 2647 Catholica.
517 2619 740 2648 Praetermittitur
755 2619 883 2647 iniedttis.

277 2654 334 2690 (58)
360 2655 428 2682 Editi
449 2655 600 2687 irridendi;
622 2655 719 2683 deinde
738 2655 941 2687 Genebrardus,
973 2654 1023 2680 tri-

242 2689 322 2716 buant
335 2698 384 2725 pro
411 2690 543 2724 prwbeant
555 2697 564 2717 :
575 2695 603 2717 et
615 2690 695 2724 paulo
717 2695 779 2726 post
797 2699 848 2718 ms.
861 2698 930 2717 unus
945 2689 1027 2717 habet

240 2730 332 2758 putant
349 2733 398 2760 pro
414 2725 552 2759 putabant.

287 2760 332 2796 ω)
353 2761 390 2796 ita
405 2760 556 2792 mss.,edili
575 2767 649 2794 vero,
668 2760 768 2796 repelli.

287 2793 332 2829 40)
350 2794 395 2822 Sic
407 2799 480 2822 recte
495 2802 561 2830 mss.
580 2793 809 2830 quidamlCaeteri
820 2803 894 2827 vero,
911 2799 938 2822 et
949 2793 1025 2825 editi,

242 2837 292 2856 non
304 2829 389 2856 solum
401 2835 428 2857 ut
439 2830 487 2865 (al.
495 2829 594 2865 quilde'
601 2831 656 2865 ipso
668 2831 735 2858 male
743 2831 867 2858 sentiant.
878 2831 960 2858 l’aulo
969 2834 1029 2865 post

1112 2198 1168 2234 (41)
1189 2197 1293 2225 Merlini
1309 2198 1404 2234 editio,
1419 2198 1456 2223 ita
1478 2203 1505 2234 ut
1519 2206 1568 2234 nos
1590 2205 1693 2234 quoque
1713 2198 1763 2234 ipsi
1777 2198 1804 2224 in
1821 2198 1868 2224 dn-

1074 2232 1146 2261 lu'um
1157 2232 1313 2266 petierimus,
1327 2241 1359 2259 ne
1372 2233 1440 2267 forte
1452 2233 1489 2259 uel
1504 2232 1703 2259 multitudini...
1715 2233 1808 2258 debeat
1824 2235 1867 2259 tul-

1073 2269 1168 2295 hiberi.
1196 2267 1246 2294 Ms.
1272 2268 1438 2295 Sorbonicus
1463 2273 1490 2295 et
1515 2267 1545 2295 8.
1575 2267 1714 2294 Michaelis
1741 2267 1766 2293 in
1793 2267 1867 2294 Peri-

1074 2304 1135 2331 culo
1151 2304 1246 2333 maris,
1256 2303 1375 2329 timentes
1390 2308 1452 2329 utet
1470 2311 1513 2329 uas
1528 2310 1630 2337 quoque
1647 2303 1696 2336 tpai
1709 2303 1736 2328 in
1751 2303 1864 2329 dubium

1074 2339 1206 2370 veniretis,
1224 2346 1255 2364 ne
1267 2338 1334 2371 [orte
1352 2343 1379 2364 ut
1395 2338 1596 2364 multitudini...
1609 2337 1714 2364 deberet
1730 2337 1865 2364 adhiberi.

1074 2374 1171 2401 Cteteri
1189 2382 1269 2406 ntss.,
1283 2378 1310 2399 ut
1328 2381 1371 2400 vos
1387 2381 1489 2408 quoque
1504 2372 1553 2406 ipsi
1567 2374 1594 2398 in
1607 2372 1716 2408 dubium
1733 2372 1865 2408 ueniretis,

1076 2417 1107 2435 ue
1124 2409 1191 2443 forte
1207 2414 1252 2434 aut
1273 2406 1483 2434 multitudini...
1502 2408 1604 2443 deberet
1622 2406 1866 2443 qdhiberi.»l)eimle

1075 2441 1152 2474 editi,
1169 2444 1268 2477 pauiu:
1293 2447 1316 2469 et
1338 2443 1393 2470 sine
1418 2447 1545 2477 respectu.
1574 2442 1658 2468 Paulo
1680 2446 1741 2476 post
1759 2441 1864 2469 Merlini

1076 2479 1172 2510 editio,
1185 2478 1500 2512 auapicionemuoatrum,
1520 2477 1600 2504 simul
1619 2477 1700 2503 etiam
1724 2484 1772 2510 per
1789 2485 1864 2503 occa-

1076 2514 1177 2540 sionem
1193 2514 1289 2542 nostri.
1306 2518 1359 2539 etc.

1112 2548 1262 2584 (42)»lilss.
1286 2547 1452 2584 Sorboniajus
1474 2552 1501 2574 et
1528 2547 1738 2584 SmMichaelis',
1765 2550 1865 2572 utnon

1078 2581 1165 2610 nostri
1179 2582 1226 2618 Iul.
1243 2581 1333 2618 vestri]
1351 2583 1419 2609 verbi
1431 2583 1631 2614 assertionibus,
1646 2587 1699 2609 etc.

1114 2618 1170 2653 (45)
1180 2615 1271 2652 Ἐλιη,
1284 2622 1311 2643 et
1324 2615 1405 2653 paulo
1419 2623 1490 2652 post,
1503 2619 1614 2649 utimur,
1627 2618 1724 2644 des-unt
1738 2616 1766 2643 in
1773 2615 1863 2643 editis.

1114 2652 1170 2688 (44)
1192 2652 1230 2679 lla
1251 2659 1316 2679 mss.
1335 2652 1404 2679 Εὐιιί
1424 2661 1498 2682 vero,
1511 2652 1738 2679 criminatoribus.

1115 2686 1171 2724 (45)
1192 2688 1237 2714 Sic
1258 2693 1331 2724 recte
1345 2694 1410 2724 mss.
1428 2688 1498 2715 Edili
1512 2694 1588 2718 vero,
1603 2688 1722 2714 homines
1743 2686 1862 2721 judice;

1079 2721 1209 2750 Mcrliitus
1226 2722 1326 2748 omittit
1338 2721 1452 2756 judicea.

1115 2759 1172 2790 (Mi)
1194 2757 1259 2785 Mss.
1272 2757 1372 2795 nostri,
1384 2766 1443 2795 quis
1462 2762 1639 2795 accusatorca_
1650 2757 1753 2795 θέω...ἶ
1773 2756 1800 2782 id
1817 2761 1864 2795 est,

1079 2802 1137 2833 qui?
1151 2801 1198 2827 per
1215 2793 1378 2826 apalium....
1390 2791 1451 2821 'hwc
1461 2794 1542 2827 enim,
1554 2798 1609 2821 etc.
1623 2791 1676 2821 Sed
1689 2793 1790 2820 rectius
1800 2791 1866 2819 editi

1080 2834 1109 2856 ιιι
1125 2836 1150 2855 ΙΙΙ
1167 2833 1253 2855 ιεῑιιι.
