1909 3080
70 148 126 177 549

672 136 841 167 APOLOGIA
861 136 930 164 PRO
948 133 1100 164 ORIGENE

1645 130 1699 160 559

68 207 129 243 psit
141 215 149 235 ε
159 207 212 234 hos
221 205 294 233 enim
309 207 435 232 asserunt
445 202 564 230 maxime
577 209 592 228 a
608 200 800 237 praedicatione
814 207 859 227 ec-
875 203 894 227 Α
909 197 992 229 Eoos,
1006 196 1110 229 Enoch,
1136 194 1204 243 l‘ioe,
1228 193 1302 227 Sem,
1320 193 1475 243 Abraham,
1502 193 1587 243 Isaac,
1601 191 1697 225 Jacob,

68 247 225 280 clesiastica
237 250 409 284 discrepare:
423 256 457 276 ex
469 248 512 275 his
523 247 658 282 praecipue
678 245 768 277 libris,
791 253 859 280 quos

69 295 256 332 Περὶάρχῶν
280 294 439 326 attitulavit,
459 294 485 320 in
501 293 600 328 quibus
622 292 819 327 quamplurima
843 299 858 318 a

69 342 316 370 calumniatoribus
332 342 503 368 incusantur.
521 339 548 365 ln
566 339 608 366 his
630 346 696 374 ergo
718 337 773 373 (47)
795 337 860 372 ipsis

70 388 144 414 inter
162 387 294 422 principia
309 386 381 422 quali
395 385 566 420 expositione
583 384 644 411 lidei
662 391 725 411 usus
741 384 777 411 sil.
797 390 859 418 pro-

70 432 193 460 feremus
210 441 217 459 :
236 437 292 459 tum
309 432 409 460 deinde
434 436 461 458 et
481 439 516 458 ex
540 431 584 458 his
608 437 668 465 quae
683 430 797 464 sparsim
819 429 858 456 vel

71 485 124 512 per
148 478 223 512 ipsos
252 477 336 505 libros
359 477 402 505 vel
416 482 530 505 caeteros
549 476 646 509 sensit,
662 476 860 511 assignabimus

70 531 136 550 eum
164 524 384 558 pratdicationem
418 523 593 558 apostolicam
629 522 787 550 custodisse.
812 522 860 549 Est

69 577 139 604 ergo
153 569 234 597 lectio
251 578 284 596 ex
298 570 386 605 primo
399 570 468 597 libro
489 569 677 605 Περὶάρχῶν,
703 576 783 604 quam
795 575 859 603 pro-

70 615 209 648 misimus,
222 615 290 643 bare.

391 661 505 689 CAPUT
525 660 546 688 Ι.

182 706 324 742 Catalogur
342 707 528 734 ecclesiastica:
545 707 752 742 pradicalionia.

109 751 255 780 ORIGENES.
271 753 326 788 (48)
346 761 355 778 ι
375 752 452 780 Sicut
463 752 548 784 enim,
565 751 656 780 multis
670 752 739 787 apud
751 751 860 779 Graecos

69 803 99 826 et
117 800 251 827 barbaros
274 799 461 834 pollicentibus
477 799 626 829 veritatem,
643 798 698 834 (49)
713 799 860 826 desivimus

70 845 143 878 apud
159 851 256 872 omnes
269 851 327 871 eam
343 851 467 879 quaerere
481 843 527 878 qui
543 851 604 871 eam
628 843 704 871 falsis
726 843 859 878 opinioni-

913 243 1056 270 duodecim
1074 241 1303 276 patriarcharum,
1320 239 1421 275 Moysis
1436 244 1464 267 et
1477 240 1674 274 prophetarum
1689 248 1696 266 ε

913 293 942 316 et
960 288 1032 322 quod
1052 287 1096 314 hic
1124 287 1195 314 Deus
1214 286 1240 313 in
1264 285 1422 313 novissimis
1437 284 1542 316 diebus,
1562 285 1635 312 sicut
1651 292 1700 319 per

913 335 1058 369 prophetas
1077 340 1141 361 suos
1166 337 1230 360 ante
1251 332 1424 367 promiserat,
1452 331 1525 358 misit
1550 331 1694 358 Dominum

913 379 1005 407 Jesum
1026 378 1177 410 Christum,
1190 378 1280 413 primo
1295 377 1404 411 quidem
1419 382 1577 404 vocaturum
1603 376 1698 409 lsrael,

913 425 1031 452 secundo
1047 430 1111 450 vero
1133 424 1218 450 etiam
1243 427 1335 458 gentes
1361 427 1421 456 post
1443 422 1584 456 perﬁdiam
1607 421 1698 455 populi

913 471 1005 498 lsrael.
1024 470 1073 498 llic
1087 469 1156 497 Deus
1171 469 1259 504 justus
1275 474 1301 497 et
1315 470 1415 500 bonus,
1432 467 1514 495 Pater
1528 468 1633 495 Domini
1648 475 1699 495 no-

917 518 967 545 stri
979 516 1043 544 Jesu
1066 516 1181 548 Christi,
1199 516 1294 550 legem,
1316 520 1342 542 et
1359 516 1515 551 prophetas,
1534 521 1561 542 et
1579 515 1700 550 Evange-

895 578 899 583 -
917 563 956 596 lia_
972 563 1028 597 ipse
1042 562 1125 595 dedit,
1143 563 1188 597 qui
1202 567 1229 590 et
1240 562 1423 597 apostolorum
1443 561 1514 588 Deus
1534 566 1585 594 est,
1606 566 1633 589 et
1648 561 1700 588 Ve—

914 609 979 636 teris
992 613 1021 635 et
1039 608 1105 636 Novi
1121 608 1299 636 'l‘estamenti-
1324 607 1393 634 Tum
1415 607 1514 635 deinde
1539 608 1602 642 quia
1619 607 1698 635 Chri-

913 659 970 681 stus
994 654 1073 682 Jesus
1091 655 1149 689 ipse
1173 654 1220 688 qui
1245 654 1328 686 venit,
1340 658 1404 681 ante
1416 661 1524 680 onmem
1544 658 1698 680 creaturam

914 706 994 728 natus
1007 709 1040 728 ex
1052 701 1132 729 Patre
1147 707 1199 728 est.
1215 701 1266 734 Qui
1288 709 1349 729 cuin
1364 701 1391 728 in
1404 700 1526 728 omniutn
1545 700 1700 728 conditione

914 747 986 774 Patri
1002 748 1184 774 ministrasset
1198 746 1256 782 (per
1277 747 1365 781 ipsum
1388 754 1506 782 namque
1522 747 1610 773 omnia
1629 746 1700 781 facta

913 799 972 820 sunt
989 794 1011 809 "
1024 793 1035 828 )
1050 793 1206 821 novissimis
1226 793 1392 828 temporibus
1404 794 1522 827 seipsum
1540 793 1703 820 exinanietls

915 840 995 867 homo
1011 840 1099 867 lactus
1117 845 1180 873 est;
1197 839 1357 867 incarnatus
1380 845 1422 867 est
1442 847 1504 867 cum
1520 839 1590 866 Deus
1613 844 1699 872 esset,

71 889 122 914 tius
159 888 332 919 asserebant,
358 892 535 922 posteaquam
566 887 732 915 credidimus
762 887 860 914 Filium
876 884 898 911 Β
912 892 939 913 et
953 886 1033 913 homo
1049 885 1137 914 lactus
1165 887 1265 913 mansit
1280 886 1352 920 quod
1366 891 1426 913 erat
1438 887 1518 913 Deus.
1534 885 1638 919 Corpus
1656 892 1702 913 as-

68 939 132 960 essc
146 933 192 960 Dei
210 932 365 965 Christum,
394 938 423 960 et
449 933 482 960 ab
504 933 562 967 ipso
578 932 657 960 nobis
671 932 741 959 hanc
755 933 880 959 discenu
912 932 1028 966 sumpsit
1043 937 1137 960 nostro
1160 932 1270 967 corpori
1300 932 1402 964 simile,
1426 939 1460 959 eo
1474 932 1532 959 solo
1558 931 1698 963 diﬂ'erens,

69 979 133 1004 dam
155 985 219 1005 esse
243 978 427 1012 persuasimus
450 989 457 1006 :
477 978 524 1012 ita,
537 986 598 1005 cum
615 978 691 1005 multi
705 979 759 1005 sint
773 979 819 1013 qui
832 986 862 1006 se

68 1027 168 1058 putant
183 1024 285 1050 sentire
299 1030 360 1058 quae
376 1023 477 1051 Christi
493 1028 566 1057 sunt,
581 1027 610 1051 et
625 1023 746 1051 nonnulli
763 1030 857 1051 eorum

68 1068 177 1096 diversa
204 1077 218 1095 a
242 1068 378 1104 prioribus
404 1069 535 1103 sentiant,
559 1073 681 1096 servetur
696 1076 761 1096 vero
775 1069 862 1096 eccle-

67 1114 182 1141 siastica
210 1114 368 1148 praedicatio
390 1121 440 1148 per
463 1113 648 1141 successionis
672 1114 796 1141 ordinem
827 1115 862 1141 ab

67 1160 204 1194 apostolis
218 1159 328 1192 tradita,
345 1164 373 1187 et
386 1166 472 1194 usque
487 1160 520 1187 ad
540 1167 658 1194 praesens
681 1160 709 1186 in
729 1159 861 1187 Ecclesiis

68 1212 248 1240 permanens,
274 1205 320 1232 illa
345 1205 401 1233 sola
417 1205 552 1233 credenda
566 1209 607 1232 est
622 1205 735 1238 veritas,
749 1213 810 1240 quae
830 1206 856 1233 in

67 1251 144 1278 nullo
160 1252 195 1278 ab
208 1251 390 1279 ecclesiastica
405 1252 554 1279 traditione
577 1251 729 1279 discordat.
747 1252 804 1287 (50)
828 1252 862 1278 ll-

68 1297 117 1324 lud
137 1302 228 1324 autem
245 1297 317 1325 scire
337 1302 456 1332 oportet,
482 1297 611 1332 quoniam
635 1298 723 1325 sancti
747 1298 860 1332 apostoli

69 1343 153 1371 ﬁdem
173 1342 275 1370 Christi
297 1343 483 1378 praedicantes,
506 1344 540 1371 de
564 1344 724 1378 quibusdam
752 1344 859 1378 quidem

68 1396 242 1425 quascunque
265 1389 421 1417 necessaria
448 1389 624 1416 crediderunt
650 1389 776 1416 omnibus
800 1397 861 1416 crc-

67 1435 212 1467 dentibus,
236 1435 317 1462 etiam
345 1435 388 1462 his
407 1435 452 1470 qui
475 1435 609 1470 pigriores
627 1442 691 1470 erga
708 1435 862 1470 inquisitio-

69 1488 134 1508 nem
168 1481 266 1508 divinae
295 1481 416 1508 scientiae
440 1480 613 1514 videbantur,
642 1480 862 1509 manifestissime

69 1526 257 1559 tradiderunt,
283 1526 417 1554 rationem
447 1526 554 1554 scilicet
576 1527 738 1554 assertionis
763 1533 858 1554 eorum

51 1572 263 1607 "relinquentes
283 1572 317 1600 ab
340 1572 382 1600 his
399 1572 590 1607 inquirendam
607 1572 665 1608 (5i)
681 1573 726 1607 qui
741 1572 859 1608 Spiritus

68 1619 143 1646 dona
157 1618 328 1650 excellentia,
344 1623 372 1646 et
390 1619 525 1653 praecipue
542 1618 687 1652 sermonis,
706 1619 857 1653 sapientiai,

67 1667 98 1690 et
113 1663 234 1691 scientiae
252 1671 301 1698 per
314 1664 402 1698 ipsum
417 1663 548 1698 Spiritum
567 1668 692 1690 sanctum
716 1664 859 1699 percipere

72 1710 271 1737 merebantur:
289 1710 322 1737 de
341 1709 403 1737 aliis
426 1716 491 1737 vero
512 1709 641 1737 dixerunt
662 1710 770 1745 quidem
797 1711 859 1745 quia

71 1755 141 1786 sint,
163 1755 300 1789 quomodo
323 1759 424 1787 autem,
448 1759 495 1781 aut
518 1754 589 1782 unde
612 1755 676 1788 sint,
705 1756 858 1783 siluerunt:

73 1800 198 1834 profecto
214 1805 244 1827 ut
255 1801 436 1828 studiosiores
447 1801 547 1836 quique
560 1808 594 1828 ex
606 1802 724 1835 posteris
734 1802 791 1829 suis
800 1802 859 1837 (δὲ)

72 1851 212 1874 amatores
227 1846 367 1881 sapientiae
382 1851 410 1874 et
427 1847 559 1879 scientiae,
573 1847 735 1874 exercitium
760 1848 861 1876 habere

71 1895 194 1924 possent,
209 1890 234 1918 in
247 1897 301 1925 quo
316 1890 417 1926 ingenii
435 1891 477 1918 sui
492 1890 611 1919 fructum
627 1893 773 1920 ostendere
787 1893 860 1920 vale-

72 1940 147 1968 rent,
165 1936 192 1963 hi
206 1936 333 1964 videlicet
347 1937 394 1971 qui
414 1937 510 1972 dignos
523 1943 553 1964 se
571 1941 599 1964 et
615 1943 730 1972 capaces
754 1939 861 1973 sapien-

73 1982 120 2009 tiae
135 1987 331 2017 prapararent.
342 1982 453 2017 Species
472 1990 535 2010 vero
551 1990 644 2010 eorum
660 1991 720 2018 quae
733 1991 782 2019 per
794 1992 862 2019 prae-

70 2028 237 2055 dicatiouem
252 2028 429 2064 apostolicam
456 2028 602 2056 manifeste
630 2029 786 2063 traduntur,
803 2030 861 2057 istte

72 2078 148 2100 sunt.
163 2073 253 2101 Primo
271 2074 342 2109 quod
357 2082 427 2102 unus
439 2079 481 2102 est
494 2074 563 2102 Deus
575 2074 622 2110 qui
639 2074 732 2102 omnia
747 2076 860 2108 creavit,

72 2123 157 2154 atque
171 2120 335 2155 composuit,
360 2121 462 2156 quique
485 2128 519 2149 ex
540 2121 622 2149 nullis
639 2128 700 2149 esse
717 2121 783 2149 fecit
799 2123 861 2149 uni-

72 2173 153 2194 versa
180 2167 212 2198 ¹¹,
243 2167 313 2195 Deus
341 2175 357 2194 a
384 2169 471 2203 prima
497 2173 623 2196 creatura
650 2173 678 2196 et
707 2170 862 2198 conditione

73 2212 167 2240 mandi
184 2213 305 2240 omnium
323 2212 458 2247 iustorum
475 2215 556 2247 Deus,
569 2215 668 2248 Adam,
687 2214 766 2249 Abel,
781 2215 859 2250 Setb,

111 2268 134 2283 “
153 2265 177 2293 ll
189 2266 314 2296 Machab.
330 2275 380 2303 vn,
395 2268 442 2296 28.
480 2269 502 2285 “
517 2267 595 2297 Joau.
613 2277 633 2301 ι,
648 2269 676 2297 5.

912 979 983 1013 quod
995 983 1074 1005 natus
1095 985 1128 1005 ex
1155 977 1266 1013 Virgine
1289 982 1317 1004 et
1344 977 1448 1012 Spiritu
1468 982 1566 1005 sancto
1587 983 1640 1005 est.
1666 977 1700 1004 Et

912 1023 1037 1058 quoniam
1053 1023 1097 1050 hic
1111 1022 1192 1050 Jesus
1205 1023 1330 1050 Christus
1357 1028 1436 1050 natus
1457 1028 1485 1050 et
1508 1030 1603 1057 passus
1615 1028 1656 1050 est
1672 1024 1699 1050 iu

912 1069 1034 1100 veritate,
1060 1073 1088 1095 et
1113 1076 1166 1095 non
1194 1076 1242 1102 per
1265 1068 1426 1103 imaginem,
1442 1069 1501 1103 (55)
1526 1077 1699 1096 communem

912 1113 983 1141 hanc
997 1118 1111 1141 mortem
1129 1114 1262 1141 sustinuit
1286 1121 1350 1141 vere
1373 1120 1521 1142 mortuus:
1539 1122 1603 1142 vere
1625 1122 1703 1142 enim

911 1164 965 1186 eta
984 1160 1097 1187 mortuis
1122 1160 1273 1188 resurrexit
1298 1168 1305 1187 :
1332 1164 1360 1187 et
1383 1165 1443 1194 post
1472 1160 1699 1188 resurrectionem

912 1210 1091 1233 conversatus
1117 1214 1179 1233 cum
1210 1206 1352 1240 discipulis
1376 1207 1443 1236 suis,
1469 1212 1623 1240 assumptus
1646 1211 1698 1234 est.

913 1252 980 1279 Tum
995 1252 1095 1280 deinde
1120 1252 1225 1280 honore
1240 1260 1272 1280 ac
1289 1253 1423 1287 dignitate
1438 1251 1511 1279 Patri
1525 1257 1552 1279 et
1566 1252 1635 1279 Filio
1656 1261 1700 1280 so-

915 1299 1015 1325 ciatum
1034 1298 1203 1326 tradiderunt
1222 1297 1355 1332 Spiritum
1372 1303 1509 1325 sanctum.
1531 1299 1560 1324 lu
1576 1298 1627 1325 hoc
1646 1306 1698 1324 nou

909 1344 965 1378 jam
994 1345 1137 1372 manifeste
1156 1345 1323 1372 discernitur
1339 1349 1430 1371 utrum
1452 1350 1531 1372 natus
1545 1345 1592 1377 sit,
1607 1353 1640 1372 an
1659 1345 1701 1372 in-

913 1395 1003 1419 natus.
1021 1400 1030 1416 ι

949 1436 1110 1464 ΙἈιιριιιιυε.
1132 1436 1183 1470 Qui
1198 1437 1232 1464 de
1248 1441 1313 1463 nato
1328 1436 1371 1463 vel
1387 1436 1483 1464 innato
1494 1437 1619 1471 requirit,
1639 1437 1700 1465 sine

912 1482 996 1509 dubio
1021 1487 1155 1510 creatura:
1182 1482 1209 1509 in
1236 1489 1269 1509 eo
1293 1481 1394 1509 nullum
1425 1483 1506 1510 habet
1532 1483 1699 1518 opinionem,

912 1528 1030 1563 alioquin
1047 1533 1075 1555 et
1098 1529 1149 1555 hoc
1166 1528 1324 1556 adduxisset
1347 1529 1381 1555 ad
1409 1528 1624 1564 inquisitionem.
1640 1528 1698 1564 (56)

873 1561 894 1589 c
911 1573 944 1600 Et
957 1561 1079 1607 adjungit
1094 1579 1102 1599 :

945 1618 1093 1647 Outssuss.
1114 1627 1124 1645 ο
1139 1619 1186 1646 Vel
1201 1618 1286 1646 Filius
1307 1619 1389 1647 etiam
1403 1619 1461 1655 ipse
1485 1619 1534 1648 Dei
1560 1619 1704 1648 habendus

910 1665 955 1698 sit,
980 1672 1076 1692 necne.
1104 1664 1157 1692 Sed
1178 1665 1339 1699 inquirenda
1362 1665 1418 1699 jam
1441 1666 1493 1693 ista
1517 1673 1566 1700 pro
1590 1666 1699 1693 viribus

911 1715 974 1737 sunt
988 1711 1021 1738 de
1041 1715 1135 1738 saneta
1163 1710 1316 1745 Scriptura,
1341 1716 1369 1738 et
1394 1711 1485 1746 sagaci
1501 1711 1701 1746 perquisitione

911 1755 1111 1789 investiganda.
1154 1755 1227 1782 Sane
1256 1755 1329 1790 quod
1362 1755 1415 1783 iste
1446 1755 1565 1790 Spiritus
1588 1762 1700 1784 sanctus

911 1807 1130 1835 unumquemque
1159 1805 1318 1828 sanctorum
1345 1801 1388 1828 vel
1417 1801 1632 1836 prophetarum,
1657 1802 1699 1829 vel

912 1845 1094 1880 apostolorum
1111 1845 1167 1881 (55)
1184 1845 1367 1880 iuspiraveril,
1382 1850 1409 1873 et
1424 1853 1478 1873 non
1497 1846 1566 1873 alius
1582 1847 1699 1881 Spiritus

912 1891 938 1918 in
954 1891 1103 1923 veteribus,
1117 1890 1186 1918 alius
1195 1898 1260 1918 vero
1273 1891 1300 1918 in
1316 1891 1358 1918 his
1371 1891 1457 1926 quiin
1470 1892 1585 1918 adventu
1598 1892 1701 1919 Christi.

912 1936 1036 1971 inspirati
1051 1941 1125 1968 sunt,
1151 1936 1255 1970 fuerit,
1274 1937 1497 1964 manifestissime
1525 1937 1552 1964 in
1571 1937 1700 1965 Ecclesiis

914 1982 1094 2017 praedicatur.
1106 1983 1169 2010 Post
1183 1983 1240 2011 haec
1257 1983 1312 2018 jam
1327 1984 1397 2018 quod
1412 1983 1505 2010 anima
1519 1983 1701 2011 substantiam

912 2028 1050 2062 vitamque
1078 2028 1184 2056 habens
1211 2029 1362 2064 propriam,
1390 2037 1451 2057 cum
1478 2036 1511 2056 ex
1535 2029 1586 2056 hoc
1599 2029 1700 2056 mundo

912 2073 1086 2106 discesserit,
1112 2081 1161 2108 pro
1195 2074 1252 2101 suis
1279 2075 1386 2102 meritis
1411 2075 1615 2109 dispensabitur
1642 2075 1700 2102 sive

912 2126 1020 2147 aeterna:
1032 2121 1093 2148 vitae
1107 2128 1138 2148 ac
1154 2121 1332 2149 beatitudinis
1344 2121 1503 2149 haereditate
1525 2123 1655 2156 potitura,
1675 2123 1699 2150 si

913 2169 965 2196 hoc
992 2168 1017 2196 ei
1041 2176 1089 2195 sua
1113 2173 1188 2204 gesta
1217 2169 1394 2203 prastiteriut
1413 2177 1420 2196 :
1437 2169 1496 2197 sive
1516 2169 1571 2204 igni
1597 2174 1700 2198 atterno

915 2222 947 2242 ac
959 2214 1098 2249 suppliciis
1110 2215 1300 2249 mancipanda,
1321 2215 1345 2243 si
1364 2215 1391 2243 in
1412 2215 1464 2243 hoc
1481 2222 1542 2243 eam
1558 2215 1699 2242 scelerum

106 2312 165 2352 (ιγ)
184 2312 289 2354 Merliuj
309 2314 497 2354 editio,_ipris,
517 2313 612 2354 quibus
634 2314 703 2354 inter
727 2316 856 2351 principia
875 2323 894 2350 υ
908 2325 971 2354 gnos
988 2325 1016 2344 se
1027 2321 1185 2354 et_capacer
1203 2316 1239 2354 ad
1256 2316 1442 2354 recipiendam
1456 2316 1614 2350 sapientiam
1628 2324 1698 2354 μνέω-

70 2349 146 2382 quasi
171 2349 332 2382 expositione
353 2349 414 2381 ﬁdei
435 2357 497 2376 usus
522 2350 567 2380 sit,
591 2349 754 2383 proferemus
772 2359 782 2383 ;
801 2349 856 2379 tum

72 2384 188 2424 inde“?
198 2383 388 2424 assignabimus
396 2392 455 2411 eum
467 2385 684 2419 praedicationem
699 2386 858 2414 auctoritate

73 2417 222 2451 apostolira
236 2419 392 2445 custodisse.

186 2452 224 2479 De
238 2452 501 2487 prwfatioue'libror.
522 2454 592 2488 Περὶ
609 2453 720 2489 ἀρχῶν,
738 2463 810 2483 num.
841 2456 859 2483 Ξ

72 2495 99 2515 θ’
186 2521 227 2550 lta
249 2530 315 2550 mss.
331 2522 402 2550 Editi
419 2531 497 2555 vero,
511 2525 683 2552 desuevimut.

105 2567 163 2604 (50)
184 2567 255 2594 Editi
274 2572 303 2595 et
321 2575 386 2596 mss.
415 2568 537 2604 plerique
552 2589 561 2603 ,
588 2569 661 2596 Illud
687 2574 774 2598 tamen
791 2572 857 2599 scire

71 2607 184 2637 oportet.

104 2637 163 2672 (51)
184 2637 347 2674 δὶοηωηηεε
369 2637 448 2672 huius
472 2639 608 2674 Apologia:
624 2647 701 2672 mss.,
725 2645 753 2668 et
768 2641 852 2672 editi;

71 2680 145 2712 [ossa
156 2680 227 2712 vero.
236 2673 450 2712 librorum__IIt-:pl
467 2673 567 2708 ἀρχῶν
577 2683 670 2702 omnes
687 2676 785 2703 habent
794 2685 800 2702 :
809 2678 855 2712 qui

71 2708 190 2742 Spiritus
211 2709 285 2745 dona
306 2709 458 2735 excellentia
478 2715 650 2741 mererentur,
670 2715 695 2737 et
722 2708 856 2745 prtzcipue

70 2745 209 2781 temonis,
228 2743 374 2776 sapientior,
392 2748 415 2770 et
433 2745 555 2781 scientia!
574 2747 689 2780 gratiam
703 2743 749 2780 per
768 2743 854 2781 ipsum

70 2777 199 2811 Spiritum
216 2783 336 2813 sanctum
351 2780 532 2813 percepissent.

105 2814 163 2848 (52)
183 2812 259 2839 Libri
284 2812 321 2838 De
345 2813 481 2851 principiis
507 2820 561 2841 tam
581 2816 645 2843 editi
673 2823 754 2851 quam
771 2824 852 2848 mss..

69 2851 112 2883 qui
128 2855 264 2886 «tumores
278 2852 362 2874 essent
377 2849 526 2882 sapientiai,
545 2849 745 2879 exercitium....
760 2853 787 2878 in
801 2860 854 2886 quo

69 2885 171 2919 ingenii
189 2885 231 2910 uti
242 2883 359 2916 [ructant
373 2887 549 2920 ostenderant,
569 2886 596 2912 Ili
614 2886 733 2914 videlicet
749 2888 793 2921 qui
807 2883 854 2914 ’ἀᾶ-

372 2349 414 2375 dei
435 2357 497 2376 usus
522 2350 567 2388 sit,
591 2349 754 2388 proferemus
772 2349 856 2388 ptum
876 2349 887 2350 ί
905 2349 1042 2388 pararent.
1055 2352 1107 2380 Sed
1123 2358 1219 2378 omnes
1234 2351 1467 2388 hujusApologiw
1481 2349 1544 2378 mss.
1557 2357 1584 2379 et
1595 2349 1698 2379 editiut

908 2386 933 2415 iu
952 2393 1037 2422 textu,
1052 2388 1103 2414 nisi
1118 2388 1189 2421 quod
1199 2394 1249 2413 ms.
1261 2386 1435 2414 Corbeiettsis
1451 2388 1565 2421 omittit,
1575 2393 1598 2414 cl
1612 2389 1698 2415 scien-

907 2429 961 2452 Πίε-

944 2456 999 2494 (55)
1020 2457 1065 2494 Sic
1083 2465 1148 2485 mss.
1163 2457 1341 2494 Sorbonicus,
1364 2461 1391 2484 et
1417 2457 1515 2494 Montis
1526 2457 1561 2494 β.
1576 2457 1697 2484 Michae-

910 2492 953 2525 lis,
972 2500 1004 2519 ac
1015 2493 1061 2520 alii
1077 2501 1142 2520 mss.
1156 2493 1287 2520 librorum
1303 2492 1340 2519 De
1358 2493 1506 2526 principiis.
1520 2492 1615 2520 Cteteri
1633 2500 1699 2520 vero

910 2535 975 2556 mss.
991 2528 1071 2562 hujus
1084 2528 1231 2563 Apologia,
1243 2533 1270 2555 et
1282 2527 1424 2563 Merlinus,
1442 2535 1606 2554 communem
1630 2528 1698 2554 Itane

911 2568 1020 2590 mortem
1046 2571 1104 2589 vere
1123 2562 1253 2590 mortuus.
1273 2562 1476 2593 Genebrardus,
1495 2564 1627 2589 communi
1648 2564 1699 2589 hac

909 2603 992 2625 morte
1006 2606 1064 2624 vere
1075 2603 1206 2632 mortuus,
1231 2599 1332 2625 omisso
1352 2598 1489 2625 sustinuit.
1507 2596 1575 2624 Tum
1598 2598 1697 2625 deinde

908 2634 985 2664 editi.
999 2638 1025 2660 et
1046 2641 1097 2661 ms.
1116 2635 1294 2665 Sorbouicus,
1319 2639 1490 2660 conversatus
1513 2639 1551 2660 est
1570 2641 1629 2660 cum
1656 2635 1698 2660 tli-

908 2668 1016 2701 scipulis
1027 2669 1093 2700 suis,
1104 2673 1128 2694 et
1141 2674 1293 2704 assumptus
1306 2676 1356 2696 ut.
1373 2669 1427 2696 Sed
1439 2669 1528 2696 caeteri
1546 2676 1611 2696 mss.
1627 2674 1655 2695 ut
1669 2669 1697 2695 in

907 2709 993 2731 ιθιιιι.

941 2739 999 2775 (54)
1021 2740 1054 2767 Et
1070 2739 1205 2776 adjungit.
1222 2739 1284 2767 Hazc
1294 2741 1376 2767 verba
1389 2747 1449 2774 quas
1465 2740 1607 2776 proferunt
1619 2741 1697 2774 editi,

907 2781 960 2801 non
976 2781 1135 2810 comparent
1151 2776 1176 2801 iu
1192 2776 1318 2802 outuibus
1334 2783 1401 2802 mss.
1415 2777 1528 2803 nostris.

943 2810 1002 2846 (55)
1024 2811 1105 2844 Editi,
1129 2811 1343 2845 inspiravit....
1364 2813 1410 2844 qui
1432 2811 1459 2838 in
1483 2813 1605 2840 adventu.
1633 2811 1697 2839 Mss.

907 2847 1088 2882 iaspiraurit.
1099 2867 1106 2874 .
1119 2866 1143 2875 ..
1158 2846 1203 2881 qui
1222 2846 1251 2873 in
1266 2847 1417 2874 adventum.
