1909 3080
235 106 283 137 551

833 111 862 140 S.
881 107 1045 141 PAMPHIU
1065 107 1244 141 ΜΑΒΤῩΒῙΒ

1812 113 1866 144 552

233 169 314 205 culpa
328 169 484 199 deterserit.
509 168 563 198 Sed
582 174 610 198 et
628 169 693 206 quis
708 169 763 199 erit
775 160 885 206 tempus
901 179 1025 200 resurre-
1041 174 1064 202 Α
1113 172 1279 202 PAMPHILUS.
1292 172 1325 201 Et
1340 178 1399 209 post
1415 181 1498 209 pauca
1516 173 1553 201 ait
1570 182 1577 200 :

235 216 334 245 ctionis
356 222 536 248 neruosum,
550 223 612 244 cum
625 224 723 252 corpus
733 217 796 249 hoc.
811 217 883 252 quod
894 218 922 245 in
933 226 1020 245 corru-

233 263 319 296 ptione
327 262 482 295 seminatur,
494 267 584 296 surget
601 262 630 289 in
645 263 870 297 incorruptione"
886 268 934 291 :et
951 264 1023 298 quod

234 312 383 340 seminatur
397 311 426 338 in
438 311 595 346 ignominia,
615 317 703 347 surget
722 312 751 339 in
766 312 854 346 gloria
868 312 901 340 “.
922 313 970 342 Est
995 318 1022 341 et

233 356 298 384 illud
306 356 447 383 definitum
458 355 483 383 in
498 355 684 384 ecclesiastica
698 357 902 391 praedicatione,
913 364 1022 385 omnem

231 402 351 429 animam
365 409 427 429 esse
440 402 645 435 rationabilem,
663 402 742 430 liberi
758 402 866 430 arbitrii
881 407 908 431 et
925 403 1022 431 volun-

232 448 296 475 tatis
313 456 321 475 :
337 455 400 475 esse
418 456 528 483 quoque
543 448 568 476 ei
584 454 723 476 certamen
741 449 873 477 adversus
886 449 1021 478 diabolum

230 498 259 521 et
273 493 384 529 angelos
399 494 470 529 ejus,
483 493 695 529 contrariosque
706 494 838 527 virtutes.
855 503 888 523 ex
903 502 937 523 eo
951 495 1022 530 quod

231 538 270 567 illi
286 539 407 574 peccatis
419 547 479 567 cant
495 547 614 568 onerare
627 540 807 573 contendant,
834 547 885 568 nes
910 548 984 573 vero,
998 540 1022 568 si

232 590 305 614 recte
329 586 506 621 consulteque
535 586 670 618 vivamus,
695 587 729 614 ab
747 586 931 622 hujuscemodi
964 587 1021 623 (56)

231 639 314 659 onere
324 639 425 660 exuere
440 640 490 660 nos
506 639 645 661 conemur.
661 632 740 661 Unde
754 637 782 660 et
798 640 968 668 consequens
980 638 1022 660 est

233 679 387 714 intelligam
411 686 465 707 non
493 687 542 707 nos
569 679 725 707 necessitati
741 686 803 707 esse
818 679 970 715 subjectos,
993 684 1022 707 ut

231 725 305 751 omni
316 725 408 758 modo,
424 723 508 752 etiam
523 724 544 752 si
560 725 688 758 nolimus,
709 724 752 752 vel
773 725 842 753 bona
853 744 861 758 ,
884 725 927 752 vel
950 725 1021 753 mala

232 778 314 806 agere
327 779 469 806 cogamur.
487 771 515 799 Si
531 771 604 799 enlm
618 772 705 799 nostri
720 771 828 799 arbitrii
843 779 956 806 sumus,
971 772 1022 799 im-

233 825 355 852 pugnare
378 824 429 844 nos
455 816 574 844 fortasse
601 821 718 852 possunt
735 816 833 852 aliqua:
849 817 965 845 virtutes
986 817 1020 844 ad

231 867 386 898 peccatum,
400 868 428 890 et
443 862 608 897 alitejuvare
630 862 663 890 ad
687 862 824 895 salutem,
849 870 903 890 non
929 868 1019 890 tamen

232 909 394 937 necessitate
406 909 529 943 cogimur
542 909 585 936 vel
604 914 680 936 recte
690 916 780 943 agere,
793 908 834 936 vel
845 909 928 938 male.
943 909 1020 943 Quod
1041 930 1049 938 .

231 955 289 984 fieri
306 955 477 982 arbitrantur
501 955 546 990 qui
572 954 713 983 stellarum
742 962 852 982 cursum
878 960 906 982 et
930 960 1020 983 motus

230 1009 340 1028 causam
368 1000 462 1028 dicuttt
491 1001 672 1028 humanorum
701 1007 761 1028 esse
784 1006 933 1036 gestorum,
966 1008 1019 1028 non

189 1079 197 1091 Ι
229 1053 324 1074 eorum
340 1054 400 1081 qua:
413 1050 490 1074 extra
507 1046 613 1073 arbitrii
630 1046 757 1073 accidunt
772 1045 924 1075 libertatem
935 1067 944 1079 ,
960 1046 1018 1074 sed

229 1100 327 1120 coruut
353 1100 414 1127 quas
442 1093 470 1120 in
497 1097 590 1120 nostra
616 1097 680 1120 sunt
702 1093 788 1127 posita
812 1097 956 1127 potestate.
981 1093 1019 1121 De

229 1141 319 1167 anima
336 1147 414 1171 vero,
435 1139 493 1174 (57)
521 1144 610 1166 utrum
629 1146 662 1165 ea
682 1139 794 1166 seminis
810 1139 922 1167 traduce
937 1139 1019 1168 duca-

231 1191 284 1217 tur.
305 1186 340 1213 ita
361 1191 390 1212 ut
408 1185 477 1212 ratio
492 1184 578 1220 ipsius
603 1184 644 1211 vel
666 1184 819 1212 substantia
835 1185 937 1213 inserta
954 1186 1019 1221 ipsis

229 1232 416 1267 corporalibus
449 1230 599 1258 seminibus
623 1230 768 1264 habeatur,
799 1238 833 1259 an
858 1239 922 1260 vero
946 1232 1018 1260 aliud

230 1279 336 1306 initium
353 1278 452 1305 habeat
468 1286 474 1304 :
491 1282 518 1303 et
540 1277 592 1304 hoc
612 1277 699 1311 ipsum
724 1276 831 1304 initium
855 1277 878 1305 si
896 1278 1017 1313 genitum

229 1328 282 1353 est,
295 1327 341 1350 aut
355 1330 406 1349 uon
426 1322 558 1357 genitum,
579 1322 622 1350 vel
638 1327 713 1350 certe
727 1322 750 1350 si
767 1323 938 1351 extrinsecus
955 1332 1018 1352 cor-

231 1369 289 1404 pori
314 1369 426 1401 inditur,
452 1375 547 1398 necne.
574 1376 627 1395 non
644 1368 712 1396 satis
726 1368 869 1397 manifesta
887 1371 1017 1404 praedica-

229 1415 305 1442 tione
321 1414 509 1447 distinguitur.
525 1413 563 1440 De
574 1413 693 1446 diabolo,
708 1418 735 1441 et
750 1414 855 1450 angelis
869 1415 940 1450 ejus,
951 1423 1017 1450 con.-

230 1460 378 1495 trariisque
395 1459 542 1486 virtutibus
553 1459 741 1487 ecclesiastica
757 1460 915 1494 praedicatio
924 1461 1017 1490 docuit

229 1508 359 1543 quoniam
379 1507 433 1556 sint
457 1505 567 1542 quidem
581 1506 650 1556 .ltatc
666 1515 674 1533 :
691 1514 750 1541 quia
776 1512 866 1535 autem
889 1508 953 1542 sint,
975 1508 1017 1536 vel
1031 1525 1052 1556 ο

229 1553 365 1588 quomodo
386 1552 450 1584 sint,
467 1559 521 1579 non
535 1551 603 1580 satis
622 1551 696 1579 clare
711 1554 848 1588 exposuit.
864 1555 942 1590 Apud
957 1554 1017 1590 plu-

228 1600 314 1628 rimos
339 1605 430 1626 tamen
458 1598 510 1626 ista
536 1598 654 1625 habetur
677 1599 779 1633 opinio.
799 1600 877 1634 [quod
905 1601 1016 1636 angelus

226 1645 310 1675 fuerit
333 1646 384 1673 iste
405 1644 537 1678 diabolus,
554 1651 582 1673 et
598 1649 723 1680 apostata
743 1645 855 1674 effectus
873 1647 1016 1682 quamplu-

227 1694 312 1721 rimos
326 1692 485 1728 angelorum
503 1699 596 1720 secum
611 1692 750 1720 declinare
761 1693 950 1726 persuaserit,
968 1693 1015 1728 qui

226 1745 254 1768 et
281 1749 353 1768 nunc
378 1747 464 1774 usque
490 1738 577 1774 angeli
606 1739 693 1774 ipsius
727 1742 929 1774 nuncupantur.
967 1739 1014 1767 Est

226 1792 359 1823 praeterea
371 1792 399 1814 et
414 1786 477 1814 illttd
490 1787 516 1815 in
527 1786 712 1815 ecclesiastica
725 1785 927 1820 praedicatione,
942 1786 1014 1821 quod

227 1833 344 1860 ntundus
360 1832 411 1859 iste
423 1832 458 1859 sit
472 1832 575 1863 factus,
588 1837 617 1859 et
632 1839 647 1858 a
665 1835 742 1859 certo
757 1835 879 1866 tempore
888 1830 1013 1865 coeperit,

225 1883 254 1906 et
279 1878 315 1905 sit
333 1885 383 1912 pro
399 1877 456 1912 ipsa
486 1877 527 1904 sui
556 1876 732 1912 corruptione
756 1875 902 1903 solvendus
920 1885 927 1902 :
943 1876 1007 1910 quid

225 1929 316 1953 tamen
341 1929 404 1951 ante
422 1924 497 1951 hunc
524 1922 767 1955 mundumfuerit,
795 1927 844 1949 aut
871 1922 935 1957 quid
954 1926 1014 1957 post

226 1970 356 1998 mundum
367 1969 431 2001 erit,
441 1969 496 2004 iam
513 1977 564 1997 nott
586 1975 637 2003 pro
653 1967 807 1995 manifesto
824 1966 915 1994 multis
933 1967 1014 1994 inno-

224 2017 277 2045 tuit
292 2025 299 2042 :
313 2024 368 2044 non
396 2017 469 2043 enim
491 2015 636 2043 evidenter
651 2015 684 2042 de
702 2014 752 2041 vltis
774 2014 801 2041 in
824 2013 1011 2042 ecclesiastica

225 2063 416 2098 praedicatione
441 2069 532 2089 sermo
557 2060 706 2096 profertur.
734 2059 803 2087 Tum
819 2059 916 2087 deinde
940 2061 1012 2094 quod

224 2116 274 2144 per
290 2107 419 2142 Spiritum
452 2107 497 2135 Dei
527 2106 677 2140 Scriptura:
702 2106 864 2140 conscripta:
893 2105 962 2139 sint,
985 2109 1013 2132 et

223 2161 334 2182 sensum
348 2153 477 2184 habeant,
499 2160 553 2180 non
574 2160 636 2180 eum
650 2151 737 2180 solum
754 2152 801 2186 qui
822 2151 850 2180 in
866 2150 1010 2179 manifesto

1111 219 1254 248 Oatosnss.
1268 229 1278 246 t
1293 219 1341 247 Est
1354 221 1435 247 etiam
1451 221 1514 248 illud
1528 221 1555 248 in
1567 220 1754 249 ecclesiastica
1764 222 1865 255 praedio

1075 266 1202 297 catione,
1228 272 1289 293 esse
1314 265 1426 301 angelos
1452 266 1498 293 Dei
1522 267 1664 301 quosdam.
1688 272 1717 295 et
1744 267 1863 296 virtutes

1075 311 1170 343 bonas,
1187 311 1232 346 qui
1243 310 1270 338 ei
1287 310 1444 338 ministrent
1457 312 1490 339 ad
1510 312 1623 339 salutem
1639 313 1779 340 hominum
1795 321 1862 341 con-

1074 357 1274 385 summandam:
1285 358 1332 385 sed
1339 358 1446 393 quando
1454 357 1497 385 isti
1507 358 1588 385 creati
1603 358 1666 387 sint.
1674 358 1732 393 (58)
1743 359 1783 385 vel
1793 367 1862 393 qua—

1074 403 1123 435 les,
1140 409 1187 430 aut
1198 405 1334 439 quomodo
1344 404 1409 436 sint,
1421 412 1473 431 non
1491 404 1557 431 satis
1570 404 1596 431 in
1608 405 1752 432 manifesto
1763 404 1862 432 distin-

1073 450 1174 484 guitur.
1203 450 1239 478 De
1252 450 1308 478 sole
1322 456 1428 483 autem,
1452 456 1479 478 et
1495 451 1568 483 luna,
1594 456 1622 478 et
1644 451 1742 484 stellis,
1766 456 1861 479 utrum

1074 497 1222 526 animantia
1234 497 1299 528 sint,
1313 505 1346 525 an
1362 498 1498 530 exanima,
1511 496 1652 525 manifeste
1667 505 1720 525 non
1732 498 1862 526 traditur.

1073 542 1187 577 Oportet
1202 543 1284 578 igitur
1298 543 1371 571 velut
1386 543 1527 571 elementis
1549 551 1580 570 ac
1602 543 1787 571 fttudamentis
1807 544 1860 571 hu-

1071 588 1186 622 iusmodi
1202 589 1252 621 uti,
1264 589 1413 616 secundum
1429 589 1583 616 mandatum
1599 590 1672 624 quod
1683 589 1750 616 dicit
1764 597 1770 616 :
1786 588 1860 616 Illit-

1072 636 1170 661 minate
1184 634 1255 661 vobis
1268 634 1355 661 lumen
1370 634 1486 661 scimtitz
1496 632 1531 667 ¹⁸,
1541 640 1602 660 eum
1616 634 1661 668 qui
1673 634 1747 668 cupit
1758 634 1861 662 seriem

1073 680 1216 714 quamdam
1243 685 1270 707 et
1295 687 1394 714 corpus
1416 687 1449 707 ex
1472 680 1570 707 horum
1598 680 1719 707 omnium
1751 680 1859 707 ratione

1072 726 1219 760 conﬁt-ere,
1231 731 1262 754 ut
1274 726 1424 755 manifeStis
1441 731 1469 755 et
1486 726 1648 756 necessariis
1660 726 1860 754 assertionibus

1071 771 1104 799 de
1118 772 1232 807 singulis
1249 773 1400 807 quibusque
1411 772 1476 807 quid
1499 772 1535 800 sit
1553 772 1579 799 in
1601 779 1666 800 vero
1684 772 1812 804 rimetur,
1831 776 1859 799 et

1072 827 1166 852 unum,
1185 823 1213 846 ut
1228 818 1358 852 diximus,
1370 825 1469 854 corpus
1484 818 1584 846 eﬂlciat
1601 818 1733 853 exemplis
1748 822 1776 846 et
1790 818 1860 846 ailir-

1072 866 1248 899 mationibus,
1266 864 1309 892 Vel
1323 864 1365 893 bis
1377 872 1445 899 quas
1459 865 1486 892 in
1502 865 1605 894 sanctis
1616 864 1766 899 Scripturis
1780 865 1859 892 inve-

1071 913 1151 943 nerit,
1165 912 1206 939 vel
1222 917 1290 946 quas
1307 919 1340 939 ex
1356 911 1557 946 consequentia:
1571 911 1656 946 ipsius
1671 911 1809 947 indagine.
1827 920 1860 939 ac

1071 959 1138 986 recti
1155 963 1250 986 tenore
1265 958 1409 994 repererit.
1432 969 1441 985 t

1106 1004 1270 1033 PAIPIIIHJS.
1299 1005 1355 1041 (59)
1382 1003 1444 1032 Haec
1476 1004 1585 1039 quidem
1618 1004 1690 1031 inter
1721 1003 1859 1038 principia

1071 1050 1150 1086 primi
1166 1051 1226 1078 libri
1240 1051 1309 1086 Περὶ
1319 1049 1421 1086 ἀρχῶν
1435 1050 1573 1084 disseruit,
1589 1054 1617 1077 ut
1630 1049 1785 1078 ostenderet
1797 1056 1859 1084 qua:

1069 1096 1125 1124 sint
1136 1096 1180 1123 illa
1188 1103 1254 1131 qua:
1268 1096 1411 1124 manifeste
1426 1096 1456 1123 in
1471 1095 1653 1123 ecclesiastica
1666 1095 1859 1130 praedicatione

1071 1143 1168 1170 tradita
1181 1147 1255 1174 sunt,
1272 1147 1299 1170 et
1314 1150 1375 1177 qua:
1389 1142 1444 1169 sint
1461 1149 1521 1177 qua:
1537 1149 1588 1169 non
1611 1147 1706 1177 aperte
1721 1141 1858 1169 definiun-

1070 1189 1126 1212 tur.
1145 1185 1182 1212 De
1194 1185 1294 1219 quibus
1309 1184 1426 1219 singulis
1443 1184 1591 1212 secundum
1600 1191 1663 1212 eam
1672 1183 1838 1212 divisionem
1848 1205 1857 1217 ,

1069 1237 1152 1265 quant
1169 1237 1252 1265 supra
1274 1231 1394 1258 ostendit
1406 1251 1414 1264 ,
1430 1231 1547 1265 sparsim
1571 1230 1692 1264 disputat
1707 1230 1735 1257 in
1751 1229 1858 1264 reliquo

1069 1283 1185 1310 corpore
1196 1276 1345 1308 librorum.
1361 1283 1392 1304 ea
1409 1277 1518 1311 quidem
1538 1283 1598 1310 quae
1609 1282 1642 1303 ex
1658 1275 1772 1303 definito
1784 1283 1856 1310 pra:-

1069 1321 1154 1348 dicari
1168 1321 1202 1348 ab
1218 1320 1341 1352 Ecclesia
1353 1328 1437 1356 supra
1458 1320 1562 1354 docuit,
1577 1320 1707 1349 omnibus
1724 1321 1857 1348 adhibitis

1069 1368 1267 1403 probamcntis,
1291 1375 1323 1396 ex
1337 1367 1489 1403 Seripturis
1505 1367 1609 1396 sanctis
1631 1367 1805 1396 manifestius
1827 1373 1858 1395 et

1068 1413 1239 1441 constantius
1249 1419 1395 1446 asserens;
1413 1413 1446 1440 de
1457 1413 1501 1441 his
1517 1419 1582 1440 vero
1598 1413 1632 1440 de
1645 1412 1746 1448 quibus
1763 1417 1856 1440 osten-

1068 1460 1108 1488 dit
1126 1467 1181 1488 non
1196 1459 1351 1492 manifeste,
1374 1466 1463 1494 neque
1490 1467 1523 1487 ex
1547 1459 1660 1487 definito
1686 1459 1714 1487 in
1730 1458 1854 1486 Ecclesia

1068 1507 1221 1543 praedicari,
1235 1505 1410 1541 opinionibus
1427 1505 1524 1541 magis,
1543 1511 1571 1533 et
1592 1505 1635 1534 his
1658 1505 1785 1533 sensibus
1806 1504 1854 1540 qul

1070 1553 1220 1588 disputanti
1236 1552 1261 1579 ei
1272 1556 1301 1579 et
1315 1551 1445 1580 tractanti
1461 1552 1494 1579 de
1518 1551 1616 1579 talibus
1631 1557 1780 1579 occurrere
1803 1558 1856 1585 po-

1070 1603 1191 1632 tuerunt,
1205 1606 1287 1634 quam
1301 1599 1383 1626 certis
1399 1597 1536 1633 aliquibus
1547 1604 1579 1625 ac
1593 1597 1714 1625 definitis
1726 1597 1857 1625 assertio-

1069 1645 1149 1673 nibus
1163 1645 1260 1676 utitur,
1276 1643 1301 1671 id
1316 1648 1370 1675 est.
1383 1643 1531 1671 discutiens
1540 1647 1568 1671 et
1581 1646 1753 1678 pertractans
1765 1642 1855 1676 potius

1068 1699 1150 1726 quam
1172 1690 1319 1718 aﬂirmans.
1342 1689 1370 1718 ln
1396 1689 1521 1717 omnibus
1540 1694 1629 1717 tamen
1655 1689 1793 1716 sermonis
1813 1688 1854 1715 sui

1069 1736 1204 1769 meminit,
1219 1735 1278 1771 ejus
1296 1743 1377 1771 quem
1389 1743 1471 1770 supra
1489 1735 1625 1770 exposuit,
1646 1742 1708 1763 cum
1722 1736 1763 1762 ait
1779 1734 1854 1762 illaut

1068 1783 1152 1811 solam
1172 1782 1355 1817 recipiendam
1379 1786 1408 1809 et
1431 1780 1593 1809 credendam
1617 1788 1679 1809 esse
1698 1781 1854 1813 veritatem.

1067 1836 1129 1864 qua:
1147 1829 1174 1856 in
1200 1828 1272 1856 nullo
1290 1827 1447 1862 apostolicis
1465 1833 1492 1855 et
1507 1826 1702 1855 ecclesiasticis
1721 1827 1856 1862 dogmati—

1068 1876 1118 1903 bus
1131 1875 1292 1903 adversatur
1310 1878 1359 1902 :et
1380 1882 1432 1901 non
1448 1873 1535 1901 solum
1553 1873 1579 1900 itt
1594 1873 1635 1901 his
1644 1873 1721 1901 libris
1737 1879 1853 1908 quorum

1067 1928 1151 1956 supra
1169 1921 1284 1949 fecimus
1301 1920 1467 1948 mentionem
1477 1940 1486 1954 ,
1507 1920 1554 1947 sed
1567 1924 1595 1947 et
1608 1920 1634 1947 in
1649 1919 1779 1947 omnibus
1794 1926 1854 1954 quae

1066 1969 1102 1997 de
1125 1968 1278 2003 Scripturis
1291 1969 1414 2002 exponit,
1439 1967 1491 1994 hac
1506 1967 1640 1994 sententia
1662 1965 1701 1993 uti
1721 1965 1806 1998 solet,
1827 1970 1853 1992 et

1066 2014 1094 2041 in
1117 2013 1160 2041 ltis
1179 2013 1315 2048 pratcipue
1336 2012 1364 2039 in
1393 2012 1492 2046 quibus
1514 2011 1606 2046 plures
1630 2011 1711 2038 unius
1739 2009 1851 2053 capituli

1066 2059 1305 2094 interpretationes
1321 2058 1444 2093 exponit,
1465 2057 1517 2085 ltoc
1535 2064 1674 2090 asserens,
1693 2063 1724 2084 se
1739 2056 1849 2092 quidem

1065 2113 1100 2134 lle
1113 2105 1178 2140 quid
1191 2106 1263 2140 quod
1276 2104 1331 2132 dici
1348 2104 1434 2139 possit
1451 2104 1600 2136 omitteret,
1616 2102 1692 2138 plura
1711 2102 1755 2130 vel
1767 2103 1851 2130 diver-

1066 2159 1107 2183 sa,
1123 2155 1204 2186 prout
1228 2151 1331 2178 sentire
1357 2150 1455 2185 potuit,
1479 2148 1641 2185 protulisse;
1669 2148 1734 2176 illud
1760 2153 1850 2176 autem

222 2205 274 2231 est.
291 2199 338 2227 sed
351 2203 378 2226 et
386 2199 469 2226 alium
482 2197 627 2234 quemdam
639 2197 769 2226 latentem
783 2197 1009 2233 quamplurimos.
1027 2209 1049 2236 ι)
1065 2197 1166 2226 debere
1183 2198 1270 2225 teneri
1283 2197 1358 2232 quod
1375 2196 1540 2232 apostolicus
1551 2201 1633 2231 atque
1647 2194 1851 2223 ecclesiasticus

221 2245 328 2273 Formm
338 2245 410 2273 ettint
426 2250 489 2273 sunt
506 2245 562 2272 haec
577 2252 638 2279 quae
650 2244 751 2279 scripta
765 2248 830 2271 sunt
848 2251 1008 2271 sacramen-

223 2296 311 2320 torum
331 2291 520 2326 quorumdam.
538 2295 565 2318 et
577 2290 736 2318 divinarum
753 2297 844 2318 rerum
858 2290 1008 2325 imagines':

222 2337 256 2364 de
267 2345 320 2371 quo
338 2337 419 2364 totius
433 2335 562 2363 Ecclesiae
582 2344 653 2364 unus
673 2340 715 2364 est
733 2343 830 2364 sensus
842 2355 851 2369 ,
872 2344 933 2364 esse
950 2336 1011 2371 qui-

222 2380 283 2410 de'm
295 2388 401 2409 omnem
416 2382 504 2416 legem
518 2381 669 2416 spiritalem
683 2402 693 2416 ,
719 2389 772 2409 non
797 2386 887 2409 tamen
904 2389 935 2409 ea
950 2390 1011 2416 quae

223 2430 308 2464 spirat
322 2428 376 2460 lex,
389 2435 449 2455 esse
466 2427 593 2455 omnibus
610 2433 688 2461 nota,
706 2428 757 2456 nisi
780 2428 822 2456 Itis
834 2428 898 2456 solis
910 2428 1010 2463 quibus

221 2475 307 2510 gratia
321 2473 437 2507 Spiritus
446 2474 533 2501 sancti
546 2473 572 2500 itt
583 2474 668 2501 verbo
686 2474 827 2509 sapientia:
842 2482 874 2502 ac
888 2475 1009 2502 scientia:

219 2522 396 2550 condonatur.
416 2530 425 2546 ι

256 2568 278 2584 ¹³
292 2567 302 2594 l
315 2567 377 2594 Cor.
394 2575 437 2596 xv.
453 2567 498 2595 49..
537 2568 634 2595 “ibid.
649 2568 693 2595 4'5.
732 2567 753 2583 ¹⁸
776 2567 838 2597 Ose.
862 2577 889 2600 κ,
913 2568 956 2595 12.

256 2615 311 2650 ιῦϐ)
330 2615 393 2650 Mss.
409 2615 529 2649 plerique
551 2615 680 2642 outittunt
705 2623 793 2647 onere,
818 2615 889 2649 quod
913 2620 1003 2643 exstat

220 2651 246 2678 in
260 2649 353 2677 editis.
368 2649 417 2678 Ms.
430 2650 604 2681 Sorltouicus.
622 2655 649 2677 et
663 2650 732 2677 alter
745 2651 775 2678 ὃ.
797 2650 886 2678 Vitoui
903 2651 1003 2678 habent

219 2686 293 2712 clade
308 2693 357 2720 pro
376 2693 463 2713 onere.
490 2686 591 2712 Deinde
611 2693 661 2712 nts.
681 2686 849 2713 Sorbuuitms
861 2706 869 2717 ,
886 2686 1000 2712 necessi-

219 2726 272 2747 tate
287 2729 343 2747 ειη
357 2720 487 2755 subjectos
500 2729 510 2747 :
524 2721 614 2748 cstteri
631 2729 696 2748 vero
722 2728 786 2748 mss.
813 2727 840 2748 et
852 2721 916 2747 editi
929 2740 937 2752 ,
957 2729 1003 2748 ne-

219 2757 338 2782 cessitate
351 2763 407 2782 esse
418 2755 560 2789 subjectos.

255 2789 311 2824 (57)
325 2790 455 2817 Merlinus
468 2791 556 2822 habet,
576 2796 664 2818 utrum
677 2799 710 2818 ea:
721 2792 817 2818 semine
833 2791 1001 2818 traducatur.

220 2824 428 2857 Gettcbrartlus,
452 2831 538 2852 utrum
563 2834 596 2853 ca:
619 2827 716 2853 semine
734 2826 853 2853 traducit
876 2825 999 2854 ditentur.

1064 2243 1150 2272 lector
1165 2244 1302 2278 probaret.
1323 2243 1381 2271 Hoc
1398 2244 1468 2271 ident
1486 2243 1644 2271 facitetiam
1662 2249 1724 2269 cum
1738 2241 1850 2269 haereti-

1063 2297 1159 2318 corum
1176 2290 1287 2318 discutit
1303 2295 1393 2318 sectas
1411 2301 1417 2318 :
1434 2290 1533 2325 quibus
1554 2289 1682 2316 omnibus
1702 2287 1849 2316 confutatis

1063 2341 1146 2371 atque
1162 2337 1304 2369 convictis,
1320 2343 1401 2363 uuam
1419 2336 1516 2369 solam,
1538 2342 1652 2370 eamque
1665 2341 1748 2369 quam
1769 2341 1848 2367 supra

1062 2381 1199 2417 exposuit,
1214 2381 1361 2413 ,catltolicte
1375 2381 1498 2409 veritatis
1520 2380 1682 2408 sententiam
1702 2383 1789 2407 tenet.
1813 2378 1849 2406 De

1063 2428 1161 2463 quibus
1182 2427 1295 2463 singulis
1320 2427 1437 2462 qualiter
1463 2425 1633 2461 responderit
1653 2424 1803 2458 haereticis,
1824 2427 1849 2450 ct

1062 2475 1198 2510 quomodo
1213 2475 1340 2502 universa
1356 2481 1450 2502 eorum
1474 2473 1598 2508 dogmata
1615 2472 1777 2504 destruens,
1795 2471 1848 2505 ipse

1061 2527 1169 2555 semper
1180 2521 1356 2555 apostolicam
1370 2518 1570 2548 cauilrmaverit
1587 2518 1666 2545 fidem
1675 2537 1683 2550 ,
1697 2517 1720 2544 si
1732 2516 1847 2544 velimus

1057 2615 1110 2643 Sed
1124 2622 1219 2642 omnes
1239 2621 1304 2641 mss.
1319 2613 1398 2650 utin
1416 2618 1516 2650 nostro
1546 2617 1631 2640 testu.
1662 2611 1767 2650 Deinde
1792 2619 1842 2650 ms.

1057 2650 1243 2681 Sorlwnicus,
1257 2649 1360 2682 corpori
1374 2649 1506 2679 induitur,
1534 2655 1580 2676 nec
1603 2655 1645 2679 ne,
1672 2647 1737 2674 satis
1760 2647 1843 2673 niani-

1055 2686 1123 2720 fcsta
1136 2685 1324 2720 prtudiculione
1339 2684 1518 2720 distinguitur.

1091 2716 1148 2754 (58⁷)
1170 2719 1214 2746 Vel
1227 2719 1327 2753 quales.
1349 2716 1623 2746 lltee'desiderantur
1653 2717 1679 2744 in
1703 2716 1801 2750 editis,
1816 2719 1842 2742 ct

1056 2756 1234 2782 restituuntur
1247 2761 1279 2780 ex
1299 2761 1363 2780 mss.

1091 2790 1147 2826 (59)
1162 2789 1197 2816 ltu
1215 2796 1280 2816 tnss.
1307 2789 1376 2817 Editi
1393 2796 1466 2822 vero,
1494 2787 1558 2816 11th
1576 2788 1679 2822 quidem
1700 2787 1729 2815 in
1743 2786 1842 2822 princi-

1053 2826 1107 2860 pia,
1123 2831 1176 2852 etc.
