1909 3080
83 137 138 166 555

653 136 823 165 APOLOGIA
844 135 911 163 PRO
930 135 1090 164 ORIGENE.

1652 137 1704 165 534

83 201 180 222 oumes
193 194 345 222 sententias
359 195 418 229 ejus
431 201 598 230 congregare
610 215 618 228 ,
638 199 665 223 et
680 195 789 229 longum
807 194 872 220 satis
888 195 908 222 Α
923 193 1079 224 conﬁtetur,
1097 198 1123 220 et
1138 198 1228 220 tamen
1246 193 1327 220 alittm
1343 193 1427 220 Deum
1444 193 1508 228 legis
1523 197 1549 220 et
1563 194 1705 229 propheta-

83 245 137 272 εει,
165 246 193 268 et
208 241 262 268 erit
283 246 338 268 tam
364 242 442 268 nobis
466 241 511 276 qui
540 241 688 268 scribimus
714 248 870 273 onerosum,

82 294 165 322 quam
181 286 333 322 legentibus
350 288 501 314 tzdiosum.
524 286 576 314 Sed
597 286 693 314 sufﬁcit
706 295 790 322 pauca
808 294 871 321 pro—

83 332 167 365 ferre,
185 332 210 359 in
227 333 327 367 quibus
343 334 465 361 omnium
480 334 603 368 profecto
623 333 700 360 facile
711 333 872 367 dignoscen-

84 382 128 405 tur
144 378 258 404 iudicia.
281 376 374 412 Neque
387 379 460 406 enim
476 384 571 406 contra
586 378 691 406 Domini
709 379 870 405 sententiam

82 424 256 451 santiendum
281 429 334 456 est,
359 429 388 451 ut
410 425 455 460 qui
475 425 501 452 in
526 426 619 460 paucis
643 425 780 452 invenitur
806 425 871 452 tide-

83 469 128 501 lis,
160 477 214 497 non
237 470 319 497 etiam
355 470 382 497 in
411 470 503 498 multis
539 475 567 498 et
601 471 692 498 haberi
723 471 819 498 debeat
844 474 870 497 ot

82 516 157 543 credi
172 516 260 544 fidelis
270 517 302 544 ιε.
319 517 437 544 Primum
448 525 515 553 ergo
527 525 561 546 ex
577 518 635 552 ejus
649 517 726 545 libris
739 524 870 552 ponemus

81 561 236 596 exemplum
252 562 323 596 quod
338 562 376 589 illi
395 563 528 598 superiori
542 563 696 594 conveniat.
708 570 741 590 ex
756 570 788 590 eo
800 562 869 589 libro

87 613 171 641 quem
189 607 216 633 in
229 607 377 641 Epistolam
389 607 463 635 Pauli
481 608 595 643 apostoli
608 608 640 635 ad
655 608 745 634 Titum
761 607 870 641 scripsit

83 652 119 679 dc
134 659 168 679 eo
183 652 302 686 capitqu
321 653 346 680 in
365 660 418 688 quo
440 653 504 681 dicit
524 653 692 688 Apostolus:
710 652 869 679 ereticum

79 696 215 724 hominem
229 703 287 732 post
300 698 355 733 (60)
373 707 454 726 unam
477 699 665 733 correptionem
678 698 773 730 devita,
785 698 868 725 sciens

81 745 146 780 quia
157 753 294 780 pervorsus
305 751 354 780 est,
363 751 387 772 et
398 751 497 781 peccat,
510 747 555 782 qui
566 751 603 774 est
612 756 627 774 a
642 747 778 782 semetipso
789 747 867 773 dam-

80 795 162 817 natus
178 790 212 815 ".
228 790 284 826 (6t)
304 791 339 818 De
358 798 412 825 quo
427 792 493 819 dicit
506 791 593 827 qualis
606 791 641 819 sit
653 792 697 826 qui
713 791 866 826 hereticus,

86 841 116 863 et
129 836 220 870 qualis
232 837 266 864 sit
282 837 326 871 qui
342 837 493 865 catholicus
503 842 545 865 est
557 842 585 865 et
596 838 807 866 ecclesiasticus.

114 881 262 910 Osteznss.
289 882 346 918 (62)
366 891 376 908 ι
408 883 510 910 Nomen
532 883 654 916 luercsis,
672 888 800 918 quantum
816 891 866 919 ego

78 927 285 961 deprehendere
312 928 397 962 potui,
426 927 508 956 etiam
527 929 555 955 in
571 928 690 963 Epistola
710 929 743 956 ad
769 928 866 956 Corin-

78 972 153 1000 thios
171 973 331 1007 designatur
357 973 409 1001 hoc
432 974 512 1001 modo
531 983 537 1001 :
554 973 662 1005 Oportet
675 975 744 1001 enim
755 973 866 1002 Irrereses

76 1025 145 1051 esse,
162 1023 190 1044 ut
204 1019 307 1051 probati
321 1018 455 1052 manifesti
475 1019 541 1053 ﬁant
558 1020 628 1046 inter
642 1028 685 1047 vos
709 1020 741 1046 η.
767 1020 801 1047 Ει
817 1021 866 1047 itc-

78 1071 140 1090 rum
153 1063 187 1090 ad
202 1063 312 1090 Galatas
334 1064 407 1091 inter
419 1071 500 1099 opera
522 1065 611 1092 carnis
632 1065 741 1092 haeresis
759 1072 866 1100 qttoque

77 1115 181 1136 nomen
207 1110 360 1142 ascribitur,
377 1110 448 1137 sicut
464 1111 502 1137 ait
518 1119 525 1138 :
543 1110 688 1146 Manifesta
705 1116 790 1137 autem
806 1116 865 1138 sunt

76 1161 161 1188 opera
180 1155 278 1186 contis,
296 1163 354 1190 qua:
369 1160 430 1182 sunt
446 1156 597 1190 fornicatio,
615 1157 799 1188 inmunditia,
816 1157 866 1184 im-

75 1197 382 1232 pudicitia,idoloiatria
393 1220 401 1233 ,
413 1200 544 1234 veneﬁcia,
560 1201 715 1231 inimicitiae.
724 1201 865 1228 contentio-

77 1251 138 1276 nes,
155 1244 353 1276 emulationes,
373 1246 420 1272 ira:
432 1265 441 1278 ,
460 1246 541 1278 rixae,
561 1246 717 1278 discordiae,
734 1246 844 1273 ha’reses
857 1266 864 1278 ,

75 1289 228 1322 ebrietates.
247 1290 458 1323 comessationes,
472 1297 496 1318 et
509 1291 550 1318 his
561 1291 671 1324 similia,
685 1299 744 1324 qua:
760 1297 783 1318 et
793 1299 864 1325 pra:-

75 1335 139 1362 dico
151 1336 223 1362 vobis
231 1336 355 1370 quoniam
366 1337 412 1371 qui
427 1336 492 1363 talia
507 1341 599 1371 agunt,
619 1344 727 1371 regnum
746 1336 792 1363 Dei
813 1344 865 1363 non

74 1380 246 1414 possidebunt
258 1380 302 1410 η’.
311 1379 362 1408 Per
373 1387 432 1415 qua:
442 1381 642 1416 cognoscimus,
657 1380 784 1415 quoniam
796 1380 866 1408 sicut

75 1426 104 1453 hi
124 1427 170 1460 qui
191 1426 413 1454 fornicationihus
426 1427 468 1454 vel
485 1427 684 1459 immunditiis,
710 1431 791 1460 atque
811 1426 863 1454 im-

73 1472 238 1506 pudicitiis,
267 1476 294 1499 et
320 1472 455 1500 idolorum
482 1472 599 1500 cultibus
623 1472 750 1500 maculati
778 1477 862 1505 sunt,

77 1525 193 1553 regnum
210 1518 256 1545 Dei
274 1526 327 1545 non
338 1519 525 1553 possidebunt,
541 1519 578 1546 ita
598 1519 659 1546 ethi
674 1519 719 1553 qui
740 1518 765 1546 in
777 1519 864 1547 hatre-
876 1531 899 1562 ο

75 1563 129 1590 sim
145 1563 356 1591 declinaverint.
375 1563 469 1599 Neque
488 1565 560 1592 enim
576 1565 724 1598 putandum
739 1569 780 1592 est
795 1565 863 1592 tanti

75 1608 192 1642 apostoli
215 1614 269 1636 tam
286 1609 438 1638 absolutam
455 1610 617 1637 sententiam
644 1617 723 1642 posse
743 1610 796 1637 ullo
818 1618 863 1645 ge-

75 1662 143 1683 nere
157 1655 299 1683 vacillare.
317 1656 462 1691 Apostolus
476 1657 548 1684 enim
571 1659 613 1684 est
637 1657 756 1684 omnium
771 1657 863 1684 Eccle-

73 1701 179 1728 siarum
195 1700 296 1729 Christi
311 1721 319 1734 ,
337 1710 391 1730 non
407 1703 441 1729 ab
456 1702 576 1734 homine,
593 1709 680 1736 neque
706 1709 753 1736 per
776 1702 863 1730 homi-

75 1754 151 1779 nem,
175 1747 223 1774 sed
245 1755 294 1782 per
317 1747 409 1776 Jesum
435 1748 572 1776 Christum
595 1752 622 1775 et
646 1747 729 1775 Deum
754 1748 860 1776 Patrem

73 1793 179 1820 electus
196 1793 228 1820 ".
243 1793 389 1829 Propterea
407 1801 484 1829 ergo,
499 1793 650 1821 secundum
673 1795 860 1822 auctoritatem

74 1839 217 1867 sententia
235 1839 319 1874 ipsius
333 1858 340 1871 ,
362 1843 469 1875 oportet
493 1847 543 1867 nos
567 1839 640 1867 sicut
660 1841 762 1875 reliqua
792 1841 860 1869 mala

73 1892 137 1920 quae
152 1884 208 1920 (63)
226 1886 388 1918 numeravit,
405 1886 441 1913 ita
453 1885 535 1914 etiam
547 1893 644 1914 nomen
661 1886 770 1914 haeresis
784 1887 861 1915 devi-

74 1935 146 1964 tare,
174 1938 263 1966 neque
285 1938 346 1960 cum
374 1931 472 1960 talibus
496 1933 628 1961 orationis
659 1933 791 1962 societate
811 1935 861 1962 mi-

72 1977 156 2005 sceri.
165 1986 184 2007 r;

109 2021 273 2051 PAIPIIILUS.
291 2022 325 2049 Et
344 2027 404 2057 post
428 2023 502 2057 hrec,
521 2023 614 2058 paucis
635 2023 796 2059 quibusdam
812 2031 860 2059 per

75 2067 196 2095 medium
207 2068 326 2102 insertis,
342 2067 456 2100 adjecit:

108 2112 257 2141 ORIGENES.
280 2122 289 2139 ι
304 2113 373 2147 Quid
396 2121 462 2142 vero
476 2114 511 2142 sit
532 2113 676 2142 haereticus
695 2115 775 2142 homo
786 2135 794 2146 .
810 2122 859 2150 pro

72 2159 178 2188 viribus
192 2160 305 2193 nostris,
321 2162 470 2188 secundum
487 2160 559 2195 quod
573 2161 675 2188 sentire
689 2160 744 2196 (64)
763 2168 859 2196 possu-

72 2213 145 2239 mus,
159 2206 359 2234 describamus.
380 2206 474 2234 Omnis
501 2207 546 2242 qui
566 2206 674 2234 Cbristo
695 2214 724 2234 se
747 2207 857 2235 credere

108 2264 133 2280 “
151 2263 219 2292 Luc.
235 2264 350 2295 “1.10.
386 2265 406 2281 ¹⁷
425 2264 479 2293 Tit.
502 2273 544 2297 ttr,
569 2264 614 2298 10,
636 2266 679 2293 Η.

69 2306 132 2333 vnt,
153 2299 200 2331 20,
221 2299 266 2333 ἦ,
280 2299 326 2326 26.

120 2358 167 2394 60)
183 2357 284 2386 Omnes
298 2366 361 2386 mss.
378 2367 469 2388 unam.
485 2358 570 2390 Editi,
583 2359 698 2387 'trinam.

121 2393 165 2431 6t)
185 2393 223 2431 De
236 2402 286 2431 quo
302 2394 365 2422 dicit
379 2395 465 2429 qualis
481 2396 513 2431 sit
528 2395 573 2431 qui
586 2395 734 2431 hereticus,
751 2400 775 2431 et
788 2403 855 2431 qna-

71 2429 105 2456 lis
117 2430 150 2456 sit
162 2430 208 2464 qui
220 2430 363 2457 catholicus
373 2435 411 2456 est
424 2434 446 2456 et
458 2429 659 2456 ecclesiasticus.
688 2430 749 2456 lltcc
759 2429 856 2459 desunt

70 2466 99 2492 in
112 2465 241 2491 omnibus
255 2472 320 2498 mss.
339 2465 450 2497 nostris,
467 2466 513 2491 sed
529 2469 636 2492 exstant
651 2465 677 2490 in
691 2465 782 2492 editis.

118 2499 164 2534 6'2)
176 2499 216 2526 Ex
234 2498 434 2526 Commentariis
449 2501 475 2525 in
497 2498 581 2534 Epist.
598 2499 632 2525 ad
650 2499 749 2526 Titum.

118 2534 165 2570 63)
178 2534 261 2566 Editi,
276 2539 468 2565 numeraverat,
485 2534 522 2560 ita
540 2542 632 2561 nomen
655 2535 772 2565 Itteresis,
798 2538 851 2562 etc.

72 2569 137 2597 llas.
153 2569 311 2600 numeravit.
328 2569 366 2595 ita
381 2569 460 2596 etiam
477 2577 570 2596 nomen
583 2569 699 2600 Itwresis,
715 2574 769 2596 etc.

108 2604 167 2640 (64)
185 2604 268 2640 Editi,
293 2604 436 2638 possimus.
449 2622 492 2631 ...
515 2605 559 2638 qui
581 2612 607 2631 se
626 2604 729 2631 Christo
749 2604 854 2631 credere

71 2638 222 2676 profitetur:
237 2638 302 2667 Mss.
316 2646 378 2676 vero
392 2641 455 2676 utin
472 2643 556 2666 testu.

109 2675 169 2710 (65)
194 2674 258 2702 Mss.
275 2674 380 2710 nostri!
390 2675 518 2701 omittunt
533 2677 683 2710 sectatores
697 2681 707 2700 :
724 2677 751 2700 et
774 2673 854 2710 paulo

72 2707 133 2746 post
150 2707 225 2746 recte
239 2709 339 2746 habent
353 2708 514 2746 _Tethianos._
525 2708 660 2746 (Merliuus
686 2716 760 2741 vero,
774 2707 852 2737 'Etlt-

72 2743 184 2778 inanos;
200 2744 404 2776 Genebrardus,
416 2743 608 2778 Eutychianos.
788 2770 791 2772 _

106 2780 165 2816 (66)
181 2779 333 2816 Τειὴὶαηοσ.
353 2778 390 2816 l_ta
404 2779 611 2816 qui_detn_m_ss_.;
634 2778 850 2816 _sed_legen_durn

72 2812 180 2843 videtur
198 2814 338 2845 Tatianos,
352 2814 385 2840 de
398 2814 495 2847 quibus
510 2812 675 2847 Epiphanius
692 2812 789 2840 haeresi
804 2812 851 2845 26.

73 2851 108 2878 al.
122 2850 169 2877 46.
187 2849 278 2876 Editio
295 2856 361 2875 nova
377 2848 563 2882 llieronymia
577 2847 608 2874 D.
630 2852 723 2874 nostro
743 2847 852 2874 Martia-

76 2893 134 2914 nazo
147 2885 255 2920 vulgata
270 2883 350 2910 habet
369 2881 506 2910 lit/tiones.
532 2881 653 2911 llusrtus
672 2883 699 2910 in
716 2882 850 2910 Addendis

230 2932 368 2962 Panos.
389 2931 446 2961 GR.
466 2931 567 2962 XVII.

719 2265 741 2282 ¹⁸
756 2265 766 2294 Ι
779 2265 841 2294 Cor.
854 2275 893 2300 ιι,
908 2268 953 2298 19.

923 246 993 271 rum,
1011 239 1092 266 aliutn
1118 239 1322 274 Evangeliorum
1347 239 1428 266 Deum
1451 239 1533 268 dicit.
1555 245 1582 266 et
1598 239 1704 266 Patrem

926 283 1032 311 Domini
1057 284 1142 312 nostri
1155 284 1218 312 Jesu
1234 285 1333 312 Christi
1355 293 1406 311 non
1427 292 1488 311 eum
1501 285 1566 311 dicit
1580 292 1640 313 esse
1660 286 1704 320 qui

922 335 938 355 a
956 328 1014 363 lege
1034 334 1061 357 et
1083 330 1221 365 prophetis
1242 331 1413 364 praedicatur.
1435 331 1483 358 sed
1503 330 1584 358 alium
1614 334 1706 358 nescio

924 382 1004 410 quem
1018 376 1141 410 ignotum
1155 377 1281 404 omnibus
1304 382 1384 411 atque
1403 377 1528 404 omnibus
1541 377 1703 409 inauditum,

922 421 1076 455 huiusmodi
1092 422 1216 450 homines
1240 423 1381 451 haereticos
1410 424 1591 459 designamus,
1613 432 1706 459 quam-

921 466 986 494 libet
1004 468 1085 495 variis
1101 475 1134 496 ac
1153 469 1266 496 diversis
1282 473 1308 496 et
1327 468 1458 497 fabulosis
1476 470 1639 497 concinneut
1651 470 1703 497 ista

922 511 1065 546 ﬁgmentis,
1081 513 1148 540 sicut
1164 513 1220 549 (65)
1231 518 1382 541 sectatores
1397 513 1552 547 Marcionis,
1564 520 1592 542 et
1603 514 1703 542 Valen-

921 557 981 590 tini,
1000 563 1027 584 et
1045 557 1180 591 Basilidis,
1198 564 1225 586 et
1238 559 1262 586 bi
1277 560 1322 594 qui
1338 567 1366 587 se
1379 559 1528 588 Tcthianos
1545 561 1601 596 (66)
1616 561 1703 596 appel-

919 602 986 631 lant.
1000 602 1054 631 Sed
1069 608 1097 631 ct
1111 604 1217 639 Apelles
1238 605 1301 632 licet
1326 613 1379 633 non
1398 606 1524 633 onmihus
1544 606 1630 634 modis
1655 607 1701 634 Dei

919 656 979 677 esse
1001 651 1113 685 deneget
1132 650 1219 685 legem
1245 650 1287 678 vel
1306 652 1467 686 prophetas.
1484 656 1572 678 tamen
1590 656 1618 679 et
1645 652 1703 686 ipse

919 696 1063 724 haereticus
1082 697 1250 732 deslguatur,
1264 698 1392 732 quoniam
1409 698 1553 725 Dominunt
1570 698 1643 726 hunc
1656 700 1702 733 qui

919 743 1047 769 mundum
1063 743 1158 775 edidit,
1169 743 1202 770 ad
1216 743 1327 777 gloriam
1344 744 1455 771 alterius
1469 744 1583 779 ingeniti
1597 750 1624 772 et
1638 745 1700 772 boni

921 786 966 815 Dei
992 795 1056 815 eum
1085 789 1272 817 construxisse
1299 790 1482 824 pronuntiat:
1503 790 1577 817 illum
1611 795 1700 818 autem

919 833 1065 868 ingenitum
1089 834 1173 861 Deum
1189 835 1214 862 in
1230 836 1468 863 consummatione
1484 836 1575 864 saeculi
1591 837 1701 865 misisse

882 864 903 891 Β
916 877 1008 905 Jesum
1020 879 1157 907 Christum
1171 879 1204 907 ad
1216 880 1437 908 emendationem
1452 882 1555 913 mundi.
1575 888 1699 917 rogatum

916 925 950 952 ab
963 932 997 952 eo
1012 925 1084 958 Dco,
1112 925 1156 960 qui
1181 933 1242 954 eum
1268 925 1380 960 fecerat,
1407 931 1437 954 ut
1459 928 1579 956 mitteret
1601 927 1699 956 Filium

917 977 994 998 suum
1013 972 1045 998 ad
1062 972 1154 1000 mundi
1170 972 1212 999 sui
1231 973 1438 1000 correctionem.
1453 973 1485 1001 Et
1497 974 1520 1001 si
1532 974 1640 1009 quidem
1655 975 1699 1002 hic

918 1017 1089 1046 solummodo
1110 1019 1155 1053 qui
1180 1019 1213 1046 de
1234 1019 1288 1046 Deo
1303 1018 1383 1046 Patre
1406 1020 1485 1047 aliter
1506 1021 1590 1047 sentit
1618 1028 1697 1055 quam

917 1063 1006 1098 regula
1031 1064 1139 1098 pictatis
1159 1064 1290 1099 exposcit,
1312 1065 1456 1093 haereticus
1475 1066 1530 1101 (67)
1559 1066 1698 1094 habendus

916 1114 998 1141 esset,
1016 1109 1153 1137 suiliceret
1175 1111 1269 1144 utique
1291 1110 1361 1144 quod
1379 1110 1504 1146 superius
1521 1111 1622 1138 dictum
1644 1117 1696 1139 est.

915 1155 968 1182 Sed
987 1163 1056 1183 nunc
1070 1163 1151 1182 unum
1176 1161 1257 1190 atque
1279 1156 1348 1183 idem
1372 1156 1534 1184 credendum
1556 1161 1597 1184 est
1614 1157 1696 1185 etiam

916 1201 949 1229 de
959 1209 992 1229 eo
1006 1202 1052 1237 qui
1072 1202 1104 1228 de
1125 1201 1239 1230 Domino
1255 1206 1348 1229 nostro
1367 1201 1429 1230 Jesu
1446 1202 1555 1230 Christo
1572 1203 1630 1230 falsi
1647 1203 1697 1230 ali-

915 1247 979 1282 quid
995 1247 1121 1279 scnscrit,
1146 1247 1202 1274 sive
1217 1247 1366 1275 secundum
1391 1255 1437 1276 eos
1460 1249 1506 1283 qui
1524 1249 1616 1276 dicunt
1634 1257 1695 1276 eum

915 1299 947 1320 ex
963 1292 1062 1328 Joscpb
1078 1297 1105 1320 et
1121 1292 1206 1320 Maria
1223 1298 1316 1320 natum
1327 1313 1335 1325 ,
1357 1294 1427 1321 sicut
1446 1299 1508 1320 sunt
1526 1294 1656 1322 Ebiortitat
1670 1300 1698 1323 et

916 1337 1110 1370 Valentiniani,
1127 1338 1185 1364 sive
1201 1338 1348 1365 secundum
1369 1345 1416 1366 eos
1431 1339 1476 1373 qui
1491 1341 1696 1374 primogenitum

915 1390 976 1411 eum
990 1387 1100 1417 negant,
1110 1387 1137 1410 et
1153 1383 1235 1410 totius
1249 1387 1380 1411 creaturae
1398 1384 1482 1412 Deum
1493 1404 1501 1416 .
1519 1389 1547 1412 et
1570 1384 1696 1421 Verbum,

913 1433 940 1456 et
951 1428 1130 1464 Sapientiam,
1160 1436 1221 1463 quae
1238 1433 1279 1457 est
1301 1429 1408 1456 ittitium
1425 1431 1529 1457 viarum
1556 1431 1602 1458 Dci
1623 1437 1698 1460 ante-

915 1482 994 1510 quam
1011 1475 1112 1510 aliquid
1130 1475 1217 1507 ﬂeret,
1239 1480 1302 1502 ante
1321 1475 1419 1503 saecula
1436 1474 1592 1510 fundatam,
1618 1482 1699 1512 atque

915 1525 977 1548 ante
998 1528 1094 1548 omnes
1115 1521 1198 1549 colles
1228 1526 1385 1556 generatam
1412 1522 1445 1554 ¹⁰,
1484 1522 1530 1549 sed
1561 1522 1697 1550 ltoutincut

915 1567 1004 1596 solum
1017 1575 1078 1595 eum
1099 1567 1220 1595 dicentes
1237 1567 1300 1594 :vel
1322 1567 1469 1595 secundum
1483 1575 1530 1595 eos
1552 1569 1596 1603 qui
1616 1569 1697 1596 Deum

915 1614 1023 1649 quidem
1037 1620 1097 1641 eum
1119 1613 1249 1644 fatentur.
1266 1612 1322 1648 (68)
1339 1621 1391 1640 nun
1410 1617 1500 1640 tamen
1519 1615 1698 1649 assumpsisse

915 1659 1034 1686 animam
1049 1664 1201 1693 corpusque
1216 1662 1352 1685 terrenum
1370 1668 1377 1686 :
1392 1660 1437 1694 qui
1452 1660 1501 1686 sub
1520 1661 1611 1695 specie
1621 1662 1697 1695 quasi

915 1704 1056 1739 amplioris
1083 1703 1175 1739 gloria:
1192 1703 1256 1731 Jesu
1274 1704 1389 1732 Domino
1416 1704 1580 1740 deferendae,
1606 1709 1696 1734 omnia

914 1758 975 1785 quae
987 1751 1020 1778 ab
1037 1757 1069 1777 eo
1081 1754 1157 1786 gesta
1172 1754 1245 1782 sunt,
1264 1749 1320 1785 (69)
1334 1749 1391 1777 visa
1409 1750 1464 1781 geri
1486 1751 1571 1786 magis
1583 1771 1590 1783 ,
1617 1760 1696 1786 quam

914 1803 977 1823 vere
993 1800 1066 1831 gesta
1081 1799 1283 1822 essetestantur
1299 1795 1419 1830 :quique
1436 1803 1524 1831 neque
1540 1796 1574 1824 de
1588 1796 1698 1831 Virgine

915 1845 1006 1869 natum
1023 1840 1152 1872 fatentur,
1176 1842 1223 1867 sed
1244 1840 1353 1874 triginta
1370 1847 1501 1868 annorum
1521 1842 1608 1869 virum
1632 1850 1693 1870 etnn

913 1887 1071 1922 apparuisse
1085 1886 1111 1913 in
1125 1885 1226 1913 Judaca.
1250 1886 1302 1912 Alii
1318 1893 1381 1913 vero
1403 1893 1435 1913 ex
1452 1886 1562 1922 Virgine
1582 1888 1690 1923 quidem

912 1941 973 1961 eum
989 1933 1102 1959 credunt
1115 1939 1175 1959 esse
1189 1931 1371 1966 prQenitum,
1387 1932 1433 1959 sed
1449 1936 1557 1966 putasse
1569 1940 1597 1960 se
1611 1934 1695 1968 magis

913 1978 1051 2013 Virginem
1064 1976 1212 2012 peperisse,
1227 1983 1280 2003 non
1294 1980 1382 2004 tamen
1398 1983 1464 2004 vere
1481 1978 1616 2012 peperisse
1630 1986 1695 2006 con-

914 2025 1035 2052 firmant.
1053 2023 1176 2050 Latuisse
1192 2022 1290 2057 quippe
1314 2023 1395 2050 etiam
1415 2022 1551 2058 Virginem
1567 2025 1696 2059 putativae

913 2069 1097 2105 generationis
1119 2072 1246 2095 asscrunt
1260 2072 1472 2097 sacramentum.
1492 2068 1541 2101 Qui
1560 2071 1696 2104 quomodo

913 2123 966 2143 non
977 2115 1010 2142 ab
1023 2113 1141 2141 Ecclesia
1162 2113 1240 2149 longe
1259 2114 1374 2148 ponendi
1392 2119 1464 2146 sunt,
1484 2122 1544 2142 cum
1560 2115 1617 2151 (70)
1633 2116 1695 2150 phi-

912 2161 1021 2188 larchia:
1036 2159 1130 2187 morbo
1149 2159 1307 2194 languentes
1319 2158 1442 2194 dogmata
1457 2161 1613 2192 statuerint,
1636 2162 1696 2196 qui-

908 2209 959 2236 bus
970 2207 1004 2234 ad
1018 2214 1096 2234 suum
1113 2211 1208 2232 nomen
1222 2204 1369 2240 discipulos
1380 2205 1546 2233 declinarent
1560 2206 1695 2242 ?(7I)Sed

1009 2266 1042 2283 ιθ·
1053 2265 1143 2295 Galat.
1157 2272 1184 2298 v,
1199 2264 1294 2294 19-21,
1335 2265 1355 2282 ⁸³
1368 2264 1456 2294 Galat.
1471 2273 1489 2297 ι,
1509 2265 1535 2292 i.
1573 2266 1596 2282 ¹⁰
1614 2265 1693 2296 Prov.

856 2388 859 2391 ,
872 2364 894 2391 D
909 2366 933 2388 et
948 2357 1130 2386 emendandis.

945 2394 1001 2427 (67)
1012 2392 1077 2419 Mss.
1089 2396 1120 2428 _et
1136 2390 1242 2428 Merlini
1256 2390 1351 2428 editio,
1367 2391 1505 2428 habendus
1515 2396 1564 2423 est.
1582 2397 1605 2418 et
1623 2393 1694 2428 sum.

909 2426 987 2460 ceret,
1015 2433 1067 2454 etc.
1089 2426 1199 2453 Rectius
1223 2426 1432 2456 Geuebrardus,
1460 2426 1595 2453 habendus
1615 2426 1690 2458 auct.

908 2464 1043 2498 sufficeret,
1057 2467 1108 2498 etc.

945 2495 1000 2534 (68)
1024 2496 1093 2534 ljldili
1116 2503 1167 2522 non
1190 2499 1277 2534 tamen
1296 2496 1469 2534 assumpsisse
1490 2495 1634 2527 hominem,
1663 2498 1691 2523 id

909 2530 957 2564 est,
994 2532 1124 2562 animum,
1151 2535 1203 2557 etc.
1233 2530 1284 2557 Ms.
1313 2530 1496 2561 Sorbonicus,
1525 2539 1574 2557 non
1602 2537 1690 2558 tamen

908 2567 1078 2601 assumpsisse
1091 2565 1210 2592 eumdem
1225 2565 1354 2598 animum,
1378 2571 1431 2592 etc.
1449 2565 1546 2593 Galeri
1571 2574 1636 2593 mss.
1662 2573 1691 2593 ιιι

908 2603 935 2630 in
951 2608 1034 2629 textu.

943 2637 999 2673 (69)
1018 2634 1101 2673 ‘Editi,
1121 2634 1284 2673 phantastice
1307 2636 1404 2673 magis,
1431 2643 1522 2670 quam,
1550 2639 1623 2673 etc._
1637 2635 1688 2673 Ms.

909 2669 1095 2706 Sorbonicus,
1114 2670 1169 2706 visa
1185 2676 1273 2706 gerere
1296 2669 1389 2705 magis,
1415 2669 1583 2706 quamtetc.
1598 2669 1691 2704 Paulo

907 2713 968 2741 post
981 2706 1055 2738 editi,
1067 2705 1104 2741 Vde
1123 2702 1228 2738 Virgine
1240 2702 1493 2732 natum'testantur.
1507 2702 1604 2733 Cameri
1622 2714 1688 2733 mss.

905 2740 1006 2770 rectius
1023 2746 1051 2766 ut
1066 2740 1092 2766 in
1108 2743 1192 2766 textu.

942 2777 997 2811 (70)
1012 2775 1094 2805 Editi.
1114 2778 1148 2811 et
1172 2781 1224 2801 ms.
1245 2773 1355 2807 Regius,
1381 2775 1562 2810 philargyriw.
1591 2775 1688 2803 Crateri

905 2809 972 2839 mss.
989 2809 1153 2845 'philarcltiw.

942 2846 1000 2909 (71)
1015 2845 1068 2873 Sed
1093 2849 1117 2871 et
1136 2852 1178 2871 eos
1195 2844 1239 2879 qui
1263 2844 1403 2875 hominem,
1419 2849 1471 2872 etc.
1488 2845 1614 2872 Errorem
1638 2845 1690 2871 De»

942 2881 1173 2909 iiBostrenorum
1195 2879 1314 2909 episcopi
1336 2880 1379 2907 hic
1400 2880 1525 2909 designat
1546 2879 1687 2909 Origenes.

904 2879 965 2917 rylli
979 2881 1173 2909 Bostrenorum
1195 2879 1314 2914 episcopi
1336 2880 1379 2907 hic
1400 2880 1525 2915 designat
1546 2879 1687 2918 Origenes.

1512 2927 1549 2959 18
