1909 3080
31 164 80 192 557

634 162 805 192 APOLOGIA
826 163 894 192 PRO
915 163 1075 193 ORIGENE.

1607 163 1658 191 558

31 223 96 256 Quae.
120 222 231 257 quidem
254 230 306 250 non
331 223 357 250 in
370 223 479 260 publico
493 224 526 251 ab
549 231 581 251 eo
606 224 677 251 dicta
695 229 778 256 sunt,
795 224 821 251 id
874 211 931 256 des,
948 224 1121 252 ineﬂ‘abiliter
1143 227 1170 250 et
1186 222 1412 250 inaestimabiliter
1433 222 1528 250 melior
1547 227 1575 250 et
1591 230 1660 257 prte-

32 274 74 296 est
89 269 115 296 in
130 270 268 296 communi
285 269 411 297 Ecclesia:
439 271 573 298 auditorio
585 291 592 302 ,
609 278 643 298 ne
661 271 731 298 forte
745 275 820 305 pute-

33 320 77 342 tur
101 320 213 350 propter
235 315 375 343 audientes
394 315 570 343 favorabilem
588 321 695 350 aptasse
717 323 820 343 sermo-

31 368 92 387 nem
111 369 118 386 :
134 360 182 388 sed
196 367 229 388 ex
253 361 306 388 illis
329 361 385 388 haec
403 361 478 389 libris
493 361 654 396 protulimus
666 369 759 396 ,quos
788 361 813 388 in

31 409 136 432 secreto
151 405 221 438 apud
236 405 409 439 semetipsum
422 405 496 432 nullo
511 405 614 432 arbitro
627 405 816 432 intercedente

31 451 160 478 dictabat.
172 453 199 479 in
215 459 269 486 quo
283 452 413 479 attentius
427 460 474 479 vos
491 452 553 479 illud
564 452 624 479 volo
639 452 814 479 considerare

30 498 102 532 quod
119 498 197 529 dixit,
215 498 278 532 quia
290 499 312 525 si
331 498 393 532 quis
406 498 504 525 horum
520 497 622 532 aliquid
637 502 821 525 commutave-

31 544 67 570 rit
79 563 87 575 ,
105 543 250 570 haereticus
266 547 326 576 est,
349 548 375 570 et
392 549 488 578 peccat
505 544 530 570 in
557 543 734 570 subversione
750 544 822 576 posi-

31 593 75 615 tus
89 607 97 619 ,
112 593 140 615 ct
164 596 180 614 ιι
197 588 334 621 semetipso
349 588 492 615 damnatus
505 608 513 620 ,
533 588 681 614 secundum
698 587 821 622 Apostoli

30 633 195 660 sententiam
212 633 236 648 "
250 642 256 660 :
273 634 350 668 cujus
365 639 393 660 et
416 641 466 661 nos
484 633 644 661 auctoritati
669 633 821 667 obsequen—

31 686 71 708 tes
89 680 187 707 eadem
214 680 317 706 sentire
342 679 481 706 debemus.
501 679 569 706 Cum
587 686 651 712 ergo
670 679 725 705 haec
740 679 776 705 ita
792 685 822 706 se

30 726 162 757 habeant,
178 725 235 760 (85)
251 732 420 760 consequens
437 724 558 751 arbitror
574 724 743 759 interrogare
755 724 821 751 istos

30 772 103 805 ipsos
116 776 291 797 accusatores
306 770 364 804 ejus
375 789 383 801 ,
402 770 424 797 si
446 770 498 804 ipsi
511 769 593 796 aliter
609 776 689 804 quam
702 769 761 804 ejus
775 776 822 796 vo-

29 817 108 843 cibus
121 816 295 850 designatum
307 820 359 848 est,
374 815 417 843 vel
432 815 464 842 de
484 815 611 842 hzeretico
630 814 762 846 sentiunt,
778 813 820 840 vel

872 271 989 298 stantior
1012 270 1076 297 solis
1090 273 1132 296 est
1147 269 1302 302 splendor?
1325 268 1365 295 lla
1382 276 1459 296 mens
1483 274 1575 296 nostra
1597 277 1659 296 cum

874 316 945 343 intra
961 316 1052 343 carnis
1076 319 1104 341 et
1125 314 1266 350 sanguinis
1283 315 1401 341 claustra
1426 313 1612 346 concluditur,
1630 319 1660 342 et

872 369 920 396 pro
937 361 997 388 talis
1009 361 1128 388 materia:
1143 360 1352 395 participatione
1371 360 1495 387 hebetior
1515 365 1596 394 atque
1606 360 1660 387 ob-

873 406 958 434 tusior
975 407 1097 434 redditur
1110 426 1118 438 ,
1135 404 1193 441 (87)
1208 404 1272 432 licet
1287 404 1320 431 ad
1335 405 1566 439 comparationem
1581 409 1660 433 natu-

872 459 909 479 rae
923 458 1060 486 «torporem
1072 451 1150 484 longe
1166 450 1323 485 praecellens
1337 449 1479 483 habeatur,
1495 454 1583 478 tamen
1597 458 1658 478 cum

873 497 905 524 ad
925 497 1086 532 incorporea
1106 497 1212 529 nititur,
1227 500 1308 530 atque
1321 503 1414 523 eorum
1429 496 1600 524 intuitiouem
1620 497 1658 525 ri-

872 546 973 574 matur,
993 546 1056 569 tunc
1073 541 1197 570 scintilla:
1216 540 1330 575 alicujus
1344 540 1400 576 (88)
1414 545 1461 567 aut
1475 540 1595 570 Iucernte
1613 541 1659 569 vix

876 588 983 616 obtinet
998 587 1098 616 locum.
1118 587 1187 620 Quid
1203 591 1292 614 autem
1309 586 1334 613 in
1350 586 1474 614 omnibus
1491 587 1660 616 intellectua-

873 634 943 662 libus
957 655 965 667 .
984 635 1009 662 id
1031 639 1072 662 est
1101 633 1267 668 incorporeis
1279 654 1286 666 ,
1314 637 1367 660 tam
1381 637 1511 668 prastans
1524 634 1659 667 omnibus,

877 685 929 708 tam
957 680 1128 708 inctl‘abiliter
1150 685 1230 714 atque
1256 679 1481 706 iumstimabiliter
1504 680 1660 714 prmeellens

873 731 924 759 est,
941 734 1022 762 quam
1037 725 1108 754 Deus
1121 726 1133 753 ἲ
1145 725 1229 761 Cujus
1245 725 1337 760 utique
1354 729 1448 752 natura
1464 726 1522 753 acie
1537 726 1661 754 humanae

873 772 973 799 mentis
986 771 1087 799 intendi
1103 775 1184 805 atque
1199 770 1307 802 intueri,
1326 769 1454 805 quamvis
1469 770 1504 798 sit
1515 772 1661 806 purissima

877 825 952 844 mens
965 824 996 844 ac
1010 816 1197 851 limpidissima
1211 836 1218 848 ,
1235 823 1287 843 non
1304 820 1402 850 potest.
1421 815 1521 843 Verum
1545 824 1598 844 non
1621 817 1662 844 vi-

29 861 63 888 de
74 862 223 888 catholico.
253 861 350 888 Dicant
373 861 424 895 ipsi
444 867 503 895 quae
525 860 576 887 alia
603 863 664 887 sunt
689 858 820 886 ecclesia-
838 858 859 885 Β
875 862 954 890 detur
968 862 1126 893 absurdum,
1149 862 1171 888 si
1188 860 1221 888 ad
1241 861 1435 888 evidentiorem
1447 862 1485 889 rei
1501 862 1661 891 manifesta-

29 908 99 935 stica
116 907 264 941 dogmata,
286 906 308 934 si
323 906 379 934 hzec
399 914 450 933 non
472 911 533 933 sunt
559 913 617 939 qua:
642 905 766 940 superius
783 905 816 932 ab

29 954 75 980 illo
101 953 208 987 digesta
235 957 321 979 sunt.-
338 953 371 979 Et
395 952 453 979 haec
478 951 583 986 quidem
606 951 768 987 generaliter
791 951 823 979 de

29 1000 160 1027 omnibus
192 998 385 1027 ecclesiasticis
412 997 583 1034 dogmatibus
617 998 651 1025 ab
680 997 726 1024 illo
752 998 823 1025 dicta

28 1045 96 1071 sint.

64 1089 218 1124 Pergamus
232 1094 321 1116 autem
336 1092 362 1116 et
379 1095 439 1123 qua:
455 1088 612 1123 specialiter
627 1088 661 1116 de
684 1088 798 1124 singulis
815 1108 822 1121 ,

32 1139 61 1161 et
76 1135 198 1162 maxime
220 1134 254 1161 de
279 1133 471 1169 principalibus
493 1135 574 1161 rebus
588 1154 595 1167 ,
619 1135 651 1161 de
674 1139 766 1162 sancta
793 1141 825 1161 ac

27 1181 110 1207 beata
124 1179 279 1214 Trinitate,
307 1179 333 1206 id
349 1182 391 1207 est
419 1178 452 1206 de
467 1178 547 1206 Patre
561 1199 567 1212 ,
581 1184 608 1206 et
625 1179 693 1206 Filio
704 1199 711 1212 ,
724 1183 750 1206 et
762 1178 824 1214 Spi-

28 1226 85 1252 ritu
96 1231 195 1252 sancto
204 1225 320 1253 senserit
333 1225 491 1257 indicantes,
506 1229 533 1252 et
545 1225 713 1260 proferentes
727 1225 753 1252 in
767 1232 824 1252 me-

28 1270 105 1298 dium
128 1278 160 1298 ea
177 1278 238 1306 qua:
253 1271 280 1298 in
293 1270 408 1298 diversis
425 1271 465 1298 sui
481 1271 569 1306 operis
584 1271 766 1298 voluminibus
784 1271 826 1298 in-

28 1321 104 1345 serta
127 1317 286 1350 mandavit,
309 1322 336 1345 et
351 1322 380 1344 ut
396 1317 479 1352 ipsius
502 1318 636 1344 sententia
651 1318 684 1345 de
700 1317 826 1344 maximis

29 1368 56 1390 ot
77 1363 182 1390 divinis
209 1364 290 1391 rebus
309 1371 368 1398 qua:
391 1364 472 1391 fuerit
489 1363 661 1395 ostendatur,
678 1367 705 1390 et
720 1363 824 1390 duobus

31 1409 76 1437 vel
94 1409 184 1437 tribus
207 1416 303 1437 vocum
330 1417 440 1437 suarum
465 1410 576 1437 testibus
595 1408 651 1444 (Si)
669 1413 721 1435 stet
745 1415 826 1436 omne

31 1455 147 1480 verbum
161 1453 327 1481 defensionis
339 1453 397 1488 ejus
406 1454 439 1481 ".
451 1454 555 1481 lndicat
569 1461 634 1487 ergo
648 1453 712 1488 quid
730 1453 761 1480 de
771 1452 826 1480 Deo

31 1500 115 1528 Patre
130 1500 319 1536 omnipotente
342 1500 459 1528 senserit
485 1501 511 1527 in
527 1500 568 1527 his
584 1499 648 1535 ipsis
661 1499 737 1526 libris
750 1519 758 1532 ,
780 1499 825 1534 qui

32 1554 114 1580 quam
130 1546 249 1573 maxime
263 1545 297 1572 ab
310 1544 515 1573 accusatoribus
527 1543 583 1580 (85)
604 1543 786 1575 celebrantur,
800 1542 826 1570 id

32 1597 83 1626 est,
104 1591 178 1626 Περὶ
192 1591 302 1626 ἀρχῶν,
318 1591 442 1619 scribens
458 1590 515 1617 haec
536 1599 542 1617 :

341 1636 456 1664 CAPUT
482 1636 514 1663 ll.

231 1682 269 1710 De
284 1682 337 1710 Deo
356 1682 437 1709 Patre
451 1682 634 1717 omnipotente.

69 1729 219 1758 ORIGENES.
239 1728 295 1764 (86)
310 1737 319 1754 t
336 1728 414 1756 Omni
430 1728 512 1763 igitur
523 1736 605 1756 sensu
616 1727 662 1763 qui
682 1727 823 1762 corporale

35 1775 140 1810 aliquid
156 1776 190 1802 de
203 1775 259 1802 Deo
284 1773 399 1808 intelligi
414 1773 553 1808 suggerit,
577 1777 656 1808 prout
669 1773 805 1807 potuimus
818 1791 825 1803 ,

35 1822 196 1853 confulato,
229 1820 344 1848 dicimus
369 1819 518 1847 secundum
547 1820 691 1846 veritatem
716 1819 824 1853 quidem

36 1867 121 1894 Deum
145 1865 450 1899 iucomprehensibilem
469 1871 530 1892 esse
550 1870 633 1899 atque
651 1864 826 1891 inaestimabi-

35 1914 98 1940 lem.
120 1913 150 1939 Si
165 1913 231 1947 quid
244 1912 316 1939 enim
341 1911 405 1938 illud
418 1916 460 1938 est
475 1911 546 1945 quod
569 1911 672 1937 sentire
686 1909 727 1936 vel
743 1909 825 1936 intel-

36 1959 120 1994 ligere
132 1958 166 1986 de
184 1958 239 1985 Deo
254 1957 421 1992 potuerimus
434 1978 441 1990 ,
456 1957 547 1984 multis
563 1956 641 1991 longe
654 1955 741 1982 modis
763 1963 825 1983 eum

37 2006 182 2032 meliorem
208 2011 269 2031 esse
284 2003 318 2030 ab
333 2011 367 2030 eo
389 2002 460 2039 quod
477 2003 628 2035 sensimus,
653 2009 764 2029 necesse
785 2005 827 2029 est

37 2052 122 2080 credi.
142 2051 219 2078 Sicut
232 2050 304 2078 enim
331 2051 353 2077 si
374 2050 514 2077 videamus
534 2048 650 2084 aliquem
675 2048 721 2075 vix
748 2054 827 2082 posse

38 2097 186 2125 scintillam
205 2096 315 2124 luminis
328 2116 335 2126 ,
353 2100 399 2122 aut
412 2095 579 2123 brevissima:
604 2093 722 2120 lucerna:
736 2093 826 2120 lumen

38 2144 172 2179 aspicere,
192 2147 220 2169 et
231 2149 292 2169 eum
305 2142 381 2176 cujus
397 2141 470 2169 acies
482 2139 624 2168 oculorum
643 2139 702 2174 plus
717 2138 827 2166 luminis

875 908 977 935 tionem
994 908 1076 935 etiam
1094 907 1147 934 alia
1163 911 1271 935 utantur
1286 908 1472 935 similitudine.
1497 907 1554 944 (89)
1576 908 1661 936 Inter'

875 953 939 981 dum
956 951 1026 980 oculi
1041 952 1127 980 nostri
1140 952 1224 986 ipsam
1239 957 1363 980 naturam
1380 953 1448 981 lucis
1462 973 1469 986 ,
1485 953 1511 980 id
1526 957 1580 986 est.
1596 955 1660 983 sub-

875 999 1004 1027 stantiam
1029 998 1094 1026 solis
1113 998 1212 1025 intueri
1238 1006 1290 1026 non
1315 1003 1428 1034 possunt
1451 1007 1457 1026 :
1484 999 1657 1034 splendorem

875 1051 940 1070 vero
956 1042 1032 1077 ejus,
1049 1043 1091 1070 vel
1111 1042 1201 1069 radios
1222 1042 1353 1071 fenestris
1374 1043 1455 1076 forte,
1480 1045 1524 1071 vel
1549 1044 1662 1080 quibus-

879 1089 947 1117 libet
961 1089 1092 1116 luminum
1105 1089 1231 1116 brevibus
1243 1090 1420 1124 receptaculis
1442 1089 1543 1118 infusos
1555 1091 1662 1118 intuen-

877 1139 927 1169 tes,
943 1135 1116 1162 considerare
1129 1142 1272 1170 possumus
1285 1134 1371 1163 fomes
1384 1136 1440 1170 ipse
1452 1137 1492 1163 vel
1506 1136 1567 1164 fons
1578 1144 1650 1171 quan

877 1185 920 1208 tus
939 1181 973 1208 sit
987 1180 1110 1215 corporei
1138 1180 1256 1207 luminis.
1275 1179 1314 1208 lta
1330 1188 1394 1216 ergo
1417 1181 1494 1216 quasi
1513 1181 1580 1209 radii
1597 1181 1659 1216 qui-

876 1228 937 1255 dam
951 1232 1015 1254 sunt
1031 1227 1078 1254 Dei
1093 1231 1196 1254 naturae
1219 1234 1300 1262 opera
1316 1227 1412 1254 divina:
1427 1227 1618 1260 Providentiae,
1633 1231 1662 1255 et

877 1280 922 1300 ars
937 1272 1122 1300 universitatis
1135 1271 1225 1306 hujus,
1242 1272 1274 1298 ad
1299 1272 1529 1307 comparationem
1546 1271 1601 1307 (90)
1619 1271 1660 1306 ipr

877 1317 933 1345 sius
949 1317 1107 1345 substantiae
1123 1325 1155 1345 ac
1168 1322 1282 1344 naturas.
1300 1317 1368 1351 Quia
1390 1324 1457 1352 ergo
1471 1325 1547 1345 meus
1567 1321 1661 1345 nostra

878 1363 964 1398 ipsutn
982 1371 1030 1398 per
1043 1363 1160 1398 seipsam
1183 1362 1267 1390 Deum
1290 1364 1362 1391 sicut
1375 1368 1417 1390 est
1431 1370 1483 1390 non
1500 1367 1589 1398 potest
1616 1363 1661 1390 in-

879 1409 947 1436 tueri
962 1429 969 1442 ,
986 1416 1019 1436 ex
1037 1409 1236 1443 pulchritudine
1249 1417 1360 1444 operum
1375 1429 1383 1441 ,
1400 1414 1426 1437 et
1443 1410 1539 1437 decore
1553 1413 1663 1437 creata.

879 1461 982 1486 rarum,
1000 1459 1141 1489 parentem
1166 1454 1351 1482 universitatis
1364 1454 1499 1490 intelligit.
1517 1454 1572 1482 Non
1596 1462 1662 1490 ergo

879 1507 977 1535 corpus
995 1500 1103 1535 aliquod
1119 1520 1126 1532 ,
1145 1504 1191 1527 aut
1209 1501 1236 1528 in
1254 1508 1369 1536 corpore
1386 1509 1448 1530 esse
1461 1502 1595 1536 putandus
1620 1506 1664 1530 est

878 1545 958 1578 Deus,
971 1546 1019 1573 sed
1038 1546 1228 1574 intellectualis
1244 1551 1340 1574 natura
1353 1568 1360 1581 ,
1376 1547 1488 1582 simple:
1502 1567 1510 1580 ,
1524 1548 1590 1575 nihil
1604 1555 1663 1575 om-

878 1592 943 1619 nino
965 1592 990 1619 in
1008 1599 1037 1619 se
1065 1591 1248 1626 adjunctionis
1272 1593 1438 1625 admittens,
1463 1592 1501 1620 uti
1517 1601 1550 1621 ne
1575 1594 1663 1628 majus

878 1637 978 1672 aliquid
1020 1643 1047 1665 et
1074 1638 1187 1666 inferius
1214 1639 1240 1666 in
1274 1646 1304 1666 se
1323 1639 1427 1677 [habere
1452 1639 1588 1672 credatur,
1615 1641 1663 1667 sed

877 1687 908 1710 ut
929 1683 965 1709 sit
987 1690 1020 1710 ex
1036 1684 1109 1710 onmi
1139 1688 1215 1718 parte
1244 1684 1327 1720 μονὰς
1343 1703 1351 1717 ,
1369 1689 1416 1717 et,
1439 1689 1468 1711 ut
1493 1684 1530 1711 ita
1553 1685 1640 1712 dicam
1655 1705 1664 1719 ,

877 1728 950 1761 ὲνὰς,
964 1733 992 1756 et
1004 1736 1080 1756 mens
1091 1749 1100 1762 ,
1121 1737 1151 1756 ac
1165 1729 1226 1757 l'ons
1243 1737 1274 1757 ex
1292 1737 1345 1764 quo
1362 1729 1467 1756 initium
1487 1730 1574 1757 totius
1587 1729 1665 1757 intel-

878 1773 1001 1801 lectualis
1018 1779 1122 1801 natura;
1137 1774 1177 1801 vel
1195 1774 1295 1801 mentis
1313 1779 1366 1801 est.
1391 1773 1466 1802 Mens
1487 1781 1551 1802 vero
1566 1779 1595 1801 ut
1606 1781 1664 1802 mo-

878 1824 971 1846 veatur
982 1819 1024 1847 vel
1039 1823 1176 1854 operetur,
1194 1827 1246 1846 non
1265 1819 1366 1854 indiget
1383 1819 1443 1847 loco
1459 1826 1601 1853 corporeo,
1614 1827 1663 1847 ne-

878 1872 930 1900 que
945 1865 1067 1892 sensibili
1084 1865 1284 1899 magnitudine,
1300 1864 1341 1892 vel
1355 1864 1489 1899 corporali
1507 1864 1664 1893 habitant

878 1911 980 1944 colore,
996 1918 1084 1945 neque
1100 1910 1152 1938 alio
1166 1910 1221 1938 ullo
1238 1918 1351 1946 prorsus
1377 1911 1479 1946 indiget
1495 1911 1590 1938 borum
1603 1918 1664 1947 qua:

878 1957 999 1991 corporis
1024 1955 1078 1991 (9i)
1105 1955 1146 1982 vel
1173 1957 1293 1984 materia!
1316 1957 1425 1991 propria
1453 1961 1526 1985 sunt.
1550 1956 1664 1992 Propter

878 2002 948 2034 quod
965 2006 1059 2028 natura
1074 2001 1117 2028 illa
1140 2001 1254 2037 simplex
1265 2021 1272 2033 .
1283 2006 1312 2029 et
1334 2006 1390 2029 tota
1407 2009 1493 2033 meus,
1508 2006 1538 2029 ut
1554 2009 1664 2029 movea-

880 2051 922 2073 tur
940 2047 982 2074 vel
1005 2052 1134 2082 operetur
1146 2047 1247 2082 aliquid
1260 2068 1268 2081 ,
1286 2048 1353 2075 nihil
1369 2047 1505 2076 dilationis
1522 2052 1569 2075 aut
1596 2055 1663 2075 cun-

879 2093 1005 2121 ctationis
1024 2093 1125 2121 habere
1146 2098 1236 2128 potest
1248 2114 1256 2127 ,
1274 2101 1307 2121 ne
1321 2101 1370 2128 per
1385 2093 1539 2130 hujusmodi
1564 2094 1661 2129 adjun-

879 2140 995 2166 ctionem
1013 2140 1200 2167 circumscribi
1218 2140 1259 2166 vel
1283 2139 1400 2167 inhiberi
1423 2139 1593 2174 aliquatenus
1618 2139 1662 2167 vi-

38 2196 137 2225 capere
155 2195 238 2224 quam
258 2194 338 2222 supra
352 2187 480 2217 diximus,
498 2193 550 2213 non
567 2185 648 2217 valet,
673 2184 695 2211 si
714 2184 827 2212 velimus
843 2194 865 2221 ι)
880 2185 974 2212 deatur
1000 2185 1095 2213 divina:
1121 2190 1226 2213 natura;
1246 2185 1426 2221 simplicitas,
1457 2186 1496 2212 uti
1526 2193 1560 2213 ne
1590 2185 1662 2220 quod

39 2236 71 2264 de
86 2235 213 2263 claritate
225 2239 252 2262 et
267 2233 413 2269 splendore
428 2232 492 2260 solis
504 2231 629 2263 edocere,
644 2232 733 2257 nbnne
743 2236 825 2264 opor-

40 2282 107 2308 tebit
121 2288 173 2308 nos
189 2281 214 2308 ei
230 2279 332 2312 dicere,
354 2278 417 2314 quia
431 2277 505 2306 omni
519 2277 571 2304 hoc
585 2275 685 2303 lutnine
700 2275 771 2311 quod
786 2275 826 2302 vi-

76 2351 99 2368 ¹¹
116 2350 172 2379 Tit.
185 2350 282 2384 1",“.
319 2350 341 2367 "
354 2349 448 2377 Matth.
461 2346 598 2380 “111,16.

76 2434 133 2470 (85)
148 2434 234 2470 Editi,
250 2433 415 2470 conveniens.
427 2431 502 2463 Mss.,
517 2437 686 2470 consequetur.

76 2465 132 2505 (84)
147 2465 238 2501 Editi,
256 2469 302 2503 ﬁat
328 2476 376 2504 pro
389 2472 437 2494 stet
449 2487 457 2500 ,
472 2467 544 2501 quod
570 2465 717 2500 praeferunt
734 2470 829 2491 omnes

42 2513 134 2576 ms($8.5)
149 2540 196 2567 Sic
207 2538 413 2577 editi,_et_mss.
424 2536 562 2577 plerique.
581 2535 630 2577 Ms.
646 2542 711 2562 vero
727 2533 829 2561 Sorba-

44 2572 130 2607 nicas,
145 2580 173 2602 et
190 2574 260 2601 alter
280 2574 308 2600 S.
327 2572 452 2606 Remigii,
469 2572 646 2607 infamantur.

77 2603 133 2646 (86)
264 2607 327 2646 ipe
343 2603 470 2642 prinEt'p.,
485 2613 546 2640 cap.
566 2605 592 2646 ᾖ,
609 2612 681 2631 num.
692 2603 723 2646 .5.

77 2640 250 2683 (87)__Editi_,
275 2640 407 2683 _llifet;pro
428 2641 666 2683 comparatione...
688 2640 824 2683 Irascetur.

44 2673 107 2709 Ms‘s.
121 2673 194 2707 ilicet
209 2673 256 2715 [aL
271 2673 402 2715 illicojad
422 2675 689 2715 comparationem...
707 2673 825 2701 habetur.

46 2717 95 2744 Sed
109 2712 251 2751 legendum
267 2712 374 2751 videtur
388 2712 457 2751 utuin
473 2716 559 2751 textu.

78 2743 310 2787 (88)”Mss._nos_tri
324 2767 332 2779 ,
346 2751 373 2775 et
392 2747 456 2787 editi
470 2747 598 2787 omittunt
616 2750 660 2784 aut
680 2752 693 2785 ι.
707 2744 754 2786 sed
771 2743 827 2771 haec

47 2780 94 2814 *οὶ
109 2780 200 2813 e'xstat
214 2785 242 2811 iu
256 2783 317 2810 aliis
333 2790 398 2810 mss.
415 2782 546 2808 librorum
561 2781 598 2807 De
610 2780 755 2815 principiis.

79 2821 193 2857 (89)Ms.
213 2818 392 2857 Sorbonicus,
405 2816 624 2857 lnterduntocuti
646 2815 668 2842 si
694 2815 824 2857 ξριιιιη.Ἦ

49 2849 143 2889 infusos
158 2849 642 2891 intuenturtcomiderarepossunth
654 2855 742 2891 ,Aetc,
755 2849 826 2889 quod

52 2886 97 2920 nan
114 2892 194 2920 male.
222 2888 321 2917 Cameri
338 2895 402 2915 tuss.
421 2895 447 2915 et
468 2886 533 2914 editi
559 2890 588 2912 ut
611 2886 637 2912 in
664 2888 738 2912 textu
751 2904 759 2917 ,
775 2886 827 2911 nisi

879 2236 921 2258 est
946 2231 1110 2266 principium
1133 2231 1254 2259 omnium
1272 2251 1280 2264 ,
1305 2231 1483 2265 compositum
1509 2231 1663 2258 inveniatur

880 2282 908 2303 et
935 2277 1091 2310 diversum,
1119 2277 1186 2312 (92)
1215 2282 1243 2304 et
1272 2277 1308 2304 sit
1341 2277 1448 2310 multa,
1475 2283 1528 2304 non
1561 2284 1665 2311 unum,

883 2427 953 2462 quod
966 2434 1030 2462 mss.
1046 2426 1173 2453 omlttant
1189 2425 1282 2462 nostri,
1296 2428 1354 2462 post
1366 2423 1445 2462 oculi.
1603 2461 1606 2462 ν
1625 2436 1627 2440 ι

918 2461 974 2496 (90)
987 2461 1042 2488 Vox
1050 2462 1137 2497 ipsius
1155 2462 1230 2497 deest
1242 2457 1367 2497 iueditis,
1386 2464 1412 2497 et
1425 2458 1450 2497 i_n
1468 2464 1533 2496 mss.
1551 2457 1666 2497 nostris;

882 2493 927 2525 sed
945 2493 1034 2524 exstat
1049 2493 1074 2522 iu
1095 2503 1159 2522 mss.
1185 2496 1314 2522 librorum
1330 2493 1400 2527 Περὶ
1418 2493 1528 2526 ἀρχῶν,
1544 2493 1666 2527 etresti-

882 2532 980 2560 tuenda
995 2531 1112 2557 videtur.
1129 2530 1229 2557 Deinde
1244 2530 1308 2556 editi
1323 2549 1331 2559 .
1355 2526 1440 2562 ipsum
1456 2535 1502 2560 per
1519 2534 1545 2553 se
1569 2526 1662 2562 Deum.

883 2567 946 2594 Mss.
963 2566 1047 2593 nostri
1065 2585 1072 2596 ,
1087 2566 1172 2599 ipsum
1184 2573 1230 2598 per
1252 2573 1278 2591 ιε
1301 2561 1386 2598 ipsum
1411 2562 1511 2599 Deum;
1535 2561 1589 2599 sed
1598 2564 1663 2588 mss;

884 2602 1013 2629 librorum
1033 2595 1071 2626 De
1085 2595 1221 2634 principiis
1232 2619 1240 2632 ,
1259 2595 1345 2634 ipsum
1360 2606 1405 2633 per
1419 2605 1446 2624 ae
1467 2597 1552 2632 ipsam
1568 2595 1663 2628 Deum,

880 2638 951 2672 quod
965 2636 1066 2672 rectius
1081 2635 1197 2672 videtur.
1214 2670 1219 2672 _
1349 2670 1354 2672 ἒ
1480 2666 1486 2672 ε

915 2672 971 2707 (91)
986 2670 1066 2701 Editi,
1082 2670 1120 2707 vel
1133 2670 1244 2704 propria:
1259 2670 1378 2696 materiis
1398 2666 1505 2702 propria
1514 2669 1586 2693 sunt.
1611 2665 1664 2693 Sed

879 2705 974 2735 omnes
988 2713 1054 2733 mss.
1070 2711 1098 2733 ut
1113 2705 1139 2731 in
1158 2708 1243 2731 textu.

915 2742 970 2778 (92)
985 2741 1085 2778 Omnes
1101 2739 1180 2772 hujus
1189 2738 1322 2778 Apuloque
1335 2745 1400 2765 mss.
1414 2735 1575 2778 etaiumitlt‘a
1586 2755 1594 2767 ,
1611 2742 1664 2775 non

881 2768 1045 2811 uniun'qitid,
1058 2768 1169 2809 oportEt,
1181 2768 1235 2801 etc.
1252 2768 1321 2800 Editi
1336 2780 1411 2811 vero,
1425 2776 1455 2811 et.
1467 2772 1527 2799 libri
1544 2768 1580 2798 De
1591 2770 1666 2804 prin-

880 2813 956 2845 cipiis
971 2807 1025 2838 tam
1042 2807 1107 2838 editi
1123 2817 1203 2847 quam
1226 2817 1304 2847 ψει,
1316 2813 1339 2847 et
1354 2808 1385 2834 sit
1402 2807 1486 2834 multa
1501 2814 1554 2847 non
1570 2813 1666 2847 enitr}.

879 2842 948 2882 quod
969 2851 1069 2880 oportet
1083 2866 1092 2880 ,
1105 2842 1159 2874 etc.
1181 2844 1307 2873 Judicent
1322 2843 1437 2871 lectores
1453 2849 1514 2878 qua:
1529 2842 1609 2869 lectio
1631 2842 1667 2869 sit

879 2881 1057 2918 pratt‘ercnda.
