1909 3080
259 153 310 181 559

863 150 891 178 S.
912 150 1072 179 PAMPHILI
1093 149 1271 178 MARTVRIS

1834 149 1883 178 5m

259 216 331 250 qttod
350 218 457 249 oportet
480 213 561 241 totius
583 220 718 247 corporea:
743 212 916 240 admistiottis
933 213 1049 240 alienum
1064 216 1084 242 Α
1100 220 1131 239 ex
1147 213 1231 240 nostri
1248 219 1346 240 sensus
1362 211 1598 247 contemplatione,
1616 212 1705 239 divina
1719 215 1826 243 natura.
1844 212 1882 238 itt-

259 269 312 289 una
340 260 394 288 sola
411 279 419 292 ,
445 263 475 286 ut
503 259 539 286 ita
565 259 681 286 dixerim
698 278 705 291 ,
733 257 842 286 deitatis
866 260 958 294 specie
982 266 1046 286 con-

259 311 341 335 stare.
365 315 374 332 ι

293 351 456 379 PAMPHILUS.
472 349 535 378 Haec
551 350 577 377 in
591 350 678 384 primo
692 351 761 378 libro
778 352 847 386 Περὶ
858 350 960 386 ἀρχῶν
980 350 1047 378 scri-

257 397 297 425 bit
313 397 345 425 de
362 397 452 424 divina
474 401 580 424 natura.
599 395 626 422 ln
651 397 769 425 secundo
787 404 852 424 vero
865 417 872 430 ,
887 397 949 432 quia
974 397 1044 424 idem

258 445 328 472 Deus
353 443 459 471 Veteris
477 448 504 470 et
525 442 591 470 Novi
610 442 776 470 Testamenti
801 443 858 476 sit,
886 445 938 471 hoc
965 443 1045 470 modo

257 490 343 517 refert
355 498 362 516 :

292 535 439 563 Ontctznss.
453 534 508 570 (95)
522 544 531 560 ι
547 534 594 562 His
604 542 652 570 per
661 535 794 566 ordinem,
807 539 885 569 prout
897 534 1044 569 potuimus,

256 581 377 610 breviter
388 581 510 616 digestis,
525 587 695 615 consequens
713 585 764 613 est,
772 580 920 607 secundum
939 580 964 606 id
972 579 1043 614 quod

256 636 289 656 ex
306 627 382 655 initio
399 627 568 662 propositum
595 631 654 658 est.
679 625 821 653 confutare
834 625 916 652 etiam
934 632 980 652 eos
998 624 1042 658 qui

255 678 354 708 putant
365 673 446 700 alium
462 673 543 700 Deum
559 679 621 699 esse
636 671 745 699 Patrem
762 671 867 700 Domini
884 671 968 698 nostri
979 670 1042 698 Iesu

256 719 359 747 Christi
373 739 381 752 ,
399 722 499 753 praeter
514 718 587 745 illum
605 718 649 752 qui
669 717 711 744 vel
731 717 816 752 Moysi
832 724 961 751 responsa
975 716 1043 752 legis

256 767 348 798 dabat,
362 766 404 793 vel
420 765 566 799 prophetas
579 765 712 797 mittebat,
728 764 772 798 qui
786 769 827 790 est
844 763 914 790 Deus
934 767 1041 797 patrum

255 812 392 840 Abraham
404 831 412 843 ,
430 810 504 838 Isaac
529 815 556 838 et
578 809 671 837 Jacob.
695 809 807 844 Oportet
822 809 893 836 enim
910 809 998 843 primo
1015 809 1040 836 in

255 859 308 887 hac
323 865 372 885 nas
387 857 447 885 ﬁdei
463 856 568 884 ratione
594 855 708 883 lirntari.
723 855 955 883 Considerandum
976 862 1041 890 ergo

254 908 296 932 est
312 903 378 931 illud
393 902 465 937 quod
489 902 646 936 frequenter
664 901 690 928 in
709 900 862 935 Evangeliis
882 900 991 931 dicitur,
1012 904 1040 927 et

255 951 282 978 in
305 948 418 985 singulis
441 949 593 983 quibusque
610 946 717 974 Domini
735 951 762 974 et
779 945 930 974 Salvatoris
953 945 1037 973 nostri

253 996 336 1031 gestis
349 995 504 1030 adjungitur
517 1002 524 1021 :
540 993 573 1020 Ut
588 993 724 1027 impleatur
738 993 808 1028 quod
825 993 924 1019 dictum
936 997 973 1018 est
993 999 1039 1026 per

253 1040 414 1075 Prophetam
431 1040 453 1056 '°
470 1040 544 1066 illum
563 1043 590 1066 et
605 1038 679 1065 illttm
695 1048 701 1066 :
719 1045 780 1065 cum
806 1037 978 1064 manifestqu
1002 1037 1038 1064 sit

252 1086 398 1123 prophetas
411 1093 471 1113 esse
485 1085 556 1113 illius
568 1085 613 1111 Dei
625 1084 671 1119 qui
688 1084 815 1111 ntundttnt
837 1083 912 1111 fecit.
930 1082 968 1110 Ex
980 1083 1036 1118 ipsa

252 1139 317 1168 ergo
338 1132 531 1166 consequentia
554 1130 734 1161 concluditur.
749 1130 876 1165 qttouiam
903 1129 949 1164 qui
975 1136 1038 1164 pro-

251 1178 417 1215 pltetas(9.l)
435 1178 527 1211 misit,
552 1177 585 1204 dc
609 1177 718 1204 Christo
733 1184 791 1211 quae
818 1176 935 1210 gerenda
961 1179 1038 1202 erant

253 1224 310 1258 ipse
334 1222 478 1258 praedixit:
495 1226 522 1248 et
545 1221 656 1249 dubium
680 1228 732 1247 non
754 1220 881 1255 estquod
898 1220 954 1247 haec
983 1227 1036 1246 non

251 1269 356 1296 alienus
375 1268 435 1302 quis
462 1268 495 1294 ab
517 1275 550 1295 eo
564 1287 570 1299 ,
596 1266 642 1294 sed
660 1265 740 1293 Pater
765 1266 850 1300 ipsius
864 1265 1036 1300 prtcdicebat.

252 1313 307 1342 Sed
334 1319 362 1341 et
387 1313 452 1340 illud
479 1313 550 1347 qttod
579 1312 735 1346 frequenter
758 1311 880 1346 exempla
897 1311 931 1338 de
948 1311 1036 1339 Veteri

253 1359 428 1387 Testamento
443 1366 457 1384 a
477 1357 617 1385 Salvatore
632 1356 816 1391 proferuntur,
828 1357 869 1384 vel
881 1358 915 1383 ab
929 1363 1038 1392 aposto-

253 1404 286 1432 lis
299 1403 368 1439 ejus,
385 1411 437 1431 non
453 1403 526 1430 aliud
546 1403 657 1434 ittdicat,
675 1402 725 1429 ttisi
739 1402 810 1436 quod
825 1401 972 1428 auctoritas
992 1408 1037 1428 ve-

251 1450 357 1478 teribus
377 1457 391 1476 a
408 1450 547 1476 Salvatore
564 1453 592 1475 et
607 1448 641 1475 ab
655 1447 712 1481 ejus
729 1446 866 1481 discipulis
881 1447 1035 1474 adhibetur.

252 1496 307 1525 Sed
324 1501 352 1524 et
364 1496 428 1522 illud
444 1495 513 1529 quod
530 1494 563 1521 ad
580 1494 773 1528 benignitatem
787 1500 939 1527 provocans
955 1493 1037 1520 disci-

251 1543 330 1578 pulos
343 1550 407 1570 suos
421 1541 545 1568 Salvator
558 1540 620 1567 dicit
640 1549 646 1567 :
666 1540 754 1567 Estote
774 1539 903 1574 perfecti,
922 1540 989 1566 sicut
1012 1545 1035 1567 et

252 1588 334 1616 Pater
348 1593 430 1614 vester
448 1586 555 1613 caelestis
571 1585 700 1620 perfectus
715 1590 751 1612 est
767 1605 774 1617 ,
793 1586 836 1620 qui
858 1585 938 1612 solent
958 1593 1036 1612 suum

251 1634 397 1669 oririjubet
412 1640 490 1667 super
503 1632 582 1659 bonos
595 1636 619 1659 et
630 1631 724 1664 malos,
739 1637 763 1658 et
782 1632 846 1666 pluit
862 1640 940 1666 super
948 1632 1036 1666 justas

250 1685 275 1708 et
297 1680 408 1715 injustas
428 1679 450 1695 "
472 1688 479 1706 :
503 1678 590 1705 cuivis
612 1678 695 1705 etiam
725 1678 830 1713 exiguae
855 1678 1036 1713 intelligentia:

250 1727 310 1753 viro
334 1725 569 1752 evidentissimum
602 1724 722 1758 suggerit
751 1723 939 1758 intellectum,
966 1724 1036 1759 quod

250 1780 303 1801 non
322 1772 403 1799 alium
429 1771 462 1798 ad
490 1771 649 1797 imitandum
672 1770 801 1805 proponit
816 1770 955 1805 discipulis
980 1771 1037 1798 suis

251 1818 346 1851 Deum,
369 1817 420 1845 nisi
445 1817 578 1844 factorem
603 1816 687 1849 solis,
705 1822 733 1844 et
750 1816 886 1843 timbrium
912 1816 1037 1851 praebito-

250 1872 317 1893 rem.
335 1873 345 1891 1

284 1911 448 1939 ΡΛιιιιιζιιυε.
470 1908 534 1936 Post
553 1908 609 1935 hate
635 1908 660 1934 iu
687 1908 915 1943 consequentibus
942 1908 1035 1936 multis

249 1958 415 1994 argumentis
430 1962 511 1992 atque
526 1956 658 1990 exemplis
674 1954 874 1990 Scripturarum
889 1955 1034 1988 atlirmaus,

249 2003 368 2031 ostendit
385 2002 511 2037 quoniam
525 2008 594 2028 unus
611 2005 638 2027 et
652 2000 721 2027 idem
740 2000 811 2027 Deus
823 2020 830 2032 ,
848 1999 917 2028 Deus
934 2005 976 2028 est
998 2000 1036 2027 le-

250 2050 303 2085 gis,
318 2054 345 2077 et
357 2048 576 2082 Evattgeliorum,
592 2052 620 2074 et
636 2046 839 2081 prophetarum,
854 2050 881 2073 ct
899 2045 1035 2081 apostolo-

249 2103 321 2127 rum,
334 2094 425 2130 justus
438 2098 465 2120 et
481 2094 577 2126 bonus,
598 2092 746 2120 visibilium
765 2097 791 2119 et
810 2091 982 2119 invisibilium
1003 2099 1035 2120 ac

250 2142 334 2170 totius
351 2139 534 2167 universitatis
551 2139 690 2166 Dominus.
706 2139 846 2172 Quomodo
859 2145 924 2173 ergo
941 2145 1034 2165 seuse-

249 2186 286 2213 rit
302 2185 335 2212 de
355 2184 410 2212 Deo
423 2184 504 2212 Patre
518 2204 525 2216 ,
540 2192 573 2211 cx
598 2184 640 2211 ltis
652 2183 711 2217 ejus
727 2183 836 2217 scriptis
849 2203 855 2215 ,
875 2190 934 2217 quae
952 2190 1032 2217 supra

249 2229 432 2264 exposuimus,
445 2228 554 2255 claruit.
572 2228 717 2255 Videamus
741 2234 806 2262 ergo
833 2235 903 2254 ttuuc
917 2227 1033 2262 qualiter

247 2279 278 2302 et
289 2275 322 2302 de
337 2273 382 2301 Dei
400 2273 470 2300 Filio
482 2273 608 2300 disserat.

553 2317 666 2346 CAPUT
686 2316 729 2344 lli.

494 2365 531 2392 De
542 2365 638 2392 deitate
654 2363 720 2390 Filii
735 2363 793 2390 Dei.

284 2414 429 2441 ORIGENES.
449 2411 505 2446 (95)
518 2420 528 2437 ι
543 2410 595 2439 Pro
602 2411 706 2438 viribus
721 2410 801 2444 igitur
812 2408 914 2436 nostris
927 2408 1032 2444 perexi-

251 2460 311 2496 guis
331 2459 498 2486 considerata
512 2466 544 2485 ex
561 2465 671 2493 operum
689 2463 797 2484 suorum
817 2475 824 2487 ,
848 2455 933 2491 magis
949 2463 1030 2490 quatn

286 2507 309 2523 ³⁰
327 2506 420 2533 Matth.
444 2513 502 2537 ttttt,
516 2505 551 2532 55
566 2513 574 2536 ς
592 2512 678 2537 xxvtt,
694 2503 739 2531 55.
792 2502 813 2518 ³³
827 2502 923 2530 Matth.
938 2510 962 2534 v,
980 2501 1026 2536 ιε,

250 2550 291 2576 ιι,
304 2542 350 2571 27.
388 2541 410 2557 ³⁸
422 2540 500 2569 Joau.
519 2548 575 2572 χχι,
588 2540 633 2567 25.

355 2589 393 2626 Ex
407 2588 454 2615 lib.
471 2595 490 2614 tt
512 2586 708 2626 Qe_principiis,
730 2594 790 2620 cap.
809 2585 836 2617 4.
858 2593 930 2626 nutu.
947 2585 972 2612 1.

289 2620 346 2660 (94)
362 2625 417 2651 Sic.
431 2630 496 2650 mss.
514 2622 584 2649 Etllll
598 2629 661 2660 vero
672 2629 824 2660 perperam.-
833 2620 1028 2660 lillsiiLquleﬂe

245 2655 356 2688 «Christo
372 2659 500 2686 credenda
510 2662 584 2685 erant
595 2658 649 2690 ipse
669 2655 801 2690 pra'rlixit.
815 2655 888 2683 Libri
904 2655 941 2690 De
954 2655 1027 2688 prin-

245 2696 325 2730 cipii:
339 2699 393 2721 tant
411 2694 474 2720 editi
492 2699 573 2727 quam
592 2688 680 2730 mss,
693 2692 781 2723 misit,
795 2699 854 2725 quia
875 2691 907 2717 de
923 2688 1027 2717 Christo

244 2727 486 2765 pradicendanerat
505 2729 558 2765 ipse
570 2727 702 2765 prwdioeit.

300 2764 344 2800 95)
361 2764 399 2800 bis
415 2763 461 2789 lib.
476 2770 495 2789 tt
513 2760 828 2800 ῼε-ιὲῑίιιςῆῇιίξειθεῷ..6ῐ
841 2768 914 2800 num.
932 2760 957 2787 Ι.

300 2766 344 2800 95)
361 2766 399 2790 Ex
415 2766 461 2789 lib.
476 2770 495 2789 tt
513 2766 552 2788 De
561 2766 705 2796 principiis,
721 2768 780 2795 cap.
793 2766 825 2791 ῠ,
841 2768 914 2787 ttum.
932 2766 957 2787 l.

284 2766 343 2836 ltili)
362 2798 399 2825 l'ta
411 2802 484 2836 recte
497 2797 571 2828 editi,
585 2796 680 2836 etlibri
697 2796 879 2836 Deprincipiir
897 2800 950 2821 tam
963 2795 1026 2836 editi

247 2831 339 2869 quam
356 2840 434 2869 mss.”
451 2831 515 2860 Mss.
535 2838 600 2857 vero
622 2831 701 2869 hujus
726 2831 880 2869 Apologiw,
898 2831 1027 2857 creaturis

251 2865 483 2904 ejusyisjbilibus,
505 2866 706 2900 contemplantes
726 2865 774 2900 (al.
791 2873 945 2899 rursumque
964 2874 1026 2892 con-

1050 1571 1071 1601 ο

1100 260 1228 295 tuitisque
1242 260 1418 287 nihilmninus
1427 259 1484 294 (96)
1498 259 1628 286 creaturis
1644 257 1703 293 ejus
1719 258 1880 289 visibilibus,

1098 306 1152 333 fide
1173 313 1281 341 qttoqtte
1305 305 1487 332 iuvisibilibus
1512 304 1703 339 contemplatis
1718 324 1727 336 ,
1744 304 1806 339 quia
1830 311 1880 330 non

1097 352 1188 379 omnia
1209 351 1250 379 vel
1272 351 1358 379 oculis
1378 351 1470 378 videre
1490 355 1578 385 potest
1597 351 1712 377 human:
1731 350 1879 385 fragilitas,

1097 398 1139 426 vel
1156 397 1261 425 ratione
1274 396 1414 431 complecti
1428 417 1436 430 ,
1453 403 1486 424 eo
1504 396 1574 431 quod
1591 395 1713 422 omnium
1731 396 1879 423 rationabi-

1096 444 1160 471 littm
1179 443 1313 470 inlirmius
1325 448 1351 471 et
1365 442 1489 478 lragilius
1503 442 1603 470 animal
1618 450 1666 470 nos
1683 450 1778 470 sumus
1791 443 1881 470 homi-

1096 496 1143 516 nes
1159 498 1165 516 ε
1179 490 1365 524 praestantiora
1388 489 1460 516 enim
1482 493 1544 516 sunt.
1556 496 1587 516 ea
1614 496 1674 523 qua:
1698 488 1741 515 vel
1757 489 1783 516 in
1800 488 1878 521 caelo,

1095 534 1135 561 vel
1151 540 1232 568 super
1248 534 1331 562 caelos
1355 533 1487 561 habentur
1500 544 1508 562 :
1521 538 1644 568 Superest
1659 538 1687 560 ut
1702 534 1797 561 barum
1822 541 1879 561 om-

1095 581 1168 608 nium
1182 584 1380 611 creaturarum,
1397 584 1425 606 et
1440 579 1496 609 Dei.
1519 580 1634 606 mediutu
1647 600 1654 611 ,
1675 579 1700 606 id
1724 585 1766 606 est
1781 579 1878 607 media-

1095 630 1179 653 torem
1196 632 1348 660 quzcramus
1358 644 1365 656 ,
1380 631 1459 659 quem
1479 624 1576 652 Paulus
1591 625 1729 660 apostolus
1744 625 1877 660 primoge-

1093 671 1178 698 nitunt
1195 670 1284 698 outnis
1309 674 1442 698 creaturae
1469 671 1635 705 pronuntiat.
1653 670 1781 698 Videntes
1807 671 1876 698 enim

1092 724 1125 744 ea
1139 725 1198 752 qua:
1214 718 1246 744 de
1262 716 1320 750 ejus
1338 716 1481 752 majestate
1503 717 1527 744 in
1545 717 1694 750 Scripturis
1719 718 1822 745 sanctis
1838 726 1879 745 re

1093 762 1219 791 feruntur
1241 766 1268 790 et
1292 763 1428 790 intuentes
1457 764 1528 798 quod
1552 763 1638 798 imago
1658 763 1797 791 invisibilis
1814 764 1877 795 Dei.

1092 808 1281 842 primogenita;
1295 808 1378 835 omnis
1387 813 1516 835 creaturae
1533 808 1647 841 dicatur,
1663 813 1690 836 et
1706 809 1778 844 quod
1789 809 1816 836 in
1825 810 1877 842 ipso

1095 858 1184 880 creata
1195 854 1247 881 sint
1258 855 1355 887 omnia,
1367 855 1418 881 sive
1433 862 1491 889 quae
1505 854 1532 880 in
1544 854 1624 886 cwlis,
1640 855 1692 882 sive
1705 862 1765 890 qum
1775 856 1801 882 in
1809 860 1876 882 terra

1093 893 1165 932 sunt,
1180 899 1295 926 visibilia
1311 905 1334 927 et
1349 899 1501 930 invisibilia,
1514 900 1567 927 sive
1587 900 1685 932 throni,
1695 901 1748 928 sive
1763 901 1878 928 domina-

1092 946 1184 979 tiones,
1205 947 1257 974 sive
1277 946 1452 981 principatus,
1467 946 1520 974 sive
1540 951 1681 981 potestates
1694 967 1702 979 ,
1724 948 1815 974 omnia
1833 957 1878 982 per

1091 992 1188 1026 ipsum,
1201 997 1224 1018 et
1237 992 1265 1018 in
1276 991 1332 1026 ipso
1352 997 1441 1018 creata
1455 996 1517 1018 sunt
1534 999 1540 1006 '
1551 997 1574 1018 et
1587 993 1640 1027 ipse
1654 998 1690 1019 est
1707 997 1769 1020 ante
1779 1001 1876 1025 omnes,

1091 1042 1115 1064 et
1132 1038 1220 1064 omnia
1237 1038 1264 1064 in
1277 1037 1322 1064 illo
1334 1042 1453 1064 constant
1466 1038 1498 1070 ι’,
1516 1038 1561 1072 qui
1576 1044 1616 1066 est
1634 1043 1716 1073 caput
1735 1039 1855 1066 omnium
1869 1060 1876 1071 ,

1091 1083 1163 1111 solus
1179 1084 1281 1111 habens
1295 1089 1377 1118 caput
1403 1083 1484 1110 Deum
1508 1083 1616 1111 Patrem
1629 1103 1638 1116 ,
1653 1084 1723 1111 sicut
1746 1084 1877 1118 scriptum

1091 1136 1140 1162 est,
1156 1130 1240 1164 Caput
1255 1135 1340 1157 autem
1355 1129 1452 1157 Chriin
1470 1129 1538 1157 Deus
1555 1130 1577 1146 "
1593 1140 1600 1158 :
1617 1131 1876 1164 pervidentesetiam

1091 1176 1161 1211 quod
1183 1176 1312 1209 scriptum
1331 1180 1373 1203 est
1390 1186 1395 1202 :
1415 1176 1544 1210 quoniam
1567 1184 1641 1203 nemo
1666 1177 1735 1204 navit
1752 1167 1876 1207 Patrem,

1091 1224 1142 1250 nisi
1155 1222 1259 1255 Filius;
1274 1231 1355 1258 neque
1368 1221 1468 1249 Filium
1484 1223 1542 1257 quis
1565 1223 1645 1254 novit,
1663 1223 1714 1249 nisi
1729 1221 1814 1249 Pater
1827 1222 1851 1238 “
1867 1230 1875 1255 ;

1091 1268 1162 1305 (quis
1176 1268 1247 1296 enim
1264 1276 1342 1296 nosse
1354 1272 1442 1303 potest
1456 1275 1517 1303 qua:
1533 1268 1568 1295 sit
1581 1268 1725 1302 sapientia,
1750 1269 1802 1296 nisi
1829 1269 1874 1304 qui

1090 1315 1180 1352 genuit
1197 1323 1256 1343 eam
1271 1324 1277 1342 :
1290 1320 1336 1342 aut
1351 1316 1411 1349 quis
1438 1315 1471 1342 ad
1496 1315 1625 1350 liquidunt
1649 1322 1708 1349 qua:
1727 1315 1763 1342 sit
1776 1316 1877 1343 veritas

1090 1362 1185 1394 novit,
1209 1361 1261 1389 nisi
1277 1361 1398 1388 veritatis
1413 1360 1516 1388 Pater?
1539 1360 1598 1396 quis
1623 1365 1696 1387 certe
1720 1360 1874 1387 universam

1091 1407 1172 1435 Verbi
1188 1406 1228 1434 sui
1245 1410 1381 1438 naturam,
1395 1411 1477 1441 atque
1491 1406 1573 1440 ipsius
1588 1406 1634 1432 Dei
1647 1406 1691 1440 qui
1708 1413 1741 1432 ex
1756 1405 1811 1433 Deo
1823 1411 1875 1437 est,

1091 1452 1255 1487 investigare
1272 1452 1368 1486 potuit,
1383 1451 1433 1478 nisi
1449 1452 1523 1478 solus
1536 1451 1617 1484 Deus,
1636 1451 1705 1485 apud
1723 1459 1802 1485 quem
1818 1457 1876 1478 erat

1092 1497 1206 1524 Verbum
1225 1497 1256 1530 ?)
1278 1497 1333 1532 (97)
1352 1496 1407 1524 Pro
1427 1501 1500 1524 certo
1525 1497 1626 1524 habere
1639 1497 1768 1523 debetuus
1781 1517 1789 1529 ,
1805 1498 1875 1532 quod

1091 1542 1142 1570 hoc
1159 1538 1276 1570 Verbum
1289 1562 1296 1575 ,
1315 1543 1372 1570 site
1388 1543 1456 1570 ratio
1472 1542 1586 1570 dicenda
1601 1547 1642 1570 est
1655 1562 1662 1574 ,
1677 1542 1748 1570 hanc
1764 1543 1874 1576 sapien-

1091 1588 1152 1614 tiam
1165 1607 1173 1620 .
1194 1588 1266 1615 hanc
1282 1588 1423 1615 veritatem
1447 1587 1536 1615 nullus
1552 1587 1620 1615 alius
1636 1588 1688 1615 nisi
1705 1588 1779 1615 solus
1795 1588 1876 1616 Pater

1088 1634 1161 1660 novit
1177 1642 1184 1660 :
1198 1634 1230 1661 dc
1254 1641 1324 1668 quo,
1341 1634 1410 1661 sicut
1426 1634 1557 1668 scriptum
1573 1638 1613 1661 est
1631 1643 1637 1660 :
1653 1633 1694 1660 Ne
1713 1634 1799 1668 ipsum
1818 1636 1877 1668 qui-

1087 1679 1145 1705 dem
1164 1680 1289 1706 mundum
1308 1688 1398 1713 capere
1417 1687 1492 1713 posse
1506 1680 1620 1706 arbitror
1643 1679 1724 1706 libros
1748 1681 1794 1712 qui
1808 1680 1876 1706 scri-

1087 1724 1209 1751 berentur
1220 1725 1242 1741 ³⁵
1260 1726 1293 1753 de
1309 1725 1391 1760 gloria
1414 1730 1442 1752 et
1466 1726 1500 1753 de
1517 1725 1658 1760 majestate
1672 1725 1732 1752 Filii
1750 1726 1807 1753 Dei.
1823 1726 1876 1753 lm-

1088 1769 1214 1804 possibile
1229 1777 1345 1806 namque
1361 1775 1402 1798 est
1421 1770 1518 1798 litteris
1534 1772 1703 1798 committere
1716 1778 1747 1798 ea
1761 1779 1823 1806 quae
1841 1773 1874 1799 ad

1088 1815 1236 1843 Salvatoris
1251 1816 1363 1850 gloriam
1378 1817 1524 1852 pertinent.
1542 1826 1551 1843 ι

1121 1861 1283 1890 PAMPHILUS.
1311 1863 1397 1890 Unum
1423 1863 1492 1890 istud
1510 1863 1693 1890 testimonium
1720 1863 1754 1891 de
1773 1864 1874 1891 dcitatc

1086 1908 1145 1935 Filii
1160 1909 1204 1936 Dei
1220 1915 1254 1935 ex
1268 1908 1320 1935 illis
1332 1908 1408 1934 libris
1421 1907 1581 1942 protulimus
1594 1927 1601 1940 ,
1622 1908 1668 1942 qui
1692 1909 1814 1937 maxime
1839 1912 1873 1937 ab

1085 1954 1290 1981 accusatoﬁbus
1304 1959 1464 1988 arguuntur.
1485 1952 1599 1979 Dubium
1623 1958 1713 1980 autem
1738 1962 1790 1981 nou
1809 1960 1851 1981 est
1864 1975 1872 1986 ,

1086 1999 1156 2034 quod
1181 1999 1274 2027 eodem
1292 2007 1372 2028 sensu
1390 1999 1470 2026 etiam
1496 1999 1522 2026 in
1546 1999 1651 2026 czetcris
1678 2000 1800 2033 sentiat,
1822 2008 1873 2027 nec

1085 2046 1135 2072 sibi
1152 2046 1187 2073 sit
1202 2046 1259 2077 ipse
1275 2045 1439 2072 contrarius.
1465 2044 1503 2072 De
1524 2052 1556 2072 eo
1579 2046 1650 2080 quod
1668 2052 1720 2072 non
1740 2046 1776 2072 sit
1790 2045 1874 2073 Pater

1084 2095 1228 2124 antequam
1243 2089 1338 2119 Filius.
1352 2090 1398 2118 sed
1418 2095 1569 2117 coaeternus
1589 2090 1626 2117 sit
1639 2089 1728 2118 Filius
1742 2090 1830 2123 Patri,
1845 2092 1872 2118 in

1084 2136 1171 2170 primo
1187 2136 1255 2163 libro
1274 2136 1311 2162 De
1324 2135 1417 2164 Genui
1434 2137 1490 2164 haec
1507 2136 1545 2163 ait
1559 2146 1564 2163 :

1106 2182 1250 2208 UBIGENES.
1271 2181 1338 2216 (97')
1364 2190 1373 2207 t
1400 2181 1457 2208 Non
1531 2181 1568 2207 Οὐ
1582 2181 1637 2216 γὰρ
1647 2180 1733 2213 «sese;
1745 2181 1802 2217 (98)
1815 2182 1872 2210 lla.-

1084 2229 1156 2254 ettim
1165 2227 1245 2259 Deus,
1253 2236 1313 2254 cttm
1321 2229 1395 2263 prius
1406 2235 1458 2255 non
1495 2227 1548 2263 τὴρ
1559 2225 1629 2254 εἶναι
1643 2227 1756 2263 ἧρξατο,
1768 2228 1872 2255 κωλυό-

1086 2277 1156 2299 esset
1167 2271 1256 2306 Pater,
1268 2279 1361 2308 postea
1379 2273 1459 2302 Pater
1495 2283 1585 2310 μενος,
1594 2275 1810 2310 ὡςοὶγινύμενοι
1818 2285 1872 2303 πα-

1085 2325 1143 2345 esse
1165 2319 1258 2352 «epit,
1277 2319 1349 2346 velut
1374 2320 1458 2355 impe-
1494 2322 1571 2357 τέρες
1591 2322 1740 2358 ἄνθρωποι,
1759 2323 1814 2349 ὑπὸ
1826 2323 1872 2350 τοῦ

1084 2364 1156 2391 ditus
1181 2365 1314 2399 aliquibus
1334 2373 1367 2393 ex
1393 2374 1458 2393 cau-
1495 2369 1532 2405 μὴ
1545 2369 1674 2396 δύνασθαί
1688 2378 1732 2396 πω
1754 2371 1874 2406 πατέρες

1085 2410 1132 2443 sis,
1143 2411 1241 2446 quibus
1253 2411 1375 2440 homines
1387 2420 1458 2440 tuor—
1493 2413 1572 2442 εῖναι.
1590 2417 1621 2442 Et
1640 2415 1695 2452 γὰρ
1706 2416 1752 2442 ἀεὶ
1769 2416 1874 2448 τέλειος

1086 2456 1152 2482 tales
1173 2456 1294 2491 impediri
1314 2458 1411 2490 solent,
1431 2464 1459 2487 ut
1493 2461 1507 2486 ὁ
1520 2461 1594 2494 Θεὸς,
1605 2463 1654 2489 καὶ
1671 2462 1808 2498 πάρεστιν
1825 2463 1873 2490 αὑ-

1052 2502 1096 2530 45.
1137 2503 1159 2519 ³³
1175 2503 1279 2532 Coloss.
1300 2514 1320 2538 ι,
1338 2505 1434 2534 15-17.
1474 2508 1496 2524 ⁸³
1512 2508 1521 2535 l
1537 2509 1600 2536 Cor.
1615 2517 1653 2543 tu,
1668 2510 1696 2537 3.
1735 2511 1760 2527 ³⁸
1776 2511 1872 2539 Matth.

1082 2585 1247 2622 tempfantes]
1265 2587 1327 2622 quia
1343 2595 1394 2614 non
1412 2587 1510 2620 omnia,
1526 2593 1578 2616 etc.

1118 2620 1173 2654 (97)
1185 2620 1247 2648 Mss.
1263 2621 1342 2658 hujus
1357 2622 1492 2657 Apologus
1505 2624 1606 2651 habent
1625 2633 1631 2651 :
1651 2623 1727 2651 Unde
1740 2633 1789 2658 pro
1800 2630 1872 2652 certo

1081 2655 1176 2716 {taltlifre
1188 2660 1263 2716 ,detc.
1278 2656 1331 2683 Sed
1348 2658 1413 2684 editi
1426 2655 1476 2690 ,Vet
1499 2658 1561 2686 libri
1578 2659 1617 2686 De
1632 2655 1773 2695 principiis
1787 2662 1871 2689 antit-

1095 2699 1108 2716 υ
1160 2699 1194 2716 ιιη
1215 2699 1239 2716 ε.

1082 2696 1142 2717 ιυηι
1160 2696 1239 2717 unde.

1118 2726 1185 2760 (97')
1200 2725 1237 2752 Ex
1251 2725 1337 2753 libmt
1353 2725 1379 2752 in
1396 2725 1526 2755 Genetim.

1116 2762 1170 2796 (ηδ)
1193 2761 1234 2787 Οὺ
1260 2761 1314 2795 γὰρ
1342 2763 1358 2788 ό
1377 2763 1458 2795 Θεός,
1483 2769 1535 2790 etc.
1560 2762 1637 2791 llun-c
1654 2764 1744 2792 locum
1777 2765 1872 2793 Grece

1080 2796 1332 2836 extttltetEttseliius
1353 2797 1399 2825 lib.
1425 2806 1432 2825 t
1457 2799 1581 2826 adversus
1605 2799 1765 2828 Marullum
1786 2802 1872 2836 Aury;

1079 2839 1182 2863 ruunm,
1199 2839 1258 2866 pag.
1271 2832 1315 2859 22.
