1909 3080
73 133 122 162 561

73 201 125 220 non
150 193 241 222 statim
260 202 294 222 ex
313 202 367 231 quo
387 201 448 225 sunt

72 240 153 266 etiam
178 245 269 278 patres
295 249 356 270 esse
383 251 446 278 pos-

72 287 137 313 sint.
171 276 200 313 Si
236 287 309 315 enim
342 296 448 323 semper

73 332 212 365 perfectus
237 337 281 359 est
301 333 380 362 Deus.
398 342 446 361 nec

71 376 149 402 deest
165 376 189 402 ei
205 377 289 404 virtus
303 385 354 411 qua
367 377 447 405 Pater

70 423 115 455 sil,
126 428 154 450 et
161 423 258 450 bonum
269 429 310 451 est
318 432 445 452 esseeum

70 468 179 496 Patrem
202 469 263 497 talis
277 470 356 502 Filii.
380 472 445 506 quid

68 514 171 548 tliﬂ'ert,
185 517 302 551 autquid
314 518 364 545 hoc
375 518 445 546 bono

67 569 97 590 se
115 563 242 594 l'ramlat.
269 569 297 591 et
316 572 369 592 non
390 570 447 592 sta-

67 609 153 639 tim,si
166 609 201 635 ita
210 609 262 636 dici
272 610 445 645 potest.(98‘)

65 660 98 679 ex
113 661 169 686 quo
185 659 272 687 potest
283 662 344 682 esse
354 655 444 689 Pater,

671 141 841 169 APOLOGIA
861 142 926 171 PRO
944 143 1105 173 ORIGENE.

1638 148 1691 175 ΜΞ

483 197 523 234 τῷ
543 198 655 235 δύναμις
678 201 724 227 τοῦ
750 202 845 237 Ila-rip:

910 202 1054 234 beat,cum
1075 211 1155 232 omne
1179 205 1251 239 quod
1273 213 1431 241 corporeum
1447 211 1498 239 est,
1522 207 1562 234 vel
1582 207 1689 241 habitu,

483 244 563 271 αὐτὸν
588 242 675 278 εἶναι,
707 247 754 273 καὶ
775 247 856 275 καλὸν

482 291 562 318 αὐτὸν
585 290 653 319 εἶναι
681 294 790 330 Πατέρα
808 294 855 321 τοῦ

481 338 601 365 τοιούτου
630 339 711 371 Υἱοῦ,
741 341 766 367 τι
793 341 856 368 dva—

482 383 618 417 ϐάλλεται,
635 386 682 412 καὶ
697 387 792 413 ἑαυτὸν
808 387 855 414 τοῦ

482 430 565 457 καλοῦ
597 431 752 467 στερίσκει,
788 433 855 466 καὶ,

480 475 518 508 ὡς
529 476 603 504 ἐστιν
616 479 713 510 εἰπεῖν,
727 478 756 511 ἐξ
771 476 801 506 οὗ
815 479 856 506 δύ-

481 532 559 550 ναται
575 525 669 560 Πατὴρ
690 522 758 552 εἶναι
772 526 853 556 Ἠοῦς

481 571 518 597 Τὸ
541 570 607 597 αὐτὸ
647 572 770 607 μέντοιγε
808 575 855 601 καὶ

481 617 544 652 περὶ
562 616 608 643 τοῦ
630 617 706 651 ἁγίου
729 618 855 654 Πνεὺμα·

480 670 526 694 τος
537 662 656 690 λεκτέον.

65 699 185 727 edicitur
206 699 306 728 Pater?
329 701 444 736 ldipsum

64 751 161 773 autem
184 747 265 774 etiam
286 748 319 775 de
343 748 444 782 Spiritu

63 797 163 819 sancto
175 793 318 820 dicendum
331 799 382 823 est.
405 805 414 822 ι

102 838 268 868 PAMPHILUS.
295 841 373 869 Aliud
397 843 582 872 testimonium
599 846 632 874 de
651 847 744 874 eadem
767 855 797 875 re
820 855 851 875 ex

64 883 146 911 libris
164 884 292 919 Epiuon
303 888 337 914 ad
352 888 486 916 Hebraeos.

101 930 252 959 Ontczass.
269 932 324 968 (99)
350 943 359 959 ‹
382 934 438 962 Lux
469 941 559 963 autem
583 941 683 964 :eterna
697 938 761 972 quid
783 939 853 967 aliud

63 977 239 1004 sentiendum
253 983 306 1010 est,
323 986 404 1014 quam
433 981 504 1008 Deus
522 982 613 1015 Pater,
643 984 687 1017 qui
717 992 853 1018 nunquam

63 1022 117 1050 fuit
129 1024 241 1058 quando
257 1024 302 1051 lux
318 1025 426 1058 quidem
439 1031 523 1056 esset.
534 1028 663 1061 splendor
679 1036 744 1056 vero
758 1030 782 1056 ei
800 1038 852 1057 non

62 1069 194 1098 adesset?
216 1068 309 1105 Neque
327 1071 398 1098 enim
417 1071 461 1098 lux
485 1073 543 1100 sine
563 1074 705 1108 splendore
729 1083 778 1102 suo
801 1084 853 1103 un-

62 1121 148 1149 quam
167 1114 278 1150 intelligi
295 1119 392 1150 potest.
410 1116 485 1149 Quod
497 1118 518 1143 si
537 1125 630 1144 verum
643 1123 696 1149 est.
713 1127 849 1154 nunquam

60 1163 107 1186 est
124 1159 193 1194 (99‘)
223 1161 330 1194 quando
346 1160 429 1188 Filius
444 1169 496 1189 non
515 1161 598 1190 Filius
612 1163 673 1190 fuit.
687 1164 850 1192 Eratautetn

61 1212 132 1237 non,
151 1205 266 1233 sicut‘de
277 1211 376 1234 aeterna
389 1206 449 1235 luce
468 1208 596 1240 diximus,
612 1209 733 1244 innatus,
747 1218 781 1238 ne
793 1213 847 1239 duo

61 1251 198 1286 principia
216 1252 284 1279 lucis
302 1252 441 1280 videamus
458 1253 596 1288 inducere,
614 1256 662 1282 sed
684 1256 752 1283 sicut
777 1257 852 1293 inge-

61 1298 128 1325 nita:
143 1298 210 1325 lucis
220 1298 357 1332 splendor,
371 1300 456 1334 ipsam
476 1300 547 1326 illam
565 1301 651 1328 lucem
672 1302 778 1330 initium
801 1303 850 1330 ha-

59 1343 132 1370 bens
144 1350 176 1370 ac
193 1342 307 1376 fontem,
330 1349 411 1372 natus
433 1346 543 1380 quidem
570 1355 602 1374 ex
625 1348 700 1383 ipsa;
726 1349 773 1375 sed
798 1356 850 1376 nou

59 1393 123 1415 erat
144 1391 252 1422 quando
267 1397 319 1417 non
334 1396 403 1418 erat.
423 1401 432 1417 ι

96 1433 263 1462 Ρλιίριιιιυε.
290 1435 368 1462 Aliud
391 1436 575 1465 testimonium
601 1439 634 1466 de
655 1439 749 1467 eadem
773 1448 801 1468 re
817 1441 851 1469 de

59 1477 142 1505 libris
159 1477 287 1513 Epistolis
300 1481 335 1506 ad
354 1480 496 1509 Romanos.

97 1523 245 1552 ORIGENES.
281 1524 320 1561 (l)
346 1535 355 1552 ι
380 1526 455 1559 Quod
476 1529 647 1562 promiserat,
673 1529 773 1564 inquit,
803 1539 849 1566 per

58 1569 202 1603 prophetas
223 1579 284 1597 suos
305 1571 332 1598 in
344 1571 486 1606 Scripturia
503 1574 599 1600 salictis
611 1575 642 1600 de
655 1573 725 1602 Filio
739 1584 786 1603 suo
803 1577 848 1611 qui

59 1616 207 1642 secundum
226 1624 330 1643 carnem
351 1617 436 1652 factus
461 1625 497 1645 est
523 1627 556 1647 ex
579 1621 675 1648 semine
705 1621 789 1649 Dauid
814 1622 847 1650 ³⁸.

61 1660 163 1688 Factus
182 1666 224 1688 est
243 1663 313 1696 quod
343 1669 405 1691 ante
431 1672 483 1692 non
511 1671 579 1692 erat.
613 1667 784 1695 Manifestum
809 1673 850 1696 est

60 1706 135 1733 enim
153 1707 216 1741 quia
236 1709 385 1736 secundum
403 1717 512 1738 carnem
531 1720 583 1740 non
606 1717 665 1740 erat
684 1713 758 1748 prius
778 1722 785 1740 :
803 1721 848 1742 se-

59 1752 180 1779 cundum
189 1753 314 1787 spiritum
329 1763 392 1783 vero
405 1761 547 1791 eratante,
563 1763 589 1785 et
604 1766 656 1786 non
672 1760 848 1794 eratquando

59 1804 114 1824 non
129 1802 198 1824 erat.
217 1806 227 1823 ι

96 1842 262 1872 Panormus.
293 1844 359 1872 ltem
399 1846 425 1873 in
462 1847 532 1874 libro
569 1849 658 1883 primo
688 1849 759 1884 Περὶ
795 1850 847 1885 ἀρ-

59 1888 134 1923 χῶν.
153 1889 230 1921 Quod
245 1896 321 1918 extra
338 1891 421 1919 ullum
441 1893 546 1921 initiqu
566 1899 609 1922 est
625 1896 763 1930 generatio
786 1897 847 1925 Filii

59 1934 121 1961 Dei.

95 1990 243 2018 ORIGENES.
262 1992 312 2028 (l‘)
327 2001 335 2019 t
351 1992 378 2020 Si
393 2000 457 2029 ergo
476 1995 558 2022 semel
571 1999 644 2023 recte
655 2001 791 2031 receptum
806 2003 847 2025 est

58 2037 230 2072 unigenitum
255 2038 352 2066 Filium
369 2039 414 2066 Dei
434 2040 595 2075 sapientiam
619 2041 677 2077 ejus
699 2048 761 2069 esse
782 2043 848 2070 sub~

57 2082 227 2110 stantialiter
241 2084 445 2118 subsistentem,
462 2087 553 2114 nescio
574 2087 597 2114 si
611 2086 668 2122 jam
687 2087 757 2114 ultra
783 2095 846 2115 eva-

58 2128 117 2162 gari
153 2137 250 2156 sensus
268 2136 358 2158 noster
383 2133 481 2160 debeat
505 2134 537 2160 ad
553 2135 743 2167 suspicandum
758 2135 794 2171 (‘2)
813 2143 847 2163 ne

58 2171 129 2200 forte
144 2173 202 2207 ipsa
218 2175 392 2203 subsistentia
415 2176 472 2211 ejus
496 2185 655 2212 corporetttu
672 2179 772 2214 aliquid
798 2181 845 2207 ha-

93 2230 118 2246 "
131 2229 211 2258 Rom.
226 2239 243 2265 t,
261 2232 288 2266 2,
308 2233 335 2260 5.
372 2233 405 2250 ³⁸⁸
424 2234 488 2269 Sap.
503 2243 550 2268 vn,
561 2235 607 2262 9.5.

908 248 949 275 vel
967 252 1068 279 colore,
1082 249 1122 276 vel
1136 251 1317 284 magnitudine
1331 251 1496 286 designetur.
1515 251 1547 279 Et
1560 253 1621 287 quis
1640 261 1691 280 un-

907 301 986 328 quam
1001 296 1058 322 sani
1077 302 1171 322 sensus
1194 296 1312 324 habitum
1331 297 1372 324 vel
1400 297 1528 329 colorem,
1552 303 1598 325 aut
1618 306 1690 326 men-

907 348 978 368 surae
1003 342 1214 377 magnitudinem
1241 343 1267 370 in
1292 343 1431 378 Sapientia
1457 344 1614 379 requisivit,
1642 352 1690 379 per

907 387 977 420 quod
998 386 1135 421 Sapientia
1155 388 1214 415 est?
1237 388 1379 420 Quomodo
1403 394 1491 416 mrtem
1512 395 1587 417 extra
1610 390 1689 424 hujus

907 430 1051 466 Sapientiae
1062 434 1263 467 generationem
1285 433 1366 462 fuisse
1381 434 1525 468 aliquando
1541 436 1624 463 Deum
1639 436 1689 463 Pa-

907 481 985 509 tretn,
1003 478 1044 505 vel
1057 480 1090 505 ad
1102 485 1231 513 punctum
1249 480 1378 507 momenti
1395 481 1510 516 alicujus
1527 487 1615 517 potest
1628 483 1688 516 quis

906 526 1007 553 sentire
1023 526 1065 554 vel
1090 527 1212 560 credere,
1242 528 1288 563 qui
1320 533 1409 555 tamen
1436 529 1508 563 pium
1536 530 1636 564 aliquid
1656 530 1688 557 de

906 571 962 599 Deo
974 572 1125 608 intelligere
1140 573 1256 606 noverit,
1271 572 1313 600 vel
1334 573 1454 601 sentire?
1469 574 1521 601 Aut
1539 575 1610 602 enim
1636 582 1688 601 non

905 617 1025 651 potuisse
1041 617 1122 644 Deum
1135 617 1204 644 dicet
1220 625 1347 653 generare
1364 619 1530 653 Sapientiam
1544 624 1687 653 antequam

906 668 1058 698 generaret,
1077 668 1106 690 ut
1126 671 1198 696 eam,
1221 672 1279 698 quae
1297 673 1349 692 non
1371 670 1442 698 erat,
1464 664 1515 702 (2')
1533 669 1625 699 postea
1648 672 1688 700 ge:

906 709 995 736 nuerit
1013 714 1042 736 ut
1054 715 1127 737 esset
1141 717 1148 737 :
1161 715 1207 737 aut
1220 711 1338 746 potttisse
1359 712 1479 747 quidem,
1497 712 1542 740 sed
1558 712 1639 747 (quod
1656 719 1687 740 ne

907 753 958 781 dici
975 755 1082 789 quidem
1109 756 1142 783 de
1170 756 1224 783 Deo
1255 757 1296 784 fas
1322 758 1373 792 est)
1395 758 1511 786 noluisse
1535 765 1687 794 generare:

905 800 976 834 quod
993 806 1138 836 utrumque
1157 807 1184 829 et
1199 802 1344 830 absurdum
1355 810 1425 835 esse,
1440 809 1467 831 et
1485 803 1596 838 impium
1605 803 1678 831 omni

906 845 955 873 bus
974 849 1057 879 patet,
1070 846 1108 881 (5)
1139 846 1164 872 id
1177 851 1228 877 est,
1248 853 1277 873 ut
1289 852 1334 874 aut
1347 855 1380 874 ex
1395 855 1428 875 eo
1444 849 1515 882 quod
1533 855 1585 875 non
1602 850 1686 883 potuit

870 889 891 917 Β
907 891 987 923 Deus,
1001 890 1144 925 proﬁceret
1156 896 1184 918 ut
1199 897 1292 927 posset
1305 899 1316 925 ;'
1334 897 1377 919 aut
1401 900 1432 920 ex
1450 900 1482 920 eo
1497 901 1558 921 ctnu
1584 899 1686 928 posset,

904 936 1087 964 dissimularet
1099 944 1229 972 generare
1241 936 1419 972 Sapientiam.
1434 939 1544 973 Propter
1555 939 1625 973 quod
1639 947 1686 967 nos

904 989 1011 1016 semper
1031 982 1113 1009 Deum
1137 982 1244 1010 Patrem
1271 983 1394 1011 novimus
1413 984 1541 1020 unigeniti
1565 984 1627 1013 Filii
1645 986 1686 1012 sui

906 1035 938 1055 ex
955 1028 1012 1062 ipso
1031 1028 1138 1062 quidem
1154 1029 1220 1061 nati,
1233 1033 1260 1057 et
1275 1029 1347 1064 quod
1360 1033 1403 1056 est
1419 1029 1453 1056 ab
1470 1029 1528 1064 ipso
1543 1030 1686 1062 trahentis,

904 1075 963 1102 sine
981 1074 1035 1102 ullo
1061 1079 1151 1101 tatnen
1169 1075 1257 1109 initio,
1276 1083 1328 1103 non
1349 1075 1436 1103 solum
1451 1083 1483 1103 eo
1496 1075 1567 1111 quod
1593 1075 1677 1110 aliqui

903 1120 953 1147 bus
971 1125 1120 1155 temporum
1143 1121 1240 1154 spatiis
1258 1121 1384 1156 distingui
1400 1125 1500 1156 potest,
1521 1122 1567 1149 sed
1589 1129 1623 1149 ne
1639 1121 1685 1149 illo

903 1164 1012 1198 quidem
1036 1165 1107 1199 quod
1131 1165 1187 1192 sola
1205 1166 1275 1200 apud
1297 1166 1472 1201 setnetipsam
1493 1174 1569 1194 mens
1588 1166 1685 1194 intueri

902 1210 981 1243 solet,
1007 1215 1034 1238 et
1056 1211 1137 1243 nudo,
1166 1216 1195 1238 ut
1224 1212 1263 1239 ita
1283 1212 1408 1245 dixerim,
1440 1213 1579 1240 intellectu
1606 1218 1685 1248 atque

902 1255 993 1282 animo
1009 1257 1173 1291 conspicari.
1189 1257 1271 1284 Extra
1287 1265 1367 1285 omne
1383 1265 1450 1293 ergo
1465 1259 1536 1293 quod
1557 1259 1598 1286 vel
1620 1259 1685 1294 dici,

901 1302 945 1329 vel
962 1302 1074 1337 intelligi
1091 1307 1179 1337 potest
1191 1303 1309 1337 initium,
1328 1308 1482 1339 generatam
1495 1312 1555 1332 esse
1570 1305 1685 1333 creden~

901 1346 965 1373 dum
979 1352 1022 1374 est
1033 1347 1209 1382 Sapientiam.
1235 1357 1243 1374 ι

936 1392 1100 1421 PAMPHILUS.
1113 1394 1190 1421 Aliud
1202 1394 1385 1421 testimonium
1406 1394 1457 1430 (5‘)
1471 1394 1504 1422 de
1522 1394 1635 1422 eisdem.

936 1438 1080 1466 OﬂlGENES.
1093 1438 1131 1473 (4)
1149 1447 1158 1464 ι
1184 1439 1233 1472 Qui
1250 1444 1339 1466 autem
1357 1439 1461 1466 initium
1471 1440 1615 1468 datVerbo
1627 1440 1684 1474 Dei,

901 1483 944 1511 vel
958 1484 1103 1519 Sapientia:
1116 1485 1174 1517 Dei,
1185 1484 1233 1520 (i')
1245 1485 1351 1513 intuere
1365 1493 1398 1513 ne
1414 1487 1534 1521 tnagisin
1546 1487 1632 1522 ipsum
1644 1487 1683 1514 in-

900 1530 1018 1566 genitum
1035 1530 1141 1558 Patrem
1158 1531 1322 1566 impietatem
1344 1539 1419 1559 suam
1433 1532 1527 1566 jactet,
1543 1541 1603 1561 cum
1621 1542 1683 1561 eum

902 1581 981 1611 neget
996 1584 1102 1612 semper
1112 1577 1218 1605 Patrem
1231 1577 1359 1610 l'uisse,et
1371 1579 1499 1613 genuisse
1515 1579 1641 1613 Verbum,
1655 1585 1683 1608 et

901 1622 1027 1650 habuisse
1037 1623 1202 1658 Sapientiam
1215 1624 1395 1652 anteriorihus
1405 1625 1445 1652 Vel
1457 1627 1633 1661 temporibus,
1642 1627 1683 1655 vel

899 1668 1014 1701 saeculis,
1032 1669 1072 1696 vel
1081 1669 1102 1696 si
1114 1669 1177 1703 quid
1191 1670 1254 1697 illud
1266 1671 1386 1706 estquod
1402 1672 1532 1699 nominari
1550 1677 1647 1708 potest.
1672 1683 1682 1700 ι

935 1714 1096 1743 PAIPHILUS.
1136 1714 1200 1743 Item
1232 1715 1305 1744 aliud
1340 1716 1523 1745 testiinonium
1558 1719 1591 1746 de
1628 1720 1682 1749 eis-

898 1759 969 1787 dem.

933 1815 1079 1846 ORIGENES.
1108 1817 1147 1853 (5)
1173 1826 1182 1844 t
1202 1817 1321 1845 Eﬂicilur
1345 1826 1409 1854 ergo
1433 1819 1519 1847 virtus
1541 1819 1625 1847 altera
1654 1820 1681 1848 in

898 1868 945 1889 sua
957 1862 1122 1897 proprietate
1142 1864 1306 1897 subsistens,
1323 1865 1399 1892 utait
1418 1873 1507 1893 sermo
1523 1865 1679 1900 Scriptura,

898 1914 979 1942 vapor
990 1908 1099 1943 quidam
1110 1909 1202 1944 prima:
1213 1915 1240 1938 et
1254 1910 1378 1945 ingenitae
1391 1911 1497 1938 virtutis
1507 1911 1553 1938 Dei
1565 1911 1610 1945 ³⁸⁵,
1627 1912 1680 1939 hoc

897 1955 1005 1989 quidem
1024 1957 1095 1991 quod
1119 1962 1172 1991 est,
1195 1958 1258 1986 inde
1279 1959 1389 1986 trahens
1417 1968 1424 1986 :
1450 1967 1502 1987 non
1525 1965 1567 1986 est
1590 1964 1680 1988 autem

897 2001 1005 2036 quando
1034 2010 1086 2030 non
1111 2003 1202 2031 fuerit.
1234 2003 1263 2031 Si
1284 2004 1356 2031 enim
1377 2003 1438 2039 quis
1458 2004 1573 2032 voluerit
1590 2005 1681 2033 dicere

897 2046 972 2080 quasi
991 2048 1066 2082 prius
1080 2056 1132 2075 non
1147 2049 1290 2082 exstiterit,
1317 2050 1365 2078 sed
1378 2054 1472 2085 postea
1501 2051 1534 2078 ad
1549 2050 1598 2087 (δι)
1613 2052 1680 2078 sub-

896 2091 1048 2119 sistentiam
1077 2094 1193 2127 venerit,
1218 2094 1290 2122 dicat
1312 2103 1423 2123 causam
1446 2104 1530 2131 qttare
1551 2097 1596 2130 qui
1619 2104 1678 2124 eam

896 2135 1034 2164 substituit
1051 2137 1140 2171 Pater,
1160 2145 1222 2168 ante
1240 2141 1291 2168 hoc
1312 2150 1363 2168 non
1379 2142 1483 2170 fecerit.
1501 2143 1576 2176 Quod
1592 2144 1614 2171 si
1629 2144 1677 2170 ali-

896 2183 966 2217 quod
983 2190 1076 2211 semen
1089 2184 1195 2211 initiutn
1211 2185 1316 2214 dederit
1331 2194 1383 2222 quo
1398 2195 1481 2222 vapor
1506 2188 1557 2215 iste
1575 2195 1608 2216 ex
1631 2188 1679 2215 Dei

93 2288 164 2324 (98.)
172 2289 223 2334 "sic
238 2290 322 2334 editi,
335 2299 484 2334 mss'xvero,
496 2302 522 2320 se
535 2292 614 2321 Pater
628 2295 704 2331 εαὶοὶι
729 2291 836 2320 Patrem
858 2299 879 2326 ι)
895 2295 1100 2334 ontlllttntesse.
1117 2297 1186 2334 sicut
1198 2302 1224 2324 ct
1241 2298 1381 2326 Merlinus.
1399 2299 1590 2328 Genebrardus
1602 2308 1677 2334 vero,

57 2324 151 2362 [al._s_e
167 2324 369 2362 [Estre‘eﬂicitur
383 2326 483 2362 Pater].

93 2359 151 2393 (99)
180 2359 217 2386 Ex
229 2359 338 2388 librisin
349 2361 434 2394 Epist.
445 2359 478 2389 αἱι
493 2362 626 2391 llebrwos.

93 2395 164 2438 (‘95?)
176 2394 214 2421 lta
222 2395 558 2438 Ἦξιτδοι-ὺοιιξεειε.εξεςιεςτὶ
572 2407 635 2427 vero
647 2408 724 2438 tussi,
736 2404 841 2438 quando

59 2427 209 2469 Fiiius'uon
221 2429 308 2457 Filius
320 2439 371 2469 non
382 2431 448 2469 fuit.
463 2433 546 2464 Etliti,
567 2437 672 2469 quando
692 2427 842 2466 Filiuihéit

56 2464 108 2497 fuit
126 2473 133 2490 :
149 2469 177 2490 et
188 2470 280 2497 postea
297 2464 425 2493 omittunt
440 2468 557 2495 intuitus.

109 2499 136 2537 _l_t_
147 2499 186 2537 Ε]
199 2500 267 2537 lib.t
282 2501 411 2537 ἱη-Ερὶεε.
425 2504 458 2528 ad
473 2502 560 2537 Βοηι.Ι
574 2512 647 2532 ttttm.
659 2506 676 2533 4
690 2512 715 2533 et
726 2507 752 2534 5.

106 2534 141 2573 ς)
160 2535 197 2573 Ex
211 2534 258 2562 lib.
279 2543 286 2562 ι
305 2534 506 2573 Πιζριξίηεὶρὶἰε,
521 2534 580 2573 cap.
595 2541 623 2571 2,
634 2548 707 2568 num.
719 2543 747 2570 2.

92 2569 132 2609 ρ)
169 2570 205 2609 Ita
229 2578 294 2609 mss.
320 2569 450 2605 plerique.
467 2569 562 2609 Mss.‘
578 2569 641 2602 vero
664 2578 784 2609 quidam,
808 2583 835 2605 et

57 2604 177 2642 editi,rm
191 2604 259 2642 forte
278 2604 336 2642 ipsa
345 2604 489 2634 substantia
506 2608 573 2642 ejus,
600 2614 653 2637 etc.
673 2604 745 2639 Libri
771 2604 836 2640 editi

59 2638 96 2682 ea
105 2638 244 2674 principiis
255 2660 263 2672 ,
276 2638 307 2667 ne
323 2641 389 2682 forte
401 2642 456 2682 ipso
471 2638 537 2670 idem
549 2638 693 2682 substantia
702 2638 835 2682 quae;

59 2673 122 2714 illss.
144 2673 209 2702 vero
232 2673 388 2714 earumdem
410 2673 566 2714 'libtjorum,
592 2687 623 2706 ne
646 2673 722 2714 forta'
741 2673 836 2708 ll'lli'A-

57 2709 216 2747 ρξεραςτασις,
286 2715 323 2747 est
343 2712 487 2739 substantia
515 2714 582 2747 ejus,
602 2709 666 2747 eici,
681 2717 724 2744 ubi
746 2725 836 2744 vocem

57 2744 292 2785 ll]lTA_ornnibus
306 2745 469 2786 incognitam
480 2744 629 2786 nihilaliud
645 2744 704 2777 esse
716 2753 838 2786 suspicor

57 2780 210 2818 quamipsa
226 2787 237 2806 :
250 2787 330 2814 quam
346 2780 437 2809 vocem
461 2783 576 2818 imperiti
601 2784 703 2813 librarii
717 2780 836 2814 Gnaeum

56 2815 238 2841 crediderunt.

89 2849 139 2885 (2‘)
155 2849 222 2877 Mss.
249 2849 381 2885 plerique,
401 2856 488 2886 poatea
503 2855 619 2888 genuerit
640 2864 703 2883 esse.
725 2856 838 2889 Quidam

894 2334 921 2357 ct
933 2330 995 2358 libri
1015 2332 1054 2359 De
1073 2333 1209 2367 principii:
1235 2338 1287 2360 tam
1312 2335 1376 2361 editi
1403 2343 1483 2369 quam
1513 2343 1578 2364 mss.
1603 2342 1632 2364 ut
1650 2330 1677 2364 ui

895 2371 977 2394 textu.

927 2401 965 2435 (ὅ)
991 2402 1038 2442 Sic
1055 2411 1121 2442 mss.
1143 2403 1212 2442 Editi
1235 2411 1307 2435 vero,
1323 2404 1352 2430 id
1368 2409 1417 2436 est,
1443 2413 1495 2432 non
1515 2414 1547 2433 e1
1560 2414 1590 2433 eo
1606 2407 1675 2442 quod

893 2443 944 2462 non
952 2438 1038 2469 potuit
1062 2438 1129 2465 Deus
1146 2438 1268 2473 perﬁcere
1293 2444 1319 2466 ιιι
1343 2445 1437 2473 pauet,
1458 2444 1482 2468 et
1501 2449 1534 2468 ea;
1563 2450 1593 2468 eo
1612 2438 1675 2469 'cum

911 2476 988 2502 οηει,
1007 2479 1059 2499 etc.

892 2478 988 2504 posset,
1007 2479 1059 2499 etc.

927 2505 996 2545 @‘L
1007 2507 1105 2545 Omnes
1117 2516 1198 2545 _mss.,
1211 2510 1242 2536 tle
1257 2510 1364 2537 eisdem.
1379 2510 1461 2543 Editi,
1478 2510 1603 2545 ejusdem.

979 2542 1013 2579 Et}
1026 2542 1071 2569 lib.
1089 2551 1096 2569 ι
1111 2542 1147 2569 De
1156 2544 1304 2578 principiis,
1321 2553 1380 2579 cap.
1391 2546 1419 2573 ‘2.
1432 2540 1506 2573 nutri.
1524 2547 1550 2573 5.

925 2575 1051 2613 Mss.
1079 2575 1192 2612 aliquot,
1221 2575 1364 2607 intuenturi
1394 2580 1493 2606 Deinde
1512 2581 1675 2613 editi,valsi

889 2611 952 2649 quid
967 2612 1039 2651 aliud
1053 2618 1099 2638 est.
1113 2614 1166 2640 Sed
1188 2623 1283 2642 omnes
1301 2623 1366 2643 mss.
1390 2620 1417 2642 et
1436 2615 1497 2643 libri
1516 2617 1556 2644 De
1575 2611 1674 2651 princi-

890 2647 939 2678 piis
957 2652 984 2672 ut
998 2647 1023 2672 in
1040 2651 1123 2674 textu.

1028 2681 1094 2720 ι
1112 2682 1147 2720 De
1159 2683 1295 2718 principii:
1308 2693 1367 2720 cap.
1377 2685 1405 2718 2,
1421 2693 1494 2712 num.
1508 2686 1535 2713 9.

927 2717 976 2750 (5')
995 2716 1090 2756 _Editi,‘
1105 2716 1299 2756 substunnum;
1319 2716 1349 2746 et
1373 2716 1452 2754 paulo
1468 2727 1537 2755 post,
1559 2721 1628 2756 quod
1653 2722 1676 2748 si

891 2752 1100 2790 uiiqttodkaentel,
1119 2758 1174 2790 e_tc_._
1192 2755 1244 2779 Sed
1258 2762 1332 2790 rlIlSS.
1347 2752 1474 2790 plerique
1492 2761 1521 2784 ut
1541 2752 1571 2783 iu.
1588 2760 1673 2784 textu.

892 2786 1032 2848 Liibirjllie
1055 2788 1188 2822 principiis
1220 2789 1319 2816 habent
1347 2786 1489 2818 subsistere
1519 2790 1594 2826 fecit,
1626 2799 1676 2828 pro

893 2830 922 2848 ΞΝ
943 2830 955 2848 ὃ
968 2830 974 2848 1
989 2828 1036 2848 ιιιι.

893 2823 1036 2848 substituit.
