  <div class='ocr_page' id='page_1' title='image "/cluster/home/n/w/nwhite01/storage/ocr_20150623/17/njp.32101010944583/389.png"; bbox 0 0 1909 3080; ppageno 0'>
   <div class='ocr_carea' id='block_1_1' title="bbox 240 115 295 145">
    <p class='ocr_par' dir='ltr' id='par_1_1' title="bbox 240 115 295 145">
     <span class='ocr_line' id='line_1_1' title="bbox 240 115 295 145; baseline 0 -1"><span class='ocrx_word' id='word_1_1' title='bbox 240 115 295 145; x_wconf 73' lang='grc'><strong>565</strong></span> 
     </span>
    </p>
   </div>
   <div class='ocr_carea' id='block_1_2' title="bbox 844 118 1252 150">
    <p class='ocr_par' dir='ltr' id='par_1_2' title="bbox 844 118 1252 150">
     <span class='ocr_line' id='line_1_2' title="bbox 844 118 1252 150; baseline 0.01 -5"><span class='ocrx_word' id='word_1_2' title='bbox 844 118 871 146; x_wconf 84' lang='grc'>8.</span> <span class='ocrx_word' id='word_1_3' title='bbox 893 118 1054 147; x_wconf 84' lang='lat' dir='ltr'><strong>PAMPHILI</strong></span> <span class='ocrx_word' id='word_1_4' title='bbox 1074 120 1252 150; x_wconf 76' lang='lat' dir='ltr'><strong>MARTYRIS</strong></span> 
     </span>
    </p>
   </div>
   <div class='ocr_carea' id='block_1_3' title="bbox 1819 124 1867 152">
    <p class='ocr_par' dir='ltr' id='par_1_3' title="bbox 1819 124 1867 152">
     <span class='ocr_line' id='line_1_3' title="bbox 1819 124 1867 152; baseline 0.021 -1"><span class='ocrx_word' id='word_1_5' title='bbox 1819 124 1867 152; x_wconf 72' lang='lat' dir='ltr'><strong>5M</strong></span> 
     </span>
    </p>
   </div>
   <div class='ocr_carea' id='block_1_4' title="bbox 241 175 1867 217">
    <p class='ocr_par' dir='ltr' id='par_1_4' title="bbox 241 175 1867 217">
     <span class='ocr_line' id='line_1_4' title="bbox 241 175 1867 217; baseline 0.005 -14"><span class='ocrx_word' id='word_1_6' title='bbox 241 177 342 204; x_wconf 88' lang='lat' dir='ltr'><strong>virtute</strong></span> <span class='ocrx_word' id='word_1_7' title='bbox 357 175 528 210; x_wconf 74' lang='lat' dir='ltr'><strong>processerit,</strong></span> <span class='ocrx_word' id='word_1_8' title='bbox 549 175 645 202; x_wconf 91' lang='lat' dir='ltr'><strong>iterum</strong></span> <span class='ocrx_word' id='word_1_9' title='bbox 659 175 697 211; x_wconf 88' lang='lat'><strong>(6)</strong></span> <span class='ocrx_word' id='word_1_10' title='bbox 711 177 924 213; x_wconf 74' lang='lat' dir='ltr'><strong>iuterrogabitur</strong></span> <span class='ocrx_word' id='word_1_11' title='bbox 946 186 1030 214; x_wconf 84' lang='lat' dir='ltr'><strong>quare</strong></span> <span class='ocrx_word' id='word_1_12' title='bbox 1045 183 1066 210; x_wconf 77' lang='grc' dir='ltr'>Α</span> <span class='ocrx_word' id='word_1_13' title='bbox 1081 181 1153 208; x_wconf 88' lang='lat' dir='ltr'><strong>enim</strong></span> <span class='ocrx_word' id='word_1_14' title='bbox 1168 189 1215 216; x_wconf 88' lang='lat' dir='ltr'><strong>per</strong></span> <span class='ocrx_word' id='word_1_15' title='bbox 1228 181 1401 216; x_wconf 75' lang='lat' dir='ltr'><strong>adoptionem</strong></span> <span class='ocrx_word' id='word_1_16' title='bbox 1416 181 1534 217; x_wconf 76' lang='lat' dir='ltr'><strong>Spiritus</strong></span> <span class='ocrx_word' id='word_1_17' title='bbox 1543 181 1630 210; x_wconf 82' lang='lat' dir='ltr'><strong>Filius</strong></span> <span class='ocrx_word' id='word_1_18' title='bbox 1641 181 1671 210; x_wconf 87' lang='lat' dir='ltr'><strong>lit</strong></span> <span class='ocrx_word' id='word_1_19' title='bbox 1683 181 1867 215; x_wconf 75' lang='lat' dir='ltr'><strong>extrinsecus.</strong></span> 
     </span>
    </p>
   </div>
   <div class='ocr_carea' id='block_1_5' title="bbox 240 221 1025 260">
    <p class='ocr_par' dir='ltr' id='par_1_5' title="bbox 240 221 1025 260">
     <span class='ocr_line' id='line_1_5' title="bbox 240 221 1025 260; baseline 0.003 -10"><span class='ocrx_word' id='word_1_20' title='bbox 240 230 295 250; x_wconf 89' lang='lat' dir='ltr'><strong>non</strong></span> <span class='ocrx_word' id='word_1_21' title='bbox 309 228 336 250; x_wconf 91' lang='lat' dir='ltr'><strong>et</strong></span> <span class='ocrx_word' id='word_1_22' title='bbox 347 226 409 249; x_wconf 90' lang='lat' dir='ltr'><strong>aute</strong></span> <span class='ocrx_word' id='word_1_23' title='bbox 425 221 487 248; x_wconf 88' lang='lat' dir='ltr'><strong>illud</strong></span> <span class='ocrx_word' id='word_1_24' title='bbox 503 221 575 256; x_wconf 86' lang='lat' dir='ltr'><strong>quod</strong></span> <span class='ocrx_word' id='word_1_25' title='bbox 589 221 658 248; x_wconf 77' lang='lat' dir='ltr'><strong>dixit</strong></span> <span class='ocrx_word' id='word_1_26' title='bbox 676 223 783 250; x_wconf 87' lang='lat' dir='ltr'><strong>initium</strong></span> <span class='ocrx_word' id='word_1_27' title='bbox 801 231 808 250; x_wconf 89' lang='lat'><strong>:</strong></span> <span class='ocrx_word' id='word_1_28' title='bbox 826 228 854 251; x_wconf 92' lang='lat' dir='ltr'><strong>et</strong></span> <span class='ocrx_word' id='word_1_29' title='bbox 869 224 904 251; x_wconf 89' lang='lat' dir='ltr'><strong>ita</strong></span> <span class='ocrx_word' id='word_1_30' title='bbox 918 232 1025 260; x_wconf 84' lang='lat' dir='ltr'><strong>semper</strong></span> 
     </span>
    </p>
   </div>
   <div class='ocr_carea' id='block_1_6' title="bbox 241 267 1025 305">
    <p class='ocr_par' dir='ltr' id='par_1_6' title="bbox 241 267 1025 305">
     <span class='ocr_line' id='line_1_6' title="bbox 241 267 1025 305; baseline 0.003 -9"><span class='ocrx_word' id='word_1_31' title='bbox 241 268 276 296; x_wconf 82' lang='lat' dir='ltr'><strong>de</strong></span> <span class='ocrx_word' id='word_1_32' title='bbox 289 267 470 295; x_wconf 80' lang='lat' dir='ltr'><strong>anterioribus</strong></span> <span class='ocrx_word' id='word_1_33' title='bbox 491 267 671 301; x_wconf 90' lang='lat' dir='ltr'><strong>inquirentes,</strong></span> <span class='ocrx_word' id='word_1_34' title='bbox 687 273 714 295; x_wconf 91' lang='lat' dir='ltr'><strong>et</strong></span> <span class='ocrx_word' id='word_1_35' title='bbox 733 269 814 297; x_wconf 90' lang='lat' dir='ltr'><strong>verbo</strong></span> <span class='ocrx_word' id='word_1_36' title='bbox 834 270 1025 305; x_wconf 81' lang='lat' dir='ltr'><strong>interrogatio-</strong></span> 
     </span>
    </p>
   </div>
   <div class='ocr_carea' id='block_1_7' title="bbox 241 313 1023 349">
    <p class='ocr_par' dir='ltr' id='par_1_7' title="bbox 241 313 1023 349">
     <span class='ocr_line' id='line_1_7' title="bbox 241 313 1023 349; baseline 0.004 -8"><span class='ocrx_word' id='word_1_37' title='bbox 241 315 283 341; x_wconf 83' lang='lat' dir='ltr'><strong>nis</strong></span> <span class='ocrx_word' id='word_1_38' title='bbox 297 313 484 344; x_wconf 82' lang='lat' dir='ltr'><strong>ascendentes,</strong></span> <span class='ocrx_word' id='word_1_39' title='bbox 505 313 695 348; x_wconf 87' lang='lat' dir='ltr'><strong>pervenienms</strong></span> <span class='ocrx_word' id='word_1_40' title='bbox 713 315 738 341; x_wconf 89' lang='lat' dir='ltr'><strong>in</strong></span> <span class='ocrx_word' id='word_1_41' title='bbox 757 315 830 342; x_wconf 91' lang='lat' dir='ltr'><strong>illum</strong></span> <span class='ocrx_word' id='word_1_42' title='bbox 844 317 1023 349; x_wconf 88' lang='lat' dir='ltr'><strong>intellectum,</strong></span> 
     </span>
    </p>
   </div>
   <div class='ocr_carea' id='block_1_8' title="bbox 240 359 1024 395">
    <p class='ocr_par' dir='ltr' id='par_1_8' title="bbox 240 359 1024 395">
     <span class='ocr_line' id='line_1_8' title="bbox 240 359 1024 395; baseline 0.005 -9"><span class='ocrx_word' id='word_1_43' title='bbox 240 365 269 386; x_wconf 89' lang='lat' dir='ltr'><strong>ut</strong></span> <span class='ocrx_word' id='word_1_44' title='bbox 290 359 416 393; x_wconf 88' lang='lat' dir='ltr'><strong>quoniam</strong></span> <span class='ocrx_word' id='word_1_45' title='bbox 433 365 539 393; x_wconf 81' lang='lat' dir='ltr'><strong>semper</strong></span> <span class='ocrx_word' id='word_1_46' title='bbox 562 364 589 386; x_wconf 90' lang='lat' dir='ltr'><strong>et</strong></span> <span class='ocrx_word' id='word_1_47' title='bbox 619 365 723 394; x_wconf 84' lang='lat' dir='ltr'><strong>poterat</strong></span> <span class='ocrx_word' id='word_1_48' title='bbox 741 361 820 392; x_wconf 77' lang='lat' dir='ltr'><strong>Dens.</strong></span> <span class='ocrx_word' id='word_1_49' title='bbox 849 366 876 388; x_wconf 92' lang='lat' dir='ltr'><strong>et</strong></span> <span class='ocrx_word' id='word_1_50' title='bbox 903 363 1024 395; x_wconf 86' lang='lat' dir='ltr'><strong>volebat,</strong></span> 
     </span>
    </p>
   </div>
   <div class='ocr_carea' id='block_1_9' title="bbox 239 403 1024 442">
    <p class='ocr_par' dir='ltr' id='par_1_9' title="bbox 239 403 1024 442">
     <span class='ocr_line' id='line_1_9' title="bbox 239 403 1024 442; baseline 0.008 -13"><span class='ocrx_word' id='word_1_51' title='bbox 239 410 375 437; x_wconf 79' lang='lat' dir='ltr'><strong>nunquam</strong></span> <span class='ocrx_word' id='word_1_52' title='bbox 389 403 427 438; x_wconf 90' lang='lat'><strong>(7)</strong></span> <span class='ocrx_word' id='word_1_53' title='bbox 443 403 483 430; x_wconf 88' lang='lat' dir='ltr'><strong>vel</strong></span> <span class='ocrx_word' id='word_1_54' title='bbox 498 403 628 436; x_wconf 84' lang='lat' dir='ltr'><strong>decuerit,</strong></span> <span class='ocrx_word' id='word_1_55' title='bbox 642 405 681 431; x_wconf 87' lang='lat' dir='ltr'><strong>vel</strong></span> <span class='ocrx_word' id='word_1_56' title='bbox 693 413 775 433; x_wconf 84' lang='lat' dir='ltr'><strong>causa</strong></span> <span class='ocrx_word' id='word_1_57' title='bbox 791 406 880 442; x_wconf 87' lang='lat' dir='ltr'><strong>aliqua</strong></span> <span class='ocrx_word' id='word_1_58' title='bbox 892 409 1024 435; x_wconf 82' lang='lat' dir='ltr'><strong>exsistere</strong></span> 
     </span>
    </p>
   </div>
   <div class='ocr_carea' id='block_1_10' title="bbox 239 449 1024 484">
    <p class='ocr_par' dir='ltr' id='par_1_10' title="bbox 239 449 1024 484">
     <span class='ocr_line' id='line_1_10' title="bbox 239 449 1024 484; baseline 0.005 -7"><span class='ocrx_word' id='word_1_59' title='bbox 239 449 366 484; x_wconf 86' lang='lat' dir='ltr'><strong>potuerit,</strong></span> <span class='ocrx_word' id='word_1_60' title='bbox 394 454 424 477; x_wconf 93' lang='lat' dir='ltr'><strong>ut</strong></span> <span class='ocrx_word' id='word_1_61' title='bbox 448 457 500 476; x_wconf 92' lang='lat' dir='ltr'><strong>non</strong></span> <span class='ocrx_word' id='word_1_62' title='bbox 523 450 573 477; x_wconf 90' lang='lat' dir='ltr'><strong>hoc</strong></span> <span class='ocrx_word' id='word_1_63' title='bbox 604 451 675 484; x_wconf 88' lang='lat' dir='ltr'><strong>quod</strong></span> <span class='ocrx_word' id='word_1_64' title='bbox 703 451 802 478; x_wconf 89' lang='lat' dir='ltr'><strong>bonum</strong></span> <span class='ocrx_word' id='word_1_65' title='bbox 827 458 851 480; x_wconf 75' lang='lat' dir='ltr'><strong>et</strong></span> <span class='ocrx_word' id='word_1_66' title='bbox 873 453 980 480; x_wconf 85' lang='lat' dir='ltr'><strong>volebat</strong></span> <span class='ocrx_word' id='word_1_67' title='bbox 997 458 1024 481; x_wconf 90' lang='lat' dir='ltr'><strong>et</strong></span> 
     </span>
    </p>
   </div>
   <div class='ocr_carea' id='block_1_11' title="bbox 239 495 1024 531">
    <p class='ocr_par' dir='ltr' id='par_1_11' title="bbox 239 495 1024 531">
     <span class='ocr_line' id='line_1_11' title="bbox 239 495 1024 531; baseline 0.006 -10"><span class='ocrx_word' id='word_1_68' title='bbox 239 499 354 530; x_wconf 76' lang='lat' dir='ltr'><strong>poterat,</strong></span> <span class='ocrx_word' id='word_1_69' title='bbox 375 503 481 530; x_wconf 78' lang='lat' dir='ltr'><strong>semper</strong></span> <span class='ocrx_word' id='word_1_70' title='bbox 495 495 628 524; x_wconf 85' lang='lat' dir='ltr'><strong>babuerit.</strong></span> <span class='ocrx_word' id='word_1_71' title='bbox 646 496 685 523; x_wconf 76' lang='lat' dir='ltr'><strong>Ex</strong></span> <span class='ocrx_word' id='word_1_72' title='bbox 709 505 762 531; x_wconf 94' lang='lat' dir='ltr'><strong>quo</strong></span> <span class='ocrx_word' id='word_1_73' title='bbox 781 499 934 526; x_wconf 83' lang='lat' dir='ltr'><strong>ostenditur</strong></span> <span class='ocrx_word' id='word_1_74' title='bbox 952 506 1024 526; x_wconf 87' lang='lat' dir='ltr'><strong>sem-</strong></span> 
     </span>
    </p>
   </div>
   <div class='ocr_carea' id='block_1_12' title="bbox 238 539 1024 575">
    <p class='ocr_par' dir='ltr' id='par_1_12' title="bbox 238 539 1024 575">
     <span class='ocr_line' id='line_1_12' title="bbox 238 539 1024 575; baseline 0.005 -7"><span class='ocrx_word' id='word_1_75' title='bbox 238 548 286 575; x_wconf 85' lang='lat' dir='ltr'><strong>per</strong></span> <span class='ocrx_word' id='word_1_76' title='bbox 300 539 384 568; x_wconf 80' lang='lat' dir='ltr'><strong>l‘uisse</strong></span> <span class='ocrx_word' id='word_1_77' title='bbox 401 547 528 575; x_wconf 76' lang='lat' dir='ltr'><strong>vaporem</strong></span> <span class='ocrx_word' id='word_1_78' title='bbox 547 541 628 568; x_wconf 87' lang='lat' dir='ltr'><strong>isttun</strong></span> <span class='ocrx_word' id='word_1_79' title='bbox 652 542 763 570; x_wconf 85' lang='lat' dir='ltr'><strong>virtutis</strong></span> <span class='ocrx_word' id='word_1_80' title='bbox 787 543 833 570; x_wconf 87' lang='lat' dir='ltr'><strong>Dei</strong></span> <span class='ocrx_word' id='word_1_81' title='bbox 853 544 955 572; x_wconf 91' lang='lat' dir='ltr'><strong>nullum</strong></span> <span class='ocrx_word' id='word_1_82' title='bbox 976 545 1024 572; x_wconf 87' lang='lat' dir='ltr'><strong>ha-</strong></span> 
     </span>
    </p>
   </div>
   <div class='ocr_carea' id='block_1_13' title="bbox 236 586 1023 625">
    <p class='ocr_par' dir='ltr' id='par_1_13' title="bbox 236 586 1023 625">
     <span class='ocr_line' id='line_1_13' title="bbox 236 586 1023 625; baseline 0.008 -13"><span class='ocrx_word' id='word_1_83' title='bbox 236 586 345 613; x_wconf 85' lang='lat' dir='ltr'><strong>bentem</strong></span> <span class='ocrx_word' id='word_1_84' title='bbox 368 586 485 619; x_wconf 92' lang='lat' dir='ltr'><strong>initium,</strong></span> <span class='ocrx_word' id='word_1_85' title='bbox 514 587 566 614; x_wconf 87' lang='lat' dir='ltr'><strong>nisi</strong></span> <span class='ocrx_word' id='word_1_86' title='bbox 589 588 675 622; x_wconf 89' lang='lat' dir='ltr'><strong>ipsum</strong></span> <span class='ocrx_word' id='word_1_87' title='bbox 703 588 799 616; x_wconf 88' lang='lat' dir='ltr'><strong>Deum.</strong></span> <span class='ocrx_word' id='word_1_88' title='bbox 830 588 923 625; x_wconf 84' lang='lat' dir='ltr'><strong>Neque</strong></span> <span class='ocrx_word' id='word_1_89' title='bbox 951 591 1023 618; x_wconf 88' lang='lat' dir='ltr'><strong>enim</strong></span> 
     </span>
    </p>
   </div>
   <div class='ocr_carea' id='block_1_14' title="bbox 237 632 1024 669">
    <p class='ocr_par' dir='ltr' id='par_1_14' title="bbox 237 632 1024 669">
     <span class='ocr_line' id='line_1_14' title="bbox 237 632 1024 669; baseline 0.005 -10"><span class='ocrx_word' id='word_1_90' title='bbox 237 632 351 659; x_wconf 82' lang='lat' dir='ltr'><strong>decebat</strong></span> <span class='ocrx_word' id='word_1_91' title='bbox 369 632 441 660; x_wconf 82' lang='lat' dir='ltr'><strong>aliud</strong></span> <span class='ocrx_word' id='word_1_92' title='bbox 452 633 476 659; x_wconf 86' lang='lat' dir='ltr'><strong>ei</strong></span> <span class='ocrx_word' id='word_1_93' title='bbox 492 640 552 660; x_wconf 90' lang='lat' dir='ltr'><strong>esse</strong></span> <span class='ocrx_word' id='word_1_94' title='bbox 568 633 688 666; x_wconf 88' lang='lat' dir='ltr'><strong>initium,</strong></span> <span class='ocrx_word' id='word_1_95' title='bbox 703 634 754 661; x_wconf 86' lang='lat' dir='ltr'><strong>nisi</strong></span> <span class='ocrx_word' id='word_1_96' title='bbox 781 635 879 669; x_wconf 87' lang='lat' dir='ltr'><strong>ipsum,</strong></span> <span class='ocrx_word' id='word_1_97' title='bbox 897 636 968 664; x_wconf 91' lang='lat' dir='ltr'><strong>unde</strong></span> <span class='ocrx_word' id='word_1_98' title='bbox 982 642 1024 663; x_wconf 83' lang='lat' dir='ltr'><strong>est</strong></span> 
     </span>
    </p>
   </div>
   <div class='ocr_carea' id='block_1_15' title="bbox 237 678 1024 716">
    <p class='ocr_par' dir='ltr' id='par_1_15' title="bbox 237 678 1024 716">
     <span class='ocr_line' id='line_1_15' title="bbox 237 678 1024 716; baseline 0.008 -12"><span class='ocrx_word' id='word_1_99' title='bbox 237 683 265 705; x_wconf 91' lang='lat' dir='ltr'><strong>et</strong></span> <span class='ocrx_word' id='word_1_100' title='bbox 291 678 424 711; x_wconf 86' lang='lat' dir='ltr'><strong>nascitur,</strong></span> <span class='ocrx_word' id='word_1_101' title='bbox 451 679 545 706; x_wconf 92' lang='lat' dir='ltr'><strong>Deum.</strong></span> <span class='ocrx_word' id='word_1_102' title='bbox 583 679 739 707; x_wconf 84' lang='lat' dir='ltr'><strong>Secundum</strong></span> <span class='ocrx_word' id='word_1_103' title='bbox 765 681 926 716; x_wconf 81' lang='lat' dir='ltr'><strong>Apostolum</strong></span> <span class='ocrx_word' id='word_1_104' title='bbox 958 690 1024 710; x_wconf 84' lang='lat' dir='ltr'><strong>vero</strong></span> 
     </span>
    </p>
   </div>
   <div class='ocr_carea' id='block_1_16' title="bbox 238 724 1022 762">
    <p class='ocr_par' dir='ltr' id='par_1_16' title="bbox 238 724 1022 762">
     <span class='ocr_line' id='line_1_16' title="bbox 238 724 1022 762; baseline 0.005 -11"><span class='ocrx_word' id='word_1_105' title='bbox 238 724 382 757; x_wconf 81' lang='lat' dir='ltr'><strong>dicentem,</strong></span> <span class='ocrx_word' id='word_1_106' title='bbox 399 725 460 758; x_wconf 86' lang='lat' dir='ltr'><strong>quia</strong></span> <span class='ocrx_word' id='word_1_107' title='bbox 474 725 597 752; x_wconf 83' lang='lat' dir='ltr'><strong>Christus</strong></span> <span class='ocrx_word' id='word_1_108' title='bbox 610 725 657 752; x_wconf 91' lang='lat' dir='ltr'><strong>Dei</strong></span> <span class='ocrx_word' id='word_1_109' title='bbox 673 727 755 753; x_wconf 86' lang='lat' dir='ltr'><strong>virtus</strong></span> <span class='ocrx_word' id='word_1_110' title='bbox 776 732 814 753; x_wconf 79' lang='lat' dir='ltr'><strong>est</strong></span> <span class='ocrx_word' id='word_1_111' title='bbox 834 727 868 759; x_wconf 87' lang='grc'><strong>³⁷,</strong></span> <span class='ocrx_word' id='word_1_112' title='bbox 891 727 948 762; x_wconf 87' lang='lat' dir='ltr'><strong>jam</strong></span> <span class='ocrx_word' id='word_1_113' title='bbox 971 735 1022 755; x_wconf 89' lang='lat' dir='ltr'><strong>non</strong></span> 
     </span>
    </p>
   </div>
   <div class='ocr_carea' id='block_1_17' title="bbox 238 769 1024 805">
    <p class='ocr_par' dir='ltr' id='par_1_17' title="bbox 238 769 1024 805">
     <span class='ocr_line' id='line_1_17' title="bbox 238 769 1024 805; baseline 0.005 -8"><span class='ocrx_word' id='word_1_114' title='bbox 238 769 323 797; x_wconf 84' lang='lat' dir='ltr'><strong>solum</strong></span> <span class='ocrx_word' id='word_1_115' title='bbox 343 777 427 805; x_wconf 90' lang='lat' dir='ltr'><strong>vapor</strong></span> <span class='ocrx_word' id='word_1_116' title='bbox 449 770 556 798; x_wconf 86' lang='lat' dir='ltr'><strong>virtutis</strong></span> <span class='ocrx_word' id='word_1_117' title='bbox 574 769 633 804; x_wconf 86' lang='lat' dir='ltr'><strong>Dei,</strong></span> <span class='ocrx_word' id='word_1_118' title='bbox 649 772 696 798; x_wconf 85' lang='lat' dir='ltr'><strong>sed</strong></span> <span class='ocrx_word' id='word_1_119' title='bbox 711 776 740 798; x_wconf 82' lang='lat' dir='ltr'><strong>et</strong></span> <span class='ocrx_word' id='word_1_120' title='bbox 758 772 846 800; x_wconf 85' lang='lat' dir='ltr'><strong>virtus</strong></span> <span class='ocrx_word' id='word_1_121' title='bbox 869 779 901 799; x_wconf 80' lang='lat' dir='ltr'><strong>ex</strong></span> <span class='ocrx_word' id='word_1_122' title='bbox 924 773 1024 801; x_wconf 89' lang='lat' dir='ltr'><strong>virtute</strong></span> 
     </span>
    </p>
   </div>
   <div class='ocr_carea' id='block_1_18' title="bbox 237 816 442 844">
    <p class='ocr_par' dir='ltr' id='par_1_18' title="bbox 237 816 442 844">
     <span class='ocr_line' id='line_1_18' title="bbox 237 816 442 844; baseline 0 -1"><span class='ocrx_word' id='word_1_123' title='bbox 237 816 350 844; x_wconf 88' lang='lat' dir='ltr'><strong>dicenda</strong></span> <span class='ocrx_word' id='word_1_124' title='bbox 365 822 416 844; x_wconf 86' lang='lat' dir='ltr'><strong>est.</strong></span> <span class='ocrx_word' id='word_1_125' title='bbox 433 826 442 842; x_wconf 80' lang='grc' dir='ltr'><strong>ι</strong></span> 
     </span>
    </p>
   </div>
   <div class='ocr_carea' id='block_1_19' title="bbox 271 860 1021 892">
    <p class='ocr_par' dir='ltr' id='par_1_19' title="bbox 271 860 1021 892">
     <span class='ocr_line' id='line_1_19' title="bbox 271 860 1021 892; baseline 0.005 -4"><span class='ocrx_word' id='word_1_126' title='bbox 271 861 435 889; x_wconf 72' lang='lat' dir='ltr'><strong>PAMPHILUS.</strong></span> <span class='ocrx_word' id='word_1_127' title='bbox 460 861 524 889; x_wconf 91' lang='lat' dir='ltr'><strong>ltem</strong></span> <span class='ocrx_word' id='word_1_128' title='bbox 545 860 616 889; x_wconf 86' lang='lat' dir='ltr'><strong>aliud</strong></span> <span class='ocrx_word' id='word_1_129' title='bbox 636 861 820 890; x_wconf 86' lang='lat' dir='ltr'><strong>testimonium</strong></span> <span class='ocrx_word' id='word_1_130' title='bbox 849 865 882 891; x_wconf 91' lang='lat' dir='ltr'><strong>de</strong></span> <span class='ocrx_word' id='word_1_131' title='bbox 910 864 1021 892; x_wconf 87' lang='lat' dir='ltr'><strong>eisdem.</strong></span> 
     </span>
    </p>
   </div>
   <div class='ocr_carea' id='block_1_20' title="bbox 271 908 1022 944">
    <p class='ocr_par' dir='ltr' id='par_1_20' title="bbox 271 908 1022 944">
     <span class='ocr_line' id='line_1_20' title="bbox 271 908 1022 944; baseline 0.004 -9"><span class='ocrx_word' id='word_1_132' title='bbox 271 909 416 936; x_wconf 77' lang='lat' dir='ltr'><strong>ORIGENES.</strong></span> <span class='ocrx_word' id='word_1_133' title='bbox 435 908 481 944; x_wconf 75' lang='lat'><strong>;(8)</strong></span> <span class='ocrx_word' id='word_1_134' title='bbox 519 918 528 934; x_wconf 82' lang='grc' dir='ltr'><strong>ι</strong></span> <span class='ocrx_word' id='word_1_135' title='bbox 557 909 779 943; x_wconf 86' lang='lat' dir='ltr'><strong>Scmpiternum,</strong></span> <span class='ocrx_word' id='word_1_136' title='bbox 818 911 860 938; x_wconf 90' lang='lat' dir='ltr'><strong>vel</strong></span> <span class='ocrx_word' id='word_1_137' title='bbox 892 916 1022 938; x_wconf 62' lang='lat' dir='ltr'><strong>alternum</strong></span> 
     </span>
    </p>
   </div>
   <div class='ocr_carea' id='block_1_21' title="bbox 236 955 1021 991">
    <p class='ocr_par' dir='ltr' id='par_1_21' title="bbox 236 955 1021 991">
     <span class='ocr_line' id='line_1_21' title="bbox 236 955 1021 991; baseline 0.005 -10"><span class='ocrx_word' id='word_1_138' title='bbox 236 955 344 990; x_wconf 84' lang='lat' dir='ltr'><strong>proprie</strong></span> <span class='ocrx_word' id='word_1_139' title='bbox 357 955 464 987; x_wconf 82' lang='lat' dir='ltr'><strong>dicitur.</strong></span> <span class='ocrx_word' id='word_1_140' title='bbox 481 956 551 990; x_wconf 88' lang='lat' dir='ltr'><strong>quod</strong></span> <span class='ocrx_word' id='word_1_141' title='bbox 565 963 652 990; x_wconf 84' lang='lat' dir='ltr'><strong>neque</strong></span> <span class='ocrx_word' id='word_1_142' title='bbox 669 956 774 983; x_wconf 87' lang='lat' dir='ltr'><strong>initium</strong></span> <span class='ocrx_word' id='word_1_143' title='bbox 791 962 819 983; x_wconf 93' lang='lat' dir='ltr'><strong>ut</strong></span> <span class='ocrx_word' id='word_1_144' title='bbox 830 963 903 984; x_wconf 80' lang='lat' dir='ltr'><strong>esset</strong></span> <span class='ocrx_word' id='word_1_145' title='bbox 917 958 1021 991; x_wconf 82' lang='lat' dir='ltr'><strong>habuit,</strong></span> 
     </span>
    </p>
   </div>
   <div class='ocr_carea' id='block_1_22' title="bbox 237 1004 1023 1038">
    <p class='ocr_par' dir='ltr' id='par_1_22' title="bbox 237 1004 1023 1038">
     <span class='ocr_line' id='line_1_22' title="bbox 237 1004 1023 1038; baseline 0.005 -10"><span class='ocrx_word' id='word_1_146' title='bbox 237 1009 324 1036; x_wconf 88' lang='lat' dir='ltr'><strong>neque</strong></span> <span class='ocrx_word' id='word_1_147' title='bbox 340 1009 448 1028; x_wconf 85' lang='lat' dir='ltr'><strong>cessare</strong></span> <span class='ocrx_word' id='word_1_148' title='bbox 465 1009 582 1036; x_wconf 86' lang='lat' dir='ltr'><strong>unquam</strong></span> <span class='ocrx_word' id='word_1_149' title='bbox 602 1007 690 1036; x_wconf 83' lang='lat' dir='ltr'><strong>potest</strong></span> <span class='ocrx_word' id='word_1_150' title='bbox 714 1010 774 1030; x_wconf 57' lang='lat' dir='ltr'><strong>esse</strong></span> <span class='ocrx_word' id='word_1_151' title='bbox 796 1004 867 1038; x_wconf 91' lang='lat' dir='ltr'><strong>quod</strong></span> <span class='ocrx_word' id='word_1_152' title='bbox 896 1009 949 1032; x_wconf 90' lang='lat' dir='ltr'><strong>est.</strong></span> <span class='ocrx_word' id='word_1_153' title='bbox 967 1004 1023 1032; x_wconf 86' lang='lat' dir='ltr'><strong>Hoc</strong></span> 
     </span>
    </p>
   </div>
   <div class='ocr_carea' id='block_1_23' title="bbox 235 1047 1023 1083">
    <p class='ocr_par' dir='ltr' id='par_1_23' title="bbox 235 1047 1023 1083">
     <span class='ocr_line' id='line_1_23' title="bbox 235 1047 1023 1083; baseline 0.004 -9"><span class='ocrx_word' id='word_1_154' title='bbox 235 1052 323 1074; x_wconf 81' lang='lat' dir='ltr'><strong>autem</strong></span> <span class='ocrx_word' id='word_1_155' title='bbox 338 1047 494 1082; x_wconf 82' lang='lat' dir='ltr'><strong>designatur</strong></span> <span class='ocrx_word' id='word_1_156' title='bbox 507 1047 576 1082; x_wconf 88' lang='lat' dir='ltr'><strong>apud</strong></span> <span class='ocrx_word' id='word_1_157' title='bbox 596 1047 741 1080; x_wconf 81' lang='lat' dir='ltr'><strong>Joannem,</strong></span> <span class='ocrx_word' id='word_1_158' title='bbox 757 1056 819 1076; x_wconf 91' lang='lat' dir='ltr'><strong>cum</strong></span> <span class='ocrx_word' id='word_1_159' title='bbox 839 1050 904 1077; x_wconf 86' lang='lat' dir='ltr'><strong>dicit</strong></span> <span class='ocrx_word' id='word_1_160' title='bbox 924 1058 929 1075; x_wconf 91' lang='lat'><strong>:</strong></span> <span class='ocrx_word' id='word_1_161' title='bbox 950 1049 1023 1083; x_wconf 81' lang='lat' dir='ltr'><strong>Quo-</strong></span> 
     </span>
    </p>
   </div>
   <div class='ocr_carea' id='block_1_24' title="bbox 236 1093 1022 1131">
    <p class='ocr_par' dir='ltr' id='par_1_24' title="bbox 236 1093 1022 1131">
     <span class='ocr_line' id='line_1_24' title="bbox 236 1093 1022 1131; baseline 0.006 -11"><span class='ocrx_word' id='word_1_162' title='bbox 236 1094 306 1120; x_wconf 85' lang='lat' dir='ltr'><strong>niam</strong></span> <span class='ocrx_word' id='word_1_163' title='bbox 326 1093 395 1120; x_wconf 85' lang='lat' dir='ltr'><strong>Deus</strong></span> <span class='ocrx_word' id='word_1_164' title='bbox 412 1094 459 1120; x_wconf 71' lang='lat' dir='ltr'><strong>tnx</strong></span> <span class='ocrx_word' id='word_1_165' title='bbox 478 1098 515 1120; x_wconf 76' lang='lat' dir='ltr'><strong>est</strong></span> <span class='ocrx_word' id='word_1_166' title='bbox 537 1094 569 1120; x_wconf 78' lang='grc'><strong>³⁸.</strong></span> <span class='ocrx_word' id='word_1_167' title='bbox 596 1094 731 1128; x_wconf 81' lang='lat' dir='ltr'><strong>Splendor</strong></span> <span class='ocrx_word' id='word_1_168' title='bbox 755 1101 846 1122; x_wconf 89' lang='lat' dir='ltr'><strong>autem</strong></span> <span class='ocrx_word' id='word_1_169' title='bbox 873 1095 940 1124; x_wconf 86' lang='lat' dir='ltr'><strong>lucis</strong></span> <span class='ocrx_word' id='word_1_170' title='bbox 964 1098 1022 1131; x_wconf 86' lang='lat' dir='ltr'><strong>ejus</strong></span> 
     </span>
    </p>
   </div>
   <div class='ocr_carea' id='block_1_25' title="bbox 235 1139 1022 1177">
    <p class='ocr_par' dir='ltr' id='par_1_25' title="bbox 235 1139 1022 1177">
     <span class='ocr_line' id='line_1_25' title="bbox 235 1139 1022 1177; baseline 0.005 -11"><span class='ocrx_word' id='word_1_171' title='bbox 235 1139 372 1174; x_wconf 82' lang='lat' dir='ltr'><strong>Sapientia</strong></span> <span class='ocrx_word' id='word_1_172' title='bbox 390 1147 438 1166; x_wconf 84' lang='lat' dir='ltr'><strong>sua</strong></span> <span class='ocrx_word' id='word_1_173' title='bbox 461 1145 512 1171; x_wconf 87' lang='lat' dir='ltr'><strong>est,</strong></span> <span class='ocrx_word' id='word_1_174' title='bbox 534 1139 571 1174; x_wconf 84' lang='lat'><strong>(9)</strong></span> <span class='ocrx_word' id='word_1_175' title='bbox 591 1147 642 1166; x_wconf 91' lang='lat' dir='ltr'><strong>non</strong></span> <span class='ocrx_word' id='word_1_176' title='bbox 666 1140 752 1167; x_wconf 88' lang='lat' dir='ltr'><strong>solum</strong></span> <span class='ocrx_word' id='word_1_177' title='bbox 782 1141 931 1168; x_wconf 84' lang='lat' dir='ltr'><strong>secundum</strong></span> <span class='ocrx_word' id='word_1_178' title='bbox 950 1143 1022 1177; x_wconf 91' lang='lat' dir='ltr'><strong>quod</strong></span> 
     </span>
    </p>
   </div>
   <div class='ocr_carea' id='block_1_26' title="bbox 235 1185 1020 1222">
    <p class='ocr_par' dir='ltr' id='par_1_26' title="bbox 235 1185 1020 1222">
     <span class='ocr_line' id='line_1_26' title="bbox 235 1185 1020 1222; baseline 0.006 -10"><span class='ocrx_word' id='word_1_179' title='bbox 235 1185 280 1212; x_wconf 77' lang='lat' dir='ltr'><strong>lux</strong></span> <span class='ocrx_word' id='word_1_180' title='bbox 291 1191 342 1218; x_wconf 87' lang='lat' dir='ltr'><strong>est,</strong></span> <span class='ocrx_word' id='word_1_181' title='bbox 356 1186 402 1213; x_wconf 88' lang='lat' dir='ltr'><strong>sed</strong></span> <span class='ocrx_word' id='word_1_182' title='bbox 423 1190 451 1212; x_wconf 90' lang='lat' dir='ltr'><strong>et</strong></span> <span class='ocrx_word' id='word_1_183' title='bbox 462 1186 611 1212; x_wconf 86' lang='lat' dir='ltr'><strong>secundum</strong></span> <span class='ocrx_word' id='word_1_184' title='bbox 626 1188 698 1220; x_wconf 90' lang='lat' dir='ltr'><strong>quod</strong></span> <span class='ocrx_word' id='word_1_185' title='bbox 718 1188 883 1222; x_wconf 87' lang='lat' dir='ltr'><strong>sempiterna</strong></span> <span class='ocrx_word' id='word_1_186' title='bbox 905 1189 948 1216; x_wconf 83' lang='lat' dir='ltr'><strong>lux</strong></span> <span class='ocrx_word' id='word_1_187' title='bbox 968 1194 1020 1222; x_wconf 83' lang='lat' dir='ltr'><strong>est,</strong></span> 
     </span>
    </p>
   </div>
   <div class='ocr_carea' id='block_1_27' title="bbox 232 1231 1021 1269">
    <p class='ocr_par' dir='ltr' id='par_1_27' title="bbox 232 1231 1021 1269">
     <span class='ocr_line' id='line_1_27' title="bbox 232 1231 1021 1269; baseline 0.003 -9"><span class='ocrx_word' id='word_1_188' title='bbox 232 1231 272 1261; x_wconf 65' lang='lat' dir='ltr'><strong>ita</strong></span> <span class='ocrx_word' id='word_1_189' title='bbox 288 1237 315 1259; x_wconf 89' lang='lat' dir='ltr'><strong>ut</strong></span> <span class='ocrx_word' id='word_1_190' title='bbox 328 1237 446 1259; x_wconf 64' lang='lat' dir='ltr'><strong>mlernus</strong></span> <span class='ocrx_word' id='word_1_191' title='bbox 462 1236 488 1258; x_wconf 86' lang='lat' dir='ltr'><strong>et</strong></span> <span class='ocrx_word' id='word_1_192' title='bbox 499 1232 661 1259; x_wconf 62' lang='lat' dir='ltr'><strong>aeternitatis</strong></span> <span class='ocrx_word' id='word_1_193' title='bbox 678 1233 807 1267; x_wconf 71' lang='lat' dir='ltr'><strong>Splendor</strong></span> <span class='ocrx_word' id='word_1_194' title='bbox 827 1234 862 1260; x_wconf 87' lang='lat' dir='ltr'><strong>sit</strong></span> <span class='ocrx_word' id='word_1_195' title='bbox 880 1234 1021 1269; x_wconf 78' lang='lat' dir='ltr'><strong>Sapientia</strong></span> 
     </span>
    </p>
   </div>
   <div class='ocr_carea' id='block_1_28' title="bbox 236 1277 1021 1314">
    <p class='ocr_par' dir='ltr' id='par_1_28' title="bbox 236 1277 1021 1314">
     <span class='ocr_line' id='line_1_28' title="bbox 236 1277 1021 1314; baseline 0.003 -8"><span class='ocrx_word' id='word_1_196' title='bbox 236 1285 293 1306; x_wconf 72' lang='lat' dir='ltr'><strong>sua.</strong></span> <span class='ocrx_word' id='word_1_197' title='bbox 307 1277 385 1310; x_wconf 87' lang='lat' dir='ltr'><strong>Quod</strong></span> <span class='ocrx_word' id='word_1_198' title='bbox 403 1278 425 1305; x_wconf 88' lang='lat' dir='ltr'><strong>si</strong></span> <span class='ocrx_word' id='word_1_199' title='bbox 450 1278 557 1312; x_wconf 77' lang='lat' dir='ltr'><strong>integre</strong></span> <span class='ocrx_word' id='word_1_200' title='bbox 576 1278 752 1314; x_wconf 78' lang='lat' dir='ltr'><strong>intelligatur,</strong></span> <span class='ocrx_word' id='word_1_201' title='bbox 773 1280 916 1307; x_wconf 81' lang='lat' dir='ltr'><strong>manifeste</strong></span> <span class='ocrx_word' id='word_1_202' title='bbox 932 1281 1021 1308; x_wconf 81' lang='lat' dir='ltr'><strong>deela-</strong></span> 
     </span>
    </p>
   </div>
   <div class='ocr_carea' id='block_1_29' title="bbox 234 1325 1021 1362">
    <p class='ocr_par' dir='ltr' id='par_1_29' title="bbox 234 1325 1021 1362">
     <span class='ocr_line' id='line_1_29' title="bbox 234 1325 1021 1362; baseline 0.004 -10"><span class='ocrx_word' id='word_1_203' title='bbox 234 1329 287 1356; x_wconf 82' lang='lat' dir='ltr'><strong>rat,</strong></span> <span class='ocrx_word' id='word_1_204' title='bbox 312 1325 375 1359; x_wconf 88' lang='lat' dir='ltr'><strong>quia</strong></span> <span class='ocrx_word' id='word_1_205' title='bbox 400 1325 456 1359; x_wconf 86' lang='lat' dir='ltr'><strong>(l0)</strong></span> <span class='ocrx_word' id='word_1_206' title='bbox 481 1325 658 1352; x_wconf 82' lang='lat' dir='ltr'><strong>subsistentia</strong></span> <span class='ocrx_word' id='word_1_207' title='bbox 684 1325 746 1353; x_wconf 82' lang='lat' dir='ltr'><strong>Filii</strong></span> <span class='ocrx_word' id='word_1_208' title='bbox 778 1326 812 1353; x_wconf 92' lang='lat' dir='ltr'><strong>ab</strong></span> <span class='ocrx_word' id='word_1_209' title='bbox 845 1327 905 1362; x_wconf 83' lang='lat' dir='ltr'><strong>ipso</strong></span> <span class='ocrx_word' id='word_1_210' title='bbox 939 1327 1021 1356; x_wconf 85' lang='lat' dir='ltr'><strong>Patre</strong></span> 
     </span>
    </p>
   </div>
   <div class='ocr_carea' id='block_1_30' title="bbox 233 1369 1020 1406">
    <p class='ocr_par' dir='ltr' id='par_1_30' title="bbox 233 1369 1020 1406">
     <span class='ocr_line' id='line_1_30' title="bbox 233 1369 1020 1406; baseline 0.005 -10"><span class='ocrx_word' id='word_1_211' title='bbox 233 1369 384 1399; x_wconf 77' lang='lat' dir='ltr'><strong>descendit.</strong></span> <span class='ocrx_word' id='word_1_212' title='bbox 397 1371 442 1396; x_wconf 81' lang='lat' dir='ltr'><strong>sed</strong></span> <span class='ocrx_word' id='word_1_213' title='bbox 457 1378 510 1396; x_wconf 93' lang='lat' dir='ltr'><strong>non</strong></span> <span class='ocrx_word' id='word_1_214' title='bbox 527 1371 723 1404; x_wconf 84' lang='lat' dir='ltr'><strong>temporalitcr,</strong></span> <span class='ocrx_word' id='word_1_215' title='bbox 743 1379 831 1406; x_wconf 89' lang='lat' dir='ltr'><strong>neque</strong></span> <span class='ocrx_word' id='word_1_216' title='bbox 846 1373 880 1400; x_wconf 86' lang='lat' dir='ltr'><strong>ab</strong></span> <span class='ocrx_word' id='word_1_217' title='bbox 898 1373 952 1400; x_wconf 89' lang='lat' dir='ltr'><strong>ullo</strong></span> <span class='ocrx_word' id='word_1_218' title='bbox 967 1373 1020 1401; x_wconf 90' lang='lat' dir='ltr'><strong>alio</strong></span> 
     </span>
    </p>
   </div>
   <div class='ocr_carea' id='block_1_31' title="bbox 233 1416 824 1452">
    <p class='ocr_par' dir='ltr' id='par_1_31' title="bbox 233 1416 824 1452">
     <span class='ocr_line' id='line_1_31' title="bbox 233 1416 824 1452; baseline 0 -8"><span class='ocrx_word' id='word_1_219' title='bbox 233 1416 321 1449; x_wconf 87' lang='lat' dir='ltr'><strong>initio,</strong></span> <span class='ocrx_word' id='word_1_220' title='bbox 341 1417 402 1448; x_wconf 86' lang='lat' dir='ltr'><strong>nisi,</strong></span> <span class='ocrx_word' id='word_1_221' title='bbox 420 1422 447 1443; x_wconf 92' lang='lat' dir='ltr'><strong>ut</strong></span> <span class='ocrx_word' id='word_1_222' title='bbox 460 1416 591 1449; x_wconf 79' lang='lat' dir='ltr'><strong>diximus.</strong></span> <span class='ocrx_word' id='word_1_223' title='bbox 607 1418 640 1444; x_wconf 88' lang='lat' dir='ltr'><strong>ab</strong></span> <span class='ocrx_word' id='word_1_224' title='bbox 658 1418 715 1452; x_wconf 85' lang='lat' dir='ltr'><strong>ipso</strong></span> <span class='ocrx_word' id='word_1_225' title='bbox 733 1418 796 1446; x_wconf 88' lang='lat' dir='ltr'><strong>Deo.</strong></span> <span class='ocrx_word' id='word_1_226' title='bbox 816 1428 824 1444; x_wconf 83' lang='lat' dir='ltr'><strong>I</strong></span> 
     </span>
    </p>
   </div>
   <div class='ocr_carea' id='block_1_32' title="bbox 270 1463 1020 1498">
    <p class='ocr_par' dir='ltr' id='par_1_32' title="bbox 270 1463 1020 1498">
     <span class='ocr_line' id='line_1_32' title="bbox 270 1463 1020 1498; baseline 0.005 -8"><span class='ocrx_word' id='word_1_227' title='bbox 270 1463 432 1491; x_wconf 65' lang='lat' dir='ltr'><strong>Panormus.</strong></span> <span class='ocrx_word' id='word_1_228' title='bbox 462 1464 538 1496; x_wconf 89' lang='lat' dir='ltr'><strong>ltem,</strong></span> <span class='ocrx_word' id='word_1_229' title='bbox 564 1465 596 1492; x_wconf 90' lang='lat' dir='ltr'><strong>de</strong></span> <span class='ocrx_word' id='word_1_230' title='bbox 626 1465 778 1492; x_wconf 79' lang='lat' dir='ltr'><strong>a:teruitate</strong></span> <span class='ocrx_word' id='word_1_231' title='bbox 805 1465 866 1492; x_wconf 88' lang='lat' dir='ltr'><strong>Filii</strong></span> <span class='ocrx_word' id='word_1_232' title='bbox 899 1466 962 1498; x_wconf 88' lang='lat' dir='ltr'><strong>Dei,</strong></span> <span class='ocrx_word' id='word_1_233' title='bbox 993 1471 1020 1494; x_wconf 89' lang='lat' dir='ltr'><strong>et</strong></span> 
     </span>
    </p>
   </div>
   <div class='ocr_carea' id='block_1_33' title="bbox 234 1509 1020 1545">
    <p class='ocr_par' dir='ltr' id='par_1_33' title="bbox 234 1509 1020 1545">
     <span class='ocr_line' id='line_1_33' title="bbox 234 1509 1020 1545; baseline 0.004 -9"><span class='ocrx_word' id='word_1_234' title='bbox 234 1510 465 1545; x_wconf 83' lang='lat' dir='ltr'><strong>inseparabilitate</strong></span> <span class='ocrx_word' id='word_1_235' title='bbox 481 1509 541 1544; x_wconf 82' lang='lat' dir='ltr'><strong>ejus</strong></span> <span class='ocrx_word' id='word_1_236' title='bbox 555 1517 569 1536; x_wconf 88' lang='lat' dir='ltr'><strong>a</strong></span> <span class='ocrx_word' id='word_1_237' title='bbox 587 1509 676 1543; x_wconf 82' lang='lat' dir='ltr'><strong>Patre,</strong></span> <span class='ocrx_word' id='word_1_238' title='bbox 698 1509 771 1537; x_wconf 81' lang='lat' dir='ltr'><strong>aliud</strong></span> <span class='ocrx_word' id='word_1_239' title='bbox 792 1511 974 1538; x_wconf 84' lang='lat' dir='ltr'><strong>testimonium</strong></span> <span class='ocrx_word' id='word_1_240' title='bbox 987 1512 1020 1539; x_wconf 86' lang='lat' dir='ltr'><strong>de</strong></span> 
     </span>
    </p>
   </div>
   <div class='ocr_carea' id='block_1_34' title="bbox 233 1556 412 1590">
    <p class='ocr_par' dir='ltr' id='par_1_34' title="bbox 233 1556 412 1590">
     <span class='ocr_line' id='line_1_34' title="bbox 233 1556 412 1590; baseline -0.006 -7"><span class='ocrx_word' id='word_1_241' title='bbox 233 1556 303 1584; x_wconf 88' lang='lat' dir='ltr'><strong>libro</strong></span> <span class='ocrx_word' id='word_1_242' title='bbox 317 1556 412 1590; x_wconf 90' lang='lat' dir='ltr'><strong>primo.</strong></span> 
     </span>
    </p>
   </div>
   <div class='ocr_carea' id='block_1_35' title="bbox 263 1602 1022 1639">
    <p class='ocr_par' dir='ltr' id='par_1_35' title="bbox 263 1602 1022 1639">
     <span class='ocr_line' id='line_1_35' title="bbox 263 1602 1022 1639; baseline 0.001 -8"><span class='ocrx_word' id='word_1_243' title='bbox 263 1602 409 1631; x_wconf 73' lang='lat' dir='ltr'><strong>Otuceuss.</strong></span> <span class='ocrx_word' id='word_1_244' title='bbox 425 1602 482 1638; x_wconf 80' lang='lat' dir='ltr'><strong>(li)</strong></span> <span class='ocrx_word' id='word_1_245' title='bbox 498 1611 506 1628; x_wconf 88' lang='grc' dir='ltr'><strong>ι</strong></span> <span class='ocrx_word' id='word_1_246' title='bbox 523 1602 663 1630; x_wconf 84' lang='lat' dir='ltr'><strong>lnl&#39;andum</strong></span> <span class='ocrx_word' id='word_1_247' title='bbox 679 1608 770 1630; x_wconf 85' lang='lat' dir='ltr'><strong>autem</strong></span> <span class='ocrx_word' id='word_1_248' title='bbox 788 1609 830 1631; x_wconf 87' lang='lat' dir='ltr'><strong>est</strong></span> <span class='ocrx_word' id='word_1_249' title='bbox 844 1609 871 1632; x_wconf 89' lang='lat' dir='ltr'><strong>et</strong></span> <span class='ocrx_word' id='word_1_250' title='bbox 885 1604 1022 1639; x_wconf 88' lang='lat' dir='ltr'><strong>illicitum,</strong></span> 
     </span>
    </p>
   </div>
   <div class='ocr_carea' id='block_1_36' title="bbox 233 1647 1022 1686">
    <p class='ocr_par' dir='ltr' id='par_1_36' title="bbox 233 1647 1022 1686">
     <span class='ocr_line' id='line_1_36' title="bbox 233 1647 1022 1686; baseline 0.004 -11"><span class='ocrx_word' id='word_1_251' title='bbox 233 1647 318 1676; x_wconf 79' lang='lat' dir='ltr'><strong>Deum</strong></span> <span class='ocrx_word' id='word_1_252' title='bbox 332 1648 438 1677; x_wconf 82' lang='lat' dir='ltr'><strong>Patrem</strong></span> <span class='ocrx_word' id='word_1_253' title='bbox 453 1649 510 1684; x_wconf 73' lang='grc'><strong>(12)</strong></span> <span class='ocrx_word' id='word_1_254' title='bbox 526 1649 551 1676; x_wconf 82' lang='grc' dir='ltr'>ἰιι</span> <span class='ocrx_word' id='word_1_255' title='bbox 565 1649 744 1684; x_wconf 70' lang='lat' dir='ltr'><strong>generatione</strong></span> <span class='ocrx_word' id='word_1_256' title='bbox 758 1650 818 1677; x_wconf 87' lang='lat' dir='ltr'><strong>Filii</strong></span> <span class='ocrx_word' id='word_1_257' title='bbox 828 1651 868 1678; x_wconf 86' lang='lat' dir='ltr'><strong>sui</strong></span> <span class='ocrx_word' id='word_1_258' title='bbox 881 1651 1022 1686; x_wconf 76' lang='lat' dir='ltr'><strong>unigeniti,</strong></span> 
     </span>
    </p>
   </div>
   <div class='ocr_carea' id='block_1_37' title="bbox 233 1695 1022 1731">
    <p class='ocr_par' dir='ltr' id='par_1_37' title="bbox 233 1695 1022 1731">
     <span class='ocr_line' id='line_1_37' title="bbox 233 1695 1022 1731; baseline 0.004 -9"><span class='ocrx_word' id='word_1_259' title='bbox 233 1700 314 1730; x_wconf 82' lang='lat' dir='ltr'><strong>atque</strong></span> <span class='ocrx_word' id='word_1_260' title='bbox 337 1696 364 1722; x_wconf 95' lang='lat' dir='ltr'><strong>in</strong></span> <span class='ocrx_word' id='word_1_261' title='bbox 389 1695 568 1723; x_wconf 87' lang='lat' dir='ltr'><strong>subsistentia</strong></span> <span class='ocrx_word' id='word_1_262' title='bbox 595 1698 673 1731; x_wconf 82' lang='lat' dir='ltr'><strong>ejus,</strong></span> <span class='ocrx_word' id='word_1_263' title='bbox 699 1704 842 1731; x_wconf 70' lang='lat' dir='ltr'><strong>esu-quare</strong></span> <span class='ocrx_word' id='word_1_264' title='bbox 874 1698 953 1725; x_wconf 90' lang='lat' dir='ltr'><strong>alicui</strong></span> <span class='ocrx_word' id='word_1_265' title='bbox 980 1699 1022 1726; x_wconf 90' lang='lat' dir='ltr'><strong>vel</strong></span> 
     </span>
    </p>
   </div>
   <div class='ocr_carea' id='block_1_38' title="bbox 234 1741 1022 1778">
    <p class='ocr_par' dir='ltr' id='par_1_38' title="bbox 234 1741 1022 1778">
     <span class='ocr_line' id='line_1_38' title="bbox 234 1741 1022 1778; baseline 0.004 -9"><span class='ocrx_word' id='word_1_266' title='bbox 234 1741 389 1774; x_wconf 87' lang='lat' dir='ltr'><strong>hominum,</strong></span> <span class='ocrx_word' id='word_1_267' title='bbox 407 1742 449 1769; x_wconf 89' lang='lat' dir='ltr'><strong>vel</strong></span> <span class='ocrx_word' id='word_1_268' title='bbox 467 1741 582 1769; x_wconf 92' lang='lat' dir='ltr'><strong>aliorum</strong></span> <span class='ocrx_word' id='word_1_269' title='bbox 597 1743 775 1770; x_wconf 87' lang='lat' dir='ltr'><strong>animantium</strong></span> <span class='ocrx_word' id='word_1_270' title='bbox 791 1744 932 1778; x_wconf 75' lang='lat' dir='ltr'><strong>generanti</strong></span> <span class='ocrx_word' id='word_1_271' title='bbox 950 1753 958 1778; x_wconf 89' lang='lat'><strong>;</strong></span> <span class='ocrx_word' id='word_1_272' title='bbox 975 1746 1022 1773; x_wconf 89' lang='lat' dir='ltr'><strong>sed</strong></span> 
     </span>
    </p>
   </div>
   <div class='ocr_carea' id='block_1_39' title="bbox 232 1789 1019 1825">
    <p class='ocr_par' dir='ltr' id='par_1_39' title="bbox 232 1789 1019 1825">
     <span class='ocr_line' id='line_1_39' title="bbox 232 1789 1019 1825; baseline 0.003 -10"><span class='ocrx_word' id='word_1_273' title='bbox 232 1794 344 1816; x_wconf 83' lang='lat' dir='ltr'><strong>necesse</strong></span> <span class='ocrx_word' id='word_1_274' title='bbox 359 1793 401 1816; x_wconf 90' lang='lat' dir='ltr'><strong>est</strong></span> <span class='ocrx_word' id='word_1_275' title='bbox 414 1794 559 1823; x_wconf 80' lang='lat' dir='ltr'><strong>exceptum</strong></span> <span class='ocrx_word' id='word_1_276' title='bbox 581 1789 682 1824; x_wconf 87' lang='lat' dir='ltr'><strong>aliquid</strong></span> <span class='ocrx_word' id='word_1_277' title='bbox 702 1798 763 1818; x_wconf 82' lang='lat' dir='ltr'><strong>esse</strong></span> <span class='ocrx_word' id='word_1_278' title='bbox 779 1795 806 1817; x_wconf 90' lang='lat' dir='ltr'><strong>et</strong></span> <span class='ocrx_word' id='word_1_279' title='bbox 821 1791 875 1818; x_wconf 91' lang='lat' dir='ltr'><strong>Deo</strong></span> <span class='ocrx_word' id='word_1_280' title='bbox 898 1791 1019 1825; x_wconf 80' lang='lat' dir='ltr'><strong>dignum,</strong></span> 
     </span>
    </p>
   </div>
   <div class='ocr_carea' id='block_1_40' title="bbox 237 1834 1019 1870">
    <p class='ocr_par' dir='ltr' id='par_1_40' title="bbox 237 1834 1019 1870">
     <span class='ocr_line' id='line_1_40' title="bbox 237 1834 1019 1870; baseline 0.003 -9"><span class='ocrx_word' id='word_1_281' title='bbox 237 1834 315 1869; x_wconf 83' lang='lat' dir='ltr'><strong>cujus</strong></span> <span class='ocrx_word' id='word_1_282' title='bbox 328 1834 400 1862; x_wconf 85' lang='lat' dir='ltr'><strong>nulla</strong></span> <span class='ocrx_word' id='word_1_283' title='bbox 415 1843 526 1870; x_wconf 83' lang='lat' dir='ltr'><strong>prorsus</strong></span> <span class='ocrx_word' id='word_1_284' title='bbox 539 1836 708 1870; x_wconf 78' lang='lat' dir='ltr'><strong>comparatio</strong></span> <span class='ocrx_word' id='word_1_285' title='bbox 722 1844 774 1864; x_wconf 91' lang='lat' dir='ltr'><strong>non</strong></span> <span class='ocrx_word' id='word_1_286' title='bbox 787 1837 814 1863; x_wconf 93' lang='lat' dir='ltr'><strong>in</strong></span> <span class='ocrx_word' id='word_1_287' title='bbox 827 1837 906 1864; x_wconf 79' lang='lat' dir='ltr'><strong>rebus</strong></span> <span class='ocrx_word' id='word_1_288' title='bbox 921 1836 1019 1868; x_wconf 89' lang='lat' dir='ltr'><strong>solum,</strong></span> 
     </span>
    </p>
   </div>
   <div class='ocr_carea' id='block_1_41' title="bbox 231 1879 1019 1917">
    <p class='ocr_par' dir='ltr' id='par_1_41' title="bbox 231 1879 1019 1917">
     <span class='ocr_line' id='line_1_41' title="bbox 231 1879 1019 1917; baseline 0.004 -11"><span class='ocrx_word' id='word_1_289' title='bbox 231 1879 278 1907; x_wconf 84' lang='lat' dir='ltr'><strong>sed</strong></span> <span class='ocrx_word' id='word_1_290' title='bbox 296 1888 329 1907; x_wconf 90' lang='lat' dir='ltr'><strong>ne</strong></span> <span class='ocrx_word' id='word_1_291' title='bbox 353 1881 379 1907; x_wconf 97' lang='lat' dir='ltr'><strong>in</strong></span> <span class='ocrx_word' id='word_1_292' title='bbox 403 1881 569 1916; x_wconf 79' lang='lat' dir='ltr'><strong>cogitatione</strong></span> <span class='ocrx_word' id='word_1_293' title='bbox 594 1883 702 1917; x_wconf 82' lang='lat' dir='ltr'><strong>quidem</strong></span> <span class='ocrx_word' id='word_1_294' title='bbox 729 1883 770 1909; x_wconf 86' lang='lat' dir='ltr'><strong>vel</strong></span> <span class='ocrx_word' id='word_1_295' title='bbox 797 1890 877 1910; x_wconf 86' lang='lat' dir='ltr'><strong>sensu</strong></span> <span class='ocrx_word' id='word_1_296' title='bbox 903 1882 1019 1909; x_wconf 78' lang='lat' dir='ltr'><strong>inveniri</strong></span> 
     </span>
    </p>
   </div>
   <div class='ocr_carea' id='block_1_42' title="bbox 231 1927 1019 1963">
    <p class='ocr_par' dir='ltr' id='par_1_42' title="bbox 231 1927 1019 1963">
     <span class='ocr_line' id='line_1_42' title="bbox 231 1927 1019 1963; baseline 0.003 -9"><span class='ocrx_word' id='word_1_297' title='bbox 231 1931 332 1961; x_wconf 74' lang='lat' dir='ltr'><strong>potest,</strong></span> <span class='ocrx_word' id='word_1_298' title='bbox 355 1932 383 1954; x_wconf 88' lang='lat' dir='ltr'><strong>ut</strong></span> <span class='ocrx_word' id='word_1_299' title='bbox 406 1927 522 1954; x_wconf 86' lang='lat' dir='ltr'><strong>humana</strong></span> <span class='ocrx_word' id='word_1_300' title='bbox 551 1928 679 1962; x_wconf 76' lang='lat' dir='ltr'><strong>cogitatio</strong></span> <span class='ocrx_word' id='word_1_301' title='bbox 705 1928 791 1963; x_wconf 87' lang='lat' dir='ltr'><strong>possit</strong></span> <span class='ocrx_word' id='word_1_302' title='bbox 816 1928 1019 1963; x_wconf 84' lang='lat' dir='ltr'><strong>apprehendere</strong></span> 
     </span>
    </p>
   </div>
   <div class='ocr_carea' id='block_1_43' title="bbox 230 1972 1018 2010">
    <p class='ocr_par' dir='ltr' id='par_1_43' title="bbox 230 1972 1018 2010">
     <span class='ocr_line' id='line_1_43' title="bbox 230 1972 1018 2010; baseline 0.005 -12"><span class='ocrx_word' id='word_1_303' title='bbox 230 1972 365 2006; x_wconf 81' lang='lat' dir='ltr'><strong>quomodo</strong></span> <span class='ocrx_word' id='word_1_304' title='bbox 392 1973 531 2008; x_wconf 78' lang='lat' dir='ltr'><strong>ingenitus</strong></span> <span class='ocrx_word' id='word_1_305' title='bbox 557 1973 628 2001; x_wconf 87' lang='lat' dir='ltr'><strong>Deus</strong></span> <span class='ocrx_word' id='word_1_306' title='bbox 648 1973 728 2002; x_wconf 86' lang='lat' dir='ltr'><strong>Pater</strong></span> <span class='ocrx_word' id='word_1_307' title='bbox 745 1973 858 2002; x_wconf 71' lang='lat' dir='ltr'><strong>eiiicitur</strong></span> <span class='ocrx_word' id='word_1_308' title='bbox 885 1975 1018 2010; x_wconf 72' lang='lat' dir='ltr'><strong>unigeniti</strong></span> 
     </span>
    </p>
   </div>
   <div class='ocr_carea' id='block_1_44' title="bbox 231 2015 1019 2056">
    <p class='ocr_par' dir='ltr' id='par_1_44' title="bbox 231 2015 1019 2056">
     <span class='ocr_line' id='line_1_44' title="bbox 231 2015 1019 2056; baseline 0.003 -10"><span class='ocrx_word' id='word_1_309' title='bbox 231 2015 302 2047; x_wconf 75' lang='lat' dir='ltr'><strong>Filii.</strong></span> <span class='ocrx_word' id='word_1_310' title='bbox 319 2018 367 2046; x_wconf 87' lang='lat' dir='ltr'><strong>Est</strong></span> <span class='ocrx_word' id='word_1_311' title='bbox 383 2027 501 2054; x_wconf 85' lang='lat' dir='ltr'><strong>namque</strong></span> <span class='ocrx_word' id='word_1_312' title='bbox 517 2021 552 2047; x_wconf 89' lang='lat' dir='ltr'><strong>ita</strong></span> <span class='ocrx_word' id='word_1_313' title='bbox 569 2026 669 2048; x_wconf 69' lang='lat' dir='ltr'><strong>aeterna</strong></span> <span class='ocrx_word' id='word_1_314' title='bbox 682 2026 709 2048; x_wconf 90' lang='lat' dir='ltr'><strong>et</strong></span> <span class='ocrx_word' id='word_1_315' title='bbox 726 2021 894 2056; x_wconf 83' lang='lat' dir='ltr'><strong>sempiterna</strong></span> <span class='ocrx_word' id='word_1_316' title='bbox 905 2028 1019 2056; x_wconf 79' lang='lat' dir='ltr'><strong>genera-</strong></span> 
     </span>
    </p>
   </div>
   <div class='ocr_carea' id='block_1_45' title="bbox 234 2064 1018 2102">
    <p class='ocr_par' dir='ltr' id='par_1_45' title="bbox 234 2064 1018 2102">
     <span class='ocr_line' id='line_1_45' title="bbox 234 2064 1018 2102; baseline 0.004 -11"><span class='ocrx_word' id='word_1_317' title='bbox 234 2067 281 2098; x_wconf 78' lang='lat' dir='ltr'><strong>tio.</strong></span> <span class='ocrx_word' id='word_1_318' title='bbox 300 2064 357 2100; x_wconf 75' lang='lat' dir='ltr'><strong>(l3)</strong></span> <span class='ocrx_word' id='word_1_319' title='bbox 374 2066 446 2093; x_wconf 82' lang='lat' dir='ltr'><strong>sicut</strong></span> <span class='ocrx_word' id='word_1_320' title='bbox 470 2066 599 2101; x_wconf 86' lang='lat' dir='ltr'><strong>splendor</strong></span> <span class='ocrx_word' id='word_1_321' title='bbox 623 2073 769 2102; x_wconf 79' lang='lat' dir='ltr'><strong>generatur</strong></span> <span class='ocrx_word' id='word_1_322' title='bbox 799 2075 832 2094; x_wconf 83' lang='lat' dir='ltr'><strong>ex</strong></span> <span class='ocrx_word' id='word_1_323' title='bbox 866 2067 934 2094; x_wconf 88' lang='lat' dir='ltr'><strong>luce.</strong></span> <span class='ocrx_word' id='word_1_324' title='bbox 960 2066 1018 2094; x_wconf 88' lang='lat' dir='ltr'><strong>Non</strong></span> 
     </span>
    </p>
   </div>
   <div class='ocr_carea' id='block_1_46' title="bbox 269 2133 1006 2170">
    <p class='ocr_par' dir='ltr' id='par_1_46' title="bbox 269 2133 1006 2170">
     <span class='ocr_line' id='line_1_46' title="bbox 269 2133 1006 2170; baseline 0.004 -8"><span class='ocrx_word' id='word_1_325' title='bbox 269 2133 291 2152; x_wconf 78' lang='grc'><strong>⁸⁷</strong></span> <span class='ocrx_word' id='word_1_326' title='bbox 305 2134 315 2162; x_wconf 90' lang='lat' dir='ltr'><strong>l</strong></span> <span class='ocrx_word' id='word_1_327' title='bbox 329 2135 393 2164; x_wconf 89' lang='lat' dir='ltr'><strong>Cor.</strong></span> <span class='ocrx_word' id='word_1_328' title='bbox 407 2144 426 2169; x_wconf 85' lang='grc' dir='ltr'>ι,</span> <span class='ocrx_word' id='word_1_329' title='bbox 447 2135 490 2163; x_wconf 66' lang='grc'><strong>24.</strong></span> <span class='ocrx_word' id='word_1_330' title='bbox 532 2135 554 2151; x_wconf 76' lang='grc'><strong>³⁸</strong></span> <span class='ocrx_word' id='word_1_331' title='bbox 569 2135 576 2163; x_wconf 99' lang='lat' dir='ltr'><strong>l</strong></span> <span class='ocrx_word' id='word_1_332' title='bbox 595 2135 671 2164; x_wconf 87' lang='lat' dir='ltr'><strong>Joan.</strong></span> <span class='ocrx_word' id='word_1_333' title='bbox 686 2144 706 2170; x_wconf 86' lang='grc' dir='ltr'>ι,</span> <span class='ocrx_word' id='word_1_334' title='bbox 722 2137 748 2164; x_wconf 82' lang='grc'><strong>5.</strong></span> <span class='ocrx_word' id='word_1_335' title='bbox 800 2137 822 2152; x_wconf 87' lang='lat'><strong>&quot;</strong></span> <span class='ocrx_word' id='word_1_336' title='bbox 840 2137 923 2165; x_wconf 85' lang='lat' dir='ltr'><strong>llebr.</strong></span> <span class='ocrx_word' id='word_1_337' title='bbox 944 2145 962 2170; x_wconf 84' lang='lat' dir='ltr'><strong>t,</strong></span> <span class='ocrx_word' id='word_1_338' title='bbox 979 2137 1006 2165; x_wconf 80' lang='lat'><strong>3.</strong></span> 
     </span>
    </p>
   </div>
   <div class='ocr_carea' id='block_1_47' title="bbox 1078 227 1432 256">
    <p class='ocr_par' dir='ltr' id='par_1_47' title="bbox 1078 227 1432 256">
     <span class='ocr_line' id='line_1_47' title="bbox 1078 227 1432 256; baseline 0 -2"><span class='ocrx_word' id='word_1_339' title='bbox 1078 227 1124 254; x_wconf 87' lang='lat' dir='ltr'><strong>sed</strong></span> <span class='ocrx_word' id='word_1_340' title='bbox 1141 232 1236 254; x_wconf 85' lang='lat' dir='ltr'><strong>nalura</strong></span> <span class='ocrx_word' id='word_1_341' title='bbox 1253 227 1338 256; x_wconf 83' lang='lat' dir='ltr'><strong>Filius</strong></span> <span class='ocrx_word' id='word_1_342' title='bbox 1351 233 1402 256; x_wconf 89' lang='lat' dir='ltr'><strong>est.</strong></span> <span class='ocrx_word' id='word_1_343' title='bbox 1423 238 1432 254; x_wconf 72' lang='grc' dir='ltr'><strong>ι</strong></span> 
     </span>
    </p>
   </div>
   <div class='ocr_carea' id='block_1_48' title="bbox 1112 273 1823 302">
    <p class='ocr_par' dir='ltr' id='par_1_48' title="bbox 1112 273 1823 302">
     <span class='ocr_line' id='line_1_48' title="bbox 1112 273 1823 302; baseline 0.001 -2"><span class='ocrx_word' id='word_1_344' title='bbox 1112 273 1276 301; x_wconf 69' lang='lat' dir='ltr'><strong>PAMPHILUS.</strong></span> <span class='ocrx_word' id='word_1_345' title='bbox 1296 274 1360 301; x_wconf 91' lang='lat' dir='ltr'><strong>ltem</strong></span> <span class='ocrx_word' id='word_1_346' title='bbox 1378 274 1410 302; x_wconf 91' lang='lat' dir='ltr'><strong>de</strong></span> <span class='ocrx_word' id='word_1_347' title='bbox 1427 274 1520 302; x_wconf 84' lang='lat' dir='ltr'><strong>eodem</strong></span> <span class='ocrx_word' id='word_1_348' title='bbox 1538 275 1610 302; x_wconf 86' lang='lat' dir='ltr'><strong>aliud</strong></span> <span class='ocrx_word' id='word_1_349' title='bbox 1625 275 1823 302; x_wconf 86' lang='lat' dir='ltr'><strong>testimonium.</strong></span> 
     </span>
    </p>
   </div>
   <div class='ocr_carea' id='block_1_49' title="bbox 1110 330 1457 358">
    <p class='ocr_par' dir='ltr' id='par_1_49' title="bbox 1110 330 1457 358">
     <span class='ocr_line' id='line_1_49' title="bbox 1110 330 1457 358; baseline 0.003 -1"><span class='ocrx_word' id='word_1_350' title='bbox 1110 330 1254 358; x_wconf 68' lang='lat' dir='ltr'><strong>ORIGENES.</strong></span> <span class='ocrx_word' id='word_1_351' title='bbox 1281 339 1290 356; x_wconf 88' lang='grc' dir='ltr'><strong>ι</strong></span> <span class='ocrx_word' id='word_1_352' title='bbox 1314 330 1457 358; x_wconf 85' lang='lat' dir='ltr'><strong>Videamus</strong></span> 
     </span>
    </p>
   </div>
   <div class='ocr_carea' id='block_1_50' title="bbox 1075 378 1457 413">
    <p class='ocr_par' dir='ltr' id='par_1_50' title="bbox 1075 378 1457 413">
     <span class='ocr_line' id='line_1_50' title="bbox 1075 378 1457 413; baseline 0 -8"><span class='ocrx_word' id='word_1_353' title='bbox 1075 385 1140 413; x_wconf 75' lang='lat' dir='ltr'><strong>ergo</strong></span> <span class='ocrx_word' id='word_1_354' title='bbox 1154 378 1257 413; x_wconf 46' lang='lat' dir='ltr'><strong>quislsit</strong></span> <span class='ocrx_word' id='word_1_355' title='bbox 1270 378 1394 405; x_wconf 84' lang='lat' dir='ltr'><strong>Salvator</strong></span> <span class='ocrx_word' id='word_1_356' title='bbox 1408 386 1457 405; x_wconf 88' lang='lat' dir='ltr'><strong>no-</strong></span> 
     </span>
    </p>
   </div>
   <div class='ocr_carea' id='block_1_51' title="bbox 1076 425 1456 462">
    <p class='ocr_par' dir='ltr' id='par_1_51' title="bbox 1076 425 1456 462">
     <span class='ocr_line' id='line_1_51' title="bbox 1076 425 1456 462; baseline -0.005 -8"><span class='ocrx_word' id='word_1_357' title='bbox 1076 431 1141 454; x_wconf 87' lang='lat' dir='ltr'><strong>ster.</strong></span> <span class='ocrx_word' id='word_1_358' title='bbox 1152 425 1282 461; x_wconf 83' lang='lat' dir='ltr'><strong>Splendor</strong></span> <span class='ocrx_word' id='word_1_359' title='bbox 1294 426 1456 462; x_wconf 85' lang='lat' dir='ltr'><strong>diciturglo-</strong></span> 
     </span>
    </p>
   </div>
   <div class='ocr_carea' id='block_1_52' title="bbox 1076 470 1456 506">
    <p class='ocr_par' dir='ltr' id='par_1_52' title="bbox 1076 470 1456 506">
     <span class='ocr_line' id='line_1_52' title="bbox 1076 470 1456 506; baseline 0.003 -6"><span class='ocrx_word' id='word_1_360' title='bbox 1076 474 1122 501; x_wconf 76' lang='lat' dir='ltr'><strong>ria.-</strong></span> <span class='ocrx_word' id='word_1_361' title='bbox 1131 470 1164 505; x_wconf 73' lang='grc'><strong>⁸⁸.</strong></span> <span class='ocrx_word' id='word_1_362' title='bbox 1174 474 1199 501; x_wconf 90' lang='lat' dir='ltr'><strong>id</strong></span> <span class='ocrx_word' id='word_1_363' title='bbox 1210 478 1262 506; x_wconf 86' lang='lat' dir='ltr'><strong>est,</strong></span> <span class='ocrx_word' id='word_1_364' title='bbox 1271 479 1375 501; x_wconf 70' lang='lat' dir='ltr'><strong>tetermz</strong></span> <span class='ocrx_word' id='word_1_365' title='bbox 1388 474 1456 501; x_wconf 79' lang='lat' dir='ltr'><strong>lucis</strong></span> 
     </span>
    </p>
   </div>
   <div class='ocr_carea' id='block_1_53' title="bbox 1075 521 1453 556">
    <p class='ocr_par' dir='ltr' id='par_1_53' title="bbox 1075 521 1453 556">
     <span class='ocr_line' id='line_1_53' title="bbox 1075 521 1453 556; baseline 0 -7"><span class='ocrx_word' id='word_1_366' title='bbox 1075 521 1198 556; x_wconf 87' lang='lat' dir='ltr'><strong>splendor</strong></span> <span class='ocrx_word' id='word_1_367' title='bbox 1204 522 1244 554; x_wconf 71' lang='lat'><strong>‘°;</strong></span> <span class='ocrx_word' id='word_1_368' title='bbox 1257 527 1283 549; x_wconf 90' lang='lat' dir='ltr'><strong>et</strong></span> <span class='ocrx_word' id='word_1_369' title='bbox 1296 527 1399 549; x_wconf 90' lang='lat' dir='ltr'><strong>certum</strong></span> <span class='ocrx_word' id='word_1_370' title='bbox 1410 528 1453 549; x_wconf 89' lang='lat' dir='ltr'><strong>est</strong></span> 
     </span>
    </p>
   </div>
   <div class='ocr_carea' id='block_1_54' title="bbox 1076 567 1454 603">
    <p class='ocr_par' dir='ltr' id='par_1_54' title="bbox 1076 567 1454 603">
     <span class='ocr_line' id='line_1_54' title="bbox 1076 567 1454 603; baseline -0.003 -8"><span class='ocrx_word' id='word_1_371' title='bbox 1076 569 1148 603; x_wconf 88' lang='lat' dir='ltr'><strong>quod</strong></span> <span class='ocrx_word' id='word_1_372' title='bbox 1165 567 1291 603; x_wconf 85' lang='lat' dir='ltr'><strong>splendor</strong></span> <span class='ocrx_word' id='word_1_373' title='bbox 1308 575 1340 595; x_wconf 81' lang='lat' dir='ltr'><strong>ex</strong></span> <span class='ocrx_word' id='word_1_374' title='bbox 1353 568 1454 595; x_wconf 89' lang='lat' dir='ltr'><strong>lumine</strong></span> 
     </span>
    </p>
   </div>
   <div class='ocr_carea' id='block_1_55' title="bbox 1076 613 1446 648">
    <p class='ocr_par' dir='ltr' id='par_1_55' title="bbox 1076 613 1446 648">
     <span class='ocr_line' id='line_1_55' title="bbox 1076 613 1446 648; baseline 0 -8"><span class='ocrx_word' id='word_1_375' title='bbox 1076 613 1293 648; x_wconf 87' lang='lat' dir='ltr'><strong>inseparabiliter</strong></span> <span class='ocrx_word' id='word_1_376' title='bbox 1337 621 1446 648; x_wconf 73' lang='lat' dir='ltr'><strong>genera-</strong></span> 
     </span>
    </p>
   </div>
   <div class='ocr_carea' id='block_1_56' title="bbox 1077 660 1454 695">
    <p class='ocr_par' dir='ltr' id='par_1_56' title="bbox 1077 660 1454 695">
     <span class='ocr_line' id='line_1_56' title="bbox 1077 660 1454 695; baseline -0.003 -7"><span class='ocrx_word' id='word_1_377' title='bbox 1077 665 1129 692; x_wconf 90' lang='lat' dir='ltr'><strong>tur,</strong></span> <span class='ocrx_word' id='word_1_378' title='bbox 1155 665 1181 688; x_wconf 89' lang='lat' dir='ltr'><strong>et</strong></span> <span class='ocrx_word' id='word_1_379' title='bbox 1206 660 1292 688; x_wconf 91' lang='lat' dir='ltr'><strong>donec</strong></span> <span class='ocrx_word' id='word_1_380' title='bbox 1312 666 1454 695; x_wconf 89' lang='lat' dir='ltr'><strong>permanet</strong></span> 
     </span>
    </p>
   </div>
   <div class='ocr_carea' id='block_1_57' title="bbox 1075 707 1453 741">
    <p class='ocr_par' dir='ltr' id='par_1_57' title="bbox 1075 707 1453 741">
     <span class='ocr_line' id='line_1_57' title="bbox 1075 707 1453 741; baseline 0 -7"><span class='ocrx_word' id='word_1_381' title='bbox 1075 707 1131 739; x_wconf 85' lang='lat' dir='ltr'><strong>lux,</strong></span> <span class='ocrx_word' id='word_1_382' title='bbox 1146 712 1285 740; x_wconf 87' lang='lat' dir='ltr'><strong>permanet</strong></span> <span class='ocrx_word' id='word_1_383' title='bbox 1296 714 1402 741; x_wconf 85' lang='lat' dir='ltr'><strong>semper</strong></span> <span class='ocrx_word' id='word_1_384' title='bbox 1425 712 1453 734; x_wconf 90' lang='lat' dir='ltr'><strong>et</strong></span> 
     </span>
    </p>
   </div>
   <div class='ocr_carea' id='block_1_58' title="bbox 1075 753 1452 789">
    <p class='ocr_par' dir='ltr' id='par_1_58' title="bbox 1075 753 1452 789">
     <span class='ocr_line' id='line_1_58' title="bbox 1075 753 1452 789; baseline -0.005 -7"><span class='ocrx_word' id='word_1_385' title='bbox 1075 754 1212 789; x_wconf 84' lang='lat' dir='ltr'><strong>splendor.</strong></span> <span class='ocrx_word' id='word_1_386' title='bbox 1239 753 1365 780; x_wconf 91' lang='lat' dir='ltr'><strong>Salvator</strong></span> <span class='ocrx_word' id='word_1_387' title='bbox 1386 761 1452 788; x_wconf 80' lang='lat' dir='ltr'><strong>ergo</strong></span> 
     </span>
    </p>
   </div>
   <div class='ocr_carea' id='block_1_59' title="bbox 1076 800 1452 834">
    <p class='ocr_par' dir='ltr' id='par_1_59' title="bbox 1076 800 1452 834">
     <span class='ocr_line' id='line_1_59' title="bbox 1076 800 1452 834; baseline -0.005 -6"><span class='ocrx_word' id='word_1_388' title='bbox 1076 806 1168 828; x_wconf 85' lang='lat' dir='ltr'><strong>noster</strong></span> <span class='ocrx_word' id='word_1_389' title='bbox 1190 800 1234 834; x_wconf 92' lang='lat' dir='ltr'><strong>qui</strong></span> <span class='ocrx_word' id='word_1_390' title='bbox 1249 800 1390 834; x_wconf 83' lang='lat' dir='ltr'><strong>Sapientia</strong></span> <span class='ocrx_word' id='word_1_391' title='bbox 1411 804 1452 827; x_wconf 88' lang='lat' dir='ltr'><strong>est</strong></span> 
     </span>
    </p>
   </div>
   <div class='ocr_carea' id='block_1_60' title="bbox 1039 846 1450 890">
    <p class='ocr_par' dir='ltr' id='par_1_60' title="bbox 1039 846 1450 890">
     <span class='ocr_line' id='line_1_60' title="bbox 1039 846 1450 890; baseline -0.007 -14"><span class='ocrx_word' id='word_1_392' title='bbox 1039 848 1234 890; x_wconf 74' lang='lat' dir='ltr'><strong>B(Sapientia</strong></span> <span class='ocrx_word' id='word_1_393' title='bbox 1272 852 1363 874; x_wconf 87' lang='lat' dir='ltr'><strong>autem</strong></span> <span class='ocrx_word' id='word_1_394' title='bbox 1404 846 1450 873; x_wconf 89' lang='lat' dir='ltr'><strong>Dei</strong></span> 
     </span>
    </p>
   </div>
   <div class='ocr_carea' id='block_1_61' title="bbox 1075 894 1447 931">
    <p class='ocr_par' dir='ltr' id='par_1_61' title="bbox 1075 894 1447 931">
     <span class='ocr_line' id='line_1_61' title="bbox 1075 894 1447 931; baseline -0.005 -9"><span class='ocrx_word' id='word_1_395' title='bbox 1075 896 1131 931; x_wconf 87' lang='lat' dir='ltr'><strong>ipsa</strong></span> <span class='ocrx_word' id='word_1_396' title='bbox 1145 899 1186 922; x_wconf 91' lang='lat' dir='ltr'><strong>est</strong></span> <span class='ocrx_word' id='word_1_397' title='bbox 1201 894 1330 928; x_wconf 84' lang='lat' dir='ltr'><strong>splendor</strong></span> <span class='ocrx_word' id='word_1_398' title='bbox 1340 898 1447 920; x_wconf 58' lang='lat' dir='ltr'><strong>aeterna:</strong></span> 
     </span>
    </p>
   </div>
   <div class='ocr_carea' id='block_1_62' title="bbox 1074 941 1448 977">
    <p class='ocr_par' dir='ltr' id='par_1_62' title="bbox 1074 941 1448 977">
     <span class='ocr_line' id='line_1_62' title="bbox 1074 941 1448 977; baseline -0.008 -7"><span class='ocrx_word' id='word_1_399' title='bbox 1074 942 1159 977; x_wconf 85' lang='lat' dir='ltr'><strong>lucis)</strong></span> <span class='ocrx_word' id='word_1_400' title='bbox 1188 941 1406 976; x_wconf 78' lang='lat' dir='ltr'><strong>inseparabiliter</strong></span> <span class='ocrx_word' id='word_1_401' title='bbox 1421 944 1448 967; x_wconf 91' lang='lat' dir='ltr'><strong>et</strong></span> 
     </span>
    </p>
   </div>
   <div class='ocr_carea' id='block_1_63' title="bbox 1074 988 1448 1022">
    <p class='ocr_par' dir='ltr' id='par_1_63' title="bbox 1074 988 1448 1022">
     <span class='ocr_line' id='line_1_63' title="bbox 1074 988 1448 1022; baseline -0.011 -6"><span class='ocrx_word' id='word_1_402' title='bbox 1074 988 1259 1016; x_wconf 88' lang='lat' dir='ltr'><strong>indesinenter</strong></span> <span class='ocrx_word' id='word_1_403' title='bbox 1303 992 1448 1022; x_wconf 75' lang='lat' dir='ltr'><strong>generatur</strong></span> 
     </span>
    </p>
   </div>
   <div class='ocr_carea' id='block_1_64' title="bbox 1074 1034 1450 1063">
    <p class='ocr_par' dir='ltr' id='par_1_64' title="bbox 1074 1034 1450 1063">
     <span class='ocr_line' id='line_1_64' title="bbox 1074 1034 1450 1063; baseline -0.008 0"><span class='ocrx_word' id='word_1_404' title='bbox 1074 1043 1106 1063; x_wconf 81' lang='lat' dir='ltr'><strong>ex</strong></span> <span class='ocrx_word' id='word_1_405' title='bbox 1137 1035 1227 1062; x_wconf 83' lang='lat' dir='ltr'><strong>Patre.</strong></span> <span class='ocrx_word' id='word_1_406' title='bbox 1259 1034 1305 1061; x_wconf 78' lang='lat' dir='ltr'><strong>Sic</strong></span> <span class='ocrx_word' id='word_1_407' title='bbox 1329 1034 1401 1061; x_wconf 89' lang='lat' dir='ltr'><strong>enim</strong></span> <span class='ocrx_word' id='word_1_408' title='bbox 1423 1038 1450 1061; x_wconf 89' lang='lat' dir='ltr'><strong>et</strong></span> 
     </span>
    </p>
   </div>
   <div class='ocr_carea' id='block_1_65' title="bbox 1074 1079 1448 1115">
    <p class='ocr_par' dir='ltr' id='par_1_65' title="bbox 1074 1079 1448 1115">
     <span class='ocr_line' id='line_1_65' title="bbox 1074 1079 1448 1115; baseline -0.005 -7"><span class='ocrx_word' id='word_1_409' title='bbox 1074 1082 1130 1115; x_wconf 87' lang='lat' dir='ltr'><strong>ipsa</strong></span> <span class='ocrx_word' id='word_1_410' title='bbox 1145 1082 1178 1108; x_wconf 88' lang='lat' dir='ltr'><strong>de</strong></span> <span class='ocrx_word' id='word_1_411' title='bbox 1197 1088 1227 1108; x_wconf 88' lang='lat' dir='ltr'><strong>se</strong></span> <span class='ocrx_word' id='word_1_412' title='bbox 1249 1079 1386 1115; x_wconf 83' lang='lat' dir='ltr'><strong>Sapientia</strong></span> <span class='ocrx_word' id='word_1_413' title='bbox 1401 1087 1448 1114; x_wconf 91' lang='lat' dir='ltr'><strong>per</strong></span> 
     </span>
    </p>
   </div>
   <div class='ocr_carea' id='block_1_66' title="bbox 1074 1128 1448 1156">
    <p class='ocr_par' dir='ltr' id='par_1_66' title="bbox 1074 1128 1448 1156">
     <span class='ocr_line' id='line_1_66' title="bbox 1074 1128 1448 1156; baseline -0.008 0"><span class='ocrx_word' id='word_1_414' title='bbox 1074 1128 1245 1156; x_wconf 85' lang='lat' dir='ltr'><strong>Salomonem</strong></span> <span class='ocrx_word' id='word_1_415' title='bbox 1271 1128 1336 1155; x_wconf 88' lang='lat' dir='ltr'><strong>dicit</strong></span> <span class='ocrx_word' id='word_1_416' title='bbox 1354 1135 1362 1154; x_wconf 88' lang='lat'><strong>:</strong></span> <span class='ocrx_word' id='word_1_417' title='bbox 1383 1128 1448 1154; x_wconf 73' lang='lat' dir='ltr'><strong>Ante</strong></span> 
     </span>
    </p>
   </div>
   <div class='ocr_carea' id='block_1_67' title="bbox 1073 1174 1448 1209">
    <p class='ocr_par' dir='ltr' id='par_1_67' title="bbox 1073 1174 1448 1209">
     <span class='ocr_line' id='line_1_67' title="bbox 1073 1174 1448 1209; baseline -0.011 -6"><span class='ocrx_word' id='word_1_418' title='bbox 1073 1184 1159 1203; x_wconf 83' lang='lat' dir='ltr'><strong>omnes</strong></span> <span class='ocrx_word' id='word_1_419' title='bbox 1209 1174 1288 1201; x_wconf 76' lang='lat' dir='ltr'><strong>colles</strong></span> <span class='ocrx_word' id='word_1_420' title='bbox 1342 1178 1448 1209; x_wconf 79' lang='lat' dir='ltr'><strong>general</strong></span> 
     </span>
    </p>
   </div>
   <div class='ocr_carea' id='block_1_68' title="bbox 1072 1221 1447 1249">
    <p class='ocr_par' dir='ltr' id='par_1_68' title="bbox 1072 1221 1447 1249">
     <span class='ocr_line' id='line_1_68' title="bbox 1072 1221 1447 1249; baseline -0.005 0"><span class='ocrx_word' id='word_1_421' title='bbox 1072 1231 1112 1249; x_wconf 88' lang='lat' dir='ltr'><strong>me</strong></span> <span class='ocrx_word' id='word_1_422' title='bbox 1129 1222 1162 1249; x_wconf 81' lang='grc'><strong>“.</strong></span> <span class='ocrx_word' id='word_1_423' title='bbox 1179 1222 1236 1249; x_wconf 83' lang='grc' dir='ltr'><strong>Νοη</strong></span> <span class='ocrx_word' id='word_1_424' title='bbox 1257 1222 1329 1248; x_wconf 88' lang='lat' dir='ltr'><strong>enim</strong></span> <span class='ocrx_word' id='word_1_425' title='bbox 1355 1221 1423 1248; x_wconf 87' lang='lat' dir='ltr'><strong>dixit</strong></span> <span class='ocrx_word' id='word_1_426' title='bbox 1440 1229 1447 1247; x_wconf 87' lang='lat'><strong>:</strong></span> 
     </span>
    </p>
   </div>
   <div class='ocr_carea' id='block_1_69' title="bbox 1072 1268 1450 1302">
    <p class='ocr_par' dir='ltr' id='par_1_69' title="bbox 1072 1268 1450 1302">
     <span class='ocr_line' id='line_1_69' title="bbox 1072 1268 1450 1302; baseline -0.005 -6"><span class='ocrx_word' id='word_1_427' title='bbox 1072 1270 1139 1296; x_wconf 80' lang='lat' dir='ltr'><strong>Ante</strong></span> <span class='ocrx_word' id='word_1_428' title='bbox 1160 1277 1248 1296; x_wconf 85' lang='lat' dir='ltr'><strong>omnes</strong></span> <span class='ocrx_word' id='word_1_429' title='bbox 1261 1268 1342 1295; x_wconf 81' lang='lat' dir='ltr'><strong>colles</strong></span> <span class='ocrx_word' id='word_1_430' title='bbox 1358 1268 1450 1302; x_wconf 81' lang='lat' dir='ltr'><strong>genuit</strong></span> 
     </span>
    </p>
   </div>
   <div class='ocr_carea' id='block_1_70' title="bbox 1073 1314 1448 1350">
    <p class='ocr_par' dir='ltr' id='par_1_70' title="bbox 1073 1314 1448 1350">
     <span class='ocr_line' id='line_1_70' title="bbox 1073 1314 1448 1350; baseline -0.005 -7"><span class='ocrx_word' id='word_1_431' title='bbox 1073 1324 1125 1350; x_wconf 91' lang='lat' dir='ltr'><strong>me,</strong></span> <span class='ocrx_word' id='word_1_432' title='bbox 1147 1317 1206 1347; x_wconf 80' lang='lat' dir='ltr'><strong>sed.</strong></span> <span class='ocrx_word' id='word_1_433' title='bbox 1230 1321 1335 1350; x_wconf 83' lang='lat' dir='ltr'><strong>generat</strong></span> <span class='ocrx_word' id='word_1_434' title='bbox 1354 1323 1404 1342; x_wconf 86' lang='lat' dir='ltr'><strong>me.</strong></span> <span class='ocrx_word' id='word_1_435' title='bbox 1421 1314 1448 1341; x_wconf 93' lang='lat' dir='ltr'><strong>In</strong></span> 
     </span>
    </p>
   </div>
   <div class='ocr_carea' id='block_1_71' title="bbox 1071 1361 1451 1397">
    <p class='ocr_par' dir='ltr' id='par_1_71' title="bbox 1071 1361 1451 1397">
     <span class='ocr_line' id='line_1_71' title="bbox 1071 1361 1451 1397; baseline -0.005 -7"><span class='ocrx_word' id='word_1_436' title='bbox 1071 1370 1124 1397; x_wconf 91' lang='lat' dir='ltr'><strong>quo</strong></span> <span class='ocrx_word' id='word_1_437' title='bbox 1143 1362 1324 1397; x_wconf 78' lang='lat' dir='ltr'><strong>signiﬁcantia</strong></span> <span class='ocrx_word' id='word_1_438' title='bbox 1352 1361 1451 1389; x_wconf 76' lang='lat' dir='ltr'><strong>semei-</strong></span> 
     </span>
    </p>
   </div>
   <div class='ocr_carea' id='block_1_72' title="bbox 1072 1399 1355 1436">
    <p class='ocr_par' dir='ltr' id='par_1_72' title="bbox 1072 1399 1355 1436">
     <span class='ocr_line' id='line_1_72' title="bbox 1072 1399 1355 1436; baseline 0.004 -3"><span class='ocrx_word' id='word_1_439' title='bbox 1072 1408 1272 1436; x_wconf 85' lang='lat' dir='ltr'><strong>ternitatisest.</strong></span> <span class='ocrx_word' id='word_1_440' title='bbox 1297 1417 1306 1433; x_wconf 73' lang='grc' dir='ltr'><strong>ι</strong></span> <span class='ocrx_word' id='word_1_441' title='bbox 1352 1399 1355 1401; x_wconf 63' lang='grc'><em>’</em></span> 
     </span>
    </p>
   </div>
   <div class='ocr_carea' id='block_1_73' title="bbox 1529 331 1868 367">
    <p class='ocr_par' dir='ltr' id='par_1_73' title="bbox 1529 331 1868 367">
     <span class='ocr_line' id='line_1_73' title="bbox 1529 331 1868 367; baseline -0.003 -9"><span class='ocrx_word' id='word_1_442' title='bbox 1529 331 1584 367; x_wconf 75' lang='grc'><strong>(14)</strong></span> <span class='ocrx_word' id='word_1_443' title='bbox 1619 331 1733 367; x_wconf 82' lang='grc' dir='ltr'><strong>Ἴδωμεν</strong></span> <span class='ocrx_word' id='word_1_444' title='bbox 1769 331 1797 358; x_wconf 80' lang='grc' dir='ltr'><strong>δὲ</strong></span> <span class='ocrx_word' id='word_1_445' title='bbox 1828 332 1868 363; x_wconf 73' lang='grc' dir='ltr'><strong>τίς</strong></span> 
     </span>
    </p>
   </div>
   <div class='ocr_carea' id='block_1_74' title="bbox 1491 377 1867 413">
    <p class='ocr_par' dir='ltr' id='par_1_74' title="bbox 1491 377 1867 413">
     <span class='ocr_line' id='line_1_74' title="bbox 1491 377 1867 413; baseline -0.003 -9"><span class='ocrx_word' id='word_1_446' title='bbox 1491 377 1570 413; x_wconf 82' lang='grc' dir='ltr'>ἡμῶν</span> <span class='ocrx_word' id='word_1_447' title='bbox 1605 379 1679 404; x_wconf 72' lang='grc' dir='ltr'><strong>ἐστιν</strong></span> <span class='ocrx_word' id='word_1_448' title='bbox 1711 378 1726 403; x_wconf 80' lang='grc' dir='ltr'><strong>ὁ</strong></span> <span class='ocrx_word' id='word_1_449' title='bbox 1762 378 1867 413; x_wconf 82' lang='grc' dir='ltr'><strong>Σωτήρ.</strong></span> 
     </span>
    </p>
   </div>
   <div class='ocr_carea' id='block_1_75' title="bbox 1498 423 1870 459">
    <p class='ocr_par' dir='ltr' id='par_1_75' title="bbox 1498 423 1870 459">
     <span class='ocr_line' id='line_1_75' title="bbox 1498 423 1870 459; baseline 0 -9"><span class='ocrx_word' id='word_1_450' title='bbox 1498 425 1687 459; x_wconf 67' lang='grc' dir='ltr'><strong>Ἀπαύγασμα</strong></span> <span class='ocrx_word' id='word_1_451' title='bbox 1710 423 1813 456; x_wconf 75' lang='grc' dir='ltr'><strong>δόξης.</strong></span> <span class='ocrx_word' id='word_1_452' title='bbox 1834 425 1870 450; x_wconf 73' lang='grc' dir='ltr'><strong>Τὸ</strong></span> 
     </span>
    </p>
   </div>
   <div class='ocr_carea' id='block_1_76' title="bbox 1497 469 1869 504">
    <p class='ocr_par' dir='ltr' id='par_1_76' title="bbox 1497 469 1869 504">
     <span class='ocr_line' id='line_1_76' title="bbox 1497 469 1869 504; baseline -0.005 -6"><span class='ocrx_word' id='word_1_453' title='bbox 1497 471 1687 504; x_wconf 73' lang='grc' dir='ltr'><strong>Ὰπαύτασμα</strong></span> <span class='ocrx_word' id='word_1_454' title='bbox 1700 469 1758 503; x_wconf 81' lang='grc' dir='ltr'><strong>τῆς</strong></span> <span class='ocrx_word' id='word_1_455' title='bbox 1777 470 1869 502; x_wconf 79' lang='grc' dir='ltr'><em>δόξης</em></span> 
     </span>
    </p>
   </div>
   <div class='ocr_carea' id='block_1_77' title="bbox 1489 517 1868 552">
    <p class='ocr_par' dir='ltr' id='par_1_77' title="bbox 1489 517 1868 552">
     <span class='ocr_line' id='line_1_77' title="bbox 1489 517 1868 552; baseline 0.003 -9"><span class='ocrx_word' id='word_1_456' title='bbox 1489 517 1549 552; x_wconf 76' lang='grc' dir='ltr'>οὐχὶ</span> <span class='ocrx_word' id='word_1_457' title='bbox 1584 517 1655 550; x_wconf 68' lang='grc' dir='ltr'><strong>ἅπαξ</strong></span> <span class='ocrx_word' id='word_1_458' title='bbox 1695 517 1868 552; x_wconf 69' lang='grc' dir='ltr'><strong>γεγέννηται,</strong></span> 
     </span>
    </p>
   </div>
   <div class='ocr_carea' id='block_1_78' title="bbox 1489 564 1870 600">
    <p class='ocr_par' dir='ltr' id='par_1_78' title="bbox 1489 564 1870 600">
     <span class='ocr_line' id='line_1_78' title="bbox 1489 564 1870 600; baseline 0.003 -10"><span class='ocrx_word' id='word_1_459' title='bbox 1489 565 1537 591; x_wconf 79' lang='grc' dir='ltr'><strong>καὶ</strong></span> <span class='ocrx_word' id='word_1_460' title='bbox 1555 565 1614 600; x_wconf 73' lang='grc' dir='ltr'><strong>οὐχὶ</strong></span> <span class='ocrx_word' id='word_1_461' title='bbox 1632 566 1762 598; x_wconf 75' lang='grc' dir='ltr'><strong>γεννᾶται</strong></span> <span class='ocrx_word' id='word_1_462' title='bbox 1773 573 1780 579; x_wconf 94' lang='grc'><strong>·</strong></span> <span class='ocrx_word' id='word_1_463' title='bbox 1803 564 1870 591; x_wconf 74' lang='grc' dir='ltr'><strong>ἀλλὰ</strong></span> 
     </span>
    </p>
   </div>
   <div class='ocr_carea' id='block_1_79' title="bbox 1490 611 1868 646">
    <p class='ocr_par' dir='ltr' id='par_1_79' title="bbox 1490 611 1868 646">
     <span class='ocr_line' id='line_1_79' title="bbox 1490 611 1868 646; baseline 0 -9"><span class='ocrx_word' id='word_1_464' title='bbox 1490 611 1551 638; x_wconf 75' lang='grc' dir='ltr'><strong>ὅσον</strong></span> <span class='ocrx_word' id='word_1_465' title='bbox 1565 612 1623 638; x_wconf 72' lang='grc' dir='ltr'>ἐστὶ</span> <span class='ocrx_word' id='word_1_466' title='bbox 1639 611 1669 637; x_wconf 77' lang='grc' dir='ltr'><strong>τὸ</strong></span> <span class='ocrx_word' id='word_1_467' title='bbox 1684 611 1743 646; x_wconf 72' lang='grc' dir='ltr'><strong>φῶς</strong></span> <span class='ocrx_word' id='word_1_468' title='bbox 1763 619 1868 645; x_wconf 78' lang='grc' dir='ltr'><strong>ποιητι-</strong></span> 
     </span>
    </p>
   </div>
   <div class='ocr_carea' id='block_1_80' title="bbox 1489 657 1868 693">
    <p class='ocr_par' dir='ltr' id='par_1_80' title="bbox 1489 657 1868 693">
     <span class='ocr_line' id='line_1_80' title="bbox 1489 657 1868 693; baseline -0.003 -9"><span class='ocrx_word' id='word_1_469' title='bbox 1489 657 1536 684; x_wconf 77' lang='grc' dir='ltr'><strong>κὸν</strong></span> <span class='ocrx_word' id='word_1_470' title='bbox 1561 657 1607 684; x_wconf 79' lang='grc' dir='ltr'><strong>τοῦ</strong></span> <span class='ocrx_word' id='word_1_471' title='bbox 1639 657 1868 693; x_wconf 70' lang='grc' dir='ltr'><strong>ἀπαυγάσματος,</strong></span> 
     </span>
    </p>
   </div>
   <div class='ocr_carea' id='block_1_81' title="bbox 1489 704 1869 739">
    <p class='ocr_par' dir='ltr' id='par_1_81' title="bbox 1489 704 1869 739">
     <span class='ocr_line' id='line_1_81' title="bbox 1489 704 1869 739; baseline -0.003 -8"><span class='ocrx_word' id='word_1_472' title='bbox 1489 705 1536 731; x_wconf 71' lang='grc' dir='ltr'>ἐπὶ</span> <span class='ocrx_word' id='word_1_473' title='bbox 1550 704 1676 731; x_wconf 81' lang='grc' dir='ltr'><strong>τοσοῦτον</strong></span> <span class='ocrx_word' id='word_1_474' title='bbox 1698 705 1826 739; x_wconf 79' lang='grc' dir='ltr'><strong>γεννᾶται</strong></span> <span class='ocrx_word' id='word_1_475' title='bbox 1841 705 1869 730; x_wconf 65' lang='grc' dir='ltr'>τὺ</span> 
     </span>
    </p>
   </div>
   <div class='ocr_carea' id='block_1_82' title="bbox 1488 750 1869 786">
    <p class='ocr_par' dir='ltr' id='par_1_82' title="bbox 1488 750 1869 786">
     <span class='ocr_line' id='line_1_82' title="bbox 1488 750 1869 786; baseline -0.003 -9"><span class='ocrx_word' id='word_1_476' title='bbox 1488 750 1658 786; x_wconf 70' lang='grc' dir='ltr'><strong>ἀπαύγασμα</strong></span> <span class='ocrx_word' id='word_1_477' title='bbox 1668 751 1718 785; x_wconf 74' lang='grc' dir='ltr'><strong>τῆς</strong></span> <span class='ocrx_word' id='word_1_478' title='bbox 1728 751 1809 785; x_wconf 72' lang='grc' dir='ltr'><strong>δόξης</strong></span> <span class='ocrx_word' id='word_1_479' title='bbox 1822 750 1869 776; x_wconf 61' lang='grc' dir='ltr'><strong>τσῦ</strong></span> 
     </span>
    </p>
   </div>
   <div class='ocr_carea' id='block_1_83' title="bbox 1489 796 1869 832">
    <p class='ocr_par' dir='ltr' id='par_1_83' title="bbox 1489 796 1869 832">
     <span class='ocr_line' id='line_1_83' title="bbox 1489 796 1869 832; baseline 0 -10"><span class='ocrx_word' id='word_1_480' title='bbox 1489 796 1566 822; x_wconf 80' lang='grc' dir='ltr'>Θεοῦ.</span> <span class='ocrx_word' id='word_1_481' title='bbox 1588 796 1616 822; x_wconf 89' lang='lat'><strong>&#39;0</strong></span> <span class='ocrx_word' id='word_1_482' title='bbox 1628 797 1722 831; x_wconf 86' lang='grc' dir='ltr'><strong>Σωτὴρ</strong></span> <span class='ocrx_word' id='word_1_483' title='bbox 1734 796 1814 832; x_wconf 82' lang='grc' dir='ltr'>ἡμῶν</span> <span class='ocrx_word' id='word_1_484' title='bbox 1826 797 1869 822; x_wconf 81' lang='grc' dir='ltr'><strong>Σο-</strong></span> 
     </span>
    </p>
   </div>
   <div class='ocr_carea' id='block_1_84' title="bbox 1488 843 1868 877">
    <p class='ocr_par' dir='ltr' id='par_1_84' title="bbox 1488 843 1868 877">
     <span class='ocr_line' id='line_1_84' title="bbox 1488 843 1868 877; baseline 0.003 -8"><span class='ocrx_word' id='word_1_485' title='bbox 1488 843 1536 877; x_wconf 76' lang='grc' dir='ltr'><strong>φία</strong></span> <span class='ocrx_word' id='word_1_486' title='bbox 1553 843 1610 870; x_wconf 73' lang='grc' dir='ltr'><strong>ἐστὶ</strong></span> <span class='ocrx_word' id='word_1_487' title='bbox 1623 844 1670 869; x_wconf 81' lang='grc' dir='ltr'><strong>τοῦ</strong></span> <span class='ocrx_word' id='word_1_488' title='bbox 1685 843 1766 869; x_wconf 79' lang='grc' dir='ltr'>Θεοῦ.</span> <span class='ocrx_word' id='word_1_489' title='bbox 1790 844 1868 870; x_wconf 82' lang='grc' dir='ltr'><strong>Ἔστι</strong></span> 
     </span>
    </p>
   </div>
   <div class='ocr_carea' id='block_1_85' title="bbox 1486 890 1869 926">
    <p class='ocr_par' dir='ltr' id='par_1_85' title="bbox 1486 890 1869 926">
     <span class='ocr_line' id='line_1_85' title="bbox 1486 890 1869 926; baseline 0 -10"><span class='ocrx_word' id='word_1_490' title='bbox 1486 890 1514 916; x_wconf 84' lang='grc' dir='ltr'><strong>δὲ</strong></span> <span class='ocrx_word' id='word_1_491' title='bbox 1540 891 1556 926; x_wconf 90' lang='grc' dir='ltr'>ἡ</span> <span class='ocrx_word' id='word_1_492' title='bbox 1586 890 1670 924; x_wconf 76' lang='grc' dir='ltr'>Σοφία</span> <span class='ocrx_word' id='word_1_493' title='bbox 1695 890 1869 926; x_wconf 68' lang='grc' dir='ltr'><strong>ἀπαύγασμα</strong></span> 
     </span>
    </p>
   </div>
   <div class='ocr_carea' id='block_1_86' title="bbox 1485 934 1868 970">
    <p class='ocr_par' dir='ltr' id='par_1_86' title="bbox 1485 934 1868 970">
     <span class='ocr_line' id='line_1_86' title="bbox 1485 934 1868 970; baseline 0.005 -9"><span class='ocrx_word' id='word_1_494' title='bbox 1485 935 1571 970; x_wconf 72' lang='grc' dir='ltr'><strong>φωτὸς</strong></span> <span class='ocrx_word' id='word_1_495' title='bbox 1580 936 1675 962; x_wconf 72' lang='grc' dir='ltr'><strong>ἀῐδίηυ.</strong></span> <span class='ocrx_word' id='word_1_496' title='bbox 1687 937 1719 962; x_wconf 84' lang='grc' dir='ltr'><strong>Εἰ</strong></span> <span class='ocrx_word' id='word_1_497' title='bbox 1733 934 1780 963; x_wconf 76' lang='grc' dir='ltr'><strong>οὖν</strong></span> <span class='ocrx_word' id='word_1_498' title='bbox 1787 937 1802 963; x_wconf 80' lang='grc' dir='ltr'>ὁ</span> <span class='ocrx_word' id='word_1_499' title='bbox 1812 937 1868 962; x_wconf 68' lang='grc' dir='ltr'><strong>Σωσ</strong></span> 
     </span>
    </p>
   </div>
   <div class='ocr_carea' id='block_1_87' title="bbox 1484 984 1869 1019">
    <p class='ocr_par' dir='ltr' id='par_1_87' title="bbox 1484 984 1869 1019">
     <span class='ocr_line' id='line_1_87' title="bbox 1484 984 1869 1019; baseline 0.003 -9"><span class='ocrx_word' id='word_1_500' title='bbox 1484 984 1536 1019; x_wconf 77' lang='grc' dir='ltr'><strong>τὴρ</strong></span> <span class='ocrx_word' id='word_1_501' title='bbox 1551 984 1594 1010; x_wconf 78' lang='grc' dir='ltr'><strong>ἀεὶ</strong></span> <span class='ocrx_word' id='word_1_502' title='bbox 1611 985 1750 1018; x_wconf 77' lang='grc' dir='ltr'><strong>γεννᾶται,</strong></span> <span class='ocrx_word' id='word_1_503' title='bbox 1764 985 1811 1010; x_wconf 75' lang='grc' dir='ltr'><strong>καὶ</strong></span> <span class='ocrx_word' id='word_1_504' title='bbox 1826 985 1869 1011; x_wconf 78' lang='grc' dir='ltr'><strong>διὰ</strong></span> 
     </span>
    </p>
   </div>
   <div class='ocr_carea' id='block_1_88' title="bbox 1486 1029 1867 1064">
    <p class='ocr_par' dir='ltr' id='par_1_88' title="bbox 1486 1029 1867 1064">
     <span class='ocr_line' id='line_1_88' title="bbox 1486 1029 1867 1064; baseline 0.003 -8"><span class='ocrx_word' id='word_1_505' title='bbox 1486 1029 1565 1056; x_wconf 81' lang='grc' dir='ltr'><strong>τοῦτο</strong></span> <span class='ocrx_word' id='word_1_506' title='bbox 1576 1029 1663 1064; x_wconf 81' lang='grc' dir='ltr'><strong>λέγει·</strong></span> <span class='ocrx_word' id='word_1_507' title='bbox 1678 1030 1738 1064; x_wconf 81' lang='grc' dir='ltr'><strong>Πρὸ</strong></span> <span class='ocrx_word' id='word_1_508' title='bbox 1751 1030 1786 1056; x_wconf 83' lang='grc' dir='ltr'><strong>δὲ</strong></span> <span class='ocrx_word' id='word_1_509' title='bbox 1799 1031 1867 1057; x_wconf 67' lang='grc' dir='ltr'><strong>πάνυ</strong></span> 
     </span>
    </p>
   </div>
   <div class='ocr_carea' id='block_1_89' title="bbox 1484 1077 1868 1113">
    <p class='ocr_par' dir='ltr' id='par_1_89' title="bbox 1484 1077 1868 1113">
     <span class='ocr_line' id='line_1_89' title="bbox 1484 1077 1868 1113; baseline 0.003 -9"><span class='ocrx_word' id='word_1_510' title='bbox 1484 1086 1544 1104; x_wconf 81' lang='grc' dir='ltr'><strong>των</strong></span> <span class='ocrx_word' id='word_1_511' title='bbox 1560 1078 1683 1110; x_wconf 68' lang='grc' dir='ltr'><strong>,ϐουνών</strong></span> <span class='ocrx_word' id='word_1_512' title='bbox 1707 1077 1801 1113; x_wconf 69' lang='grc' dir='ltr'><em>γεννᾷ</em></span> <span class='ocrx_word' id='word_1_513' title='bbox 1819 1088 1868 1113; x_wconf 75' lang='grc' dir='ltr'><strong>με’</strong></span> 
     </span>
    </p>
   </div>
   <div class='ocr_carea' id='block_1_90' title="bbox 1484 1125 1869 1160">
    <p class='ocr_par' dir='ltr' id='par_1_90' title="bbox 1484 1125 1869 1160">
     <span class='ocr_line' id='line_1_90' title="bbox 1484 1125 1869 1160; baseline 0.003 -8"><span class='ocrx_word' id='word_1_514' title='bbox 1484 1125 1544 1160; x_wconf 80' lang='grc' dir='ltr'><strong>οὐχὶ</strong></span> <span class='ocrx_word' id='word_1_515' title='bbox 1560 1125 1597 1152; x_wconf 79' lang='grc' dir='ltr'><strong>δέ·</strong></span> <span class='ocrx_word' id='word_1_516' title='bbox 1615 1125 1674 1160; x_wconf 82' lang='grc' dir='ltr'><strong>Πρύ</strong></span> <span class='ocrx_word' id='word_1_517' title='bbox 1692 1125 1721 1152; x_wconf 82' lang='grc' dir='ltr'><strong>δὲ</strong></span> <span class='ocrx_word' id='word_1_518' title='bbox 1746 1125 1869 1153; x_wconf 73' lang='grc' dir='ltr'><em>πάντων</em></span> 
     </span>
    </p>
   </div>
   <div class='ocr_carea' id='block_1_91' title="bbox 1482 1171 1868 1207">
    <p class='ocr_par' dir='ltr' id='par_1_91' title="bbox 1482 1171 1868 1207">
     <span class='ocr_line' id='line_1_91' title="bbox 1482 1171 1868 1207; baseline 0.003 -9"><span class='ocrx_word' id='word_1_519' title='bbox 1482 1171 1605 1204; x_wconf 73' lang='grc' dir='ltr'><strong>,βουνῶν</strong></span> <span class='ocrx_word' id='word_1_520' title='bbox 1628 1171 1790 1207; x_wconf 64' lang='grc' dir='ltr'><strong>γεγένὟηκέ</strong></span> <span class='ocrx_word' id='word_1_521' title='bbox 1820 1181 1868 1206; x_wconf 78' lang='grc' dir='ltr'><strong>με,</strong></span> 
     </span>
    </p>
   </div>
   <div class='ocr_carea' id='block_1_92' title="bbox 1488 1217 1868 1252">
    <p class='ocr_par' dir='ltr' id='par_1_92' title="bbox 1488 1217 1868 1252">
     <span class='ocr_line' id='line_1_92' title="bbox 1488 1217 1868 1252; baseline -0.003 -8"><span class='ocrx_word' id='word_1_522' title='bbox 1488 1217 1566 1250; x_wconf 78' lang='grc' dir='ltr'><strong>ἀλλὰ,</strong></span> <span class='ocrx_word' id='word_1_523' title='bbox 1583 1217 1639 1252; x_wconf 78' lang='grc' dir='ltr'><strong>πρὸ</strong></span> <span class='ocrx_word' id='word_1_524' title='bbox 1657 1217 1778 1244; x_wconf 74' lang='grc' dir='ltr'><em>πάντων</em></span> <span class='ocrx_word' id='word_1_525' title='bbox 1792 1217 1868 1249; x_wconf 74' lang='grc' dir='ltr'><strong>,ϐον-</strong></span> 
     </span>
    </p>
   </div>
   <div class='ocr_carea' id='block_1_93' title="bbox 1484 1262 1868 1298">
    <p class='ocr_par' dir='ltr' id='par_1_93' title="bbox 1484 1262 1868 1298">
     <span class='ocr_line' id='line_1_93' title="bbox 1484 1262 1868 1298; baseline -0.005 -7"><span class='ocrx_word' id='word_1_526' title='bbox 1484 1263 1546 1291; x_wconf 78' lang='grc' dir='ltr'>νῶν</span> <span class='ocrx_word' id='word_1_527' title='bbox 1567 1262 1660 1298; x_wconf 67' lang='grc' dir='ltr'>γεννᾷ</span> <span class='ocrx_word' id='word_1_528' title='bbox 1683 1272 1729 1297; x_wconf 84' lang='grc' dir='ltr'><strong>με,</strong></span> <span class='ocrx_word' id='word_1_529' title='bbox 1752 1263 1799 1290; x_wconf 67' lang='grc' dir='ltr'><strong>καὶ</strong></span> <span class='ocrx_word' id='word_1_530' title='bbox 1824 1262 1868 1289; x_wconf 80' lang='grc' dir='ltr'><strong>ἀεὶ</strong></span> 
     </span>
    </p>
   </div>
   <div class='ocr_carea' id='block_1_94' title="bbox 1485 1310 1868 1346">
    <p class='ocr_par' dir='ltr' id='par_1_94' title="bbox 1485 1310 1868 1346">
     <span class='ocr_line' id='line_1_94' title="bbox 1485 1310 1868 1346; baseline -0.005 -8"><span class='ocrx_word' id='word_1_531' title='bbox 1485 1312 1613 1346; x_wconf 77' lang='grc' dir='ltr'><strong>γεννᾶται</strong></span> <span class='ocrx_word' id='word_1_532' title='bbox 1646 1312 1660 1337; x_wconf 79' lang='grc' dir='ltr'>ὁ</span> <span class='ocrx_word' id='word_1_533' title='bbox 1686 1310 1783 1346; x_wconf 70' lang='grc' dir='ltr'><strong>Σωτὴρ</strong></span> <span class='ocrx_word' id='word_1_534' title='bbox 1816 1310 1868 1337; x_wconf 76' lang='grc' dir='ltr'><strong>ὑπὸ</strong></span> 
     </span>
    </p>
   </div>
   <div class='ocr_carea' id='block_1_95' title="bbox 1485 1357 1734 1393">
    <p class='ocr_par' dir='ltr' id='par_1_95' title="bbox 1485 1357 1734 1393">
     <span class='ocr_line' id='line_1_95' title="bbox 1485 1357 1734 1393; baseline -0.008 -7"><span class='ocrx_word' id='word_1_535' title='bbox 1485 1357 1532 1386; x_wconf 78' lang='grc' dir='ltr'><strong>τδῦ</strong></span> <span class='ocrx_word' id='word_1_536' title='bbox 1549 1357 1666 1393; x_wconf 80' lang='grc' dir='ltr'><strong>Πατρός,</strong></span> <span class='ocrx_word' id='word_1_537' title='bbox 1681 1362 1734 1385; x_wconf 88' lang='lat' dir='ltr'><strong>etc.</strong></span> 
     </span>
    </p>
   </div>
   <div class='ocr_carea' id='block_1_96' title="bbox 1353 1461 1577 1490">
    <p class='ocr_par' dir='ltr' id='par_1_96' title="bbox 1353 1461 1577 1490">
     <span class='ocr_line' id='line_1_96' title="bbox 1353 1461 1577 1490; baseline 0.004 -1"><span class='ocrx_word' id='word_1_538' title='bbox 1353 1461 1480 1490; x_wconf 72' lang='lat' dir='ltr'><strong>INTBRI‘R.</strong></span> <span class='ocrx_word' id='word_1_539' title='bbox 1498 1469 1577 1490; x_wconf 71' lang='lat' dir='ltr'><strong>nova.</strong></span> 
     </span>
    </p>
   </div>
   <div class='ocr_carea' id='block_1_97' title="bbox 1113 1507 1868 1543">
    <p class='ocr_par' dir='ltr' id='par_1_97' title="bbox 1113 1507 1868 1543">
     <span class='ocr_line' id='line_1_97' title="bbox 1113 1507 1868 1543; baseline -0.001 -7"><span class='ocrx_word' id='word_1_540' title='bbox 1113 1509 1256 1536; x_wconf 72' lang='lat' dir='ltr'><strong>Videamus</strong></span> <span class='ocrx_word' id='word_1_541' title='bbox 1272 1513 1359 1535; x_wconf 83' lang='lat' dir='ltr'><strong>autem</strong></span> <span class='ocrx_word' id='word_1_542' title='bbox 1380 1509 1438 1543; x_wconf 81' lang='lat' dir='ltr'><strong>quis</strong></span> <span class='ocrx_word' id='word_1_543' title='bbox 1458 1510 1491 1536; x_wconf 82' lang='lat' dir='ltr'><strong>sit</strong></span> <span class='ocrx_word' id='word_1_544' title='bbox 1518 1508 1640 1536; x_wconf 82' lang='lat' dir='ltr'><strong>Saluator</strong></span> <span class='ocrx_word' id='word_1_545' title='bbox 1657 1514 1755 1535; x_wconf 73' lang='lat' dir='ltr'><strong>noster.</strong></span> <span class='ocrx_word' id='word_1_546' title='bbox 1771 1507 1868 1541; x_wconf 66' lang='lat' dir='ltr'><strong>Splen-</strong></span> 
     </span>
    </p>
   </div>
   <div class='ocr_carea' id='block_1_98' title="bbox 1036 1541 1867 1579">
    <p class='ocr_par' dir='ltr' id='par_1_98' title="bbox 1036 1541 1867 1579">
     <span class='ocr_line' id='line_1_98' title="bbox 1036 1541 1867 1579; baseline 0 -9"><span class='ocrx_word' id='word_1_547' title='bbox 1036 1541 1057 1571; x_wconf 88' lang='lat' dir='ltr'><strong><em>C</em></strong></span> <span class='ocrx_word' id='word_1_548' title='bbox 1075 1544 1124 1571; x_wconf 84' lang='lat' dir='ltr'><strong>dor</strong></span> <span class='ocrx_word' id='word_1_549' title='bbox 1139 1550 1175 1571; x_wconf 83' lang='lat' dir='ltr'><strong>est</strong></span> <span class='ocrx_word' id='word_1_550' title='bbox 1195 1545 1297 1578; x_wconf 77' lang='lat' dir='ltr'><strong>gloria&#39;.</strong></span> <span class='ocrx_word' id='word_1_551' title='bbox 1312 1541 1445 1576; x_wconf 82' lang='lat' dir='ltr'><strong>Splendor</strong></span> <span class='ocrx_word' id='word_1_552' title='bbox 1459 1544 1552 1579; x_wconf 76' lang='lat' dir='ltr'><strong>gloria:</strong></span> <span class='ocrx_word' id='word_1_553' title='bbox 1571 1553 1622 1570; x_wconf 87' lang='lat' dir='ltr'><strong>non</strong></span> <span class='ocrx_word' id='word_1_554' title='bbox 1639 1545 1720 1571; x_wconf 83' lang='lat' dir='ltr'><strong>semel</strong></span> <span class='ocrx_word' id='word_1_555' title='bbox 1736 1545 1867 1574; x_wconf 72' lang='lat' dir='ltr'><strong>nascitur,</strong></span> 
     </span>
    </p>
   </div>
   <div class='ocr_carea' id='block_1_99' title="bbox 1076 1579 1868 1612">
    <p class='ocr_par' dir='ltr' id='par_1_99' title="bbox 1076 1579 1868 1612">
     <span class='ocr_line' id='line_1_99' title="bbox 1076 1579 1868 1612; baseline -0.003 -5"><span class='ocrx_word' id='word_1_556' title='bbox 1076 1584 1100 1607; x_wconf 89' lang='lat' dir='ltr'><strong>et</strong></span> <span class='ocrx_word' id='word_1_557' title='bbox 1119 1580 1238 1612; x_wconf 76' lang='lat' dir='ltr'><strong>deinceps</strong></span> <span class='ocrx_word' id='word_1_558' title='bbox 1262 1580 1334 1606; x_wconf 84' lang='lat' dir='ltr'><strong>nasci</strong></span> <span class='ocrx_word' id='word_1_559' title='bbox 1351 1579 1446 1605; x_wconf 77' lang='lat' dir='ltr'><strong>desinit</strong></span> <span class='ocrx_word' id='word_1_560' title='bbox 1461 1588 1471 1606; x_wconf 85' lang='lat'><em>:</em></span> <span class='ocrx_word' id='word_1_561' title='bbox 1487 1581 1532 1606; x_wconf 82' lang='lat' dir='ltr'><strong>sed</strong></span> <span class='ocrx_word' id='word_1_562' title='bbox 1551 1580 1670 1610; x_wconf 83' lang='lat' dir='ltr'><strong>quandiu</strong></span> <span class='ocrx_word' id='word_1_563' title='bbox 1693 1580 1797 1606; x_wconf 69' lang='lat' dir='ltr'><strong>exsistit</strong></span> <span class='ocrx_word' id='word_1_564' title='bbox 1820 1580 1868 1605; x_wconf 69' lang='lat' dir='ltr'><strong>lu):</strong></span> 
     </span>
    </p>
   </div>
   <div class='ocr_carea' id='block_1_100' title="bbox 1076 1614 1867 1650">
    <p class='ocr_par' dir='ltr' id='par_1_100' title="bbox 1076 1614 1867 1650">
     <span class='ocr_line' id='line_1_100' title="bbox 1076 1614 1867 1650; baseline -0.001 -9"><span class='ocrx_word' id='word_1_565' title='bbox 1076 1615 1185 1650; x_wconf 71' lang='lat' dir='ltr'><strong>efﬁciens</strong></span> <span class='ocrx_word' id='word_1_566' title='bbox 1201 1614 1357 1646; x_wconf 67' lang='lat' dir='ltr'><strong>splendoris.</strong></span> <span class='ocrx_word' id='word_1_567' title='bbox 1378 1615 1471 1641; x_wconf 81' lang='lat' dir='ltr'><strong>tundiu</strong></span> <span class='ocrx_word' id='word_1_568' title='bbox 1488 1615 1608 1650; x_wconf 77' lang='lat' dir='ltr'><strong>gignitur</strong></span> <span class='ocrx_word' id='word_1_569' title='bbox 1633 1614 1758 1650; x_wconf 76' lang='lat' dir='ltr'><strong>splendor</strong></span> <span class='ocrx_word' id='word_1_570' title='bbox 1772 1615 1867 1648; x_wconf 74' lang='lat' dir='ltr'><strong>gloritr</strong></span> 
     </span>
    </p>
   </div>
   <div class='ocr_carea' id='block_1_101' title="bbox 1076 1649 1868 1684">
    <p class='ocr_par' dir='ltr' id='par_1_101' title="bbox 1076 1649 1868 1684">
     <span class='ocr_line' id='line_1_101' title="bbox 1076 1649 1868 1684; baseline -0.003 -8"><span class='ocrx_word' id='word_1_571' title='bbox 1076 1649 1135 1676; x_wconf 79' lang='lat' dir='ltr'><strong>Dei.</strong></span> <span class='ocrx_word' id='word_1_572' title='bbox 1157 1649 1280 1676; x_wconf 81' lang='lat' dir='ltr'><strong>Salvator</strong></span> <span class='ocrx_word' id='word_1_573' title='bbox 1309 1653 1397 1676; x_wconf 85' lang='lat' dir='ltr'><strong>noster</strong></span> <span class='ocrx_word' id='word_1_574' title='bbox 1417 1654 1455 1676; x_wconf 88' lang='lat' dir='ltr'><strong>est</strong></span> <span class='ocrx_word' id='word_1_575' title='bbox 1482 1649 1616 1683; x_wconf 81' lang='lat' dir='ltr'><strong>Sapientia</strong></span> <span class='ocrx_word' id='word_1_576' title='bbox 1642 1649 1699 1676; x_wconf 83' lang='lat' dir='ltr'><strong>Dei.</strong></span> <span class='ocrx_word' id='word_1_577' title='bbox 1727 1649 1868 1684; x_wconf 78' lang='lat' dir='ltr'><strong>Sapientia</strong></span> 
     </span>
    </p>
   </div>
   <div class='ocr_carea' id='block_1_102' title="bbox 1078 1684 1869 1718">
    <p class='ocr_par' dir='ltr' id='par_1_102' title="bbox 1078 1684 1869 1718">
     <span class='ocr_line' id='line_1_102' title="bbox 1078 1684 1869 1718; baseline -0.005 -6"><span class='ocrx_word' id='word_1_578' title='bbox 1078 1693 1136 1712; x_wconf 78' lang='lat' dir='ltr'><strong>t&#39;ero</strong></span> <span class='ocrx_word' id='word_1_579' title='bbox 1156 1684 1279 1716; x_wconf 83' lang='lat' dir='ltr'><strong>splendor</strong></span> <span class='ocrx_word' id='word_1_580' title='bbox 1307 1690 1343 1711; x_wconf 77' lang='lat' dir='ltr'><strong>est</strong></span> <span class='ocrx_word' id='word_1_581' title='bbox 1367 1684 1432 1710; x_wconf 88' lang='lat' dir='ltr'><strong>lucis</strong></span> <span class='ocrx_word' id='word_1_582' title='bbox 1459 1690 1573 1712; x_wconf 61' lang='grc' dir='ltr'><strong>αξιοι-ηαξ.</strong></span> <span class='ocrx_word' id='word_1_583' title='bbox 1604 1684 1633 1711; x_wconf 88' lang='lat' dir='ltr'><strong>Si</strong></span> <span class='ocrx_word' id='word_1_584' title='bbox 1654 1693 1715 1718; x_wconf 84' lang='lat' dir='ltr'><strong>ergo</strong></span> <span class='ocrx_word' id='word_1_585' title='bbox 1745 1684 1869 1712; x_wconf 73' lang='lat' dir='ltr'><strong>Saluator</strong></span> 
     </span>
    </p>
   </div>
   <div class='ocr_carea' id='block_1_103' title="bbox 1076 1719 1867 1754">
    <p class='ocr_par' dir='ltr' id='par_1_103' title="bbox 1076 1719 1867 1754">
     <span class='ocr_line' id='line_1_103' title="bbox 1076 1719 1867 1754; baseline 0.001 -9"><span class='ocrx_word' id='word_1_586' title='bbox 1076 1727 1177 1754; x_wconf 78' lang='lat' dir='ltr'><strong>semper</strong></span> <span class='ocrx_word' id='word_1_587' title='bbox 1199 1719 1326 1754; x_wconf 81' lang='lat' dir='ltr'><strong>gignitur,</strong></span> <span class='ocrx_word' id='word_1_588' title='bbox 1351 1724 1374 1746; x_wconf 82' lang='lat' dir='ltr'><strong>et</strong></span> <span class='ocrx_word' id='word_1_589' title='bbox 1395 1725 1498 1753; x_wconf 81' lang='lat' dir='ltr'><strong>propter</strong></span> <span class='ocrx_word' id='word_1_590' title='bbox 1516 1720 1563 1746; x_wconf 77' lang='lat' dir='ltr'><strong>hoc</strong></span> <span class='ocrx_word' id='word_1_591' title='bbox 1585 1720 1671 1746; x_wconf 87' lang='lat' dir='ltr'><strong>dicit:</strong></span> <span class='ocrx_word' id='word_1_592' title='bbox 1686 1721 1756 1746; x_wconf 85' lang='lat' dir='ltr'><strong>Ante</strong></span> <span class='ocrx_word' id='word_1_593' title='bbox 1769 1727 1867 1746; x_wconf 73' lang='lat' dir='ltr'><strong>omnes</strong></span> 
     </span>
    </p>
   </div>
   <div class='ocr_carea' id='block_1_104' title="bbox 1075 1755 1866 1789">
    <p class='ocr_par' dir='ltr' id='par_1_104' title="bbox 1075 1755 1866 1789">
     <span class='ocr_line' id='line_1_104' title="bbox 1075 1755 1866 1789; baseline -0.001 -7"><span class='ocrx_word' id='word_1_594' title='bbox 1075 1755 1158 1782; x_wconf 82' lang='lat' dir='ltr'><strong>colles</strong></span> <span class='ocrx_word' id='word_1_595' title='bbox 1184 1760 1295 1789; x_wconf 80' lang='lat' dir='ltr'><strong>generat</strong></span> <span class='ocrx_word' id='word_1_596' title='bbox 1315 1763 1379 1782; x_wconf 90' lang='lat' dir='ltr'><strong>me:</strong></span> <span class='ocrx_word' id='word_1_597' title='bbox 1404 1762 1455 1781; x_wconf 86' lang='lat' dir='ltr'><strong>non</strong></span> <span class='ocrx_word' id='word_1_598' title='bbox 1471 1763 1554 1781; x_wconf 76' lang='lat' dir='ltr'><strong>vero:</strong></span> <span class='ocrx_word' id='word_1_599' title='bbox 1583 1755 1653 1782; x_wconf 83' lang='lat' dir='ltr'><strong>Ante</strong></span> <span class='ocrx_word' id='word_1_600' title='bbox 1679 1762 1775 1782; x_wconf 87' lang='lat' dir='ltr'><strong>onmes</strong></span> <span class='ocrx_word' id='word_1_601' title='bbox 1805 1755 1866 1782; x_wconf 91' lang='lat' dir='ltr'><strong>col-</strong></span> 
     </span>
    </p>
   </div>
   <div class='ocr_carea' id='block_1_105' title="bbox 1077 1789 1865 1824">
    <p class='ocr_par' dir='ltr' id='par_1_105' title="bbox 1077 1789 1865 1824">
     <span class='ocr_line' id='line_1_105' title="bbox 1077 1789 1865 1824; baseline 0 -7"><span class='ocrx_word' id='word_1_602' title='bbox 1077 1790 1115 1817; x_wconf 91' lang='lat' dir='ltr'><strong>les</strong></span> <span class='ocrx_word' id='word_1_603' title='bbox 1128 1791 1216 1824; x_wconf 83' lang='lat' dir='ltr'><strong>genuit</strong></span> <span class='ocrx_word' id='word_1_604' title='bbox 1236 1798 1286 1820; x_wconf 87' lang='lat' dir='ltr'><strong>me.</strong></span> <span class='ocrx_word' id='word_1_605' title='bbox 1299 1791 1355 1822; x_wconf 79' lang='lat' dir='ltr'><strong>sed,</strong></span> <span class='ocrx_word' id='word_1_606' title='bbox 1376 1790 1446 1816; x_wconf 85' lang='lat' dir='ltr'><strong>Ante</strong></span> <span class='ocrx_word' id='word_1_607' title='bbox 1460 1789 1652 1824; x_wconf 17' lang='lat' dir='ltr'><strong>omnesrcolles</strong></span> <span class='ocrx_word' id='word_1_608' title='bbox 1669 1796 1782 1824; x_wconf 77' lang='lat' dir='ltr'><strong>generat</strong></span> <span class='ocrx_word' id='word_1_609' title='bbox 1804 1799 1865 1822; x_wconf 87' lang='lat' dir='ltr'><strong>me;</strong></span> 
     </span>
    </p>
   </div>
   <div class='ocr_carea' id='block_1_106' title="bbox 1075 1823 1757 1860">
    <p class='ocr_par' dir='ltr' id='par_1_106' title="bbox 1075 1823 1757 1860">
     <span class='ocr_line' id='line_1_106' title="bbox 1075 1823 1757 1860; baseline -0.003 -8"><span class='ocrx_word' id='word_1_610' title='bbox 1075 1830 1099 1852; x_wconf 86' lang='lat' dir='ltr'><strong>et</strong></span> <span class='ocrx_word' id='word_1_611' title='bbox 1110 1823 1134 1852; x_wconf 86' lang='lat' dir='ltr'><strong>si</strong></span> <span class='ocrx_word' id='word_1_612' title='bbox 1143 1833 1242 1859; x_wconf 83' lang='lat' dir='ltr'><strong>semper</strong></span> <span class='ocrx_word' id='word_1_613' title='bbox 1253 1833 1285 1852; x_wconf 73' lang='lat' dir='ltr'><strong>ea:</strong></span> <span class='ocrx_word' id='word_1_614' title='bbox 1302 1824 1381 1852; x_wconf 82' lang='lat' dir='ltr'><strong>Patre</strong></span> <span class='ocrx_word' id='word_1_615' title='bbox 1396 1830 1536 1860; x_wconf 80' lang='lat' dir='ltr'><strong>generatur</strong></span> <span class='ocrx_word' id='word_1_616' title='bbox 1552 1823 1685 1858; x_wconf 61' lang='lat' dir='ltr'><strong>Salvator,</strong></span> <span class='ocrx_word' id='word_1_617' title='bbox 1703 1830 1757 1852; x_wconf 84' lang='lat' dir='ltr'><strong>etc.</strong></span> 
     </span>
    </p>
   </div>
   <div class='ocr_carea' id='block_1_107' title="bbox 1376 1881 1563 1909">
    <p class='ocr_par' dir='ltr' id='par_1_107' title="bbox 1376 1881 1563 1909">
     <span class='ocr_line' id='line_1_107' title="bbox 1376 1881 1563 1909; baseline 0 0"><span class='ocrx_word' id='word_1_618' title='bbox 1376 1881 1490 1909; x_wconf 86' lang='lat' dir='ltr'><strong>CAPUT</strong></span> <span class='ocrx_word' id='word_1_619' title='bbox 1519 1881 1563 1909; x_wconf 87' lang='lat' dir='ltr'><strong>lV.</strong></span> 
     </span>
    </p>
   </div>
   <div class='ocr_carea' id='block_1_108' title="bbox 1329 1927 1608 1962">
    <p class='ocr_par' dir='ltr' id='par_1_108' title="bbox 1329 1927 1608 1962">
     <span class='ocr_line' id='line_1_108' title="bbox 1329 1927 1608 1962; baseline 0.004 -7"><span class='ocrx_word' id='word_1_620' title='bbox 1329 1927 1365 1955; x_wconf 92' lang='lat' dir='ltr'><strong>De</strong></span> <span class='ocrx_word' id='word_1_621' title='bbox 1387 1927 1488 1962; x_wconf 82' lang='lat' dir='ltr'><strong>Spiritu</strong></span> <span class='ocrx_word' id='word_1_622' title='bbox 1507 1934 1608 1956; x_wconf 85' lang='lat' dir='ltr'><strong>sancto.</strong></span> 
     </span>
    </p>
   </div>
   <div class='ocr_carea' id='block_1_109' title="bbox 1109 1972 1865 2009">
    <p class='ocr_par' dir='ltr' id='par_1_109' title="bbox 1109 1972 1865 2009">
     <span class='ocr_line' id='line_1_109' title="bbox 1109 1972 1865 2009; baseline -0.001 -7"><span class='ocrx_word' id='word_1_623' title='bbox 1109 1974 1254 2002; x_wconf 79' lang='lat' dir='ltr'><strong>ORIGENES.</strong></span> <span class='ocrx_word' id='word_1_624' title='bbox 1269 1972 1325 2008; x_wconf 77' lang='grc'><strong>(15)</strong></span> <span class='ocrx_word' id='word_1_625' title='bbox 1350 1983 1359 1998; x_wconf 89' lang='grc' dir='ltr'><strong>ι</strong></span> <span class='ocrx_word' id='word_1_626' title='bbox 1381 1973 1499 2008; x_wconf 85' lang='lat' dir='ltr'><strong>Tempus</strong></span> <span class='ocrx_word' id='word_1_627' title='bbox 1522 1978 1562 2001; x_wconf 89' lang='lat' dir='ltr'><strong>est</strong></span> <span class='ocrx_word' id='word_1_628' title='bbox 1590 1981 1662 2001; x_wconf 89' lang='lat' dir='ltr'><strong>nunc</strong></span> <span class='ocrx_word' id='word_1_629' title='bbox 1687 1981 1738 2009; x_wconf 91' lang='lat' dir='ltr'><strong>pro</strong></span> <span class='ocrx_word' id='word_1_630' title='bbox 1762 1974 1865 2001; x_wconf 83' lang='lat' dir='ltr'><strong>viribus</strong></span> 
     </span>
    </p>
   </div>
   <div class='ocr_carea' id='block_1_110' title="bbox 1073 2019 1862 2056">
    <p class='ocr_par' dir='ltr' id='par_1_110' title="bbox 1073 2019 1862 2056">
     <span class='ocr_line' id='line_1_110' title="bbox 1073 2019 1862 2056; baseline -0.001 -8"><span class='ocrx_word' id='word_1_631' title='bbox 1073 2021 1106 2049; x_wconf 93' lang='lat' dir='ltr'><strong>de</strong></span> <span class='ocrx_word' id='word_1_632' title='bbox 1118 2021 1219 2056; x_wconf 80' lang='lat' dir='ltr'><strong>Spiritu</strong></span> <span class='ocrx_word' id='word_1_633' title='bbox 1235 2025 1329 2047; x_wconf 88' lang='lat' dir='ltr'><strong>sancto</strong></span> <span class='ocrx_word' id='word_1_634' title='bbox 1341 2019 1397 2055; x_wconf 79' lang='lat' dir='ltr'><strong>(i6)</strong></span> <span class='ocrx_word' id='word_1_635' title='bbox 1416 2027 1500 2054; x_wconf 82' lang='lat' dir='ltr'><strong>potica</strong></span> <span class='ocrx_word' id='word_1_636' title='bbox 1520 2020 1686 2051; x_wconf 82' lang='lat' dir='ltr'><strong>describere,</strong></span> <span class='ocrx_word' id='word_1_637' title='bbox 1704 2028 1787 2055; x_wconf 89' lang='lat' dir='ltr'><strong>quem</strong></span> <span class='ocrx_word' id='word_1_638' title='bbox 1809 2020 1862 2047; x_wconf 83' lang='lat' dir='ltr'><strong>Do-</strong></span> 
     </span>
    </p>
   </div>
   <div class='ocr_carea' id='block_1_111' title="bbox 1074 2066 1862 2101">
    <p class='ocr_par' dir='ltr' id='par_1_111' title="bbox 1074 2066 1862 2101">
     <span class='ocr_line' id='line_1_111' title="bbox 1074 2066 1862 2101; baseline -0.003 -7"><span class='ocrx_word' id='word_1_639' title='bbox 1074 2067 1163 2094; x_wconf 90' lang='lat' dir='ltr'><strong>minus</strong></span> <span class='ocrx_word' id='word_1_640' title='bbox 1185 2071 1213 2094; x_wconf 91' lang='lat' dir='ltr'><strong>et</strong></span> <span class='ocrx_word' id='word_1_641' title='bbox 1235 2066 1362 2093; x_wconf 81' lang='lat' dir='ltr'><strong>Salvator</strong></span> <span class='ocrx_word' id='word_1_642' title='bbox 1389 2071 1480 2093; x_wconf 90' lang='lat' dir='ltr'><strong>noster</strong></span> <span class='ocrx_word' id='word_1_643' title='bbox 1498 2066 1523 2092; x_wconf 94' lang='lat' dir='ltr'><strong>in</strong></span> <span class='ocrx_word' id='word_1_644' title='bbox 1544 2066 1689 2101; x_wconf 80' lang='lat' dir='ltr'><strong>Evangelio</strong></span> <span class='ocrx_word' id='word_1_645' title='bbox 1713 2066 1862 2094; x_wconf 89' lang='lat' dir='ltr'><strong>secundum</strong></span> 
     </span>
    </p>
   </div>
   <div class='ocr_carea' id='block_1_112' title="bbox 1051 2136 1273 2172">
    <p class='ocr_par' dir='ltr' id='par_1_112' title="bbox 1051 2136 1273 2172">
     <span class='ocr_line' id='line_1_112' title="bbox 1051 2136 1273 2172; baseline -0.005 -8"><span class='ocrx_word' id='word_1_646' title='bbox 1051 2137 1073 2153; x_wconf 67' lang='lat'><strong>&#39;°</strong></span> <span class='ocrx_word' id='word_1_647' title='bbox 1087 2136 1151 2172; x_wconf 83' lang='lat' dir='ltr'><strong>Sap.</strong></span> <span class='ocrx_word' id='word_1_648' title='bbox 1167 2145 1218 2169; x_wconf 84' lang='lat' dir='ltr'><strong>vn,</strong></span> <span class='ocrx_word' id='word_1_649' title='bbox 1227 2136 1273 2163; x_wconf 79' lang='lat'><strong>&#39;26.</strong></span> 
     </span>
    </p>
   </div>
   <div class='ocr_carea' id='block_1_113' title="bbox 1312 2135 1562 2168">
    <p class='ocr_par' dir='ltr' id='par_1_113' title="bbox 1312 2135 1562 2168">
     <span class='ocr_line' id='line_1_113' title="bbox 1312 2135 1562 2168; baseline -0.004 -5"><span class='ocrx_word' id='word_1_650' title='bbox 1312 2136 1333 2152; x_wconf 82' lang='lat'>“</span> <span class='ocrx_word' id='word_1_651' title='bbox 1348 2135 1430 2163; x_wconf 88' lang='lat' dir='ltr'><strong>Prov.</strong></span> <span class='ocrx_word' id='word_1_652' title='bbox 1445 2143 1502 2168; x_wconf 82' lang='lat' dir='ltr'><strong>vni,</strong></span> <span class='ocrx_word' id='word_1_653' title='bbox 1516 2135 1562 2163; x_wconf 74' lang='lat'><strong>25.</strong></span> 
     </span>
    </p>
   </div>
   <div class='ocr_carea' id='block_1_114' title="bbox 270 2194 1863 2231">
    <p class='ocr_par' dir='ltr' id='par_1_114' title="bbox 270 2194 1863 2231">
     <span class='ocr_line' id='line_1_114' title="bbox 270 2194 1863 2231; baseline 0 -8"><span class='ocrx_word' id='word_1_654' title='bbox 270 2195 307 2231; x_wconf 87' lang='lat'><strong>(6)</strong></span> <span class='ocrx_word' id='word_1_655' title='bbox 325 2194 371 2224; x_wconf 90' lang='lat' dir='ltr'><strong>Sic</strong></span> <span class='ocrx_word' id='word_1_656' title='bbox 380 2204 474 2224; x_wconf 91' lang='lat' dir='ltr'><strong>omnes</strong></span> <span class='ocrx_word' id='word_1_657' title='bbox 492 2204 559 2224; x_wconf 86' lang='lat' dir='ltr'><strong>mss.</strong></span> <span class='ocrx_word' id='word_1_658' title='bbox 576 2194 648 2224; x_wconf 85' lang='lat' dir='ltr'><strong>Editi</strong></span> <span class='ocrx_word' id='word_1_659' title='bbox 669 2203 745 2229; x_wconf 87' lang='lat' dir='ltr'><strong>vero,</strong></span> <span class='ocrx_word' id='word_1_660' title='bbox 759 2202 785 2224; x_wconf 91' lang='lat' dir='ltr'><strong>et</strong></span> <span class='ocrx_word' id='word_1_661' title='bbox 803 2197 865 2224; x_wconf 92' lang='lat' dir='ltr'><strong>libri</strong></span> <span class='ocrx_word' id='word_1_662' title='bbox 888 2196 924 2225; x_wconf 89' lang='lat' dir='ltr'><strong>De</strong></span> <span class='ocrx_word' id='word_1_663' title='bbox 945 2198 1018 2231; x_wconf 87' lang='lat' dir='ltr'><strong>prin-</strong></span> <span class='ocrx_word' id='word_1_664' title='bbox 1035 2201 1057 2228; x_wconf 88' lang='lat' dir='ltr'><strong>D</strong></span> <span class='ocrx_word' id='word_1_665' title='bbox 1072 2197 1142 2224; x_wconf 83' lang='lat' dir='ltr'><strong>Editi</strong></span> <span class='ocrx_word' id='word_1_666' title='bbox 1162 2205 1237 2228; x_wconf 83' lang='lat' dir='ltr'><strong>vero,</strong></span> <span class='ocrx_word' id='word_1_667' title='bbox 1254 2197 1448 2230; x_wconf 81' lang='lat' dir='ltr'><strong>generationem</strong></span> <span class='ocrx_word' id='word_1_668' title='bbox 1474 2195 1541 2222; x_wconf 82' lang='lat' dir='ltr'><strong>Filii</strong></span> <span class='ocrx_word' id='word_1_669' title='bbox 1566 2196 1607 2223; x_wconf 91' lang='lat' dir='ltr'><strong>sui</strong></span> <span class='ocrx_word' id='word_1_670' title='bbox 1628 2196 1769 2229; x_wconf 82' lang='lat' dir='ltr'><strong>nnigeniti,</strong></span> <span class='ocrx_word' id='word_1_671' title='bbox 1786 2202 1863 2230; x_wconf 77' lang='lat' dir='ltr'><strong>atque</strong></span> 
     </span>
    </p>
   </div>
   <div class='ocr_carea' id='block_1_115' title="bbox 1072 2231 1861 2267">
    <p class='ocr_par' dir='ltr' id='par_1_115' title="bbox 1072 2231 1861 2267">
     <span class='ocr_line' id='line_1_115' title="bbox 1072 2231 1861 2267; baseline -0.001 -8"><span class='ocrx_word' id='word_1_672' title='bbox 1072 2234 1222 2259; x_wconf 71' lang='lat' dir='ltr'><strong>substantia</strong></span> <span class='ocrx_word' id='word_1_673' title='bbox 1235 2233 1340 2267; x_wconf 81' lang='lat' dir='ltr'><strong>ejus....</strong></span> <span class='ocrx_word' id='word_1_674' title='bbox 1362 2232 1400 2258; x_wconf 80' lang='lat' dir='ltr'><strong>vel</strong></span> <span class='ocrx_word' id='word_1_675' title='bbox 1417 2231 1532 2258; x_wconf 88' lang='lat' dir='ltr'><strong>aliorum</strong></span> <span class='ocrx_word' id='word_1_676' title='bbox 1550 2232 1729 2258; x_wconf 80' lang='lat' dir='ltr'><strong>animantium</strong></span> <span class='ocrx_word' id='word_1_677' title='bbox 1751 2240 1861 2266; x_wconf 86' lang='lat' dir='ltr'><strong>generu-</strong></span> 
     </span>
    </p>
   </div>
   <div class='ocr_carea' id='block_1_116' title="bbox 229 2232 558 2269">
    <p class='ocr_par' dir='ltr' id='par_1_116' title="bbox 229 2232 558 2269">
     <span class='ocr_line' id='line_1_116' title="bbox 229 2232 558 2269; baseline 0.006 -12"><span class='ocrx_word' id='word_1_678' title='bbox 229 2232 317 2269; x_wconf 51' lang='grc' dir='ltr'><strong>εδοξε,</strong></span> <span class='ocrx_word' id='word_1_679' title='bbox 329 2232 558 2269; x_wconf 19' lang='lat' dir='ltr'><strong>iittewognbintrus.</strong></span> 
     </span>
    </p>
   </div>
   <div class='ocr_carea' id='block_1_117' title="bbox 269 2266 1018 2302">
    <p class='ocr_par' dir='ltr' id='par_1_117' title="bbox 269 2266 1018 2302">
     <span class='ocr_line' id='line_1_117' title="bbox 269 2266 1018 2302; baseline 0.005 -11"><span class='ocrx_word' id='word_1_680' title='bbox 269 2266 308 2301; x_wconf 85' lang='lat'><strong>(7)</strong></span> <span class='ocrx_word' id='word_1_681' title='bbox 323 2267 408 2297; x_wconf 82' lang='lat' dir='ltr'><strong>Alias,</strong></span> <span class='ocrx_word' id='word_1_682' title='bbox 432 2266 478 2293; x_wconf 78' lang='lat' dir='ltr'><strong>Vel</strong></span> <span class='ocrx_word' id='word_1_683' title='bbox 503 2268 602 2298; x_wconf 75' lang='lat' dir='ltr'><strong>decuit,</strong></span> <span class='ocrx_word' id='word_1_684' title='bbox 621 2267 659 2295; x_wconf 79' lang='lat' dir='ltr'><strong>vel</strong></span> <span class='ocrx_word' id='word_1_685' title='bbox 680 2275 761 2294; x_wconf 78' lang='lat' dir='ltr'><strong>causa</strong></span> <span class='ocrx_word' id='word_1_686' title='bbox 789 2267 879 2302; x_wconf 84' lang='lat' dir='ltr'><strong>aliqua</strong></span> <span class='ocrx_word' id='word_1_687' title='bbox 894 2268 1018 2296; x_wconf 70' lang='lat' dir='ltr'><strong>exsistere</strong></span> 
     </span>
    </p>
   </div>
   <div class='ocr_carea' id='block_1_118' title="bbox 233 2302 1019 2339">
    <p class='ocr_par' dir='ltr' id='par_1_118' title="bbox 233 2302 1019 2339">
     <span class='ocr_line' id='line_1_118' title="bbox 233 2302 1019 2339; baseline 0.004 -12"><span class='ocrx_word' id='word_1_688' title='bbox 233 2302 328 2339; x_wconf 78' lang='lat' dir='ltr'><strong>potuit,</strong></span> <span class='ocrx_word' id='word_1_689' title='bbox 344 2307 371 2339; x_wconf 86' lang='lat' dir='ltr'><strong>u_t</strong></span> <span class='ocrx_word' id='word_1_690' title='bbox 388 2309 438 2328; x_wconf 85' lang='lat' dir='ltr'><strong>non</strong></span> <span class='ocrx_word' id='word_1_691' title='bbox 459 2303 553 2328; x_wconf 85' lang='lat' dir='ltr'><strong>bouum</strong></span> <span class='ocrx_word' id='word_1_692' title='bbox 573 2303 621 2339; x_wconf 82' lang='lat' dir='ltr'><strong>Itoc</strong></span> <span class='ocrx_word' id='word_1_693' title='bbox 639 2304 708 2339; x_wconf 81' lang='lat' dir='ltr'><strong>quod</strong></span> <span class='ocrx_word' id='word_1_694' title='bbox 732 2303 831 2329; x_wconf 76' lang='lat' dir='ltr'><strong>volebat</strong></span> <span class='ocrx_word' id='word_1_695' title='bbox 850 2302 895 2339; x_wconf 77' lang='lat' dir='ltr'><strong>[aL</strong></span> <span class='ocrx_word' id='word_1_696' title='bbox 919 2309 946 2330; x_wconf 89' lang='lat' dir='ltr'><strong>ut</strong></span> <span class='ocrx_word' id='word_1_697' title='bbox 968 2313 1019 2330; x_wconf 87' lang='lat' dir='ltr'><strong>non</strong></span> 
     </span>
    </p>
   </div>
   <div class='ocr_carea' id='block_1_119' title="bbox 234 2335 1018 2372">
    <p class='ocr_par' dir='ltr' id='par_1_119' title="bbox 234 2335 1018 2372">
     <span class='ocr_line' id='line_1_119' title="bbox 234 2335 1018 2372; baseline 0.005 -11"><span class='ocrx_word' id='word_1_698' title='bbox 234 2336 282 2362; x_wconf 86' lang='lat' dir='ltr'><strong>hoc</strong></span> <span class='ocrx_word' id='word_1_699' title='bbox 296 2335 365 2371; x_wconf 84' lang='lat' dir='ltr'><strong>quod</strong></span> <span class='ocrx_word' id='word_1_700' title='bbox 391 2338 485 2363; x_wconf 85' lang='lat' dir='ltr'><strong>bonum</strong></span> <span class='ocrx_word' id='word_1_701' title='bbox 501 2343 524 2363; x_wconf 88' lang='lat' dir='ltr'><strong>et</strong></span> <span class='ocrx_word' id='word_1_702' title='bbox 546 2335 662 2370; x_wconf 76' lang='lat' dir='ltr'><strong>volebat;</strong></span> <span class='ocrx_word' id='word_1_703' title='bbox 681 2338 716 2364; x_wconf 76' lang='lat' dir='ltr'><strong>al.</strong></span> <span class='ocrx_word' id='word_1_704' title='bbox 743 2343 770 2364; x_wconf 86' lang='lat' dir='ltr'><strong>ut</strong></span> <span class='ocrx_word' id='word_1_705' title='bbox 791 2335 920 2365; x_wconf 49' lang='lat' dir='ltr'><strong>non-hoc</strong></span> <span class='ocrx_word' id='word_1_706' title='bbox 947 2340 1018 2372; x_wconf 78' lang='lat' dir='ltr'><strong>quod</strong></span> 
     </span>
    </p>
   </div>
   <div class='ocr_carea' id='block_1_120' title="bbox 233 2371 1020 2407">
    <p class='ocr_par' dir='ltr' id='par_1_120' title="bbox 233 2371 1020 2407">
     <span class='ocr_line' id='line_1_120' title="bbox 233 2371 1020 2407; baseline 0.004 -10"><span class='ocrx_word' id='word_1_707' title='bbox 233 2372 328 2398; x_wconf 84' lang='lat' dir='ltr'><strong>bonum</strong></span> <span class='ocrx_word' id='word_1_708' title='bbox 344 2376 380 2407; x_wconf 71' lang='lat' dir='ltr'><strong>est</strong></span> <span class='ocrx_word' id='word_1_709' title='bbox 396 2377 419 2398; x_wconf 86' lang='lat' dir='ltr'><strong>et</strong></span> <span class='ocrx_word' id='word_1_710' title='bbox 433 2371 552 2407; x_wconf 58' lang='lat' dir='ltr'><strong>nolebat;</strong></span> <span class='ocrx_word' id='word_1_711' title='bbox 570 2372 605 2399; x_wconf 90' lang='lat' dir='ltr'><strong>al.</strong></span> <span class='ocrx_word' id='word_1_712' title='bbox 625 2379 652 2399; x_wconf 87' lang='lat' dir='ltr'><strong>ut</strong></span> <span class='ocrx_word' id='word_1_713' title='bbox 676 2381 726 2399; x_wconf 88' lang='lat' dir='ltr'><strong>non</strong></span> <span class='ocrx_word' id='word_1_714' title='bbox 744 2373 812 2407; x_wconf 84' lang='lat' dir='ltr'><strong>quod</strong></span> <span class='ocrx_word' id='word_1_715' title='bbox 834 2375 929 2400; x_wconf 86' lang='lat' dir='ltr'><strong>bonum</strong></span> <span class='ocrx_word' id='word_1_716' title='bbox 949 2371 1020 2407; x_wconf 81' lang='lat' dir='ltr'><strong>pote-</strong></span> 
     </span>
    </p>
   </div>
   <div class='ocr_carea' id='block_1_121' title="bbox 233 2403 1016 2446">
    <p class='ocr_par' dir='ltr' id='par_1_121' title="bbox 233 2403 1016 2446">
     <span class='ocr_line' id='line_1_121' title="bbox 233 2403 1016 2446; baseline 0.006 -14"><span class='ocrx_word' id='word_1_717' title='bbox 233 2411 273 2446; x_wconf 43' lang='lat' dir='ltr'><strong>ra‘t</strong></span> <span class='ocrx_word' id='word_1_718' title='bbox 291 2411 313 2433; x_wconf 87' lang='lat' dir='ltr'><strong>et</strong></span> <span class='ocrx_word' id='word_1_719' title='bbox 336 2403 448 2446; x_wconf 70' lang='lat' dir='ltr'><strong>volebat)</strong></span> <span class='ocrx_word' id='word_1_720' title='bbox 466 2403 566 2440; x_wconf 78' lang='lat' dir='ltr'><strong>semper</strong></span> <span class='ocrx_word' id='word_1_721' title='bbox 587 2408 716 2435; x_wconf 84' lang='lat' dir='ltr'><strong>habuerit.</strong></span> <span class='ocrx_word' id='word_1_722' title='bbox 746 2403 798 2436; x_wconf 79' lang='lat' dir='ltr'><strong>Sed</strong></span> <span class='ocrx_word' id='word_1_723' title='bbox 825 2409 924 2436; x_wconf 86' lang='lat' dir='ltr'><strong>rectius</strong></span> <span class='ocrx_word' id='word_1_724' title='bbox 949 2403 1016 2437; x_wconf 43' lang='lat' dir='ltr'><strong>IIIISS.</strong></span> 
     </span>
    </p>
   </div>
   <div class='ocr_carea' id='block_1_122' title="bbox 231 2440 516 2474">
    <p class='ocr_par' dir='ltr' id='par_1_122' title="bbox 231 2440 516 2474">
     <span class='ocr_line' id='line_1_122' title="bbox 231 2440 516 2474; baseline 0.004 -7"><span class='ocrx_word' id='word_1_725' title='bbox 231 2440 334 2474; x_wconf 78' lang='lat' dir='ltr'><strong>aliquot</strong></span> <span class='ocrx_word' id='word_1_726' title='bbox 346 2449 374 2468; x_wconf 81' lang='grc' dir='ltr'><strong>ιιι</strong></span> <span class='ocrx_word' id='word_1_727' title='bbox 391 2441 416 2468; x_wconf 87' lang='lat' dir='ltr'><strong>in</strong></span> <span class='ocrx_word' id='word_1_728' title='bbox 434 2447 516 2468; x_wconf 81' lang='lat' dir='ltr'><strong>textu.</strong></span> 
     </span>
    </p>
   </div>
   <div class='ocr_carea' id='block_1_123' title="bbox 266 2477 928 2540">
    <p class='ocr_par' dir='ltr' id='par_1_123' title="bbox 266 2477 928 2540">
     <span class='ocr_line' id='line_1_123' title="bbox 266 2477 928 2540; baseline 0.005 -36"><span class='ocrx_word' id='word_1_729' title='bbox 266 2477 305 2540; x_wconf 46' lang='lat'><strong>(8)</strong></span> <span class='ocrx_word' id='word_1_730' title='bbox 321 2477 421 2518; x_wconf 41' lang='lat' dir='ltr'><strong>liis-lib.</strong></span> <span class='ocrx_word' id='word_1_731' title='bbox 436 2485 443 2503; x_wconf 99' lang='lat'><strong><em>|</em></strong></span> <span class='ocrx_word' id='word_1_732' title='bbox 458 2477 494 2503; x_wconf 89' lang='lat' dir='ltr'><strong>De</strong></span> <span class='ocrx_word' id='word_1_733' title='bbox 508 2478 654 2518; x_wconf 79' lang='lat' dir='ltr'><strong>principiis,</strong></span> <span class='ocrx_word' id='word_1_734' title='bbox 672 2488 732 2514; x_wconf 89' lang='lat' dir='ltr'><strong>cap.</strong></span> <span class='ocrx_word' id='word_1_735' title='bbox 749 2479 777 2519; x_wconf 64' lang='grc' dir='ltr'><strong>ςὶ,</strong></span> <span class='ocrx_word' id='word_1_736' title='bbox 795 2487 869 2507; x_wconf 87' lang='lat' dir='ltr'><strong>num.</strong></span> <span class='ocrx_word' id='word_1_737' title='bbox 886 2479 928 2507; x_wconf 79' lang='grc' dir='ltr'><strong>Η.</strong></span> 
     </span>
     <span class='ocr_line' id='line_1_124' title="bbox 278 2510 928 2540; baseline 0.002 -1"><span class='ocrx_word' id='word_1_738' title='bbox 278 2513 294 2539; x_wconf 92' lang='grc'>9</span> <span class='ocrx_word' id='word_1_739' title='bbox 322 2510 402 2540; x_wconf 67' lang='lat' dir='ltr'><strong>hditi.</strong></span> <span class='ocrx_word' id='word_1_740' title='bbox 423 2517 450 2539; x_wconf 88' lang='lat' dir='ltr'><strong>et</strong></span> <span class='ocrx_word' id='word_1_741' title='bbox 466 2520 530 2539; x_wconf 88' lang='lat' dir='ltr'><strong>tnss.</strong></span> <span class='ocrx_word' id='word_1_742' title='bbox 548 2514 626 2540; x_wconf 76' lang='lat' dir='ltr'><strong>huius</strong></span> <span class='ocrx_word' id='word_1_743' title='bbox 643 2515 788 2540; x_wconf 76' lang='lat' dir='ltr'><strong>Aualaatw.</strong></span> <span class='ocrx_word' id='word_1_744' title='bbox 805 2523 856 2540; x_wconf 89' lang='lat' dir='ltr'><strong>non</strong></span> <span class='ocrx_word' id='word_1_745' title='bbox 877 2515 928 2540; x_wconf 71' lang='lat' dir='ltr'><strong>soli</strong></span> 
     </span>
    </p>
   </div>
   <div class='ocr_carea' id='block_1_124' title="bbox 271 2510 1018 2550">
    <p class='ocr_par' dir='ltr' id='par_1_124' title="bbox 271 2510 1018 2550">
     <span class='ocr_line' id='line_1_125' title="bbox 271 2510 1018 2550; baseline 0.004 -11"><span class='ocrx_word' id='word_1_746' title='bbox 271 2510 304 2550; x_wconf 71' lang='lat'><strong>[9)</strong></span> <span class='ocrx_word' id='word_1_747' title='bbox 322 2510 402 2544; x_wconf 78' lang='lat' dir='ltr'><strong>Editi,</strong></span> <span class='ocrx_word' id='word_1_748' title='bbox 423 2517 452 2550; x_wconf 75' lang='lat' dir='ltr'><strong>et</strong></span> <span class='ocrx_word' id='word_1_749' title='bbox 466 2510 530 2539; x_wconf 80' lang='lat' dir='ltr'><strong>mss.</strong></span> <span class='ocrx_word' id='word_1_750' title='bbox 548 2510 626 2550; x_wconf 75' lang='lat' dir='ltr'><strong>hujus</strong></span> <span class='ocrx_word' id='word_1_751' title='bbox 643 2510 788 2550; x_wconf 54' lang='lat' dir='ltr'><strong>Apologia},</strong></span> <span class='ocrx_word' id='word_1_752' title='bbox 805 2523 856 2541; x_wconf 83' lang='lat' dir='ltr'><strong>non</strong></span> <span class='ocrx_word' id='word_1_753' title='bbox 877 2515 960 2541; x_wconf 77' lang='lat' dir='ltr'><strong>solum</strong></span> <span class='ocrx_word' id='word_1_754' title='bbox 977 2524 1018 2542; x_wconf 84' lang='lat' dir='ltr'><strong>se-</strong></span> 
     </span>
    </p>
   </div>
   <div class='ocr_carea' id='block_1_125' title="bbox 231 2547 1017 2584">
    <p class='ocr_par' dir='ltr' id='par_1_125' title="bbox 231 2547 1017 2584">
     <span class='ocr_line' id='line_1_126' title="bbox 231 2547 1017 2584; baseline 0.003 -10"><span class='ocrx_word' id='word_1_755' title='bbox 231 2547 347 2584; x_wconf 67' lang='lat' dir='ltr'><strong>Cttntlunt</strong></span> <span class='ocrx_word' id='word_1_756' title='bbox 363 2548 431 2578; x_wconf 86' lang='lat' dir='ltr'><strong>quod</strong></span> <span class='ocrx_word' id='word_1_757' title='bbox 444 2547 490 2574; x_wconf 70' lang='lat' dir='ltr'><strong>lux</strong></span> <span class='ocrx_word' id='word_1_758' title='bbox 501 2552 549 2579; x_wconf 79' lang='lat' dir='ltr'><strong>est,</strong></span> <span class='ocrx_word' id='word_1_759' title='bbox 565 2549 602 2574; x_wconf 86' lang='lat' dir='ltr'><strong>ita</strong></span> <span class='ocrx_word' id='word_1_760' title='bbox 621 2555 648 2575; x_wconf 89' lang='lat' dir='ltr'><strong>ut</strong></span> <span class='ocrx_word' id='word_1_761' title='bbox 668 2547 822 2576; x_wconf 64' lang='lat' dir='ltr'><strong>a-teﬁxitatis</strong></span> <span class='ocrx_word' id='word_1_762' title='bbox 843 2550 967 2584; x_wconf 81' lang='lat' dir='ltr'><strong>splendor</strong></span> <span class='ocrx_word' id='word_1_763' title='bbox 985 2552 1017 2576; x_wconf 81' lang='lat' dir='ltr'><strong>sit</strong></span> 
     </span>
    </p>
   </div>
   <div class='ocr_carea' id='block_1_126' title="bbox 231 2580 1017 2619">
    <p class='ocr_par' dir='ltr' id='par_1_126' title="bbox 231 2580 1017 2619">
     <span class='ocr_line' id='line_1_127' title="bbox 231 2580 1017 2619; baseline 0.005 -11"><span class='ocrx_word' id='word_1_764' title='bbox 231 2580 362 2619; x_wconf 70' lang='lat' dir='ltr'><strong>sapientia</strong></span> <span class='ocrx_word' id='word_1_765' title='bbox 379 2591 439 2616; x_wconf 78' lang='lat' dir='ltr'><strong>sua,</strong></span> <span class='ocrx_word' id='word_1_766' title='bbox 453 2583 562 2610; x_wconf 81' lang='lat' dir='ltr'><strong>omissis</strong></span> <span class='ocrx_word' id='word_1_767' title='bbox 578 2584 685 2611; x_wconf 70' lang='lat' dir='ltr'><strong>eteteris</strong></span> <span class='ocrx_word' id='word_1_768' title='bbox 704 2592 764 2619; x_wconf 72' lang='lat' dir='ltr'><strong>quae</strong></span> <span class='ocrx_word' id='word_1_769' title='bbox 789 2580 934 2612; x_wconf 84' lang='lat' dir='ltr'><strong>restiiuunt</strong></span> <span class='ocrx_word' id='word_1_770' title='bbox 956 2585 1017 2612; x_wconf 85' lang='lat' dir='ltr'><strong>libri</strong></span> 
     </span>
    </p>
   </div>
   <div class='ocr_carea' id='block_1_127' title="bbox 233 2615 1017 2680">
    <p class='ocr_par' dir='ltr' id='par_1_127' title="bbox 233 2615 1017 2680">
     <span class='ocr_line' id='line_1_128' title="bbox 233 2615 1017 2680; baseline 0.004 -37"><span class='ocrx_word' id='word_1_771' title='bbox 233 2615 414 2680; x_wconf 45' lang='lat' dir='ltr'><strong>asprincipiis</strong></span> <span class='ocrx_word' id='word_1_772' title='bbox 429 2622 483 2645; x_wconf 86' lang='lat' dir='ltr'><strong>tam</strong></span> <span class='ocrx_word' id='word_1_773' title='bbox 495 2619 558 2646; x_wconf 88' lang='lat' dir='ltr'><strong>editi</strong></span> <span class='ocrx_word' id='word_1_774' title='bbox 571 2624 650 2653; x_wconf 85' lang='lat' dir='ltr'><strong>quam</strong></span> <span class='ocrx_word' id='word_1_775' title='bbox 661 2615 726 2647; x_wconf 73' lang='lat' dir='ltr'><strong>mss.</strong></span> <span class='ocrx_word' id='word_1_776' title='bbox 739 2624 767 2647; x_wconf 84' lang='lat' dir='ltr'><strong>et</strong></span> <span class='ocrx_word' id='word_1_777' title='bbox 779 2628 838 2654; x_wconf 74' lang='lat' dir='ltr'><strong>qua:</strong></span> <span class='ocrx_word' id='word_1_778' title='bbox 853 2620 1017 2648; x_wconf 90' lang='lat' dir='ltr'><strong>restituenda</strong></span> 
     </span>
     <span class='ocr_line' id='line_1_129' title="bbox 250 2661 365 2680; baseline -0.009 -1"><span class='ocrx_word' id='word_1_779' title='bbox 250 2661 255 2679; x_wconf 93' lang='lat' dir='ltr'><strong>I</strong></span> <span class='ocrx_word' id='word_1_780' title='bbox 277 2662 309 2680; x_wconf 73' lang='grc' dir='ltr'>νη</span> <span class='ocrx_word' id='word_1_781' title='bbox 324 2661 365 2679; x_wconf 85' lang='grc' dir='ltr'><strong>ΙΙΓ.</strong></span> 
     </span>
    </p>
   </div>
   <div class='ocr_carea' id='block_1_128' title="bbox 231 2657 365 2680">
    <p class='ocr_par' dir='ltr' id='par_1_128' title="bbox 231 2657 365 2680">
     <span class='ocr_line' id='line_1_130' title="bbox 231 2657 365 2680; baseline -0.007 -1"><span class='ocrx_word' id='word_1_782' title='bbox 231 2657 365 2680; x_wconf 67' lang='lat' dir='ltr'><strong>Videntur.</strong></span> 
     </span>
    </p>
   </div>
   <div class='ocr_carea' id='block_1_129' title="bbox 267 2686 1018 2724">
    <p class='ocr_par' dir='ltr' id='par_1_129' title="bbox 267 2686 1018 2724">
     <span class='ocr_line' id='line_1_131' title="bbox 267 2686 1018 2724; baseline 0.001 -9"><span class='ocrx_word' id='word_1_783' title='bbox 267 2689 323 2722; x_wconf 85' lang='grc'><strong>(10)</strong></span> <span class='ocrx_word' id='word_1_784' title='bbox 345 2686 390 2714; x_wconf 88' lang='lat' dir='ltr'><strong>Sic</strong></span> <span class='ocrx_word' id='word_1_785' title='bbox 403 2692 476 2715; x_wconf 74' lang='lat' dir='ltr'><strong>recte</strong></span> <span class='ocrx_word' id='word_1_786' title='bbox 497 2696 561 2716; x_wconf 83' lang='lat' dir='ltr'><strong>mss.</strong></span> <span class='ocrx_word' id='word_1_787' title='bbox 577 2687 708 2724; x_wconf 81' lang='lat' dir='ltr'><strong>plerique,</strong></span> <span class='ocrx_word' id='word_1_788' title='bbox 730 2694 756 2717; x_wconf 88' lang='lat' dir='ltr'><strong>el</strong></span> <span class='ocrx_word' id='word_1_789' title='bbox 781 2689 841 2716; x_wconf 84' lang='lat' dir='ltr'><strong>libri</strong></span> <span class='ocrx_word' id='word_1_790' title='bbox 861 2690 898 2716; x_wconf 89' lang='lat' dir='ltr'><strong>De</strong></span> <span class='ocrx_word' id='word_1_791' title='bbox 920 2690 1018 2724; x_wconf 80' lang='lat' dir='ltr'><strong>princi-</strong></span> 
     </span>
    </p>
   </div>
   <div class='ocr_carea' id='block_1_130' title="bbox 248 2721 1016 2760">
    <p class='ocr_par' dir='ltr' id='par_1_130' title="bbox 248 2721 1016 2760">
     <span class='ocr_line' id='line_1_132' title="bbox 248 2721 1016 2760; baseline 0.004 -11"><span class='ocrx_word' id='word_1_792' title='bbox 248 2721 281 2760; x_wconf 63' lang='lat' dir='ltr'><strong>iis</strong></span> <span class='ocrx_word' id='word_1_793' title='bbox 297 2729 350 2750; x_wconf 86' lang='lat' dir='ltr'><strong>tam</strong></span> <span class='ocrx_word' id='word_1_794' title='bbox 363 2724 428 2760; x_wconf 87' lang='lat' dir='ltr'><strong>editi</strong></span> <span class='ocrx_word' id='word_1_795' title='bbox 448 2732 528 2758; x_wconf 83' lang='lat' dir='ltr'><strong>quam</strong></span> <span class='ocrx_word' id='word_1_796' title='bbox 542 2721 606 2751; x_wconf 71' lang='lat' dir='ltr'><strong>mss.</strong></span> <span class='ocrx_word' id='word_1_797' title='bbox 623 2721 694 2752; x_wconf 86' lang='lat' dir='ltr'><strong>Editi</strong></span> <span class='ocrx_word' id='word_1_798' title='bbox 712 2733 774 2752; x_wconf 84' lang='lat' dir='ltr'><strong>vero</strong></span> <span class='ocrx_word' id='word_1_799' title='bbox 787 2730 814 2751; x_wconf 88' lang='lat' dir='ltr'><strong>et</strong></span> <span class='ocrx_word' id='word_1_800' title='bbox 829 2732 894 2753; x_wconf 87' lang='lat' dir='ltr'><strong>mss.</strong></span> <span class='ocrx_word' id='word_1_801' title='bbox 909 2721 1016 2760; x_wconf 77' lang='lat' dir='ltr'><strong>quidam</strong></span> 
     </span>
    </p>
   </div>
   <div class='ocr_carea' id='block_1_131' title="bbox 253 2758 646 2794">
    <p class='ocr_par' dir='ltr' id='par_1_131' title="bbox 253 2758 646 2794">
     <span class='ocr_line' id='line_1_133' title="bbox 253 2758 646 2794; baseline 0.005 -10"><span class='ocrx_word' id='word_1_802' title='bbox 253 2758 311 2794; x_wconf 67' lang='lat' dir='ltr'><strong>ujus</strong></span> <span class='ocrx_word' id='word_1_803' title='bbox 325 2759 458 2794; x_wconf 68' lang='lat' dir='ltr'><strong>Apologia:</strong></span> <span class='ocrx_word' id='word_1_804' title='bbox 469 2779 476 2790; x_wconf 90' lang='lat'><strong>,</strong></span> <span class='ocrx_word' id='word_1_805' title='bbox 489 2760 646 2786; x_wconf 74' lang='lat' dir='ltr'><strong>substantia.</strong></span> 
     </span>
    </p>
   </div>
   <div class='ocr_carea' id='block_1_132' title="bbox 267 2790 938 2830">
    <p class='ocr_par' dir='ltr' id='par_1_132' title="bbox 267 2790 938 2830">
     <span class='ocr_line' id='line_1_134' title="bbox 267 2790 938 2830; baseline 0.004 -12"><span class='ocrx_word' id='word_1_806' title='bbox 267 2790 323 2830; x_wconf 69' lang='lat' dir='ltr'><strong>(tl)</strong></span> <span class='ocrx_word' id='word_1_807' title='bbox 343 2793 380 2819; x_wconf 68' lang='lat' dir='ltr'><strong>Ek</strong></span> <span class='ocrx_word' id='word_1_808' title='bbox 401 2790 447 2830; x_wconf 72' lang='lat' dir='ltr'><strong>lib.</strong></span> <span class='ocrx_word' id='word_1_809' title='bbox 463 2795 521 2830; x_wconf 56' lang='lat' dir='ltr'><strong>[De</strong></span> <span class='ocrx_word' id='word_1_810' title='bbox 535 2795 684 2828; x_wconf 69' lang='lat' dir='ltr'><strong>principiis,</strong></span> <span class='ocrx_word' id='word_1_811' title='bbox 700 2803 760 2830; x_wconf 87' lang='lat' dir='ltr'><strong>cap.</strong></span> <span class='ocrx_word' id='word_1_812' title='bbox 771 2795 798 2826; x_wconf 69' lang='grc'>2,</span> <span class='ocrx_word' id='word_1_813' title='bbox 820 2802 894 2821; x_wconf 85' lang='lat' dir='ltr'><strong>nutu.</strong></span> <span class='ocrx_word' id='word_1_814' title='bbox 910 2795 938 2821; x_wconf 73' lang='grc'><strong>4.</strong></span> 
     </span>
    </p>
   </div>
   <div class='ocr_carea' id='block_1_133' title="bbox 268 2828 1014 2862">
    <p class='ocr_par' dir='ltr' id='par_1_133' title="bbox 268 2828 1014 2862">
     <span class='ocr_line' id='line_1_135' title="bbox 268 2828 1014 2862; baseline 0.003 -8"><span class='ocrx_word' id='word_1_815' title='bbox 268 2828 323 2862; x_wconf 63' lang='grc' dir='ltr'><strong>(Β)</strong></span> <span class='ocrx_word' id='word_1_816' title='bbox 338 2829 374 2854; x_wconf 89' lang='lat' dir='ltr'><strong>Ita</strong></span> <span class='ocrx_word' id='word_1_817' title='bbox 390 2829 449 2855; x_wconf 86' lang='lat' dir='ltr'><strong>libri</strong></span> <span class='ocrx_word' id='word_1_818' title='bbox 469 2829 506 2855; x_wconf 78' lang='lat' dir='ltr'><strong>De</strong></span> <span class='ocrx_word' id='word_1_819' title='bbox 523 2830 634 2862; x_wconf 78' lang='lat' dir='ltr'><strong>princip.</strong></span> <span class='ocrx_word' id='word_1_820' title='bbox 663 2830 701 2856; x_wconf 91' lang='lat' dir='ltr'><strong>Ita</strong></span> <span class='ocrx_word' id='word_1_821' title='bbox 727 2828 807 2856; x_wconf 84' lang='lat' dir='ltr'><strong>etiam</strong></span> <span class='ocrx_word' id='word_1_822' title='bbox 835 2838 931 2857; x_wconf 83' lang='lat' dir='ltr'><strong>omnes</strong></span> <span class='ocrx_word' id='word_1_823' title='bbox 953 2837 1014 2856; x_wconf 86' lang='lat' dir='ltr'><strong>mss.</strong></span> 
     </span>
    </p>
   </div>
   <div class='ocr_carea' id='block_1_134' title="bbox 235 2863 1015 2900">
    <p class='ocr_par' dir='ltr' id='par_1_134' title="bbox 235 2863 1015 2900">
     <span class='ocr_line' id='line_1_136' title="bbox 235 2863 1015 2900; baseline 0.001 -10"><span class='ocrx_word' id='word_1_824' title='bbox 235 2864 328 2893; x_wconf 74' lang='lat' dir='ltr'><strong>nostri.</strong></span> <span class='ocrx_word' id='word_1_825' title='bbox 346 2863 398 2891; x_wconf 76' lang='lat' dir='ltr'><strong>nisi</strong></span> <span class='ocrx_word' id='word_1_826' title='bbox 413 2864 484 2896; x_wconf 88' lang='lat' dir='ltr'><strong>quod</strong></span> <span class='ocrx_word' id='word_1_827' title='bbox 498 2864 622 2897; x_wconf 80' lang='lat' dir='ltr'><strong>habeant,</strong></span> <span class='ocrx_word' id='word_1_828' title='bbox 644 2872 719 2900; x_wconf 82' lang='lat' dir='ltr'><strong>atque</strong></span> <span class='ocrx_word' id='word_1_829' title='bbox 735 2866 761 2892; x_wconf 88' lang='lat' dir='ltr'><strong>in</strong></span> <span class='ocrx_word' id='word_1_830' title='bbox 784 2866 932 2893; x_wconf 68' lang='lat' dir='ltr'><strong>substantia</strong></span> <span class='ocrx_word' id='word_1_831' title='bbox 949 2866 1015 2900; x_wconf 75' lang='lat' dir='ltr'><strong>ejus.</strong></span> 
     </span>
    </p>
   </div>
   <div class='ocr_carea' id='block_1_135' title="bbox 1073 2269 1148 2294">
    <p class='ocr_par' dir='ltr' id='par_1_135' title="bbox 1073 2269 1148 2294">
     <span class='ocr_line' id='line_1_137' title="bbox 1073 2269 1148 2294; baseline -0.013 0"><span class='ocrx_word' id='word_1_832' title='bbox 1073 2269 1148 2294; x_wconf 84' lang='lat' dir='ltr'><strong>tioni.</strong></span> 
     </span>
    </p>
   </div>
   <div class='ocr_carea' id='block_1_136' title="bbox 1108 2301 1861 2338">
    <p class='ocr_par' dir='ltr' id='par_1_136' title="bbox 1108 2301 1861 2338">
     <span class='ocr_line' id='line_1_138' title="bbox 1108 2301 1861 2338; baseline -0.005 -8"><span class='ocrx_word' id='word_1_833' title='bbox 1108 2303 1163 2338; x_wconf 77' lang='grc'><strong>(15)</strong></span> <span class='ocrx_word' id='word_1_834' title='bbox 1176 2303 1240 2330; x_wconf 84' lang='lat' dir='ltr'><strong>Vide</strong></span> <span class='ocrx_word' id='word_1_835' title='bbox 1257 2301 1443 2338; x_wconf 60' lang='lat' dir='ltr'><strong>Origeniannr.</strong></span> <span class='ocrx_word' id='word_1_836' title='bbox 1460 2301 1506 2329; x_wconf 86' lang='lat' dir='ltr'><strong>lib.</strong></span> <span class='ocrx_word' id='word_1_837' title='bbox 1521 2310 1552 2333; x_wconf 88' lang='lat' dir='ltr'><strong>tt,</strong></span> <span class='ocrx_word' id='word_1_838' title='bbox 1569 2306 1666 2335; x_wconf 76' lang='lat' dir='ltr'><strong>qna-st.</strong></span> <span class='ocrx_word' id='word_1_839' title='bbox 1680 2302 1709 2332; x_wconf 75' lang='grc'><strong>2,</strong></span> <span class='ocrx_word' id='word_1_840' title='bbox 1720 2309 1803 2338; x_wconf 12' lang='lat' dir='ltr'><strong>inium.</strong></span> <span class='ocrx_word' id='word_1_841' title='bbox 1816 2302 1861 2331; x_wconf 64' lang='grc' dir='ltr'><strong>ει,</strong></span> 
     </span>
    </p>
   </div>
   <div class='ocr_carea' id='block_1_137' title="bbox 1072 2337 1861 2371">
    <p class='ocr_par' dir='ltr' id='par_1_137' title="bbox 1072 2337 1861 2371">
     <span class='ocr_line' id='line_1_139' title="bbox 1072 2337 1861 2371; baseline -0.001 -7"><span class='ocrx_word' id='word_1_842' title='bbox 1072 2338 1116 2365; x_wconf 87' lang='lat' dir='ltr'><strong>ubi</strong></span> <span class='ocrx_word' id='word_1_843' title='bbox 1133 2339 1198 2365; x_wconf 87' lang='lat' dir='ltr'><strong>solis</strong></span> <span class='ocrx_word' id='word_1_844' title='bbox 1213 2338 1361 2371; x_wconf 81' lang='lat' dir='ltr'><strong>solarisque</strong></span> <span class='ocrx_word' id='word_1_845' title='bbox 1378 2337 1443 2363; x_wconf 88' lang='lat' dir='ltr'><strong>radii</strong></span> <span class='ocrx_word' id='word_1_846' title='bbox 1458 2337 1580 2371; x_wconf 84' lang='lat' dir='ltr'><strong>exempla</strong></span> <span class='ocrx_word' id='word_1_847' title='bbox 1595 2337 1628 2363; x_wconf 86' lang='lat' dir='ltr'><strong>ad</strong></span> <span class='ocrx_word' id='word_1_848' title='bbox 1655 2337 1861 2371; x_wconf 73' lang='lat' dir='ltr'><strong>signiﬁcandam</strong></span> 
     </span>
    </p>
   </div>
   <div class='ocr_carea' id='block_1_138' title="bbox 1073 2371 1719 2407">
    <p class='ocr_par' dir='ltr' id='par_1_138' title="bbox 1073 2371 1719 2407">
     <span class='ocr_line' id='line_1_140' title="bbox 1073 2371 1719 2407; baseline -0.005 -6"><span class='ocrx_word' id='word_1_849' title='bbox 1073 2378 1203 2401; x_wconf 63' lang='lat' dir='ltr'><strong>aeternam</strong></span> <span class='ocrx_word' id='word_1_850' title='bbox 1216 2371 1296 2399; x_wconf 83' lang='lat' dir='ltr'><strong>Verbi</strong></span> <span class='ocrx_word' id='word_1_851' title='bbox 1310 2372 1511 2407; x_wconf 81' lang='lat' dir='ltr'><strong>generationem</strong></span> <span class='ocrx_word' id='word_1_852' title='bbox 1525 2372 1719 2399; x_wconf 88' lang='lat' dir='ltr'><strong>discutiuntur.</strong></span> 
     </span>
    </p>
   </div>
   <div class='ocr_carea' id='block_1_139' title="bbox 1108 2406 1862 2443">
    <p class='ocr_par' dir='ltr' id='par_1_139' title="bbox 1108 2406 1862 2443">
     <span class='ocr_line' id='line_1_141' title="bbox 1108 2406 1862 2443; baseline -0.003 -9"><span class='ocrx_word' id='word_1_853' title='bbox 1108 2409 1163 2443; x_wconf 76' lang='grc' dir='ltr'><strong>(Η)</strong></span> <span class='ocrx_word' id='word_1_854' title='bbox 1180 2409 1217 2435; x_wconf 81' lang='lat' dir='ltr'><strong>Ex</strong></span> <span class='ocrx_word' id='word_1_855' title='bbox 1235 2406 1326 2443; x_wconf 77' lang='lat' dir='ltr'><strong>homil.</strong></span> <span class='ocrx_word' id='word_1_856' title='bbox 1343 2407 1360 2434; x_wconf 90' lang='lat'><strong>9</strong></span> <span class='ocrx_word' id='word_1_857' title='bbox 1379 2407 1406 2434; x_wconf 87' lang='lat' dir='ltr'><strong>in</strong></span> <span class='ocrx_word' id='word_1_858' title='bbox 1426 2406 1538 2437; x_wconf 81' lang='lat' dir='ltr'><strong>Jerem..</strong></span> <span class='ocrx_word' id='word_1_859' title='bbox 1550 2415 1626 2434; x_wconf 86' lang='lat' dir='ltr'><strong>num.</strong></span> <span class='ocrx_word' id='word_1_860' title='bbox 1648 2407 1725 2443; x_wconf 19' lang='lat'><strong>4.7—-</strong></span> <span class='ocrx_word' id='word_1_861' title='bbox 1742 2406 1862 2443; x_wconf 70' lang='grc' dir='ltr'><strong>Ἰδωμει·</strong></span> 
     </span>
    </p>
   </div>
   <div class='ocr_carea' id='block_1_140' title="bbox 1071 2442 1862 2475">
    <p class='ocr_par' dir='ltr' id='par_1_140' title="bbox 1071 2442 1862 2475">
     <span class='ocr_line' id='line_1_142' title="bbox 1071 2442 1862 2475; baseline -0.005 -5"><span class='ocrx_word' id='word_1_862' title='bbox 1071 2442 1105 2470; x_wconf 81' lang='grc' dir='ltr'><strong>δὲ</strong></span> <span class='ocrx_word' id='word_1_863' title='bbox 1124 2443 1179 2475; x_wconf 79' lang='grc' dir='ltr'><strong>τίς,</strong></span> <span class='ocrx_word' id='word_1_864' title='bbox 1196 2449 1247 2470; x_wconf 89' lang='lat' dir='ltr'><strong>etc.</strong></span> <span class='ocrx_word' id='word_1_865' title='bbox 1260 2442 1353 2469; x_wconf 71' lang='lat' dir='ltr'><strong>Grteca</strong></span> <span class='ocrx_word' id='word_1_866' title='bbox 1370 2443 1425 2469; x_wconf 65' lang='lat' dir='ltr'><strong>haec</strong></span> <span class='ocrx_word' id='word_1_867' title='bbox 1446 2442 1606 2468; x_wconf 86' lang='lat' dir='ltr'><strong>adducimus</strong></span> <span class='ocrx_word' id='word_1_868' title='bbox 1629 2450 1661 2468; x_wconf 85' lang='lat' dir='ltr'><strong>cx</strong></span> <span class='ocrx_word' id='word_1_869' title='bbox 1680 2442 1792 2468; x_wconf 79' lang='lat' dir='ltr'><strong>humilia</strong></span> <span class='ocrx_word' id='word_1_870' title='bbox 1807 2444 1823 2469; x_wconf 84' lang='lat'><strong>9</strong></span> <span class='ocrx_word' id='word_1_871' title='bbox 1837 2445 1862 2468; x_wconf 79' lang='lat' dir='ltr'><strong>tn</strong></span> 
     </span>
    </p>
   </div>
   <div class='ocr_carea' id='block_1_141' title="bbox 1071 2477 1862 2508">
    <p class='ocr_par' dir='ltr' id='par_1_141' title="bbox 1071 2477 1862 2508">
     <span class='ocr_line' id='line_1_143' title="bbox 1071 2477 1862 2508; baseline -0.001 -4"><span class='ocrx_word' id='word_1_872' title='bbox 1071 2478 1225 2506; x_wconf 84' lang='lat' dir='ltr'><strong>Jeremiam.</strong></span> <span class='ocrx_word' id='word_1_873' title='bbox 1244 2486 1317 2504; x_wconf 90' lang='lat' dir='ltr'><strong>num.</strong></span> <span class='ocrx_word' id='word_1_874' title='bbox 1335 2478 1363 2507; x_wconf 71' lang='grc'><strong>4,</strong></span> <span class='ocrx_word' id='word_1_875' title='bbox 1379 2477 1428 2504; x_wconf 86' lang='lat' dir='ltr'><strong>sub</strong></span> <span class='ocrx_word' id='word_1_876' title='bbox 1447 2477 1538 2508; x_wconf 79' lang='lat' dir='ltr'><strong>liuent,</strong></span> <span class='ocrx_word' id='word_1_877' title='bbox 1554 2478 1625 2504; x_wconf 89' lang='lat' dir='ltr'><strong>unde</strong></span> <span class='ocrx_word' id='word_1_878' title='bbox 1649 2481 1798 2504; x_wconf 80' lang='lat' dir='ltr'><strong>contextus</strong></span> <span class='ocrx_word' id='word_1_879' title='bbox 1820 2478 1862 2503; x_wconf 77' lang='lat' dir='ltr'><strong>ille</strong></span> 
     </span>
    </p>
   </div>
   <div class='ocr_carea' id='block_1_142' title="bbox 1071 2512 1860 2548">
    <p class='ocr_par' dir='ltr' id='par_1_142' title="bbox 1071 2512 1860 2548">
     <span class='ocr_line' id='line_1_144' title="bbox 1071 2512 1860 2548; baseline -0.004 -8"><span class='ocrx_word' id='word_1_880' title='bbox 1071 2514 1250 2548; x_wconf 82' lang='lat' dir='ltr'><strong>depromitur,</strong></span> <span class='ocrx_word' id='word_1_881' title='bbox 1266 2520 1317 2539; x_wconf 92' lang='lat' dir='ltr'><strong>non</strong></span> <span class='ocrx_word' id='word_1_882' title='bbox 1330 2520 1436 2539; x_wconf 80' lang='lat' dir='ltr'><strong>veroex</strong></span> <span class='ocrx_word' id='word_1_883' title='bbox 1461 2512 1529 2548; x_wconf 86' lang='lat' dir='ltr'><strong>libro</strong></span> <span class='ocrx_word' id='word_1_884' title='bbox 1544 2513 1631 2546; x_wconf 84' lang='lat' dir='ltr'><strong>primo</strong></span> <span class='ocrx_word' id='word_1_885' title='bbox 1649 2512 1686 2538; x_wconf 90' lang='lat' dir='ltr'><strong>De</strong></span> <span class='ocrx_word' id='word_1_886' title='bbox 1709 2513 1860 2548; x_wconf 67' lang='lat' dir='ltr'><strong>principiis,</strong></span> 
     </span>
    </p>
   </div>
   <div class='ocr_carea' id='block_1_143' title="bbox 1072 2547 1861 2582">
    <p class='ocr_par' dir='ltr' id='par_1_143' title="bbox 1072 2547 1861 2582">
     <span class='ocr_line' id='line_1_145' title="bbox 1072 2547 1861 2582; baseline -0.001 -8"><span class='ocrx_word' id='word_1_887' title='bbox 1072 2554 1100 2575; x_wconf 97' lang='lat' dir='ltr'><strong>ut</strong></span> <span class='ocrx_word' id='word_1_888' title='bbox 1114 2550 1198 2582; x_wconf 83' lang='lat' dir='ltr'><strong>prima</strong></span> <span class='ocrx_word' id='word_1_889' title='bbox 1219 2548 1307 2574; x_wconf 79' lang='lat' dir='ltr'><strong>fronte</strong></span> <span class='ocrx_word' id='word_1_890' title='bbox 1322 2548 1434 2574; x_wconf 88' lang='lat' dir='ltr'><strong>inunere</strong></span> <span class='ocrx_word' id='word_1_891' title='bbox 1449 2547 1574 2574; x_wconf 86' lang='lat' dir='ltr'><strong>videntur</strong></span> <span class='ocrx_word' id='word_1_892' title='bbox 1587 2547 1767 2581; x_wconf 64' lang='lat' dir='ltr'><strong>prtecedentia</strong></span> <span class='ocrx_word' id='word_1_893' title='bbox 1784 2547 1861 2573; x_wconf 73' lang='lat' dir='ltr'><strong>Pum-</strong></span> 
     </span>
    </p>
   </div>
   <div class='ocr_carea' id='block_1_144' title="bbox 1071 2582 1859 2618">
    <p class='ocr_par' dir='ltr' id='par_1_144' title="bbox 1071 2582 1859 2618">
     <span class='ocr_line' id='line_1_146' title="bbox 1071 2582 1859 2618; baseline -0.001 -9"><span class='ocrx_word' id='word_1_894' title='bbox 1071 2583 1137 2618; x_wconf 67' lang='lat' dir='ltr'><strong>pltili</strong></span> <span class='ocrx_word' id='word_1_895' title='bbox 1154 2586 1246 2610; x_wconf 81' lang='lat' dir='ltr'><strong>verba.</strong></span> <span class='ocrx_word' id='word_1_896' title='bbox 1269 2582 1296 2608; x_wconf 90' lang='lat' dir='ltr'><strong>In</strong></span> <span class='ocrx_word' id='word_1_897' title='bbox 1315 2584 1387 2618; x_wconf 71' lang='lat' dir='ltr'><strong>hunc</strong></span> <span class='ocrx_word' id='word_1_898' title='bbox 1410 2588 1569 2618; x_wconf 72' lang='lat' dir='ltr'><strong>contextum</strong></span> <span class='ocrx_word' id='word_1_899' title='bbox 1593 2582 1694 2618; x_wconf 69' lang='lat' dir='ltr'><strong>videsis</strong></span> <span class='ocrx_word' id='word_1_900' title='bbox 1716 2582 1859 2618; x_wconf 69' lang='lat' dir='ltr'><strong>Qrigenia-</strong></span> 
     </span>
    </p>
   </div>
   <div class='ocr_carea' id='block_1_145' title="bbox 1072 2616 1859 2651">
    <p class='ocr_par' dir='ltr' id='par_1_145' title="bbox 1072 2616 1859 2651">
     <span class='ocr_line' id='line_1_147' title="bbox 1072 2616 1859 2651; baseline -0.003 -7"><span class='ocrx_word' id='word_1_901' title='bbox 1072 2616 1130 2644; x_wconf 72' lang='lat' dir='ltr'><strong>itur.</strong></span> <span class='ocrx_word' id='word_1_902' title='bbox 1146 2618 1192 2644; x_wconf 93' lang='lat' dir='ltr'><strong>lib.</strong></span> <span class='ocrx_word' id='word_1_903' title='bbox 1213 2626 1241 2651; x_wconf 88' lang='lat' dir='ltr'><strong>ll,</strong></span> <span class='ocrx_word' id='word_1_904' title='bbox 1256 2623 1351 2651; x_wconf 65' lang='lat' dir='ltr'><strong>quaest.</strong></span> <span class='ocrx_word' id='word_1_905' title='bbox 1375 2617 1403 2648; x_wconf 69' lang='grc' dir='ltr'><strong>Ξ,</strong></span> <span class='ocrx_word' id='word_1_906' title='bbox 1428 2625 1501 2644; x_wconf 87' lang='lat' dir='ltr'><strong>tttnn.</strong></span> <span class='ocrx_word' id='word_1_907' title='bbox 1525 2617 1570 2644; x_wconf 70' lang='lat' dir='ltr'><strong>2i.</strong></span> <span class='ocrx_word' id='word_1_908' title='bbox 1594 2617 1687 2648; x_wconf 79' lang='lat' dir='ltr'><strong>Editi.</strong></span> <span class='ocrx_word' id='word_1_909' title='bbox 1716 2616 1859 2643; x_wconf 66' lang='lat' dir='ltr'><strong>Videamus</strong></span> 
     </span>
    </p>
   </div>
   <div class='ocr_carea' id='block_1_146' title="bbox 1071 2652 1859 2687">
    <p class='ocr_par' dir='ltr' id='par_1_146' title="bbox 1071 2652 1859 2687">
     <span class='ocr_line' id='line_1_148' title="bbox 1071 2652 1859 2687; baseline -0.004 -7"><span class='ocrx_word' id='word_1_910' title='bbox 1071 2659 1133 2686; x_wconf 80' lang='lat' dir='ltr'><strong>ergo</strong></span> <span class='ocrx_word' id='word_1_911' title='bbox 1154 2654 1218 2687; x_wconf 82' lang='lat' dir='ltr'><strong>quid</strong></span> <span class='ocrx_word' id='word_1_912' title='bbox 1241 2655 1321 2679; x_wconf 82' lang='lat' dir='ltr'><strong>sit....</strong></span> <span class='ocrx_word' id='word_1_913' title='bbox 1345 2652 1476 2686; x_wconf 82' lang='lat' dir='ltr'><strong>Splendor</strong></span> <span class='ocrx_word' id='word_1_914' title='bbox 1490 2653 1588 2679; x_wconf 79' lang='lat' dir='ltr'><strong>dicitur</strong></span> <span class='ocrx_word' id='word_1_915' title='bbox 1606 2653 1687 2678; x_wconf 83' lang='lat' dir='ltr'><strong>etiam</strong></span> <span class='ocrx_word' id='word_1_916' title='bbox 1705 2652 1808 2686; x_wconf 62' lang='lat' dir='ltr'><strong>glorise,</strong></span> <span class='ocrx_word' id='word_1_917' title='bbox 1833 2653 1859 2677; x_wconf 77' lang='lat' dir='ltr'><strong>id</strong></span> 
     </span>
    </p>
   </div>
   <div class='ocr_carea' id='block_1_147' title="bbox 1071 2688 1856 2721">
    <p class='ocr_par' dir='ltr' id='par_1_147' title="bbox 1071 2688 1856 2721">
     <span class='ocr_line' id='line_1_149' title="bbox 1071 2688 1856 2721; baseline -0.004 -6"><span class='ocrx_word' id='word_1_918' title='bbox 1071 2694 1119 2720; x_wconf 81' lang='lat' dir='ltr'><strong>est,</strong></span> <span class='ocrx_word' id='word_1_919' title='bbox 1139 2689 1263 2721; x_wconf 74' lang='lat' dir='ltr'><strong>splendor</strong></span> <span class='ocrx_word' id='word_1_920' title='bbox 1276 2688 1382 2714; x_wconf 77' lang='lat' dir='ltr'><strong>luminis</strong></span> <span class='ocrx_word' id='word_1_921' title='bbox 1394 2688 1496 2714; x_wconf 70' lang='lat' dir='ltr'><strong>a&#39;terni.</strong></span> <span class='ocrx_word' id='word_1_922' title='bbox 1512 2688 1564 2714; x_wconf 85' lang='lat' dir='ltr'><strong>Sed</strong></span> <span class='ocrx_word' id='word_1_923' title='bbox 1585 2695 1681 2714; x_wconf 71' lang='lat' dir='ltr'><strong>omnes</strong></span> <span class='ocrx_word' id='word_1_924' title='bbox 1703 2695 1769 2713; x_wconf 64' lang='lat' dir='ltr'><strong>mss.</strong></span> <span class='ocrx_word' id='word_1_925' title='bbox 1788 2693 1815 2713; x_wconf 91' lang='lat' dir='ltr'><strong>ut</strong></span> <span class='ocrx_word' id='word_1_926' title='bbox 1833 2689 1856 2712; x_wconf 89' lang='lat' dir='ltr'><strong>in</strong></span> 
     </span>
    </p>
   </div>
   <div class='ocr_carea' id='block_1_148' title="bbox 1072 2721 1857 2757">
    <p class='ocr_par' dir='ltr' id='par_1_148' title="bbox 1072 2721 1857 2757">
     <span class='ocr_line' id='line_1_150' title="bbox 1072 2721 1857 2757; baseline -0.003 -7"><span class='ocrx_word' id='word_1_927' title='bbox 1072 2729 1157 2754; x_wconf 79' lang='lat' dir='ltr'><strong>textu,</strong></span> <span class='ocrx_word' id='word_1_928' title='bbox 1186 2728 1283 2756; x_wconf 65' lang='lat' dir='ltr'><strong>praeter</strong></span> <span class='ocrx_word' id='word_1_929' title='bbox 1305 2722 1495 2749; x_wconf 84' lang='lat' dir='ltr'><strong>Cotbeteusem</strong></span> <span class='ocrx_word' id='word_1_930' title='bbox 1513 2723 1558 2757; x_wconf 83' lang='lat' dir='ltr'><strong>qui</strong></span> <span class='ocrx_word' id='word_1_931' title='bbox 1590 2722 1689 2754; x_wconf 82' lang='lat' dir='ltr'><strong>habet,</strong></span> <span class='ocrx_word' id='word_1_932' title='bbox 1716 2721 1857 2749; x_wconf 78' lang='lat' dir='ltr'><strong>Videamus</strong></span> 
     </span>
    </p>
   </div>
   <div class='ocr_carea' id='block_1_149' title="bbox 1071 2759 1309 2793">
    <p class='ocr_par' dir='ltr' id='par_1_149' title="bbox 1071 2759 1309 2793">
     <span class='ocr_line' id='line_1_151' title="bbox 1071 2759 1309 2793; baseline -0.004 -8"><span class='ocrx_word' id='word_1_933' title='bbox 1071 2767 1130 2793; x_wconf 87' lang='lat' dir='ltr'><strong>ergo</strong></span> <span class='ocrx_word' id='word_1_934' title='bbox 1143 2760 1186 2792; x_wconf 91' lang='lat' dir='ltr'><strong>qui</strong></span> <span class='ocrx_word' id='word_1_935' title='bbox 1199 2759 1244 2790; x_wconf 82' lang='lat' dir='ltr'><strong>sit,</strong></span> <span class='ocrx_word' id='word_1_936' title='bbox 1257 2763 1309 2784; x_wconf 88' lang='lat' dir='ltr'><strong>etc.</strong></span> 
     </span>
    </p>
   </div>
   <div class='ocr_carea' id='block_1_150' title="bbox 1107 2791 1768 2828">
    <p class='ocr_par' dir='ltr' id='par_1_150' title="bbox 1107 2791 1768 2828">
     <span class='ocr_line' id='line_1_152' title="bbox 1107 2791 1768 2828; baseline 0 -8"><span class='ocrx_word' id='word_1_937' title='bbox 1107 2791 1163 2828; x_wconf 73' lang='lat'><strong>(15)</strong></span> <span class='ocrx_word' id='word_1_938' title='bbox 1180 2793 1216 2819; x_wconf 80' lang='lat' dir='ltr'><strong>Ex</strong></span> <span class='ocrx_word' id='word_1_939' title='bbox 1234 2793 1279 2819; x_wconf 87' lang='lat' dir='ltr'><strong>lib.</strong></span> <span class='ocrx_word' id='word_1_940' title='bbox 1299 2800 1316 2819; x_wconf 94' lang='lat' dir='ltr'><strong>ll</strong></span> <span class='ocrx_word' id='word_1_941' title='bbox 1336 2791 1372 2819; x_wconf 87' lang='lat' dir='ltr'><strong>De</strong></span> <span class='ocrx_word' id='word_1_942' title='bbox 1394 2793 1516 2826; x_wconf 66' lang='lat' dir='ltr'><strong>princip.</strong></span> <span class='ocrx_word' id='word_1_943' title='bbox 1532 2800 1591 2826; x_wconf 81' lang='lat' dir='ltr'><strong>cap.</strong></span> <span class='ocrx_word' id='word_1_944' title='bbox 1605 2793 1632 2826; x_wconf 83' lang='lat'><strong>7,</strong></span> <span class='ocrx_word' id='word_1_945' title='bbox 1651 2800 1728 2820; x_wconf 90' lang='lat' dir='ltr'><strong>num.</strong></span> <span class='ocrx_word' id='word_1_946' title='bbox 1743 2793 1768 2820; x_wconf 79' lang='lat' dir='ltr'><strong>L</strong></span> 
     </span>
    </p>
   </div>
   <div class='ocr_carea' id='block_1_151' title="bbox 1107 2827 1853 2862">
    <p class='ocr_par' dir='ltr' id='par_1_151' title="bbox 1107 2827 1853 2862">
     <span class='ocr_line' id='line_1_153' title="bbox 1107 2827 1853 2862; baseline 0 -8"><span class='ocrx_word' id='word_1_947' title='bbox 1107 2828 1164 2862; x_wconf 84' lang='lat' dir='ltr'><strong>(l6)</strong></span> <span class='ocrx_word' id='word_1_948' title='bbox 1177 2828 1258 2860; x_wconf 77' lang='lat' dir='ltr'><strong>Editi,</strong></span> <span class='ocrx_word' id='word_1_949' title='bbox 1273 2834 1299 2855; x_wconf 87' lang='lat' dir='ltr'><strong>et</strong></span> <span class='ocrx_word' id='word_1_950' title='bbox 1317 2827 1376 2854; x_wconf 88' lang='lat' dir='ltr'><strong>libri</strong></span> <span class='ocrx_word' id='word_1_951' title='bbox 1394 2827 1431 2853; x_wconf 89' lang='lat' dir='ltr'><strong>De</strong></span> <span class='ocrx_word' id='word_1_952' title='bbox 1449 2828 1596 2861; x_wconf 74' lang='lat' dir='ltr'><strong>principiis,</strong></span> <span class='ocrx_word' id='word_1_953' title='bbox 1617 2837 1702 2862; x_wconf 80' lang='lat' dir='ltr'><strong>pauca</strong></span> <span class='ocrx_word' id='word_1_954' title='bbox 1717 2829 1853 2856; x_wconf 78' lang='lat' dir='ltr'><strong>disserere.</strong></span> 
     </span>
    </p>
   </div>
   <div class='ocr_carea' id='block_1_152' title="bbox 1072 2862 1602 2898">
    <p class='ocr_par' dir='ltr' id='par_1_152' title="bbox 1072 2862 1602 2898">
     <span class='ocr_line' id='line_1_154' title="bbox 1072 2862 1602 2898; baseline -0.002 -7"><span class='ocrx_word' id='word_1_955' title='bbox 1072 2862 1134 2891; x_wconf 73' lang='lat' dir='ltr'><strong>Mss.</strong></span> <span class='ocrx_word' id='word_1_956' title='bbox 1155 2870 1218 2891; x_wconf 78' lang='lat' dir='ltr'><strong>vero</strong></span> <span class='ocrx_word' id='word_1_957' title='bbox 1232 2863 1336 2896; x_wconf 81' lang='lat' dir='ltr'><strong>nostri,</strong></span> <span class='ocrx_word' id='word_1_958' title='bbox 1351 2871 1436 2898; x_wconf 83' lang='lat' dir='ltr'><strong>pauca</strong></span> <span class='ocrx_word' id='word_1_959' title='bbox 1449 2863 1602 2890; x_wconf 74' lang='lat' dir='ltr'><strong>describere.</strong></span> 
     </span>
    </p>
   </div>
  </div>
