1909 3080
86 127 141 155 565

689 132 858 160 APOLOClA
877 133 944 160 PRO
964 132 1124 161 ORIGENE.

1662 132 1714 160 566

87 187 222 214 Joannem
250 187 417 216 Paracletum
454 188 603 218 nominavit
629 191 661 218 ι’.
692 191 768 219 Sicut
799 192 1010 222 enimAlncem
1042 197 1143 219 certum
1181 196 1222 219 est
1256 192 1326 226 quod
1357 191 1474 218 tenebrae
1505 199 1557 219 non
1591 199 1708 226 compte

89 233 162 259 idem
187 233 244 267 ipse
269 233 355 266 Deus.
382 239 463 269 atque
492 235 561 262 idem
585 236 642 270 ipse
671 236 813 268 Christus,
842 238 878 264 ita

90 279 162 305 idem
188 279 247 313 ipse
261 284 288 306 et
316 279 433 314 Spiritus
453 285 562 308 sanctus
589 286 646 313 est,
674 283 718 317 qui
743 283 824 310 etiam
850 283 876 310 in

89 324 232 358 prophetis
262 329 289 351 et
312 325 337 352 iu
356 325 485 360 apostolis
507 325 569 357 fuit,
585 325 611 352 id
628 331 680 357 est,
700 327 757 354 sive
781 327 807 354 in
827 327 879 354 illis

90 370 136 404 qui
149 375 214 397 ante
227 371 371 398 adventum
395 370 496 398 Christi
513 371 568 398 Deo
583 371 767 403 crediderunt,
782 371 839 399 sive
852 372 877 399 in

91 416 135 443 his
155 416 201 451 qui
217 423 266 451 per
291 417 429 444 Christum
457 417 637 452 confugerunt
663 418 697 444 ad
724 417 818 445 Deum.
847 418 879 445 Et

91 463 160 490 duos
172 463 280 498 quidem
297 463 367 491 Deos
381 464 538 491 audivimus
558 471 638 492 ausos
661 472 722 492 esse
738 465 879 493 haereticos

90 508 200 543 dicere,
220 514 248 537 et
269 509 335 537 duos
349 510 488 538 Christos:
503 510 557 547 (l7)
573 510 640 537 duos
654 515 742 538 autem
763 511 880 546 Spiritus

90 560 202 582 sanctos
216 563 351 590 nunquam
372 556 523 584 audivimus
537 557 570 584 ab
587 557 675 591 aliquo
700 557 850 592 pradicari.
866 567 875 584 ι

127 601 291 629 Ptturmws.
329 603 407 636 Quod
440 603 534 630 eadem
574 603 609 630 sit
638 603 879 631 inconvertibilitas

91 645 209 682 Spiritus
222 648 308 675 sancti
323 655 383 683 qua:
404 648 492 676 Patris
504 653 531 676 et
549 649 622 676 Filii.
641 649 678 677 De
700 649 768 677 libro
789 649 879 684 ιΠερὶ

88 693 205 728 ἀρχῶν.
750 717 755 722 .

126 739 275 768 Ontasnss.
291 741 347 778 (18)
360 751 369 768 ‹
386 741 462 769 Nulla
477 750 542 778 ergo
556 747 651 770 natura
663 749 714 776 est,
733 748 879 773 secundum

91 787 167 822 quod
186 795 236 815 nos
249 788 391 820 sentimus,
407 796 468 823 quas
494 796 547 816 non
570 789 656 824 possit
682 790 802 825 recipere
823 799 880 817 ma-

91 833 147 860 lum
167 843 174 860 :
197 834 254 870 (I9)
271 835 318 862 sed
336 843 388 863 non
409 836 549 868 conlinuo,
571 836 634 870 quia
650 836 765 864 dicimus
779 837 877 864 nullam

90 887 153 907 essa
165 886 290 908 naturam
308 890 367 916 qua)
386 890 438 910 non
460 884 544 917 possit
560 884 680 918 recipere
704 884 815 916 malum,
833 885 874 912 id-

89 926 167 953 circo
182 927 374 956 confirmamus
390 936 497 956 onmem
520 934 646 956 naturam
668 930 801 964 recepisse
820 939 876 958 ma-

90 972 159 1005 lum,
178 973 204 999 id
216 978 267 1006 est,
286 974 382 1000 malam
397 973 519 1001 effectam
537 983 544 1001 :
560 975 605 1001 sed
630 975 701 1002 sicut
715 981 756 1002 est
775 975 875 1009 dicere,

89 1018 154 1052 quia
171 1020 259 1046 omnis
276 1021 392 1047 hominis
410 1026 505 1048 natura
527 1021 622 1055 recipit
646 1026 675 1048 ut
700 1024 786 1056 possit
801 1024 876 1050 navi-

89 1071 167 1099 gare,
186 1073 238 1093 non
255 1071 342 1094 tamen
364 1075 396 1094 ex
410 1074 441 1094 eo
461 1067 542 1094 etiam
563 1067 650 1094 omnis
673 1068 754 1095 homo
769 1069 877 1104 naviga-

90 1111 147 1144 bit;
163 1112 296 1139 ctiterum
307 1113 379 1140 omni
396 1113 497 1140 homini
513 1114 641 1148 possibile
655 1118 696 1141 est
713 1115 817 1142 discere
830 1123 876 1142 ar-

91 1162 146 1184 tem
160 1158 373 1192 grammaticam,
394 1159 435 1187 vel
459 1160 630 1193 medicinam,
652 1168 703 1187 non
729 1165 816 1188 tamen
836 1162 876 1188 id-

90 1203 166 1230 circo
186 1203 336 1230 ostenditur
349 1204 436 1231 omnis
456 1205 536 1232 homo
558 1205 596 1232 vel
620 1206 737 1233 medicus
760 1214 818 1234 esse
835 1207 875 1234 vcl

91 1249 306 1283 grammaticus:
322 1249 359 1276 ita
382 1250 403 1277 si
419 1251 533 1278 dicimus
556 1252 656 1278 nullam
676 1259 735 1279 esse
754 1258 874 1279 naturam

91 1300 153 1328 qua:
165 1301 216 1320 non
230 1295 314 1328 possit
331 1295 449 1330 recipere
465 1297 577 1328 malum,
604 1304 656 1323 non
682 1301 770 1324 tamen
787 1298 875 1324 conti-

47 1345 51 1349 ·
91 1347 150 1366 nuo-
164 1340 244 1366 etiam
270 1341 404 1375 recepisse
430 1342 529 1368 malum
555 1342 720 1376 designatur.
746 1353 755 1368 ι
771 1342 826 1379 (20)
844 1343 876 1371 Et

90 1392 200 1411 rursum
218 1394 224 1412 :
243 1395 252 1411 ι
265 1385 340 1413 Nulla
360 1393 454 1414 natura
474 1392 517 1415 est
539 1396 600 1422 quae
621 1397 672 1416 non
698 1389 808 1423 recipiat
829 1391 877 1417 bo~

89 1437 155 1456 num
177 1439 249 1458 :nec
266 1436 354 1458 tamen
367 1432 469 1460 idcirco
491 1433 578 1461 omnis
602 1439 698 1461 natura
719 1434 876 1468 probabitur

90 1476 228 1509 recepisse
241 1477 310 1510 quod
330 1477 428 1504 bonum
444 1482 494 1505 est.
515 1488 523 1504 ι

126 1519 290 1548 Purnitus.
310 1522 341 1548 Et
356 1528 414 1556 post
430 1530 514 1558 pauca
528 1523 646 1550 addidit:

125 1566 271 1594 Omosnzs.
290 1576 298 1592 ι
314 1567 392 1595 Nulla
406 1576 471 1602 ergo
487 1574 584 1595 natura
601 1573 642 1596 cst
660 1577 720 1603 quae
734 1577 787 1597 non
803 1570 872 1597 reci-

88 1611 147 1646 piat
162 1613 272 1646 malum,
289 1618 400 1648 excepta
415 1613 460 1640 Dei
480 1619 587 1647 natura,
602 1615 659 1650 (2|)
674 1623 733 1649 qua:
750 1615 810 1643 fons
825 1615 873 1642 bn-

89 1664 188 1684 norum
203 1659 322 1686 omnium
341 1664 393 1692 est,
407 1665 432 1686 et
451 1659 562 1687 Christi.
580 1659 719 1695 Sapientia
735 1662 806 1688 enim
821 1667 873 1694 est,

88 1708 116 1730 et
134 1704 265 1738 sapientia
281 1705 371 1739 utique
383 1706 524 1732 stultitiam
539 1707 657 1739 recipere
670 1715 721 1733 non
732 1712 828 1742 potest.
841 1708 875 1735 Et

86 1747 192 1781 jnslitia
205 1752 244 1774 est
257 1756 264 1779 ;
277 1748 382 1782 justitia
393 1755 480 1776 autem
491 1757 626 1784 nunquam
639 1751 758 1784 profecto
767 1752 874 1785 injusti-

89 1792 155 1818 tiam
181 1793 277 1826 capiet.
297 1793 330 1820 Et
346 1793 460 1822 Verbum
478 1801 530 1828 est,
544 1795 584 1822 vel
609 1796 688 1829 ratio,
703 1804 761 1831 qinc
784 1797 875 1831 utique

89 1838 282 1866 irrationabilis
296 1839 362 1867 eﬂici
379 1848 429 1868 non
444 1846 541 1875 potest.
556 1841 610 1877 (‘22)
621 1842 672 1869 Sed
682 1847 709 1869 et
725 1843 769 1869 lux
784 1848 835 1873 est,
848 1848 875 1870 et

126 1897 148 1913 δ’
161 1897 238 1926 Joan.
257 1906 312 1930 xtv,
327 1898 372 1925 ‘26.
422 1899 445 1914 “
457 1899 526 1927 Psal.
544 1908 570 1931 ι,
586 1900 630 1928 15.
680 1899 702 1915 ⁸⁸
716 1900 783 1928 Dan.
803 1908 839 1933 Iv,
852 1899 878 1927 6.

86 1933 111 1949 ⁸⁸
126 1933 186 1959 Act.
201 1940 259 1964 vni,
273 1933 315 1960 18.

124 1979 180 2015 (l7)
195 1979 266 2006 Duos
280 1986 366 2006 amem
384 1980 498 2014 Spiritus
511 1987 625 2013 sanctos,
639 1987 690 2009 etc.
714 1982 741 2009 ln
761 1982 828 2009 libro
850 1991 870 2010 ιι

89 2013 133 2040 De
151 2015 285 2048 principiis
313 2013 408 2042 locum
431 2016 502 2043 hunc
531 2018 695 2044 contrarium
711 2018 826 2044 diximus
848 2019 872 2045 ei

86 2057 169 2086 quem
184 2051 383 2086 supra,cap;l,
399 2050 481 2077 refert
496 2052 651 2086 Pamphilus
664 2060 697 2079 ex
708 2052 871 2079 Commenta-

86 2084 131 2122 rio_
143 2084 308 2122 Origenisin
328 2084 411 2122 Epist.
429 2085 463 2112 ad
479 2086 532 2122 Tit.
549 2084 589 2118 tit,
608 2087 651 2118 ID,
671 2087 715 2113 ubi
734 2088 811 2122 juxta
823 2087 875 2114 Ge-

87 2119 252 2155 nebrarduui
273 2120 308 2146 ita
328 2120 466 2154 legebatur
479 2130 485 2148 ε
499 2121 550 2148 Sed
568 2128 590 2148 et
611 2127 671 2149 sunt
684 2119 874 2155 qui'Spirilum

86 2159 209 2192 sanctum
223 2154 304 2192 alium
319 2155 423 2189 quidem
440 2157 528 2192 dicunt
547 2165 603 2183 esse
623 2158 668 2191 qui
686 2154 737 2192 fuit
758 2158 786 2184 in
808 2166 872 2189 pro-

932 237 1064 264 hendant.
1077 236 1207 264 Similiter
1221 241 1312 264 autem
1326 242 1354 264 et
1368 241 1465 263 natura
1482 236 1599 269 Spiritus
1614 237 1711 269 sancti,

930 291 990 318 quae
1016 288 1109 310 sancta
1137 287 1190 315 est,
1208 290 1262 309 non
1282 282 1379 316 recipit
1394 282 1580 316 pollutionem.
1595 281 1710 309 Natura-

931 331 992 357 liter
1002 331 1088 363 enim,
1105 329 1144 357 vel
1157 329 1373 356 substantialiter
1387 333 1480 356 sancta
1496 335 1547 356 esu.
1560 328 1588 356 Si
1600 336 1651 363 qua
1663 336 1710 355 au-

931 382 984 404 tem
1004 377 1056 403 alia
1080 381 1174 402 natura
1199 380 1292 402 sancta
1319 379 1370 406 est,
1393 382 1425 401 es
1451 375 1636 408 assumptione
1650 374 1710 405 hoc,

931 423 971 450 vel
987 422 1166 456 inspiratione
1183 420 1303 455 Spiritus
1316 420 1402 447 sancti
1418 420 1499 447 habet
1514 425 1543 447 ut
1557 419 1710 447 sanctitice-

931 474 984 499 tur.
1003 475 1054 495 non
1076 475 1107 494 ex
1133 475 1182 494 sua
1209 472 1305 494 natura
1323 466 1374 493 hoc
1397 466 1550 502 possidens,
1570 466 1616 493 sed
1639 467 1710 492 acci-

930 516 1014 548 dens;
1031 519 1141 549 propter
1152 513 1223 548 quod
1238 518 1264 541 et
1275 513 1400 540 decidere
1413 517 1502 547 potest
1516 513 1587 547 quod
1600 512 1708 539 accidit.

930 561 967 588 lta
986 566 1013 588 et
1025 561 1158 594 justitiam
1173 560 1341 588 accidentem
1358 559 1420 594 quis
1435 559 1535 586 habere
1549 563 1648 593 potest,
1661 566 1710 585 un-

930 606 963 634 de
977 610 1004 633 et
1019 606 1144 633 decidere
1157 613 1217 633 eam
1234 605 1363 640 possibile
1375 609 1425 632 est.
1439 604 1493 632 Sed
1508 610 1535 632 et
1551 604 1710 638 sapientiam

930 651 991 687 quis
1013 651 1188 678 accidet-tem”
1209 649 1386 676 nihilominus
1411 648 1505 680 habet,
1533 647 1658 682 quamvis
1684 646 1710 673 in

931 702 1024 725 nostra
1044 698 1080 724 sit
1101 696 1218 731 positum
1238 699 1372 730 potestate
1395 694 1484 721 studio
1500 698 1592 720 nostro
1608 697 1634 720 et
1650 692 1711 719 vita:

930 743 1038 775 merito,
1054 741 1076 769 si
1090 741 1231 775 sapientiae
1247 747 1357 775 operam
1370 739 1474 770 demus,
1485 737 1551 765 eﬂici
1564 738 1711 772 sapientes;

930 794 956 816 et
968 789 990 816 si
1007 795 1113 822 semper
1129 787 1154 815 id
1170 786 1250 814 studii
1265 792 1401 821 geramus,
1418 784 1474 819 (25)
1487 791 1594 819 semper
1609 783 1711 818 sapien~

932 836 975 863 tite
998 834 1208 869 participemus;
1235 837 1263 860 et
1285 833 1310 859 id
1334 831 1412 858 nobis
1429 830 1471 858 vel
1491 830 1550 865 plus
1566 830 1608 856 vel
1623 830 1712 856 minus

895 869 916 896 Β
930 872 1034 909 accidat
1056 881 1097 908 vel
1112 887 1160 913 pro
1180 879 1243 906 vita:
1263 878 1370 910 merito,
1387 877 1429 904 vel
1444 884 1492 911 pro
1509 876 1590 903 studii
1605 876 1711 910 quanti-

929 933 992 956 tale.
1009 937 1018 953 ι

963 973 1125 1000 PAMPHILUS.
1149 971 1226 1004 Quod
1257 969 1370 1005 aequalis
1401 968 1451 997 sibi
1476 968 1511 996 sit
1537 968 1667 999 Trinitas.
1685 973 1712 995 et

928 1020 998 1055 quod
1021 1019 1138 1054 Spiritus
1159 1023 1269 1045 sanctus
1293 1025 1347 1044 non
1372 1016 1407 1044 sit
1425 1020 1560 1044 creatura.
1583 1015 1620 1043 De
1642 1016 1711 1043 libro

929 1066 1014 1101 primo
1030 1064 1100 1098 Περὶ
1118 1063 1226 1098 ἀρχῶν.

963 1110 1108 1138 Οκισεκεε.
1127 1110 1184 1144 (24)
1206 1118 1215 1134 ‹
1232 1108 1268 1135 De
1292 1107 1393 1141 Spiritu
1418 1114 1484 1134 vero
1513 1111 1622 1138 sancto,
1647 1106 1710 1140 quia

927 1163 978 1189 est,
1003 1157 1094 1184 multa:
1118 1164 1167 1184 nos
1189 1156 1339 1189 Scripturaa
1361 1155 1517 1185 docuerunt,
1541 1154 1611 1181 sicut
1627 1153 1709 1180 David

928 1204 953 1230 in
971 1202 1193 1237 quinquagesimo
1206 1201 1311 1236 psalmo
1336 1201 1420 1227 dicit:
1444 1200 1476 1227 Et
1495 1200 1625 1234 Spiritum
1648 1207 1710 1226 san-

927 1254 996 1276 ctum
1024 1254 1096 1274 tuum
1121 1255 1152 1274 ne
1175 1247 1282 1281 auferas
1297 1255 1313 1273 a
1332 1246 1412 1273 me“.
1424 1245 1457 1272 Et
1473 1245 1499 1272 in
1516 1245 1626 1272 Daniele
1644 1244 1710 1272 dici-

928 1299 970 1320 lur
984 1302 989 1319 :
1007 1292 1120 1327 Spiritus
1138 1296 1245 1319 sanctus
1264 1291 1309 1326 qui
1324 1292 1351 1318 in
1371 1295 1395 1318 te
1414 1295 1453 1318 est
1465 1290 1497 1316 “.
1513 1290 1540 1317 lu
1556 1289 1631 1317 Novo
1645 1297 1709 1316 vero

927 1339 1102 1366 Testamento
1131 1338 1331 1365 abundantibus
1364 1337 1528 1365 testimoniis
1551 1336 1708 1367 edocemur,

927 1394 986 1413 cum
1008 1385 1125 1419 Spiritus
1152 1389 1263 1412 sanctus
1281 1391 1363 1418 super
1377 1383 1516 1411 Christum
1535 1382 1709 1409 descendisse

927 1431 1115 1466 perscribitur,
1131 1437 1159 1457 et
1183 1437 1243 1457 eum
1272 1431 1328 1464 ipse
1358 1429 1487 1456 Dominus
1511 1427 1656 1455 insumavit
1682 1427 1708 1453 in

916 1474 1061 1512 'apostolos
1087 1481 1147 1511 post
1174 1475 1417 1507 resurrectionem,
1452 1475 1544 1501 dicens
1566 1483 1572 1500 ε
1594 1473 1709 1505 Accipite

928 1522 1059 1556 Spiritum
1083 1521 1241 1549 sanciunt“.
1263 1521 1294 1547 Et
1307 1522 1340 1547 ad
1363 1519 1474 1546 Mariam
1489 1519 1590 1546 dicitur
1606 1519 1639 1546 ab
1657 1526 1706 1543 an-

927 1567 1005 1603 gelo:
1022 1568 1137 1602 Spiritus
1158 1571 1266 1594 sanctus
1283 1565 1339 1601 (‘25)
1358 1566 1441 1592 veniet
1461 1573 1540 1598 super
1556 1570 1579 1591 te
1588 1565 1620 1590 “.
1636 1564 1706 1604 ἰξευ-

927 1613 970 1640 lus
986 1620 1049 1640 vero
1067 1613 1154 1645 docet,
1180 1612 1242 1647 quia
1264 1618 1336 1638 nemo
1357 1615 1439 1644 potest
1464 1611 1550 1636 dicere
1566 1610 1707 1636 Dominum

926 1659 1028 1690 Iesum,
1046 1659 1098 1685 nisi
1113 1659 1140 1685 in
1163 1657 1263 1692 Spiritu
1277 1662 1366 1683 sancto
1376 1656 1409 1682 ‘7.
1425 1656 1457 1682 Et
1475 1655 1501 1682 in
1520 1655 1630 1682 Actibus
1644 1661 1709 1688 apt-

928 1705 1056 1732 stolorum
1071 1712 1118 1738 per
1133 1704 1332 1738 impositionem
1353 1709 1479 1729 manuum
1499 1700 1706 1735 apostolicarum

927 1751 1044 1785 Spiritus
1057 1756 1167 1777 sanctus
1188 1750 1305 1776 dabatur
1320 1749 1345 1775 in
1362 1748 1495 1782 baptismo
1506 1747 1538 1773 δ’.
1557 1746 1594 1772 Ex
1610 1746 1708 1781 quibus

925 1797 1049 1825 omnibus
1076 1796 1219 1823 didicimus
1246 1799 1326 1821 tantae
1354 1801 1414 1821 esse
1440 1797 1467 1820 et
1494 1791 1666 1819 auctoritatis
1680 1797 1707 1818 et

926 1843 1065 1878 dignitatis
1080 1842 1258 1869 substantiam
1280 1840 1365 1867 sancti
1388 1839 1515 1874 Spiritus,
1535 1843 1564 1865 ut
1588 1837 1707 1865 salutare

930 1900 953 1916 “
968 1900 1044 1927 Joan.
1064 1908 1109 1932 xx,
1137 1899 1182 1926 29.
1221 1899 1243 1914 ’⁸⁵
1261 1898 1325 1925 Luc.
1351 1906 1369 1930 t,
1390 1897 1434 1924 55.
1473 1897 1494 1912 ⁵⁷
1509 1896 1517 1923 l
1533 1895 1596 1923 Cor.
1618 1904 1666 1929 χιι⁷
1681 1897 1706 1923 '5.

922 1984 991 2010 bitur
1008 1983 1136 2019 recepisse
1149 1981 1217 2019 quod
1237 1982 1330 2019 (tonum
1344 1980 1707 2019 est.illaacunmtcomparcnt

922 2019 1018 2045 inloco
1031 2018 1113 2043 citato
1131 2015 1190 2043 libri
1209 2017 1287 2050 primi
1310 2017 1346 2042 De
1363 2016 1508 2049 principiis.
1523 2015 1567 2041 ulti
1588 2022 1635 2048 pro
1655 2015 1708 2040 illis

923 2052 1012 2080 verbis
1029 2052 1146 2086 legitur:
1164 2049 1315 2078 Secundum
1339 2059 1385 2077 nus
1405 2059 1515 2084 namque
1536 2058 1566 2076 ne
1583 2049 1706 2086 diabolus

923 2089 1026 2122 quidem
1044 2084 1101 2120 ipse
1121 2088 1234 2120 incapaa:
1249 2087 1297 2120 fuit
1323 2087 1383 2112 boni
1398 2094 1406 2112 :
1420 2094 1471 2112 non
1494 2091 1582 2122 tamen
1600 2084 1706 2122 idcirco

924 2119 986 2156 quia
1004 2119 1088 2156 potuit
1104 2119 1216 2152 recipere
1233 2122 1341 2152 bonum,
1356 2122 1434 2147 etiam
1458 2120 1550 2156 valuit,
1565 2120 1603 2146 vel
1616 2119 1705 2156 virtuti

926 2154 1126 2195 bpcmmdedit.
1143 2156 1470 2195 Aliter_fortasselegerat
1487 2156 1512 2182 in
1531 2154 1629 2195 Chl-met;
1641 2154 1706 2194 llic-

85 2188 185 2228 phetis,
198 2188 300 2232 'aliup't'
323 2188 413 2232 autent
433 2193 477 2232 qui
503 2191 552 2225 [uit
575 2193 601 2232 in
617 2188 754 2232 apostolis
768 2188 873 2232 Qatm'ni
891 2203 911 2230 ι)
926 2188 1064 2228 rbnynnis,
1082 2193 1125 2232 qni
1145 2191 1306 2232 inlepis'lola
1327 2192 1360 2218 ad
1383 2188 1490 2230 divitum
1514 2190 1595 2216 refert
1610 2188 1707 2232 Opige-

85 2225 174 2249 nostri
190 2223 255 2250 Jesu
269 2224 377 2251 Christi.
398 2223 450 2252 Sed
467 2223 531 2253 mss.
554 2227 599 2260 qui
615 2223 715 2258 ferunt,
735 2228 788 2254 Sed
806 2233 828 2254 et
851 2228 872 2254 si

106 2259 133 2284 ui
148 2260 284 2293 sunt,qui,
298 2264 363 2288 elc..
375 2265 495 2293 apertam
510 2259 751 2289 coniradictioncm
766 2262 871 2289 tollunt.

100 2293 126 2320 lii
143 2295 216 2320 enim
241 2302 293 2320 non
315 2295 475 2328 aliirmatur,
499 2297 545 2323 sed
562 2297 710 2323 dubitatur.
739 2296 871 2324 Caeterum

85 2327 243 2364 cunLlibris
263 2329 332 2363 Περὶ
347 2329 448 2364 ἀρχῶν
467 2331 599 2364 posterior
615 2332 649 2358 sit
665 2332 872 2358 Commentarius

86 2362 227 2401 in‘Epist.
249 2366 282 2401 ad
310 2362 406 2401 Tum;
423 2362 530 2392 intcrim
556 2366 646 2393 forsan
670 2367 763 2394 audire
786 2367 873 2401 potuit.

86 2397 221 2436 Origenes
236 2399 455 2436 pluresSpiritus
481 2405 591 2429 sanctos
608 2410 622 2428 a
640 2397 798 2436 quibusdam
816 2402 871 2428 hae—

87 2434 183 2471 reticis
196 2435 348 2471 praedicari.
376 2435 408 2461 Et
421 2440 495 2462 eerte
517 2434 799 2471 canones‘apostolici
826 2437 870 2471 qni

87 2468 170 2505 terlio
184 2469 295 2495 circiter
314 2470 423 2505 saeculo.
446 2477 477 2496 ac
490 2471 602 2504 proinde
617 2468 687 2498 circa
705 2471 761 2505 ipsa
778 2468 869 2504 Orige-

85 2503 129 2529 nis
148 2508 270 2536 tempora
285 2504 400 2531 conl'ecti
417 2503 552 2536 videnlur,
565 2507 692 2532 damnant
708 2503 813 2533 canone
824 2506 869 2538 4!,

85 2546 148 2574 eum
165 2539 211 2572 qui
238 2539 416 2572 baptizaverit
435 2539 462 2567 in
487 2545 540 2567 tres
564 2540 656 2574 Filios,
689 2545 734 2568 aut
762 2541 788 2567 in
816 2547 871 2569 tres

84 2573 205 2608 Spiritus
217 2579 336 2600 sanctos.

120 2609 178 2645 (ιβ)
196 2608 294 2645 ljxlib.
312 2617 318 2635 ι
338 2609 374 2636 De
390 2610 514 2644 princip.,
532 2618 590 2645 cap.
604 2610 629 2642 8,
644 2618 716 2638 num.
733 2611 759 2638 5.

119 2644 178 2678 (19)
193 2643 246 2670 Sed
265 2653 316 2670 mm
329 2647 463 2676 continuo,
483 2646 546 2680 quia
565 2643 676 2672 dicimus
698 2647 797 2672 nullatn
815 2655 870 2673 esse

83 2683 210 2705 naturam
222 2687 280 2712 qua:
294 2687 343 2705 non
361 2680 441 2712 possit
463 2681 576 2713 recipere
595 2681 702 2707 malum.
720 2680 782 2708 Hzec
800 2681 869 2708 desi-

83 2714 215 2750 derantur
230 2716 254 2750 in
269 2714 344 2741 libris
361 2719 413 2741 tam
428 2715 507 2742 editis
527 2723 608 2750 quam
624 2724 689 2742 mss.
710 2717 788 2750 hujus
802 2716 869 2749 Apo-

81 2749 178 2782 logiw;
205 2749 252 2775 sed
277 2750 454 2776 restituuntur
468 2758 500 2776 ex
524 2749 649 2777 omnibus
673 2749 812 2778 codicibus
835 2752 867 2777 li-

82 2783 195 2810 broruin
218 2784 255 2809 De
266 2785 413 2818 principiis,
424 2789 450 2810 et
468 2786 632 2812 restituenda
649 2787 784 2813 videntur.

117 2818 175 2853 (ΞΟ)
196 2818 229 2844 Et
245 2827 365 2845 rursum:
383 2818 464 2845 Nulla
490 2827 584 2846 natura
602 2825 639 2847 cst
660 2830 718 2855 qua:
733 2830 782 2847 nou
801 2822 865 2847 rcci-

67 2855 138 2887 °piut
151 2854 251 2881 bonum
264 2862 273 2881 :
287 2862 331 2880 nec
346 2859 432 2881 tamen
450 2855 548 2881 idcirco
565 2857 649 2882 omnis
662 2854 756 2882 natura
773 2857 865 2890 proba-

928 2226 987 2254 neni
1005 2228 1152 2254 asseritis-se
1168 2227 1301 2252 diabolum
1315 2235 1367 2253 non
1386 2226 1536 2258 incapacem
1557 2233 1612 2250 esse
1623 2226 1706 2250 virtu-

927 2263 969 2293 tis,
982 2267 1005 2289 ct
1024 2268 1109 2288 tamen
1127 2265 1236 2288 necdum
1252 2261 1315 2287 velle
1326 2269 1416 2293 capere
1431 2261 1560 2291 virtutem,
1576 2261 1650 2292 quasi
1663 2259 1706 2286 hic

927 2297 1051 2324 innueret
1071 2297 1249 2324 Adamantius
1274 2297 1331 2322 lore
1350 2301 1379 2322 ιιι
1401 2296 1546 2329 aliquando
1566 2295 1630 2321 velit
1650 2295 1706 2320 dia-

927 2332 1003 2359 bolus
1027 2339 1124 2365 capere
1152 2331 1288 2358 virtutem.
1319 2331 1384 2358 Vide
1410 2331 1564 2365 Origenian.
1594 2330 1641 2356 lib.
1668 2337 1704 2361 ιι,

925 2372 1022 2400 quaest.
1037 2367 1064 2396 5.
1079 2374 1151 2395 num.
1164 2367 1209 2399 Η,
1228 2368 1270 2397 1'2,
1283 2367 1325 2397 15,
1341 2366 1384 2394 14,

962 2401 1018 2437 (21)
1036 2402 1108 2427 Libri
1126 2402 1205 2435 hujus
1226 2403 1360 2437 Apologus
1377 2407 1428 2437 tam
1446 2401 1510 2427 editi
1525 2408 1605 2437 quam
1625 2407 1703 2437 mss.

924 2434 982 2470 quia
997 2438 1054 2470 fons
1068 2434 1181 2463 omnium
1195 2442 1242 2467 est,
1261 2443 1283 2463 et
1297 2436 1395 2463 Clu'isti
1407 2436 1453 2472 [aL
1478 2441 1502 2462 et
1518 2434 1650 2497 Christusq
1663 2445 1707 2461 sa-

924 2472 1021 2497 pientia
1034 2476 1120 2497 estest
1139 2472 1267 2497 sapientia
1286 2477 1384 2497 uttaue.
1397 2478 1449 2497 etc.
1467 2470 1520 2497 Sed
1532 2470 1631 2497 rectius
1654 2470 1704 2497 ibri

924 2472 1021 2504 pientia
1034 2476 1120 2501 eruet
1139 2472 1267 2505 sapientia
1286 2477 1384 2506 utique,
1397 2470 1449 2498 etc.
1467 2470 1520 2498 Sed
1532 2470 1631 2498 rectius
1644 2470 1704 2497 libri

923 2506 963 2532 De
974 2507 1121 2540 prinripiis,
1138 2512 1165 2532 ut
1183 2508 1208 2533 in
1229 2512 1321 2534 nostro
1334 2513 1419 2534 textu.

960 2541 1014 2581 (22)
1034 2541 1125 2581 Ριξξι-(ξε
1142 2550 1206 2581 mss.
1231 2542 1508 2581 liahent‘lumetupro
1531 2541 1624 2567 lucem.
1654 2540 1703 2566 illa.

923 2576 1040 2610 Regius:
1059 2576 1111 2602 Sed
1128 2582 1150 2602 et
1173 2577 1220 2603 tua:
1238 2582 1274 2604 est
1290 2584 1313 2603 et
1333 2577 1429 2604 lumen.
1443 2576 1548 2603 Certum
1563 2580 1600 2602 est
1617 2581 1704 2601 autem
1729 2581 1733 2585 '

921 2613 990 2646 quod
1002 2612 1113 2637 tenebrat
1124 2612 1209 2638 lunten
1229 2621 1280 2639 non
1299 2611 1526 2646 comprehendunt.

958 2646 1014 2682 (23)
1031 2646 1092 2682 Mss.
1106 2646 1205 2679 plures,
1221 2648 1243 2673 si
1257 2645 1513 2682 sentper'sapientice.
1530 2645 1630 2682 Deinde
1645 2653 1704 2671 omo

922 2689 980 2713 nes,
996 2681 1193 2716 participumus,
1209 2687 1231 2707 el
1248 2682 1275 2706 id
1288 2684 1360 2709 nobis
1372 2682 1410 2709 vel
1425 2682 1484 2716 plus
1500 2682 1537 2707 vel
1555 2681 1640 2706 minus
1658 2689 1702 2716 nc-

921 2718 1006 2748 cedat,
1024 2721 1076 2743 etc.
1096 2715 1148 2742 Sed
1165 2717 1241 2749 editi,
1259 2722 1286 2742 et
1303 2717 1362 2744 libri
1381 2717 1419 2744 De
1439 2717 1576 2751 principiis
1603 2715 1704 2742 rectius

921 2757 949 2779 ut
963 2753 988 2779 in
1007 2756 1098 2778 nostro
1113 2756 1197 2779 textu.

956 2788 1011 2820 (24)
1026 2787 1066 2812 Ex
1081 2787 1126 2813 lib.
1143 2796 1149 2813 l
1164 2787 1201 2813 De
1216 2787 1340 2821 princip.,
1356 2794 1416 2820 cap.
1433 2787 1460 2820 5,
1475 2795 1549 2814 num.
1562 2786 1590 2813 2.

955 2822 1011 2857 (‘25)
1025 2823 1070 2848 Sic
1094 2830 1159 2850 mss.
1177 2822 1307 2857 plerique.
1323 2823 1418 2850 (la-teri
1435 2829 1509 2855 vero,
1524 2827 1551 2850 ct
1568 2822 1645 2856 editi,
1657 2830 1703 2848 su-

920 2858 1048 2892 perveniet
1062 2857 1088 2883 in
1104 2861 1138 2886 te.
