1909 3080
232 122 286 152 565

835 121 862 148 S.
883 120 1044 148 PAMPHILI
1065 120 1244 149 MARTYRIS

1814 119 1861 146 5M

233 183 334 211 virtute
349 181 520 216 processerit,
540 180 636 207 iterum
651 179 689 214 (6)
702 180 915 216 interrogabitur
937 188 1021 215 quare
1036 183 1058 211 Α
1073 181 1145 208 enim
1159 189 1207 216 per
1220 180 1393 216 adoptionem
1409 179 1526 215 Spiritus
1535 178 1622 207 Filius
1633 177 1663 206 ﬁt
1675 177 1861 210 extrinsecus,

233 237 288 257 non
301 233 328 256 et
339 232 402 255 ante
416 227 480 253 illud
495 226 567 261 quod
581 226 650 253 dixit
668 226 775 253 initium
793 234 800 252 :
818 230 846 253 et
860 226 896 253 ita
910 233 1017 261 semper

233 275 269 303 de
281 272 462 301 amarioribus
483 271 664 306 inquirentes,
680 277 707 298 et
725 272 807 299 verbo
826 271 1017 307 interrogatio-

235 321 276 348 nis
290 319 477 349 ascendentes,
497 318 688 353 perveniemus
705 318 731 345 in
749 318 823 345 illum
837 318 1015 350 intellectum,

233 371 263 393 ut
283 365 410 400 quoniam
426 371 532 398 semper
556 368 583 391 et
612 369 716 398 poterat
734 364 814 395 Deus,
842 368 870 390 et
896 364 1017 396 volebat,

233 417 369 444 nunquam
383 409 420 444 (7)
436 409 476 436 vel
492 408 622 440 decuerit,
636 409 674 435 vel
687 416 768 436 causa
785 409 874 444 aliqua
886 411 1018 437 exsistere

233 456 361 490 potuerit,
388 460 418 482 ut
442 463 494 482 non
517 455 567 482 hoc
599 454 669 489 quod
697 454 796 481 bonum
821 460 845 482 et
867 455 974 482 volebat
991 459 1018 482 et

234 506 348 536 poterat,
369 509 476 536 semper
490 500 623 528 habuerit.
641 500 680 527 Ex
703 508 757 534 quo
775 501 927 528 ostenditur
946 508 1018 528 sem-

232 554 281 582 per
295 545 379 574 iuisse
396 552 522 581 vaporem
542 545 623 572 istum
648 546 758 573 virtutis
782 546 827 573 Dei
848 546 950 573 uullutn
970 547 1019 573 ha-

231 593 340 620 bentem
363 592 480 624 initiutn,
510 592 561 619 nisi
585 593 671 626 ipsum
698 591 794 619 Deum.
825 591 918 627 Neque
946 592 1017 620 enim

233 638 347 666 decebat
364 638 437 665 aliud
448 638 472 664 ei
488 645 548 665 esse
563 637 683 670 initium,
699 638 750 664 nisi
776 638 874 672 ipsum,
892 637 963 665 unde
977 643 1020 664 est

233 690 261 712 et
287 684 420 716 nascitur,
448 685 541 712 Deum.
580 684 735 711 Secundum
762 683 921 719 Apostolum
954 691 1019 711 vero

234 731 378 763 dicentem,
395 730 456 764 quia
470 730 593 757 Christus
607 730 653 756 Dei
669 730 751 756 virtus
772 734 810 756 est
829 730 864 761 ³⁷,
887 729 944 764 jam
966 737 1018 756 non

234 776 320 803 solum
340 783 423 810 vapor
446 775 553 802 virtutis
570 774 629 808 Dei,
645 775 692 802 sed
707 779 737 801 et
754 774 842 802 virtus
865 781 897 802 ex
920 774 1021 802 virtute

235 822 347 850 dicenda
362 827 413 850 cst.
431 832 439 848 ι

269 867 432 895 PAMPHILUS.
456 866 521 893 Item
541 864 613 893 aliud
633 865 817 893 testimonium
845 867 880 893 de
906 866 1017 893 eisdem.
1036 849 1083 890 Β(

269 915 413 942 Οιιιςειιιεδ,
432 913 479 948 ;(8)
517 922 526 938 ι
555 913 776 947 Sempiternnm,
815 913 857 940 vel
889 918 1018 940 arternum

234 961 342 996 proprie
354 960 462 992 dicitur,
478 960 548 994 quod
563 967 649 994 neque
666 960 771 986 initium
789 965 815 986 ut
827 965 900 987 esset
915 959 1018 992 habuit,

235 1014 321 1042 neque
338 1014 446 1034 cessare
463 1013 580 1040 unquam
599 1011 688 1040 potest
712 1013 771 1033 esse
793 1007 864 1040 quod
894 1011 947 1034 est.
965 1005 1021 1033 lloc

233 1059 322 1081 autem
337 1053 492 1088 designatur
505 1051 574 1086 apud
595 1051 739 1083 Joannem,
755 1059 817 1078 cum
837 1053 902 1079 dicit
922 1059 927 1076 :
948 1051 1021 1085 Quo—

234 1101 305 1126 niam
325 1099 394 1125 Deus
410 1099 458 1125 tua;
476 1102 514 1125 est
535 1098 568 1124 ³⁸.
595 1098 729 1132 Splendor
754 1103 844 1125 autem
871 1098 938 1125 lucis
962 1099 1020 1133 ejus

234 1145 371 1180 Sapientia
389 1152 437 1171 sua
459 1149 511 1176 est,
533 1143 570 1178 (9)
590 1151 641 1170 ιιοιι
665 1143 751 1170 solum
781 1143 930 1171 secundutn
948 1144 1021 1178 quod

234 1191 279 1218 lux
289 1197 341 1224 est,
355 1191 401 1218 sed
422 1195 450 1217 et
461 1190 610 1217 secundum
625 1191 697 1224 quod
718 1191 882 1224 sempiterna
903 1190 947 1217 lux
967 1195 1019 1222 est,

232 1238 271 1267 ita
287 1242 315 1264 ut
328 1243 445 1264 aeternus
461 1241 487 1263 et
498 1236 661 1263 aeternitatis
678 1235 806 1270 Splendor
826 1236 862 1263 sit
879 1236 1020 1270 Sapientia

237 1291 293 1312 tua.
307 1282 385 1316 Quod
403 1283 425 1309 si
450 1283 557 1317 integre
576 1282 752 1317 intelligatur,
772 1281 916 1309 manifeste
932 1283 1021 1309 decla-

235 1335 288 1362 rat,
313 1330 375 1365 quia
400 1330 456 1365 (10)
481 1329 658 1357 subsistentia
684 1329 746 1356 Filii
778 1329 813 1356 ab
846 1329 905 1364 ipso
939 1328 1021 1357 Patre

235 1375 385 1405 descendit.
397 1376 443 1402 sed
459 1382 511 1401 non
527 1374 724 1408 temporaliter,
744 1382 832 1408 neque
847 1375 881 1402 ab
898 1374 952 1402 ullo
967 1374 1021 1402 alio

234 1422 322 1455 lnitio,
342 1422 404 1453 nisi,
421 1427 448 1448 ut
462 1421 592 1452 diximus,
608 1422 641 1448 ab
659 1422 716 1455 ipso
735 1421 796 1448 Deo.
817 1430 825 1446 ι

271 1469 434 1496 PAMPHILUS.
464 1469 539 1500 item,
565 1469 598 1495 de
627 1468 779 1495 met-nitate
806 1467 868 1494 Filii
899 1467 964 1499 Dei,
994 1472 1022 1494 et

235 1515 467 1550 inseparabilitate
483 1513 542 1548 ejus
557 1521 571 1540 a
588 1513 678 1546 Patre,
700 1512 772 1539 aliud
794 1513 975 1540 testimonium
988 1513 1021 1540 de

235 1562 306 1590 libro
319 1561 414 1596 primo.

266 1608 411 1637 OIUGENES.
427 1607 484 1643 (11)
500 1616 509 1632 ι
525 1606 666 1634 lnl'andum
682 1611 773 1633 autetn
790 1611 832 1634 est
846 1611 873 1634 et
888 1605 1024 1639 illicitum,

235 1651 322 1682 Deum
334 1654 441 1682 Patrem
456 1653 513 1689 (12)
529 1653 554 1680 in
569 1652 747 1688 generatione
761 1652 821 1680 Filii
831 1653 871 1680 sui
884 1653 1024 1687 nnigeniti,

236 1706 317 1736 atque
341 1701 366 1728 in
392 1700 571 1728 subsistentia
599 1702 676 1734 ejus,
702 1707 845 1734 exmquare
877 1699 956 1727 alicui
983 1699 1025 1727 vel

237 1747 392 1779 hominum,
410 1747 453 1773 vel
470 1746 585 1774 aliorum
601 1746 779 1773 animantium
795 1745 936 1781 generanti
953 1754 961 1778 ;
978 1746 1026 1773 sed

236 1800 348 1822 necesse
363 1798 404 1821 est
418 1799 563 1828 exceptum
585 1793 686 1827 aliquid
706 1801 767 1820 esse
783 1797 809 1820 et
824 1793 878 1819 Deo
902 1792 1023 1826 dignum,

241 1840 320 1875 cujus
332 1839 404 1867 nulla
420 1847 530 1874 prorsus
543 1839 712 1874 comparatio
727 1847 778 1866 non
791 1839 818 1866 in
831 1839 910 1865 rebus
926 1837 1023 1869 solum,

236 1885 334 1913 sedne
357 1886 383 1913 in
408 1886 574 1921 cogitatione
599 1886 707 1920 quidem
734 1884 774 1911 vel
801 1892 881 1912 sensu
907 1883 1023 1911 inveniri

236 1936 337 1967 potest,
360 1937 388 1959 ut
411 1932 527 1959 humana
555 1931 683 1966 cogitatio
711 1931 796 1966 possit
820 1930 1024 1965 apprehendere

236 1977 370 2012 quomodo
397 1977 536 2012 ingenitus
563 1978 633 2005 Deus
653 1977 733 2004 Pater
750 1976 863 2004 elIicitur
890 1976 1023 2011 unigeniti

236 2021 308 2052 Filii.
324 2024 372 2051 Est
389 2032 506 2059 namque
523 2025 558 2051 ita
575 2029 675 2051 aeterna
688 2028 714 2050 et
732 2023 899 2058 sempiterna
911 2030 1024 2057 genera-

240 2073 287 2103 tio.
306 2069 363 2106 (15)
379 2070 452 2098 sicut
476 2070 604 2106 splendor
629 2075 775 2105 generatur
805 2077 838 2096 ex
871 2069 939 2096 luce.
966 2067 1024 2095 Non

275 2139 298 2158 ’τ
312 2139 322 2168 Ι
336 2140 400 2169 Cor.
413 2149 433 2174 ι,
453 2140 497 2168 24.
538 2139 560 2155 ⁵⁸
575 2139 583 2167 l
601 2139 678 2167 Joan.
693 2147 712 2172 ι,
728 2139 754 2166 5.
806 2139 828 2154 "
846 2138 929 2166 llebr.
950 2146 969 2171 ι,
986 2138 1013 2165 5.

1070 227 1115 254 sed
1133 232 1228 254 natura
1244 227 1330 254 Filius
1343 232 1394 254 est.
1415 236 1424 252 ι

1105 273 1269 300 PAMPHILUS.
1289 273 1352 300 ltem
1370 273 1402 300 de
1419 271 1513 300 eodem
1530 271 1602 299 aliud
1617 270 1819 299 testimonium.

1103 330 1247 357 ORIGENES.
1273 339 1284 355 ι
1306 329 1450 356 Videamus

1069 386 1133 414 ergo
1147 377 1250 412 quis’lsit
1263 377 1387 404 Salvator
1402 384 1450 403 no-

1069 431 1135 455 ster.
1146 425 1276 460 Splendor
1288 425 1386 452 dicitur
1393 425 1450 459 glo-

1070 475 1116 501 ria:
1126 471 1158 505 ".
1168 473 1193 501 id
1204 478 1256 505 est.
1265 477 1370 500 (eterna:
1381 472 1449 499 lucis

1069 521 1238 557 splendor“;
1252 526 1277 548 et
1291 526 1393 548 certttm
1405 526 1447 547 est

1071 569 1142 603 quod
1159 567 1286 603 splendor
1302 574 1335 594 ex
1348 565 1448 593 lumine

1071 612 1287 648 inseparabiliter
1332 619 1442 646 genera-

1072 666 1124 692 tur,
1150 665 1177 687 et
1201 659 1287 687 donec
1307 663 1449 693 permanet

1071 708 1127 740 lux,
1142 711 1281 740 permanet
1292 712 1397 740 semper
1421 709 1449 732 et

1071 754 1207 789 splendor.
1235 753 1362 780 Salvator
1382 759 1448 786 ergo

1071 806 1164 829 noster
1186 800 1230 834 qui
1246 799 1386 834 Sapientia
1407 802 1449 825 est

1092 848 1230 883 Sapientia
1269 851 1359 873 autem
1401 845 1446 871 Dei

1072 897 1128 931 ipsa
1142 899 1183 922 est
1199 894 1327 928 splendor
1337 896 1444 919 aeterna:

1071 942 1156 978 lucis)
1185 939 1403 976 insaparabiliter
1418 942 1446 965 et

1072 989 1257 1016 indesinenter
1301 990 1446 1020 generatur

1072 1044 1104 1063 ex
1134 1035 1225 1062 Patre.
1258 1033 1303 1060 Sic
1327 1032 1398 1059 enim
1421 1036 1448 1059 et

1072 1083 1128 1115 ipsa
1143 1082 1176 1108 de
1195 1088 1226 1108 se
1247 1079 1385 1114 Sapientia
1399 1085 1447 1113 per

1073 1129 1244 1156 Salomonem
1269 1127 1335 1154 dicit
1353 1133 1360 1153 :
1381 1126 1447 1152 Ante

1071 1184 1159 1203 omnes
1208 1173 1287 1201 colles
1341 1176 1447 1208 generat

1071 1231 1111 1250 me
1129 1222 1162 1249 δί.
1178 1221 1235 1248 Νοιι
1256 1221 1328 1247 enim
1355 1219 1423 1246 dixit
1439 1227 1446 1245 :

1072 1270 1138 1297 Ante
1160 1277 1247 1296 omnes
1262 1267 1341 1294 colles
1357 1265 1450 1301 genuit

1073 1324 1125 1350 me,
1147 1316 1206 1346 sed.
1230 1320 1336 1350 generat
1355 1322 1404 1340 me.
1421 1313 1448 1340 ln

1071 1371 1125 1398 quo
1143 1361 1324 1397 signiﬁcantia
1352 1358 1451 1399 semei-

1073 1407 1210 1436 ternitatis
1222 1411 1273 1434 est.
1298 1416 1307 1432 ι

1521 328 1576 364 (14)
1612 327 1727 363 Ἰδωμεν
1765 327 1795 353 δὲ
1825 327 1864 358 τίς

1485 375 1563 410 ἡμῶν
1599 375 1672 400 ἐστιν
1704 374 1720 399 ὁ

1491 421 1682 455 ’Λπαύγιισμα
1704 419 1811 452 δόξης.
1832 419 1867 445 re

1491 468 1682 501 ‘Anmiy-acrya
1695 465 1753 499 τῆς
1774 465 1868 497 δόξης

1483 515 1543 550 οὐχὶ
1578 513 1649 546 ἅπαξ
1690 513 1867 548 γεγέννηται,

1484 562 1531 588 νεα.)⁸
1549 562 1608 596 οὐχὶ
1626 562 1758 595 γεννᾶται
1771 569 1778 574 -
1802 559 1869 586 ἀλλὰ

1484 609 1545 634 ὅσον
1560 609 1618 634 ἐστὶ
1634 608 1664 634 τὸ
1680 607 1740 642 φῶς
1759 615 1868 640 ποιητι-

1485 654 1531 682 κὸν
1556 654 1602 680 τοῦ
1634 653 1867 688 ἀπαυγάσματος,

1485 702 1532 728 ἐπὶ
1545 701 1672 728 τοσοῦτον
1694 701 1827 735 γεννᾶται
1842 699 1868 725 τὸ

1484 747 1655 782 ἀπαύγασμα
1664 747 1714 781 τῆς
1725 746 1809 780 δόξης
1823 745 1867 771 τοῦ

1485 793 1562 820 Θεοῦ.
1584 793 1612 819 '0
1624 793 1719 827 Σωτὴρ
1732 792 1814 827 ἡμῶν
1827 792 1868 817 Σο-

1485 841 1533 875 φία.
1549 840 1606 867 ἐστὶ
1620 839 1667 866 τοῦ
1682 839 1764 865 Θεοῦ.
1792 839 1868 865 Ἔστι

1483 887 1511 914 δὲ
1537 888 1553 923 ή
1583 887 1667 921 Σοφία
1693 886 1869 921 ἀπαύγασμα

1482 933 1569 968 φωτὸς
1578 933 1672 959 ἀϊδίου.
1685 933 1717 958 Εἰ
1731 930 1780 958 οὖν
1789 932 1804 958 ὁ
1815 932 1868 958 Σω-

1481 982 1533 1016 τὴρ
1549 981 1591 1006 ἀεὶ
1609 981 1749 1014 γεννᾶται,
1763 980 1814 1006 καὶ
1828 980 1869 1006 διὰ

1484 1027 1563 1053 τοῦτο
1573 1026 1662 1060 λέγει’
1676 1026 1737 1060 Πρό
1751 1026 1788 1052 δὲ
1801 1026 1868 1053 πάν-

1483 1083 1542 1102 των
1559 1074 1682 1107 ,Βουνῶν
1706 1073 1805 1109 γεννᾷ
1823 1083 1868 1109 με·

1483 1122 1542 1158 οὐχὶ
1559 1122 1596 1149 δέ·
1614 1122 1673 1156 Πρὸ
1691 1122 1720 1148 δὲ
1747 1121 1869 1148 πάντων

1481 1168 1604 1202 ,Βουνῶν
1627 1166 1794 1203 τεγένιηικέ
1823 1177 1868 1202 με,

1487 1215 1566 1248 ἀλλὰ,
1582 1214 1638 1248 πρὸ
1656 1213 1782 1240 πάντων
1796 1213 1869 1244 ,ϐου-

1484 1261 1546 1289 νῶν
1566 1259 1660 1295 γεννᾷ
1682 1268 1729 1293 με,
1753 1259 1803 1286 καὶ
1828 1257 1869 1285 ἀεὶ

1485 1310 1614 1344 γεννᾶται
1647 1308 1661 1334 ὁ
1687 1306 1788 1342 Σωτὴρ
1820 1306 1869 1333 ὑπὸ

1486 1355 1533 1383 τὸῦ
1549 1353 1666 1390 Πατρός,
1681 1358 1736 1381 etc.

1757 373 1835 407 Συνεή
1840 382 1863 408 ρ.

1354 1460 1482 1488 Ismara.
1499 1466 1579 1487 nova.

1115 1509 1257 1536 Videamus
1273 1512 1361 1534 autent
1382 1508 1440 1541 quis
1460 1507 1494 1533 sit
1519 1505 1642 1534 Saluator
1659 1509 1759 1531 noster.
1776 1503 1870 1537 Splen—

1038 1542 1059 1572 C
1077 1544 1126 1571 dor
1141 1550 1177 1571 est
1197 1544 1299 1578 glot'ite.
1314 1540 1447 1575 Splendor
1461 1542 1553 1576 gloria:
1574 1549 1624 1567 non
1638 1540 1721 1578 semel
1739 1541 1868 1578 nascitur.

1078 1585 1102 1607 et
1121 1576 1240 1612 dcincips
1264 1578 1335 1604 nasci
1353 1577 1448 1603 desinit
1464 1585 1473 1604 .'
1489 1578 1534 1603 sed
1553 1576 1675 1612 ιιιιαιιιίἱιιΔ
1694 1576 1805 1612 εαξεὶδιὶι
1825 1576 1869 1612 tua:

1079 1615 1188 1650 eﬂicienﬁs
1203 1610 1360 1650 splendoris,
1381 1613 1474 1639 tandiu
1488 1612 1611 1650 gignitur
1636 1610 1762 1650 splendor
1777 1610 1868 1650 glorify

1079 1645 1138 1676 ὕει.
1160 1649 1282 1676 Salvator
1312 1652 1400 1674 noster
1419 1651 1458 1674 est
1485 1645 1619 1680 Sapientia
1644 1645 1702 1671 Dei.
1731 1645 1868 1679 Sapientia

1080 1693 1139 1712 vero
1159 1684 1281 1715 splendor
1310 1689 1346 1710 est
1370 1682 1436 1709 lucis
1462 1679 1576 1709 atteram.
1607 1680 1635 1707 Si
1657 1689 1717 1714 ergo
1749 1679 1870 1707 Salvator

1079 1726 1180 1754 semper
1202 1718 1329 1754 gignitur,
1354 1722 1377 1745 et
1399 1723 1502 1751 propter
1519 1717 1567 1743 hoc
1588 1717 1673 1754 dicit:
1689 1716 1760 1742 Ante
1774 1722 1868 1754 omnes

1078 1751 1162 1782 colles
1188 1751 1298 1788 generat
1319 1761 1382 1780 me:
1407 1760 1458 1779 non
1475 1760 1558 1779 vero:
1586 1752 1656 1788 Apte
1682 1758 1781 1778 omnes
1811 1751 1868 1778 col-

1080 1790 1119 1817 les
1132 1786 1219 1824 genuit
1240 1797 1290 1819 me,
1303 1789 1359 1824 sed,
1379 1788 1449 1814 Ante
1464 1786 1656 1824 omnes_colles
1672 1791 1789 1820 generat
1810 1793 1867 1817 me;

1079 1830 1102 1852 et
1114 1821 1246 1858 sisemper
1257 1832 1289 1850 ea:
1306 1823 1385 1850 Patre
1400 1828 1540 1858 generatur
1556 1821 1689 1854 Saluator,
1707 1826 1762 1848 etc.

1381 1878 1494 1907 CAPUT
1523 1879 1567 1906 IV.

1333 1926 1370 1953 De
1392 1925 1493 1959 Spiritu
1512 1930 1613 1952 sancto.

1115 1974 1259 2002 ORIGENES.
1274 1970 1330 2007 (l5)
1355 1981 1364 1996 ι
1386 1971 1504 2006 Tempus
1527 1976 1568 1998 est
1595 1977 1666 1997 nunc
1692 1977 1744 2005 pro
1768 1970 1868 1996 viribus

1078 2022 1112 2049 de
1123 2021 1224 2056 Spiritu
1240 2025 1334 2046 sancto
1346 2017 1402 2053 (16)
1422 2025 1505 2052 pauca
1525 2017 1692 2048 describere,
1709 2024 1795 2051 quem
1816 2016 1867 2042 Do-

1079 2067 1169 2094 minus
1191 2070 1219 2093 et
1241 2065 1368 2092 Salvator
1395 2069 1486 2091 noster
1503 2063 1529 2090 in
1550 2062 1695 2098 Evangelia
1718 2062 1867 2090 secundum

1057 2137 1079 2153 ⁵ο
1093 2137 1157 2171 Sap.
1173 2135 1279 2168 vu,‘26.
1318 2134 1339 2150 “
1354 2133 1437 2162 Prov.
1451 2141 1508 2166 vni,
1522 2132 1568 2160 25.

277 2197 313 2237 (6)
332 2198 378 2228 Sic
387 2208 481 2228 omnes
499 2208 565 2229 mss.
583 2198 655 2227 Editi
675 2207 752 2232 vero,
765 2204 792 2227 et
810 2199 872 2226 libri
895 2199 931 2226 De
952 2199 1025 2233 prin-
1041 2201 1064 2228 D
1078 2197 1149 2237 Eti‘ili
1168 2204 1243 2237 vero,
1261 2195 1461 2237 generatioitenlt.
1481 2193 1548 2219 Filii
1572 2193 1614 2233 sui
1635 2192 1777 2237 unigeniti,
1794 2197 1870 2225 atque

237 2238 324 2275 ειυέἑξι
336 2237 565 2275 interrogative:-

276 2272 315 2307 (7)
331 2273 416 2302 Alias,
438 2270 485 2298 Vel
510 2271 609 2307 decuit,
628 2270 666 2299 vel
688 2278 769 2307 causa
797 2269 892 2307 aliqua
902 2270 1026 2296 exsistere

241 2304 336 2340 putuit,
351 2312 379 2332 ut
395 2314 446 2333 non
467 2307 561 2333 Danum
581 2306 628 2333 hoc
647 2306 715 2340 quod
740 2306 839 2332 volebat
926 2309 953 2331 ut
976 2313 1026 2331 non

242 2342 290 2368 hoc
304 2340 373 2376 quod
398 2343 493 2368 bonum
509 2347 532 2368 et
554 2341 669 2374 volebat;
689 2341 724 2367 al.
750 2346 777 2366 ut
799 2340 863 2367 non'
880 2340 927 2367 Itoc
955 2341 1025 2373 quod

241 2378 336 2404 bonum
352 2381 388 2403 est
405 2382 427 2402 et
441 2376 560 2410 uolebat;
578 2376 614 2402 al.
633 2382 659 2403 ut
684 2385 734 2402 non
752 2376 820 2410 quod
842 2377 936 2402 bonum
956 2379 1028 2409 pote-

241 2417 281 2453 i-at
299 2417 322 2439 et
344 2407 456 2452 volebat]
475 2407 574 2445 semper
596 2412 725 2438 habuerit.
754 2407 806 2438 Sed
833 2411 933 2438 rectius
957 2407 1024 2438 mss.

240 2447 343 2480 aliquot
355 2454 383 2473 ut
400 2447 425 2473 in
442 2451 525 2473 textu.
797 2458 800 2459 ν

275 2482 314 2518 (8)
329 2482 366 2518 Ex
384 2482 430 2509 lib.
445 2490 451 2508 ι
467 2482 503 2508 De
517 2482 663 2517 principiis,
681 2491 740 2517 cap.
758 2482 786 2515 2,
804 2489 878 2509 num.
895 2481 937 2508 11.

276 2516 314 2553 (9)
331 2516 411 2549 Editi,
433 2523 461 2553 et
475 2525 539 2544 tnss.
557 2518 636 2550 hujus
652 2516 797 2552 Apologiw,
815 2525 865 2543 non
886 2517 969 2553 solum
987 2525 1027 2553 se-

240 2551 356 2581 cundum
372 2554 441 2584 quod
453 2551 499 2579 lux
510 2557 559 2584 est,
574 2553 611 2578 ita
630 2558 657 2579 ut
678 2551 831 2579 a-teriiitatis
853 2552 976 2586 splendor
994 2552 1026 2577 sit

240 2586 372 2624 sapientia
389 2596 449 2621 sua,
463 2588 571 2624 omissis
588 2587 695 2614 caeteris
713 2595 773 2622 qua:
798 2589 944 2624 restituunt
966 2586 1026 2624 libri

243 2621 424 2686 θῇριὶιιείρὶὶδ
439 2627 493 2650 tam
505 2623 568 2650 editi
580 2628 660 2657 quam
671 2621 736 2650 mss.
749 2627 777 2649 et
788 2630 848 2657 qua:
863 2621 1026 2649 restituenda

260 2668 266 2686 Ι
287 2664 375 2686 οῚΙῐΙΙΓ.

240 2660 375 2686 vidi-titur.

277 2694 334 2728 (10)
356 2692 400 2720 Sic
413 2697 487 2720 recte
508 2699 572 2720 mss.
588 2691 718 2728 plerique,
740 2697 768 2720 et
791 2692 852 2719 libri
872 2692 908 2718 De
930 2691 1028 2728 princi-

241 2728 292 2791 piis
308 2735 360 2756 tam
374 2729 438 2755 editi
459 2736 539 2762 quam
553 2735 617 2755 mss.
634 2727 705 2755 Editi
722 2736 784 2755 vero
798 2732 825 2754 et
840 2734 905 2754 mss.
920 2727 1027 2761 quidam

253 2765 322 2791 iuius
336 2764 470 2791 Anoloaite
480 2783 487 2791 .
500 2763 657 2789 substantia.

253 2765 322 2798 iujus
336 2764 470 2798 Apologia:
480 2783 487 2793 .
500 2763 657 2789 substantia.

278 2796 334 2833 (11)
354 2798 392 2824 Ex
413 2796 458 2824 lib.
474 2805 481 2824 ι
498 2799 533 2824 De
547 2797 695 2832 principiis,
712 2805 771 2832 cap.
782 2797 810 2828 (Ξ,
831 2804 905 2823 ιιιιιιι.
921 2796 948 2823 4.

278 2832 335 2868 (Ιὲ)
350 2834 386 2868 Ita
402 2833 461 2859 libri
481 2832 517 2859 De
534 2834 645 2866 princip.
674 2833 712 2859 lta
738 2833 819 2859 etiam
847 2840 942 2858 ouiues
963 2838 1026 2868 mss.

245 2866 341 2899 nostri.
357 2867 410 2896 “isi
425 2868 495 2901 quod
510 2868 633 2901 habeant,
656 2874 731 2902 atque
747 2868 773 2894 in
796 2867 944 2894 substantia
961 2866 1027 2900 ejus.

1079 2233 1229 2259 substantia
1242 2232 1347 2266 ejus....
1369 2229 1407 2256 uel
1424 2229 1539 2256 aliorum
1557 2229 1735 2255 animanttum
1758 2235 1868 2262 generu-

1080 2274 1154 2294 “01H.

1116 2300 1451 2344 (l5)_'VideI0rigeniano‘r:
1467 2299 1514 2344 lib.
1528 2298 1716 2344 ll,'q“a:§t‘.‘2,
1726 2297 1868 2344 .rliiurnuﬁt,

1080 2332 1125 2365 ubi
1140 2332 1205 2365 solis
1220 2332 1369 2369 solarishue
1385 2335 1451 2361 radii
1466 2334 1588 2368 exempla
1603 2334 1635 2359 ad
1662 2332 1868 2367 signiﬁcandam

1081 2378 1210 2401 :cteruatn
1224 2371 1304 2398 Verbi
1318 2370 1519 2405 generationem
1533 2369 1727 2405 discutiuntur.

1116 2408 1171 2443 (M)
1188 2408 1225 2434 Ex
1243 2402 1335 2443 ilOllllr.
1352 2405 1415 2443 9_in
1434 2404 1633 2443 Jer_ept.,_num.
1656 2403 1733 2443 4._—
1751 2402 1870 2443 ’ἷζᾷωέιξν

1079 2438 1187 2475 δὲ’τίξ,
1203 2449 1255 2470 etc.
1268 2441 1361 2468 Grzeca
1378 2441 1434 2466 luet:
1455 2440 1615 2475 adducimus
1638 2446 1670 2464 ex
1689 2438 1801 2464 humilia
1815 2439 1869 2475 υιη

1080 2473 1233 2506 let-entiam.
1253 2484 1326 2503 nunt.
1344 2476 1371 2505 tt.
1387 2475 1437 2502 sub
1456 2474 1546 2504 liuent.
1562 2474 1634 2500 unde
1658 2477 1806 2500 contextus
1828 2473 1870 2498 ille

1080 2514 1259 2547 depromitur.
1275 2519 1326 2538 nou
1339 2517 1445 2537 veroex
1470 2509 1538 2547 libro
1553 2510 1640 2543 primo
1658 2508 1698 2547 De
1718 2508 1868 2547 principiis,

1081 2542 1207 2581 ut'prima
1227 2547 1316 2573 fronte
1332 2547 1443 2572 innuere
1458 2542 1583 2571 videntur
1596 2543 1776 2581 prtecedetrtia
1792 2542 1870 2581 Patu-

1081 2577 1146 2618 pltili
1164 2585 1255 2609 verba.
1279 2581 1306 2607 Ιιι
1325 2581 1399 2618 hunc
1419 2585 1578 2618 contextum
1598 2577 1703 2618 'v‘idcsis
1724 2577 1868 2618 Qrigenia-

1082 2612 1139 2644 nor.
1156 2618 1201 2644 lib.
1222 2621 1360 2650 ti,qn:cst.
1385 2615 1412 2646 ‘2,
1437 2622 1511 2641 num.
1534 2614 1580 2640 Ἡ.
1604 2613 1674 2650 Editi
1688 2633 1696 2644 ,
1724 2612 1868 2650 Videamus

1081 2659 1142 2686 ergo
1163 2653 1228 2687 quid
1245 2648 1331 2678 ait...
1346 2649 1598 2687 rSp/emlorrtiifitnr
1617 2649 1697 2674 etiam
1714 2648 1817 2682 glorior.
1843 2648 1868 2687 id

1081 2684 1130 2720 esi,
1149 2684 1274 2720 splendor
1287 2686 1391 2712 luminis
1405 2686 1506 2711 tt’terni.
1522 2685 1574 2711 Sed
1595 2691 1691 2720 omnes
1713 2691 1778 2720 mss.
1798 2688 1826 2708 ut
1843 2684 1867 2708 in

1082 2716 1168 2754 textu,
1197 2727 1294 2755 praeter
1316 2720 1506 2747 Cutbetensetu
1524 2719 1569 2754 qui
1601 2718 1699 2750 habet,
1725 2716 1868 2744 Videamus

1081 2766 1140 2792 ergo
1154 2759 1198 2792 qui
1210 2757 1256 2788 sit,
1268 2761 1320 2783 etc.

1118 2788 1174 2827 (15)
1191 2793 1228 2818 Ex
1245 2791 1290 2818 lib.
1310 2799 1327 2817 ιι
1339 2790 1383 2827 De
1405 2790 1527 2827 princip.
1540 2797 1603 2827 cap.
1616 2789 1642 2822 7,
1662 2788 1780 2827 ιιιιιιιη1.

1119 2824 1175 2862 (16)
1189 2827 1269 2859 Editi,
1284 2833 1310 2854 et
1327 2826 1387 2852 libri
1405 2825 1442 2851 De
1460 2825 1607 2862 principiis,
1628 2832 1712 2857 pauca
1728 2824 1865 2850 disserere.

1084 2859 1146 2891 Mss.
1167 2859 1230 2890 iero
1243 2862 1348 2895 nostri,
1363 2869 1447 2895 pauca
1460 2859 1613 2887 describere.
