1909 3080
99 113 156 142 565

702 117 871 145 APOLOCIA
890 117 957 145 Ρ]ὶο
977 117 1137 145 ORIGE‘NE.

1673 115 1726 143 566

100 174 236 201 Joannem
263 173 430 201 Paracletum
467 174 616 203 nominavit
642 176 674 203 ".
705 176 781 203 Sicut
812 177 1022 207 enimAlucem
1054 181 1156 204 certum
1194 180 1235 203 est
1269 176 1339 210 quod
1370 175 1486 202 tenebra
1518 183 1570 202 non
1604 182 1721 210 compre

102 219 176 246 idem
202 219 258 253 ipse
283 219 368 252 Deus.
395 225 476 254 atque
504 221 573 247 idern
598 221 655 255 ipse
684 221 826 253 Christus,
855 223 890 249 ita

103 265 176 291 idem
203 265 260 299 ipse
274 270 302 292 et
329 265 446 300 Spiritus
465 271 574 293 sanctus
602 271 659 298 est,
687 268 730 302 qui
755 268 837 294 etiam
862 267 888 294 in

102 310 245 344 prophetis
275 315 302 338 et
324 311 350 337 in
369 311 498 346 apostolis
519 310 582 342 fuit.
598 311 624 338 id
641 316 693 342 est,
713 312 770 339 sive
794 313 820 338 in
840 311 892 339 illis

103 356 151 390 qui
164 361 226 383 ante
240 357 384 384 adventum
407 356 509 384 Christi
526 356 581 384 Deo
596 357 780 388 crediderunt,
795 356 852 384 sive
865 357 890 384 in

104 402 149 430 bis
170 403 215 437 qui
230 410 279 437 per
304 403 442 430 Christum
469 402 650 438 confugerunt
676 403 710 429 ad
737 403 831 430 Deum.
859 403 892 430 Et

104 449 175 476 duos
185 449 293 484 quidem
311 449 380 477 Deos
395 449 551 477 audivimus
571 457 652 477 ausos
674 457 734 477 esse
750 450 892 478 haereticos

103 494 213 529 dicere,
234 500 261 523 et
282 495 349 523 duos
362 495 501 523 Christos:
516 496 570 532 (1'1)
586 496 653 523 duos
667 500 756 523 autem
777 496 893 530 Spiritus

104 547 216 568 sanctos
230 549 365 576 nunquam
385 542 536 569 audivimus
550 542 584 569 ab
600 542 689 576 aliquo
713 542 863 577 praedicari.
879 552 888 568 ι

142 587 305 615 PAMPHILUS.
343 589 421 622 Quod
453 588 548 615 eadem
587 589 622 616 sit
651 588 893 616 inconvertibilitas

105 632 224 668 Spiritus
236 634 321 661 sancti
337 641 397 668 qua:
417 633 505 662 Patris
518 638 545 662 et
563 634 635 662 Filii.
655 634 691 662 De
713 634 781 662 libro
802 634 891 668 tHspl

102 680 219 714 ἀρχῶν.
764 702 769 707 .

142 726 289 754 (iurasses.
306 727 361 763 (18)
374 737 383 754 ι
399 727 476 755 Nulla
491 735 556 763 ergo
570 732 664 755 natura
677 734 728 761 est,
747 733 892 758 secundum

105 773 182 808 quod
202 781 250 800 nos
263 774 405 806 sentimus,
421 781 482 809 quae
508 782 560 801 non
584 774 669 808 possit
696 775 815 810 recipere
837 783 893 802 ma-

104 819 163 846 lum
183 829 190 846 :
212 820 268 856 (i9)
285 820 332 848 sed
349 828 402 848 non
423 821 563 854 continuo,
585 822 648 855 quia
664 821 779 848 dicimus
793 822 891 848 nullam

944 221 1076 249 bendaut.
1089 220 1220 248 Similiter
1233 225 1324 248 autem
1339 225 1367 247 et
1382 225 1478 247 natura
1495 220 1612 252 Spiritus
1626 220 1724 252 sancti,

943 276 1003 303 quae
1029 272 1122 295 sancta
1149 271 1202 299 est,
1221 274 1275 293 non
1295 265 1391 300 recipit
1406 265 1592 300 pollutionem.
1608 265 1722 292 Natura-

943 315 1004 342 liter
1015 315 1101 348 enim,
1117 313 1157 341 vel
1170 313 1386 341 substantialiter
1400 316 1493 339 sancta
1509 318 1560 339 est.
1573 311 1600 339 Si
1613 319 1664 346 qua
1675 319 1723 338 au-

943 367 997 389 tem
1016 361 1068 388 alia
1092 365 1187 387 natura
1211 364 1305 386 sancta
1331 362 1383 390 est,
1406 366 1438 384 ex
1464 358 1649 392 assumptione
1663 357 1722 388 hoc,

943 407 983 434 vel
1000 406 1179 440 inspiratione
1197 405 1315 439 Spiritus
1329 404 1415 431 sancti
1432 403 1512 430 habet
1527 408 1556 429 ut
1570 402 1723 430 sanctilice-

943 459 997 483 tur,
1016 460 1067 480 non
1089 459 1120 478 ex
1146 459 1194 478 sua
1222 456 1318 478 natura
1336 450 1387 477 hoc
1409 450 1563 485 possidens,
1583 449 1629 476 sed
1652 449 1723 475 acci-

943 500 1027 532 dens;
1043 504 1154 533 propter
1165 498 1236 532 quod
1251 502 1277 525 et
1289 497 1414 524 decidere
1426 501 1515 531 potest
1529 496 1600 530 quod
1613 495 1721 522 accidit.

943 546 981 573 Ita
999 551 1026 573 et
1038 545 1171 579 justitiam
1186 544 1354 572 accidentem
1371 543 1432 578 quis
1449 543 1548 570 habere
1562 546 1661 576 potest,
1674 549 1723 567 uu-

944 591 976 618 de
990 595 1018 618 et
1032 591 1157 618 decidere
1170 597 1230 617 eam
1247 589 1376 624 possibile
1388 593 1438 616 est.
1453 588 1506 615 Sed
1521 593 1548 615 et
1564 587 1723 622 sapientiam

943 636 1004 671 quis
1026 634 1201 663 accidentem‘
1222 633 1399 660 nihilominus
1424 632 1518 662 habet,
1546 630 1672 665 quamvis
1696 629 1723 656 in

944 686 1037 709 nostra
1057 683 1094 708 sit
1114 680 1231 715 positum
1251 683 1385 714 potestate
1408 678 1498 705 stttdio
1513 681 1605 704 nostro
1620 680 1647 703 et
1663 675 1724 702 vita:

944 727 1052 760 merito,
1068 725 1090 753 si
1104 725 1245 760 sapientiae
1261 731 1370 758 operam
1383 723 1488 753 demus,
1498 721 1564 749 ellici
1577 721 1724 755 sapientes;

944 778 970 801 et
981 774 1004 801 si
1020 779 1127 806 semper
1142 771 1168 799 id
1183 770 1263 798 studii
1278 776 1414 805 geramus,
1431 767 1488 803 (25)
1500 774 1608 802 semper
1621 766 1724 801 sapien-

946 820 989 847 tiae
1012 819 1222 854 participentus;
1248 821 1276 844 et
1298 816 1324 843 id
1347 815 1426 842 nobis
1443 814 1485 841 vel
1505 813 1564 848 plus
1579 813 1622 840 vel
1636 813 1725 840 minus

104 873 168 893 esse
180 873 303 894 naturam
323 875 381 902 qua?
400 876 452 895 non
474 868 557 902 possit
574 869 694 903 recipere
717 869 829 901 malum,
847 870 888 896 id-
909 853 929 880 Β
944 866 1049 894 accidat
1071 865 1111 892 vel
1126 871 1174 897 ι)το
1194 863 1257 890 Vim
1277 862 1384 894 ηιθτῖιο,
1401 859 1442 888 νει
1458 867 1506 895 PFO
1523 859 1603 887 Sludii
1618 859 1725 893 quami'

103 912 183 940 circo
198 913 388 941 confirmamus
405 921 511 941 onmem
534 919 660 941 naturam
683 915 816 948 recepisse
834 923 890 942 ma-

104 958 174 991 lum,
194 959 219 985 id
230 963 282 991 est,
301 959 396 986 malam
411 959 533 987 elTectam
552 969 558 986 :
574 960 620 986 sed
644 959 715 987 sicut
730 966 770 987 est
789 960 889 994 dicere,

103 1004 169 1038 quia
186 1006 273 1032 omnis
291 1006 406 1033 hominis
425 1011 519 1033 natura
541 1006 636 1040 recipit
660 1011 689 1033 ut
714 1008 800 1042 possit
816 1008 891 1035 navi-

103 1058 181 1085 gare,
201 1059 252 1078 non
269 1057 356 1079 tamen
379 1060 410 1079 ex
425 1059 456 1080 eo
476 1052 556 1079 etiam
577 1051 665 1080 omnis
687 1053 768 1080 homo
783 1054 891 1088 naviga-

103 1097 162 1130 bit;
178 1102 205 1124 ct
215 1097 311 1125 iterum
322 1099 394 1125 omni
410 1098 512 1125 homini
527 1099 656 1133 possibile
670 1103 710 1126 est
728 1100 832 1127 discere
845 1108 890 1127 ar-

105 1149 161 1170 tem
175 1144 388 1178 grammaticam,
409 1144 450 1172 vel
474 1145 645 1178 medicinam,
666 1153 718 1172 non
743 1150 831 1172 tamen
851 1146 890 1172 id-

103 1189 180 1217 circo
201 1189 350 1216 ostenditur
364 1190 450 1217 omnis
470 1191 551 1217 homo
573 1191 611 1217 vel
634 1191 752 1218 medicus
774 1199 833 1218 csse
850 1191 891 1218 vel

105 1235 321 1269 grammaticus:
337 1235 374 1262 ita
397 1235 418 1263 si
434 1236 548 1264 dicimus
571 1237 670 1263 nullam
691 1243 750 1264 esse
769 1243 889 1264 naturam

104 1287 167 1314 qua:
180 1287 231 1306 non
245 1280 328 1314 possit
345 1281 464 1316 recipere
480 1282 592 1312 malum.
619 1289 671 1308 non
697 1287 785 1309 tamen
802 1283 890 1308 conti-

59 1331 64 1335 ‘
104 1333 164 1352 nuo
179 1326 259 1352 etiam
285 1327 419 1361 recepisse
445 1327 544 1354 malutn
570 1327 735 1361 designatur.
761 1327 841 1364 »(28)
859 1327 891 1355 Ει

104 1378 215 1398 rursum
233 1380 239 1398 :
258 1381 267 1397 ι
281 1371 356 1398 Nulla
375 1378 469 1400 natura
489 1377 532 1400 est
555 1381 615 1408 quae
636 1382 687 1401 non
713 1374 824 1408 recipiat
845 1375 892 1401 bo-

103 1423 170 1442 mun
193 1424 264 1444 :nec
281 1422 370 1444 tamen
383 1417 484 1445 idcirco
506 1419 594 1446 onmis
617 1424 713 1446 natura
734 1419 892 1453 probabitur

104 1461 243 1495 recepisse
256 1463 325 1496 quod
345 1463 444 1490 bonum
459 1468 510 1490 est.
530 1473 539 1490 ι

141 1505 306 1534 Purmtus.
325 1507 357 1534 Et
372 1513 430 1541 post
446 1515 530 1543 pauca
543 1508 661 1536 addidit:

141 1552 287 1580 Ontsesss.
305 1562 314 1578 ι
330 1553 408 1580 Nulla
422 1561 487 1588 ergo
503 1559 600 1580 natura
616 1559 657 1582 est
676 1562 735 1588 qua:
750 1562 802 1582 non
819 1555 888 1582 reci-

102 1598 162 1632 piat
177 1599 288 1632 malum,
305 1604 416 1634 excepta
431 1599 476 1626 Dei
495 1605 603 1633 natura,
618 1600 675 1635 (2|)
690 1608 749 1635 qua:
766 1600 825 1628 fons
840 1600 888 1627 bo-

104 1651 204 1670 norum
219 1644 338 1672 omnium
357 1650 409 1678 est,
423 1650 448 1672 et
467 1645 578 1673 Christi.
596 1645 735 1680 Sapientia
751 1647 822 1673 enim
836 1652 888 1678 est,

103 1694 132 1717 et
149 1690 282 1724 sapientia
297 1691 387 1724 utique
399 1691 540 1718 stultitiam
555 1692 673 1724 recipere
686 1700 736 1718 non
747 1697 844 1727 potest.
857 1693 891 1720 Ει

101 1733 208 1767 justitia
221 1738 260 1760 est
273 1742 280 1765 ;
293 1734 398 1769 justitia
409 1740 496 1762 autem
507 1742 642 1770 nunquam
655 1735 774 1770 profecto
783 1737 890 1770 injusti-

103 1778 172 1805 tiam
198 1779 294 1812 capiet.
314 1779 346 1806 Et
362 1779 476 1807 Verbum
495 1786 546 1814 est,
560 1780 600 1808 vel
626 1781 705 1814 ratio,
719 1790 777 1816 quae
800 1782 891 1816 utique

104 1824 299 1853 irrationabilis
313 1825 378 1853 eﬂici
395 1834 446 1854 non
461 1832 557 1861 potest.
572 1827 627 1862 (22)
637 1828 687 1854 Sed
698 1833 725 1854 et
741 1828 785 1854 lux
800 1833 851 1858 est.
865 1833 891 1855 et

142 1884 164 1900 "
177 1883 255 1912 Joan.
273 1891 328 1916 xlv,
343 1883 389 1911 '26.
439 1884 461 1900 “
474 1884 543 1912 Psal.
561 1893 586 1916 ι..
603 1885 647 1913 13.
696 1884 719 1901 ⁸⁸
733 1885 799 1913 Dan.
819 1893 855 1918 Iv,
868 1884 894 1912 6.

103 1919 128 1935 ⁵⁸
142 1920 202 1945 Act.
218 1926 276 1950 vui,
290 1919 332 1946 18.

141 1965 197 2001 (17)
212 1966 282 1992 Duos
297 1972 382 1992 autent
400 1966 514 2000 Spiritus
527 1973 641 1998 sanctos.
656 1972 707 1994 etc.
730 1967 758 1994 lu
777 1967 844 1994 libro
867 1976 887 1994 ιι

107 1999 149 2027 De
168 2002 302 2034 principiis
330 2001 416 2028 locum
448 2002 519 2028 hunc
548 2003 712 2028 contrarium
727 2003 842 2029 diximus
865 2004 888 2029 ei

104 2043 186 2071 quem
201 2043 360 2071 supra.cap.
375 2036 400 2067 1,
416 2036 497 2063 refert
513 2037 668 2071 Pamphilus
680 2045 713 2064 ex
725 2037 888 2063 Commentm

105 2071 144 2096 rio
160 2070 284 2104 Origcuis
299 2071 325 2097 in
346 2070 428 2103 Epist.
447 2071 480 2098 ad
496 2072 549 2099 Tit.
566 2070 606 2103 ut.
625 2073 667 2103 10,
688 2072 731 2098 ubi
751 2072 828 2106 juxta
840 2071 892 2099 Ge-

106 2105 269 2132 ttebrartlum
289 2106 325 2132 ita
346 2106 483 2139 legebatur
496 2116 503 2134 :
516 2106 567 2133 Sed
585 2113 607 2133 et
629 2111 688 2134 sunt
700 2105 891 2140 qui'Spii-itum

105 2145 227 2176 sanctum
240 2140 321 2176 alium
337 2141 440 2175 quidem
457 2142 545 2167 dicunt
563 2150 620 2168 esse
640 2143 684 2176 qui
703 2142 754 2176 fuit
775 2142 803 2168 in
825 2150 889 2173 pro-

931 1458 1077 1497 'apostolos
1103 1465 1162 1495 post
1190 1459 1432 1491 resurrectionem,
1466 1458 1559 1485 dicens

943 917 1006 940 tale.
1023 921 1032 938 ι

978 957 1139 984 Psurmws.
1163 955 1240 988 Quod
1271 953 1383 988 aequalis
1414 951 1465 980 sibi
1490 951 1525 979 sit
1551 951 1681 982 Trinitas.
1699 956 1725 978 et

942 1004 1012 1039 quod
1035 1003 1151 1038 Spiritus
1173 1007 1283 1029 sanctus
1307 1008 1361 1028 non
1386 1000 1421 1027 sit
1439 1003 1573 1027 creatura.
1598 998 1634 1026 De
1656 999 1725 1026 libro

943 1050 1028 1084 primo
1045 1048 1114 1082 Περὶ
1132 1047 1240 1082 ἀρχῶν.

978 1094 1122 1122 Οιιιῦειιεε.
1141 1093 1197 1127 (24)
1220 1102 1229 1118 ι
1246 1092 1283 1119 De
1307 1092 1408 1125 Spiritu
1432 1097 1498 1118 vero
1527 1093 1636 1122 sancto,
1661 1089 1724 1123 quia

942 1147 993 1173 est,
1018 1141 1109 1168 multae
1132 1148 1181 1167 nos
1203 1139 1353 1172 Scriptura:
1375 1139 1532 1168 docuerunt,
1555 1137 1625 1164 sicut
1642 1136 1724 1163 David

943 1189 968 1214 in
986 1186 1208 1221 quinquagesiqu
1221 1185 1326 1219 psalmo
1351 1185 1435 1211 dicit:
1458 1183 1491 1210 Et
1509 1183 1639 1218 Spiritum
1662 1190 1724 1208 san-

942 1238 1010 1260 ctum
1038 1237 1111 1258 tuum
1136 1239 1166 1258 ne
1189 1231 1296 1265 auferas
1312 1239 1328 1256 α
1346 1229 1426 1256 me“.
1439 1229 1471 1256 Et
1488 1229 1514 1255 itt
1532 1227 1640 1255 Daniele
1659 1227 1725 1254 dici-

942 1283 1005 1304 tur:
1022 1276 1135 1311 Spiritus
1153 1281 1260 1303 sanctns
1279 1275 1324 1310 qui
1338 1275 1366 1301 iu
1385 1278 1410 1301 te
1429 1278 1467 1301 est
1479 1273 1512 1299 “.
1527 1273 1554 1300 lu
1571 1273 1646 1300 Novo
1660 1279 1723 1300 vero

942 1324 1116 1350 Testamento
1146 1322 1346 1349 abundantibus
1379 1320 1543 1348 testimoniis
1566 1319 1722 1350 edocemur,

942 1378 1001 1397 cum
1023 1369 1140 1404 Spiritus
1167 1373 1278 1396 sanctus
1296 1375 1378 1402 super
1392 1361 1531 1395 Christum
1549 1365 1723 1392 descendisse

942 1416 1131 1450 perscribitur,
1147 1421 1174 1441 et
1198 1422 1258 1441 cum
1287 1414 1343 1448 ipse
1373 1413 1502 1440 Dominus
1527 1410 1671 1438 insulIlaVit
1697 1410 1723 1436 in

1581 1466 1588 1484 :
1610 1456 1724 1488 Accipite

943 1507 1074 1540 Spiritum
1098 1505 1256 1533 sanctum".
1278 1505 1309 1531 Et
1322 1505 1354 1530 ad
1378 1503 1489 1530 Mariam
1505 1503 1604 1530 dicitur
1621 1503 1654 1528 ab
1672 1509 1721 1527 au—

943 1552 1020 1587 gelo:
1037 1552 1152 1586 Spiritus
1173 1555 1281 1578 sanctus
1298 1549 1354 1585 (25)
1373 1550 1455 1576 ueniet
1476 1557 1555 1582 super
1572 1554 1594 1574 te
1604 1548 1635 1574 “.
1651 1547 1722 1587 [fau-

943 1598 985 1624 lus
1002 1605 1064 1624 vero
1083 1597 1169 1629 docet,
1195 1596 1257 1630 quia
1279 1602 1352 1622 nemo
1372 1599 1454 1628 potest
1479 1594 1565 1620 dicere
1581 1593 1722 1620 Dominum

942 1643 1044 1674 Iesum.
1063 1643 1113 1669 nisi
1128 1643 1156 1669 in
1179 1641 1279 1676 Spiritu
1293 1646 1382 1667 sancto
1392 1640 1424 1666 ".
1440 1639 1473 1666 Et
1491 1639 1517 1666 iu
1535 1638 1645 1666 Actibus
1659 1645 1725 1672 apt-

943 1689 1072 1717 stolarum
1087 1696 1134 1722 per
1149 1688 1347 1722 impositionem
1368 1693 1495 1712 manuum
1514 1684 1721 1719 apostolicarum

943 1735 1060 1770 Spiritus
1073 1740 1183 1761 sanctus
1204 1734 1320 1760 dabatur
1335 1733 1360 1758 in
1378 1732 1511 1766 baptismo
1522 1730 1554 1756 ⁸⁸.
1573 1730 1609 1756 Ex
1625 1729 1723 1764 quibus

942 1782 1065 1810 omnibus
1091 1780 1235 1807 didicimus
1261 1783 1342 1805 tantm
1370 1785 1430 1805 esse
1456 1781 1483 1803 et
1510 1775 1682 1803 auctoritatis
1696 1780 1723 1801 et

942 1827 1081 1863 dignitatis
1097 1826 1274 1854 substantiam
1295 1824 1381 1851 sancti
1403 1823 1531 1857 Spiritus,
1551 1827 1580 1849 ut
1604 1820 1723 1848 salutare

947 1885 969 1900 "
984 1885 1060 1912 Joan.
1080 1893 1125 1917 xx,
1153 1883 1198 1910 2‘2.
1237 1883 1259 1898 “
1277 1882 1341 1909 Luc.
1367 1889 1385 1913 ι,
1406 1881 1450 1908 55.
1489 1880 1510 1896 "’
1525 1880 1533 1906 l
1549 1879 1612 1907 Cor.
1634 1887 1682 1912 xu,
1696 1879 1722 1906 5.

938 1969 1008 1994 bitur
1025 1967 1148 2000 recepisse
1166 1965 1234 2000 quod
1253 1966 1346 2002 borium
1361 1970 1408 1992 est.
1423 1963 1723 2002 [itec__nmt_c_0inpar_ent

939 2003 1034 2030 inloco
1047 1998 1130 2028 citato
1148 1998 1206 2028 libri
1226 2001 1303 2034 primi
1327 2000 1363 2026 De
1379 1999 1525 2033 principiis,
1539 1999 1583 2024 ubi
1605 2006 1655 2034 pro,
1671 1998 1724 2023 illis

940 2037 1028 2064 verbis
1045 2037 1162 2071 legitur:
1181 2033 1332 2063 Secundum
1356 2043 1402 2071 nos
1421 2042 1531 2068 namque
1552 2041 1583 2059 ne
1600 2033 1722 2071 diabolus

939 2073 1042 2106 quidem
1060 2068 1117 2105 ipse
1138 2073 1250 2104 incapua:
1266 2071 1313 2104 fuit
1339 2070 1422 2106 boni:
1436 2078 1488 2095 non
1511 2073 1598 2106 tamen
1616 2068 1722 2106 idcirco

940 2102 1003 2141 quia
1020 2102 1105 2141 potuit
1121 2102 1232 2136 recipere
1250 2102 1357 2136 bonum,
1373 2105 1451 2141 etiam
1475 2103 1566 2141 voluit:
1582 2104 1620 2130 vel
1632 2102 1722 2141 virtuti

943 2137 1046 2175 opera'm
1061 2143 1142 2167 dedit.
1159 2141 1244 2167 Aliter
1259 2141 1371 2166 fortasse
1385 2140 1487 2173 legerat
1503 2139 1529 2165 in
1548 2137 1644 2175 Graeco
1658 2137 1722 2175 Ilie-

105 2174 203 2215 pllett's,
216 2174 316 2217 Iulium.
341 2172 431 2217 autem
450 2178 495 2217 qui
520 2176 570 2210 {uit
593 2179 618 2217 in
633 2172 771 2217 Adposiolt'f-
785 2172 891 2217 Domini
908 2187 928 2214 ι)
943 2172 1082 2211 ronymus,
1099 2177 1142 2217 qui
1162 2175 1323 2217 iul-epistola
1344 2175 1378 2202 ad
1399 2172 1508 2214 {hilum
1531 2173 1612 2200 refert
1626 2172 1723 2217 oriae-

105 2211 191 2236 nostri
207 2209 272 2236 Jesu
286 2210 395 2236 Christi.
415 2211 467 2237 Sed
484 2219 549 2238 mss.
571 2212 616 2246 qui
633 2209 732 2243 lerunt,
752 2212 805 2238 Sed
823 2217 846 2237 et
868 2212 889 2238 si

105 2245 151 2306 qui
166 2246 301 2279 sunt,qui,
315 2249 381 2273 etc..
392 2251 512 2279 apertam
527 2246 770 2274 contradictionem
784 2247 888 2273 tollunt.

119 2280 144 2306 bi
162 2281 234 2306 enim
259 2288 310 2306 nou
333 2281 492 2306 allirtuatur.
516 2281 562 2306 sed
579 2282 727 2306 dubitatur.
756 2281 888 2306 Caeterum

119 2280 144 2306 bi
162 2281 234 2306 enim
259 2288 310 2306 nou
333 2281 492 2313 allirmatur,
516 2281 562 2308 sed
579 2282 727 2308 dubitatur.
756 2281 888 2308 Caeterum

105 2313 261 2350 Cnm‘libris
281 2315 350 2348 Περὶ
364 2315 465 2350 ἀρχῶν
484 2317 616 2349 posterior
633 2317 667 2343 sit
683 2317 889 2343 Cammentarius

106 2348 244 2385 inAEpist.
266 2351 300 2376 ad
328 2348 424 2382 Titum,
441 2348 547 2377 interim
574 2351 663 2378 forsan
687 2352 781 2378 audire
804 2352 890 2385 potuit

105 2383 239 2418 Origenes
254 2385 342 2418 plures
356 2386 473 2419 Spiritus
498 2391 609 2414 sanctos
626 2395 640 2413 a
658 2383 816 2420 quibusdam
834 2387 888 2413 lue—

106 2419 202 2456 reticis
215 2420 366 2456 praedicari.
394 2420 513 2447 EICerte
535 2419 817 2456 canones’apostolici
844 2422 888 2456 qni

107 2453 188 2490 tertio
202 2454 313 2480 circiter
332 2456 441 2486 seculo,
464 2463 495 2482 ac
509 2455 620 2490 proinde
634 2453 705 2483 circa
723 2456 779 2490 ipsa
795 2453 887 2488 Orig'e.

105 2489 148 2515 uis
167 2494 288 2522 tempora
303 2490 418 2516 confecti
435 2489 570 2521 videntur,
583 2492 709 2518 damnant
726 2489 830 2518 canone
842 2491 887 2522 41,

104 2532 167 2550 eum
184 2525 230 2558 qui
257 2524 434 2558 baptizaverit
454 2525 481 2552 in
505 2530 558 2552 tres
582 2525 674 2559 Filios,
707 2530 752 2552 aut
779 2526 806 2552 iu
834 2531 889 2553 tres

104 2559 224 2593 Spiritus
236 2564 354 2586 sanctos.

139 2594 198 2630 (18)
215 2594 252 2630 Ex
267 2594 312 2622 lib.
330 2603 337 2621 ι
356 2594 392 2621 De
409 2595 532 2629 princip.,
550 2603 609 2630 cap.
621 2595 648 2627 8,
662 2604 735 2623 num.
751 2596 777 2622 5.

139 2629 197 2664 (19)
212 2629 265 2656 Sed
283 2638 335 2656 mm
347 2632 482 2661 continuo.
501 2631 564 2664 quia
583 2631 695 2658 dicimus
716 2631 815 2657 nullam
833 2639 888 2658 esse

103 2668 230 2690 naturam
241 2672 300 2698 qua:
313 2673 362 2690 non
380 2665 460 2697 possit
482 2667 594 2699 recipere
613 2666 720 2692 malum.
739 2665 800 2692 Hmc
818 2666 887 2693 desi-

102 2700 235 2726 derantur
250 2701 274 2725 in
288 2699 363 2726 libris
379 2704 432 2726 tam
447 2700 526 2727 editis
546 2709 626 2735 quam
642 2709 707 2727 mss.
729 2701 806 2735 hujus
821 2701 887 2734 Apo-

101 2734 198 2768 lagiw;
224 2735 270 2761 sed
296 2735 472 2762 restituuntur
487 2743 519 2761 ex
542 2734 668 2762 omnibus
691 2734 830 2762 codicibus
853 2736 885 2762 li-

102 2769 215 2796 brorum
237 2769 275 2795 De
285 2770 432 2803 principiis,
443 2775 470 2796 et
487 2771 650 2797 restituenda
668 2772 802 2797 videntur.

137 2804 196 2839 (20)
216 2803 249 2830 Et
265 2812 384 2830 rursum:
402 2804 484 2830 Nulla
510 2811 603 2831 natura
621 2810 657 2832 est
679 2814 736 2840 qua:
752 2814 801 2831 nou
819 2807 884 2832 reci-

87 2841 157 2873 Opiut
171 2841 271 2866 bonum
284 2847 294 2867 :
307 2847 350 2865 nec
366 2844 452 2866 tamen
470 2840 567 2866 idcirco
584 2842 667 2867 omnis
681 2845 775 2867 natura
792 2841 884 2875 proba-

944 2207 1004 2238 neui
1022 2207 1169 2238 asseruisse
1185 2207 1318 2236 diu‘bolum
1332 2219 1383 2237 non
1403 2210 1553 2241 incapacem
1574 2216 1629 2234 esse
1640 2207 1723 2234 vir/u-

944 2246 986 2276 tis,
999 2251 1022 2272 et
1041 2251 1126 2272 tamen
1143 2249 1253 2272 necdum
1269 2245 1332 2271 uelle
1343 2252 1433 2277 capere
1448 2244 1577 2275 i-irtutem,
1593 2244 1667 2275 qutasi
1680 2242 1723 2269 hic

945 2282 1068 2308 innueret
1088 2281 1266 2307 Adamantius
1292 2281 1348 2306 I‘ore
1367 2285 1397 2306 ut
1419 2280 1563 2313 aliquando
1583 2278 1647 2304 velit
1667 2278 1723 2303 dia«

943 2316 1020 2343 bolus
1045 2322 1142 2349 capere
1169 2315 1306 2342 virtutem.
1337 2315 1402 2342 \lule
1427 2314 1582 2349 Origeuian.
1612 2313 1658 2339 lib.
1685 2320 1721 2344 u,

943 2356 1040 2385 qumst.
1054 2350 1081 2380 5.
1096 2358 1169 2378 unm.
1183 2350 1227 2382 11,
1246 2350 1343 2381 12,15,
1358 2350 1402 2377 11.

979 2385 1035 2421 (‘21)
1054 2385 1126 2412 Libri
1143 2385 1223 2418 hujus
1244 2386 1377 2421 Apuloque
1394 2391 1446 2421 tam
1464 2384 1528 2411 editi
1542 2391 1622 2421 quam
1643 2390 1721 2421 mss.,

941 2417 999 2455 quis
1014 2421 1072 2454 fons
1086 2417 1199 2446 omnium
1213 2425 1259 2450 est,
1279 2426 1300 2446 et
1315 2417 1412 2446 Christi
1425 2420 1471 2456 la].
1488 2425 1519 2456 Aet
1532 2417 1724 2456 Christusjsaf

941 2453 1039 2488 pientia
1052 2459 1138 2484 est.-et
1157 2455 1285 2488 sapientia
1303 2461 1401 2490 utique,
1415 2453 1467 2482 εἰς.
1485 2454 1539 2482 Sed
1550 2454 1649 2481 rectius
1661 2453 1722 2480 Iibt'i

941 2490 980 2517 De
992 2490 1139 2524 principiis,
1155 2495 1183 2516 ut
1201 2491 1226 2516 in
1247 2495 1339 2516 nostro
1352 2497 1436 2516 textu.

978 2525 1032 2565 (22)
1052 2523 1143 2565 Plpres
1159 2533 1224 2565 mss.
1249 2525 1526 2565 ltabentdumeupro
1549 2525 1642 2565 lucem.
1672 2523 1721 2565 bis.

941 2560 1058 2594 Regius:
1077 2560 1129 2587 Sed
1146 2566 1168 2586 et
1192 2560 1238 2586 lux
1256 2564 1292 2586 est
1308 2565 1330 2586 et
1351 2560 1447 2587 lumen.
1461 2560 1566 2586 Certum
1581 2564 1618 2586 est
1636 2564 1722 2586 autem
1747 2564 1751 2568 '

939 2598 1008 2631 quod
1021 2596 1227 2622 teneone/umeri
1247 2604 1298 2622 non
1317 2595 1544 2631 comprehendunt.

976 2630 1032 2666 (23)
1049 2630 1110 2658 Mss.
1124 2631 1223 2663 plures,
1239 2631 1261 2656 si
1275 2638 1376 2664 semper
1386 2630 1532 2666 sapientiae.
1548 2629 1648 2666 Deinde
1663 2637 1722 2654 om.

940 2674 999 2697 nes.
1015 2665 1212 2699 participantur.
1227 2671 1250 2691 et
1267 2665 1293 2690 id
1307 2667 1378 2691 nobis
1390 2665 1428 2691 vel
1443 2665 1502 2698 plus
1518 2665 1555 2690 vel
1573 2665 1658 2690 minus
1676 2672 1721 2689 ac-

939 2703 1025 2732 cedat,
1043 2706 1095 2727 etc.
1114 2699 1166 2726 Sed
1184 2701 1259 2734 editi,
1277 2706 1305 2726 et
1321 2700 1381 2727 libri
1399 2699 1437 2726 De
1457 2699 1594 2734 principiis
1621 2699 1722 2726 rectius

939 2741 968 2763 ut
981 2737 1006 2763 in
1026 2740 1117 2762 nostro
1131 2741 1216 2764 textu.

974 2772 1030 2804 (24)
1044 2771 1085 2797 Ex
1100 2771 1145 2797 lib.
1161 2780 1167 2798 l
1183 2771 1220 2798 De
1235 2771 1359 2805 princip.,
1375 2777 1434 2804 cap.
1451 2769 1479 2803 3,
1493 2777 1567 2796 num.
1580 2769 1608 2796 ‘2.

974 2807 1030 2841 (25)
1044 2807 1089 2842 Sicf
1112 2814 1177 2834 mss.
1195 2807 1326 2842 plerique.
1341 2806 1437 2834 Cat-teri
1454 2812 1527 2838 vero,
1542 2810 1569 2833 ct
1586 2804 1662 2838 editi,
1675 2813 1721 2831 su-

938 2842 1066 2876 perveniet
1081 2841 1106 2867 in
1122 2846 1156 2870 ιιι.
