1909 3080
221 109 272 137 567

827 111 856 139 S.
878 110 1041 139 PAMPHILI
1062 111 1239 140 lllARTYRlS

1792 112 1845 139 568

221 169 353 203 baptisma
371 177 422 197 non
449 170 526 198 aliter
545 171 596 198 nisi
624 171 860 199 excellentissima:
884 173 1004 200 omnium
1020 177 1042 204 Α
1059 173 1098 199 vel
1115 173 1186 206 Filii,
1201 173 1299 200 salvari
1315 173 1374 201 sine
1387 172 1489 209 Spiritu
1504 178 1610 201 sancto.
1624 173 1661 200 De
1675 173 1774 208 quibus
1786 175 1841 201 dis-

221 215 364 243 Triuitatis
377 217 546 250 auctoritate,
572 217 598 244 id
613 222 655 245 est
671 217 770 250 Putris,
785 223 812 245 et
825 218 898 251 Filii,
908 223 935 246 et
947 219 1008 253 Spi-

222 262 291 288 ritus
310 262 396 289 sancti
420 262 658 297 cognominatione
677 263 858 298 compleatur,
873 270 900 291 et
913 265 1006 291 innato

222 303 276 333 Deo
295 306 380 339 Patri,
395 312 423 334 et
438 308 580 343 unigenito
599 309 658 344 ejus
680 308 760 342 Filio,
777 317 874 337 nomen
897 317 1006 345 quoque

221 351 339 384 Spiritus
352 353 439 380 sancti
461 355 612 389 copuletur.
633 356 698 388 Quis
717 363 782 392 ergo
807 362 858 384 nou
873 359 1003 393 obstupe-

219 402 277 425 scat
291 403 392 433 quanta
417 399 542 433 majestas
558 401 595 428 sit
612 400 730 436 Spiritus
749 403 847 436 sancti,
867 411 928 431 cutn
943 411 1004 431 eum

218 444 263 478 qui
278 444 378 472 dixerit
394 445 506 472 verbum
532 447 558 473 itt
590 447 688 474 Filium
707 448 823 476 hominis
838 450 929 477 audiat
945 457 1005 484 spe-

219 498 280 518 rare
297 492 404 518 veniam
418 499 496 526 posse
511 500 592 525 ;eum
606 501 669 522 vero
682 494 728 529 qui
747 495 772 522 in
790 494 920 530 Spiritum
938 502 1003 522 san-

217 539 290 563 ctum
319 536 559 572 blasphemaverit,
577 540 684 567 veniam
711 548 765 568 non
791 541 891 570 habere
917 549 1004 578 neque

217 581 243 608 itt
264 583 391 616 praesenti
408 584 518 616 sa-culo,
534 593 622 620 neque
637 586 662 613 iu
678 586 770 614 l'uturo
778 587 842 614 ⁵³2»

251 627 415 656 Paurnttus.
432 630 464 657 Et
482 636 542 665 post
561 639 646 666 pauca
661 632 760 667 adjecit
781 641 788 659 :

251 674 393 701 ORIGENES.
414 684 423 700 t
438 675 628 704 Verumtamen
647 684 732 712 uSque
748 679 781 706 ad
801 685 920 712 pru‘sens
941 678 1002 706 nul-

177 740 183 746 .
217 719 270 746 lum
285 727 439 748 sermonem
455 722 481 748 in
500 722 648 758 Scripturis
659 724 761 751 sanctis
775 724 896 752 invenire
912 725 1001 760 potui-

216 775 287 800 tuus,
308 776 355 803 per
371 776 451 803 quem
469 768 586 802 Spiritus
614 774 723 797 sanctus
743 769 849 798 factura
876 777 936 798 esse
958 771 1001 799 vel

214 820 339 842 creatura
355 816 501 843 diceretur.
514 826 523 842 ι

1059 219 1204 251 cutieutes,
1223 219 1281 246 sine
1304 219 1384 246 dubio
1414 219 1595 246 necessarium
1614 219 1667 246 erit
1692 224 1720 246 ut
1743 227 1838 253 opera-

1059 265 1159 291 tionem
1173 263 1317 298 specialem
1337 263 1454 297 Spiritus
1467 263 1563 294 sancti,
1582 262 1727 296 specialem
1742 262 1840 295 Patris,

1057 310 1099 337 vel
1113 309 1187 341 Filii,
1204 309 1401 336 describamus.
1416 308 1541 335 Arbitror
1558 308 1642 344 igitur
1658 308 1840 344 operationem

1092 386 1147 422 (9.7)
1165 387 1225 413 ’Ότι
1252 385 1266 412 ὁ
1291 385 1340 421 μὲν
1366 384 1431 417 Θεὸς

1056 435 1102 461 καὶ
1131 434 1224 469 Πατὴρ
1250 433 1368 469 συνέχων
1396 433 1430 460 τὰ

1055 480 1144 507 πάντα
1174 479 1269 514 φθάνει
1295 480 1336 511 εἰς
1369 479 1430 506 ἐκα-

1056 534 1117 552 στον
1137 525 1190 552 τῶν
1217 525 1300 551 ὄντων
1328 525 1431 560 μεταδι-

1053 572 1114 604 δοὺς
1128 572 1234 607 ἑκάστῳ
1241 571 1294 598 ἀπὸ
1305 571 1352 598 τοῦ
1365 572 1429 598 ἰδίου

1051 616 1082 645 τὸ
1100 617 1184 645 εἶναι’
1206 618 1243 645 ὣν
1268 618 1322 654 γάρ
1338 619 1426 644 ἐστιν⁸

1052 665 1170 693 ἐλάττων
1184 667 1211 693 δὲ
1228 666 1295 701 πρὸς
1313 665 1357 692 τὸν
1372 666 1428 692 Πα-

1051 713 1117 750 τέρα
1137 714 1152 740 ὁ
1170 713 1233 745 Υἱὸς
1250 713 1358 748 φθάνων
1382 712 1428 739 ἐπὶ

1053 760 1121 796 μόνα
1135 762 1169 787 τὰ
1183 760 1292 794 λογικά-
1305 760 1428 796 δεύτερος

1050 807 1104 843 γάρ
1120 807 1176 834 ἐστι
1188 807 1234 834 τοῦ
1253 806 1426 842 11ατρός“ἔτι

249 860 412 889 PAMPHILUS.
438 862 468 889 Et
484 862 595 890 insertis
621 863 808 898 compluribus
833 865 992 893 testimoniis

1050 853 1078 880 δὲ
1106 851 1186 890 ἦττον
1207 853 1236 880 τὸ
1268 853 1379 889 Πνεῦμα
1396 850 1427 879 τὸ

213 905 246 933 de
258 906 359 933 virtute
373 906 491 942 Spiritus
504 908 603 941 sancti.
618 914 677 943 post
688 909 826 944 aliquanta
841 911 924 938 etiam
941 911 998 939 lucc

213 951 309 986 adjecit
323 962 329 980 :

247 998 392 1026 Ontcenes.
410 1009 419 1026 ι
433 1000 461 1028 Si
478 1001 616 1029 rerelaute
635 1002 704 1030 Filio
725 1003 865 1037 cognoscit
888 1004 996 1032 Patrem

211 1043 329 1079 Spiritus
352 1050 472 1078 sanctus,
487 1054 552 1082 ergo
570 1055 604 1074 ex
623 1048 775 1082 ignorantia
800 1049 834 1076 ad
849 1050 993 1077 scientiam

211 1091 285 1117 vertit
302 1101 309 1118 :
324 1093 394 1126 quod
411 1092 503 1126 utique
527 1097 555 1120 et
571 1093 682 1127 impium
710 1094 812 1128 pariter
828 1099 856 1122 et
879 1096 992 1123 stultum

208 1141 260 1168 est,
278 1137 409 1171 Spiritum
433 1143 557 1165 sanctum
573 1139 706 1172 couliteri,
721 1144 747 1166 et
765 1140 944 1175 ignorantiam
967 1143 991 1170 ei

208 1183 355 1210 ascribere.
374 1183 432 1210 Non
460 1184 532 1210 enim
550 1192 611 1211 cum
636 1185 708 1212 aliud
733 1185 835 1220 aliquid
851 1192 924 1214 esset
943 1195 994 1215 an-

209 1233 251 1254 tea
266 1235 345 1262 quam
367 1227 485 1262 Spiritus
503 1233 625 1260 sanctus,
642 1237 691 1264 per
711 1229 861 1265 profectum
877 1232 948 1259 venit
964 1233 992 1259 in

210 1273 261 1300 hoc
275 1279 304 1299 ut
320 1279 393 1300 esset
408 1273 526 1308 Spiritus
539 1280 668 1303 sanctus:
685 1281 712 1303 ut
727 1277 789 1311 quis
805 1277 903 1305 audeat
918 1278 994 1306 dice-

210 1326 248 1350 re,
264 1320 327 1354 quia
353 1325 417 1346 tunc
434 1320 543 1355 quidem
567 1329 628 1348 cum
654 1323 773 1350 nondum
787 1328 860 1351 esset
876 1324 994 1359 Spiritus

209 1371 333 1398 sanctos,
347 1366 487 1401 ignorabat
510 1367 619 1394 Patrem
635 1376 642 1394 :
658 1374 750 1402 postea
766 1377 831 1397 vero
846 1378 927 1404 quam
950 1379 993 1398 re-

209 1412 278 1446 cepit
295 1412 450 1445 scientiam,
462 1413 544 1440 etiam
560 1413 679 1448 Spiritus
695 1420 805 1442 sanctus
816 1416 927 1444 ellectus
939 1423 991 1444 est.

208 1457 284 1490 Quod
293 1458 316 1484 si
331 1463 412 1492 esset,
429 1466 563 1494 nunquatn
578 1459 671 1494 utique
683 1460 709 1487 in
725 1461 826 1489 unitate
839 1459 989 1498 Trinitatis,
1002 1480 1008 1486 .

208 1502 234 1529 id
264 1508 317 1536 est,
345 1503 390 1530 Dei
419 1503 508 1532 Patris
532 1505 757 1538 inconvertibilis,
775 1511 802 1534 et
831 1505 891 1534 Filii
920 1507 1030 1556 ejus,c

207 1549 288 1576 etiam
308 1550 365 1584 ipse
379 1550 497 1585 Spiritus
520 1557 632 1578 sanctus
650 1552 808 1586 haberetur,
820 1553 872 1581 nisi
887 1555 951 1589 quia
967 1560 994 1582 et

207 1595 264 1629 ipse
276 1602 384 1628 semper
397 1600 456 1622 erat
470 1595 588 1629 Spiritus
604 1601 726 1623 sanctus.
744 1605 753 1622 ι

243 1641 408 1669 ΡΛκινιιιιιτς.
423 1641 455 1668 Ει
470 1647 529 1676 post
546 1650 630 1677 pauca
643 1643 741 1677 adjecit
757 1652 764 1670 :

240 1686 384 1714 ORIGENES.
401 1697 411 1713 ‹
427 1688 538 1715 ltectum
558 1693 646 1726 tamen
663 1689 769 1716 videtur
781 1689 917 1724 inquirere
928 1691 992 1725 quid

207 1741 297 1760 causa:
312 1735 346 1761 sit
361 1735 431 1768 quod
447 1735 491 1769 qui
510 1740 683 1770 regeneratur
699 1743 747 1769 per
765 1735 849 1763 Deum
870 1737 896 1764 in
920 1738 993 1764 salu-

207 1784 271 1811 tem,
288 1787 355 1813 opus
371 1780 452 1807 habet
467 1785 494 1806 et
509 1779 600 1812 Patre,
618 1786 645 1808 et
662 1780 739 1813 Filio,
757 1786 784 1809 et
806 1781 909 1816 Spiritu
926 1790 990 1810 san-

207 1830 261 1859 cto,
283 1834 334 1853 non
353 1832 529 1860 percepturus
546 1826 672 1858 salutem,
690 1827 740 1854 nisi
757 1827 793 1853 sit
809 1827 914 1863 integra
929 1827 990 1855 Tri-

207 1872 278 1899 nitas
292 1878 299 1899 ξ
315 1872 371 1907 (‘26)
385 1879 434 1899 nec
456 1872 584 1906 possibile
605 1873 639 1900 sit
661 1873 818 1907 participem
836 1873 878 1901 vel
892 1873 989 1908 Patris,

240 1918 263 1936 ⁵⁹
281 1920 376 1947 Matth.
389 1929 437 1953 Ml,
453 1920 502 1954 52;
518 1920 582 1947 Luc.
595 1929 648 1954 xtt,
666 1921 708 1948 l0.
747 1920 770 1937 ⁸ο
786 1921 870 1948 Exod.
888 1929 929 1954 lit,
946 1923 989 1952 Η.

240 1966 295 2003 (26)
309 1968 389 2003 Εχιίίί,
409 1977 455 1995 nec
477 1969 601 2001 possibile
620 1973 657 1995 est
677 1969 834 2002 participem
857 1969 917 2002 ﬁeri
934 1969 989 1996 Pa-

204 2006 251 2031 tris
271 2009 295 2030 et
319 2002 394 2034 Filii,
414 2004 469 2030 sine
488 2004 590 2037 Spiritu
614 2009 713 2031 sancto.
740 2003 804 2031 Mss.
823 2004 923 2037 plures,
943 2014 989 2032 nec

204 2039 325 2074 postibile
342 2039 373 2064 sit
387 2046 442 2064 esse
457 2039 608 2072 participem
628 2038 684 2074 (alii
700 2040 821 2072 quidam,
834 2044 865 2074 et
876 2041 934 2067 iibri
952 2040 988 2067 Dc

204 2072 313 2108 princip.
329 2073 482 2107 participem
507 2074 577 2106 ﬁeri)
600 2074 640 2100 vel
664 2072 763 2104 Patris,
779 2075 816 2100 rei
844 2073 919 2106 Filii,
933 2076 989 2102 sine

205 2107 306 2139 Spiritu
321 2113 422 2135 sancto.
439 2109 491 2135 Sed
505 2109 603 2135 rectius
619 2116 670 2135 tus.
685 2108 784 2143 liegius
800 2116 828 2135 ut
853 2109 879 2136 iu
895 2117 988 2139 nostro

205 2148 290 2172 leua.

238 2179 294 2214 (27)
311 2178 404 2218 "0tt_d
420 2178 479 2218 μὲν
495 2179 645 2218 fastigato:
672 2177 773 2218 Grazca-
796 2179 852 2218 haec
878 2179 986 2218 exhibet
1002 2191 1024 2218 ι)

204 2213 350 2248 imperator
367 2214 535 2240 Justiu.auus
550 2214 582 2240 ad
604 2213 706 2239 calcem
731 2214 851 2247 epistola:
875 2215 909 2242 ad
932 2215 986 2241 Me-

204 2258 286 2281 nam;
303 2253 329 2275 et
354 2248 543 2282 Hieronymus,
560 2249 673 2282 epistola
698 2248 732 2275 94
755 2248 788 2275 ad
815 2250 935 2280 Avitum,
960 2250 986 2276 id

204 2285 286 2310 etiam
307 2283 414 2309 criutini
433 2285 511 2310 vertit
533 2284 642 2318 Origeni
671 2283 743 2317 quod
760 2285 858 2311 dixerit
884 2283 986 2310 Filium

204 2318 450 2354 quoquerminorem
471 2318 600 2354 Patre,j¢o
611 2323 679 2352 quod
692 2319 822 2354 secundus
840 2319 928 2346 abillo
940 2320 986 2351 sit,

204 2351 227 2380 et
244 2351 372 2387 Spiritum
390 2358 509 2380 sanciunt
522 2351 673 2389 inferiorem
687 2351 760 2380 Filio
774 2355 801 2380 in
817 2355 916 2389 sanctis
928 2355 988 2389 qui-—

204 2391 304 2421 basque
330 2388 538 2423 t-ersari:atque
562 2387 610 2423 hoc
637 2389 729 2415 ordine
746 2389 872 2423 majorem
896 2387 985 2415 Patris

204 2423 387 2458 fortitudinem
411 2421 558 2458 essequam
576 2421 642 2449 Filii
665 2429 690 2450 et
709 2421 826 2457 Spiritus
848 2424 941 2456 sancti,
961 2430 984 2450 et

204 2466 308 2485 rursum
319 2458 444 2490 majorem
460 2457 524 2484 Filii
540 2458 721 2488 fortitudinem
734 2467 789 2486 use
804 2467 882 2492 quam
899 2458 985 2491 Spiri-

205 2499 247 2520 tus
276 2493 360 2519 sancti
376 2501 384 2519 .'
399 2498 423 2519 et
443 2498 630 2526 consequenter
655 2493 736 2525 ipsius
761 2495 846 2520 sancti
869 2493 985 2524 Spiritus

203 2529 328 2562 majorem
341 2536 397 2554 eue
415 2529 535 2554 virtutem
550 2527 651 2554 cwteris
661 2536 720 2561 qua:
737 2535 829 2555 sancta
850 2530 982 2556 dicamur.

205 2564 268 2592 llaec
283 2564 395 2590 llutiuus
408 2564 567 2598 quibusdam
583 2563 721 2594 detractis,
735 2564 895 2597 quibusdam
909 2564 986 2589 addi-

204 2600 239 2626 lis
263 2599 408 2630 etnollivit;
425 2607 456 2625 ac
478 2598 548 2633 forte
567 2598 628 2633 inde
642 2603 684 2625 est
710 2599 782 2633 quod
807 2598 985 2633 Hieronymus

202 2633 247 2660 ili).
262 2641 279 2660 ll
295 2639 321 2660 et
336 2641 365 2660 ιιι
386 2634 510 2660 adversus
535 2632 661 2665 llu/inum
689 2633 858 2660 contenderit
882 2632 924 2660 vel
941 2633 986 2660 Di-

203 2670 324 2703 dymum,
338 2669 378 2694 vel
408 2669 553 2702 ipsumtuet
580 2667 718 2698 liutinum,
735 2668 775 2694 vel
792 2669 874 2694 alium
893 2670 984 2695 nescio

202 2711 282 2736 qut-tu
302 2708 356 2730 tam
371 2703 465 2730 Grmt-e
489 2711 570 2737 quam
588 2703 685 2730 Latine
707 2704 732 2730 iu
764 2704 859 2730 bonam
879 2709 983 2736 partem

187 2739 344 2772 plerasque
367 2739 400 2765 de
427 2737 495 2765 Filio
520 2745 547 2764 et
559 2738 662 2772 Spiritu
689 2743 783 2765 sancto
803 2738 984 2772 blasphemias

202 2779 386 2800 cottnuutasse
397 2780 457 2807 qua:
469 2773 495 2799 iit
508 2772 601 2800 (ἐπωυο
616 2773 694 2806 hujus
707 2773 843 2806 Apologia:
857 2778 982 2799 contextu

204 2808 411 2838 t'otuttarebunl;
442 2808 513 2841 quod
541 2809 567 2835 iu
597 2808 822 2841 interpretatione
851 2807 982 2834 librorum

205 2841 274 2872 (levi
291 2840 402 2875 ἀρκῶν,
419 2840 488 2870 unde
506 2843 578 2870 locus
593 2843 637 2871 hic
651 2840 768 2876 eruitur,
787 2842 885 2870 fecisse
909 2843 982 2870 liuti-

1049 899 1125 934 ἅγιον
1151 899 1198 925 ἐπὶ
1239 899 1336 935 μόνους
1363 899 1426 930 τοὺς

1047 947 1141 982 ἁγίους
1153 947 1345 982 διικνούμενον·
1355 946 1425 974 ὣστε

1047 993 1117 1020 κατὰ
1130 994 1209 1020 τοῦτο
1237 993 1336 1029 μείζων
1350 995 1366 1029 ἡ
1381 993 1426 1020 δύ-

1047 1049 1128 1076 ναμις
1150 1040 1195 1067 τοῦ
1227 1040 1333 1076 [ἰατρὸς
1350 1040 1426 1077 παρὰ

1047 1085 1092 1112 τὶν
1118 1085 1182 1111 Υἱῇν
1197 1085 1243 1112 καὶ
1264 1085 1293 1111 τὸ
1313 1085 1424 1120 Πνεῦμα

1048 1131 1078 1157 τὺ
1094 1131 1170 1165 ἆγιον
1180 1139 1187 1146 ·
1205 1131 1304 1157 πλείων
1312 1130 1340 1157 δὲ
1350 1131 1366 1166 ἠ
1375 1130 1422 1157 τοῦ

1047 1177 1114 1204 Υἱοῦ
1146 1177 1221 1213 παρὰ
1247 1178 1276 1204 τὸ
1309 1177 1422 1212 Πνεῦμα

1046 1223 1076 1250 τὸ
1092 1223 1169 1257 ἅγιον
1179 1232 1186 1238 ο
1198 1223 1245 1250 καὶ
1267 1221 1348 1250 πάλιν
1364 1223 1422 1249 δια-

1046 1269 1166 1304 φέρουσα
1183 1267 1280 1303 μᾶλλον
1287 1267 1334 1294 τοῦ
1344 1268 1422 1302 ἁγίου

1046 1316 1204 1350 [It/stipam;
1217 1315 1356 1351 ὴδύναμις
1370 1323 1423 1341 πα-

1046 1362 1080 1398 ρὰ
1094 1363 1128 1389 τὰ
1142 1361 1208 1389 ἄλλα
1222 1362 1297 1396 ἅγια.

1468 386 1576 419 quidem
1604 393 1663 413 esse
1688 385 1788 420 Patris,
1814 391 1842 414 et

1467 431 1544 464 Filii,
1577 436 1631 459 tam
1674 432 1700 459 in
1738 433 1841 460 sanctis

1466 485 1546 512 quam
1576 479 1602 506 in
1629 479 1840 513 peccatoribus,

1465 524 1492 551 in
1523 523 1727 552 rationabilibus
1751 524 1842 551 homi-

1467 571 1548 598 nibus
1567 574 1594 597 et
1606 571 1632 597 iu
1645 571 1727 598 mutis
1736 570 1841 597 anima-

1464 617 1550 650 libus;
1562 618 1610 646 sed
1624 623 1652 645 et
1673 618 1699 645 in
1722 618 1766 646 bis
1781 625 1840 653 qua:

1463 665 1587 692 exanima
1612 670 1685 697 sunt,
1704 665 1769 692 etin
1782 671 1840 692 om-

1464 712 1545 739 nibus
1558 711 1669 739 omnino
1684 719 1745 746 quae
1757 716 1838 740 sunt:

1465 758 1654 792 operationem
1669 765 1737 784 vero
1752 758 1839 792 Spiri-

1464 808 1507 831 tus
1541 804 1627 831 saucti
1667 811 1839 839 nequaquam

1462 858 1575 885 prorsus
1600 851 1720 878 incidere
1747 851 1791 878 vel
1811 851 1837 878 in

1461 905 1491 926 ea
1519 906 1578 933 quae
1603 898 1728 925 exanima
1761 902 1837 931 sunt,

1461 946 1502 974 vel
1517 947 1542 972 in
1557 953 1587 973 ea
1605 953 1664 980 quae
1688 946 1837 973 animantia

1461 992 1580 1027 quidem,
1595 993 1641 1019 sed
1659 997 1734 1019 muta
1748 996 1812 1019 sunt
1828 999 1837 1018 :

1460 1039 1507 1066 sed
1535 1046 1568 1066 ne
1594 1039 1621 1065 in
1650 1038 1704 1065 illis
1727 1039 1836 1073 quidem

1460 1084 1576 1112 inveniri
1590 1085 1637 1119 qui
1660 1085 1838 1112 rationabiles

1459 1131 1566 1165 quidem
1579 1136 1652 1159 sunt.
1668 1131 1715 1158 sed
1732 1131 1758 1158 in
1777 1140 1836 1158 ma-

1458 1175 1514 1202 litia
1543 1176 1633 1210 positi,
1651 1184 1700 1203 nec
1724 1177 1838 1206 omnino

1458 1223 1491 1250 ad
1509 1223 1622 1250 meliora
1649 1223 1789 1250 conversi.
1807 1222 1836 1250 ln

1458 1268 1511 1296 illis
1526 1274 1615 1296 autem
1632 1269 1697 1296 solis
1714 1269 1838 1296 arbitror

1457 1321 1517 1342 esse
1538 1321 1604 1349 opus
1623 1314 1741 1349 Spiritus
1769 1322 1835 1342 san-

1457 1361 1504 1394 cti,
1520 1361 1565 1396 qui
1580 1360 1635 1395 jattt
1660 1368 1691 1389 se
1709 1362 1752 1389 'ad
1779 1369 1837 1390 me-

1045 1420 1111 1448 liora
1127 1424 1300 1454 couvertunt,
1321 1425 1347 1446 et
1359 1427 1406 1455 per
1422 1419 1479 1447 vias
1493 1419 1593 1447 Chris!i
1609 1419 1673 1447 Jesu
1693 1420 1835 1454 incedunt,

1044 1467 1070 1494 id
1085 1473 1137 1500 est,
1154 1466 1211 1502 (28)
1226 1466 1270 1501 qui
1288 1471 1352 1493 sunt
1368 1466 1394 1493 in
1419 1466 1495 1493 novis
1526 1466 1633 1493 actibus
1663 1466 1834 1500 incedentes,

1046 1518 1072 1540 et
1088 1513 1114 1540 in
1138 1513 1191 1540 Deo
1209 1517 1409 1546 permanentes.
1435 1511 1570 1545 Quoniam
1596 1517 1688 1539 autem
1709 1512 1835 1547 operatio

1045 1557 1134 1585 Patris
1152 1562 1180 1585 et
1195 1557 1256 1584 Filii
1275 1562 1317 1585 est
1329 1562 1357 1584 et
1373 1557 1398 1584 in
1414 1557 1528 1589 sanctis,
1545 1562 1573 1584 et
1588 1557 1615 1584 in
1629 1557 1833 1591 peccatoribus,

1045 1603 1238 1630 manifestatur
1253 1610 1285 1630 ex
1301 1610 1334 1630 eo
1349 1603 1420 1637 quod
1436 1602 1493 1638 (29)
1509 1611 1605 1630 omnes
1622 1603 1666 1638 qui
1682 1603 1834 1630 rationabi-

1043 1648 1081 1677 les
1095 1654 1168 1682 sunt,
1187 1647 1268 1676 Verbi
1285 1648 1342 1680 Dei,
1357 1647 1383 1675 id
1398 1652 1449 1681 est,
1465 1648 1578 1675 rationis
1594 1648 1741 1683 participes
1755 1652 1830 1681 sunt,

1043 1699 1071 1722 et
1086 1703 1133 1730 per
1151 1696 1201 1722 hoc
1219 1695 1292 1721 velut
1305 1694 1409 1721 sentina
1427 1694 1550 1728 quanlam
1565 1694 1645 1720 insita
1659 1694 1712 1720 sibi
1730 1698 1832 1729 gerunt

1043 1741 1183 1775 sapientia:
1199 1744 1226 1766 et
1250 1739 1382 1772 scientiae,
1395 1739 1464 1774 quod
1484 1744 1526 1766 est
1553 1738 1688 1766 Christus.
1705 1739 1762 1775 (50)
1778 1739 1833 1767 Sed

1043 1790 1071 1813 et
1087 1786 1138 1812 hoc
1154 1785 1240 1819 ipsutn
1250 1784 1321 1818 quod
1336 1788 1416 1811 estet
1433 1787 1574 1818 permanet
1587 1783 1676 1811 omnis
1691 1788 1832 1817 creatura,

1043 1830 1165 1864 operatio
1183 1834 1226 1856 est
1252 1829 1297 1856 Dei
1325 1829 1412 1856 Patris
1437 1829 1482 1863 qui
1510 1829 1601 1855 dixit:
1624 1828 1680 1863 Ego
1697 1837 1756 1856 sum
1784 1830 1831 1865 qui

1043 1883 1101 1902 tum
1114 1875 1136 1890 ‘°
1151 1884 1157 1902 :
1171 1882 1231 1910 quae
1248 1874 1372 1909 pervenit
1397 1882 1478 1909 super
1504 1881 1606 1902 oumes.
1621 1873 1681 1909 Ipse
1696 1880 1738 1903 est
1757 1876 1831 1903 enim

1044 1978 1094 1998 nus
1106 1971 1163 2006 ipse
1179 1970 1324 2006 evincitur.
1336 1968 1406 2006 )‘ide
1420 1968 1605 2006 Origenianor.
1622 1969 1668 1996 lib.
1686 1977 1717 2000 n,
1730 1975 1828 2004 quaest.

1042 2006 1070 2037 Ξ,
1087 2004 1160 2032 num.
1175 2005 1209 2032 27
1225 2011 1252 2032 et
1268 2005 1314 2032 “28.
1330 2004 1462 2031 Caeterum
1486 2004 1550 2031 editi
1570 2005 1686 2032 habent:
1704 2005 1829 2032 Arbitror

1042 2049 1165 2076 ergo.....
1191 2048 1269 2076 quam
1292 2041 1319 2076 ira
1340 2039 1519 2074 peccatoribus
1539 2040 1766 2076 irrationabilibus
1782 2041 1831 2066 lio-

1042 2077 1167 2106 minitzas,
1182 2081 1237 2102 etc.
1253 2075 1305 2110 Sed
1322 2082 1422 2110 omnes
1433 2081 1499 2110 mss.
1528 2079 1580 2100 tam
1595 2075 1673 2108 hujus
1692 2075 1829 2110 Apologia

1043 2118 1123 2145 quam
1141 2111 1270 2137 librorttm
1287 2109 1323 2145 De
1339 2109 1486 2143 principiis,
1504 2115 1532 2145 ut
1549 2110 1574 2136 in
1593 2114 1685 2136 nostro
1704 2109 1792 2138 textu.

1079 2145 1136 2180 (ΞΒ)
1149 2146 1196 2172 Sic
1211 2153 1259 2172 ms.
1289 2144 1399 2180 Regius.
1427 2144 1463 2180 Ita
1486 2144 1567 2170 etiam
1592 2145 1681 2171 caueri
1708 2153 1776 2172 mss.
1801 2150 1830 2172 et

1039 2178 1184 2212 editifuisi
1205 2180 1277 2214 quod
1306 2179 1433 2206 omittaut
1444 2178 1610 2214 jacedentes,
1631 2184 1664 2214 ret
1685 2180 1750 2206 editi
1777 2181 1827 2207 ha-

1039 2216 1120 2242 beant
1137 2215 1162 2241 in
1180 2212 1243 2246 line,
1265 2218 1424 2248 permanent.
1443 2212 1518 2240 Libri
1540 2221 1603 2240 vero
1625 2213 1662 2240 De
1689 2214 1827 2248 principiis

1039 2256 1092 2276 tam
1109 2250 1173 2276 editi
1194 2257 1274 2283 quam
1298 2257 1375 2282 mss.,
1394 2248 1438 2282 qui
1454 2254 1514 2275 sunt
1534 2249 1561 2275 in
1579 2249 1653 2276 bonis
1671 2249 1788 2283 actibus,
1803 2255 1828 2277 et

1037 2286 1063 2311 in
1077 2285 1128 2311 Deo
1143 2289 1305 2318 permanent.

1073 2320 1130 2354 (29)
1149 2319 1228 2349 Editi.
1248 2327 1336 2345 omnes
1350 2317 1531 2354 rationabiles.
1550 2317 1627 2344 Verbi
1646 2318 1703 2346 Dei.
1723 2319 1827 2347 Deinde

1037 2355 1119 2381 iidem
1135 2355 1210 2385 editi,
1223 2359 1250 2380 et
1266 2354 1326 2380 libri
1345 2353 1382 2379 De
1408 2353 1546 2385 principiis
1570 2358 1624 2380 tatu
1650 2354 1716 2380 editi
1741 2363 1825 2388 qttam

1037 2397 1116 2421 tuss.,
1132 2390 1267 2421 sapientia:
1283 2394 1305 2414 et
1319 2389 1433 2422 jnstitiw
1446 2390 1510 2415 :sed
1523 2396 1618 2415 omnes
1632 2388 1711 2422 hujus
1727 2389 1827 2423 Apolo-

1035 2425 1093 2460 gite,
1106 2433 1168 2460 mss.
1186 2429 1214 2450 ut
1229 2425 1254 2450 in
1271 2429 1356 2460 textu.

1072 2459 1128 2494 (30.)
1146 2458 1197 2486 Sed
1213 2464 1236 2484 et
1254 2459 1301 2484 hoc
1314 2458 1398 2494 ipsum
1412 2457 1482 2494 quod
1493 2463 1530 2484 est
1549 2463 1572 2484 et
1587 2464 1721 2491 permanet
1739 2460 1825 2486 omnis

1036 2492 1167 2525 creatura,
1183 2494 1300 2527 Operatio
1318 2498 1353 2519 est
1371 2493 1417 2518 Dei
1427 2492 1515 2519 Patru
1530 2493 1575 2527 qui
1587 2493 1655 2520 dixit
1670 2501 1679 2520 :
1695 2494 1752 2527 Ego
1764 2503 1823 2522 sum

1036 2530 1081 2563 qui
1098 2538 1157 2556 sunt
1171 2537 1177 2555 :
1189 2537 1247 2563 qtttt'
1274 2529 1388 2563 pervenit
1405 2535 1481 2562 super
1499 2537 1598 2555 omnes.
1616 2528 1676 2561 Ipse
1697 2534 1736 2555 est
1755 2530 1824 2556 enim

1035 2562 1081 2597 qui
1094 2564 1175 2590 solem
1196 2562 1272 2589 auum
1285 2564 1348 2589 oriri
1361 2562 1434 2599 jubet
1446 2598 1450 2599 ν
1461 2564 1522 2598 (tus.
1539 2563 1647 2599 Regius,
1662 2564 1729 2590 oriri
1747 2565 1822 2599 facit)

1034 2607 1112 2631 super
1124 2599 1204 2625 bonos
1215 2602 1239 2624 et
1253 2598 1349 2629 malos,
1360 2603 1383 2623 et
1396 2597 1462 2630 pluit
1477 2606 1554 2630 super
1562 2598 1650 2633 justas
1661 2603 1684 2624 et
1697 2597 1822 2633 injustas.

1036 2633 1098 2660 llaec
1114 2634 1303 2660 desiderantur
1318 2633 1343 2658 in
1361 2632 1437 2658 libris
1451 2633 1520 2666 Περὶ
1540 2632 1639 2666 ἀρχῶν
1666 2632 1728 2659 tant
1742 2634 1823 2661 editis

1034 2677 1114 2702 quam
1134 2675 1210 2699 mss,
1226 2667 1269 2693 ubi
1285 2675 1333 2700 pro
1350 2667 1401 2693 illis
1412 2667 1501 2694 verbis
1515 2668 1610 2702 legttur
1624 2668 1670 2694 lib.
1685 2677 1703 2698 t,
1717 2677 1782 2703 cap.
1794 2669 1822 2700 3,

1036 2711 1111 2730 Illllll.
1130 2704 1166 2730 6:
1185 2703 1226 2728 EI
1239 2710 1268 2728 eo
1292 2706 1378 2727 autem
1397 2702 1442 2736 qui
1462 2710 1519 2728 vere
1544 2707 1592 2732 est,
1608 2703 1655 2737 qui
1681 2702 1759 2729 dixit?
1777 2712 1824 2734 ιεν

1036 2738 1145 2772 Moysen
1156 2745 1166 2764 :
1184 2738 1238 2771 Ego
1252 2745 1311 2763 sum
1326 2738 1370 2770 qui
1386 2744 1455 2767 sum,
1475 2738 1561 2763 omnia
1577 2746 1739 2772 qtttecunque
1761 2743 1821 2764 sunt

1033 2771 1190 2807 participant
1204 2779 1213 2798 .'
1230 2780 1288 2806 quae
1309 2772 1475 2805 partiripatio
1492 2773 1537 2798 Dei
1557 2771 1644 2798 Patris
1661 2771 1779 2806 pervenit
1794 2775 1820 2800 in

1035 2816 1122 2834 ontner
1148 2815 1200 2833 tant
1218 2809 1306 2841 justas
1332 2815 1409 2840 quarti
1432 2813 1580 2840 peccatores
1598 2812 1621 2833 et
1649 2808 1819 2836 rationabiles

1035 2848 1111 2875 atque
1126 2841 1328 2874 irrationabiles,
1350 2846 1373 2869 et
1394 2841 1421 2869 iIt
1436 2843 1520 2869 omnia
1541 2843 1646 2869 ontnino
1662 2850 1721 2870 autc
1744 2848 1825 2882 sunt.‘
