1909 3080
56 137 110 165 569

659 130 829 160 APOLOGIA
848 128 916 157 PRO
934 125 1096 156 ORIGENE.

1641 120 1694 149 5'10

58 196 106 231 qui
124 195 209 222 salem
223 202 300 222 suum
317 195 383 222 oriri
401 194 476 229 jubet
493 202 571 227 super
587 193 668 220 bonos
683 198 707 222 et
724 192 818 225 malos,
830 196 853 218 et
870 193 893 221 Α
908 190 1001 216 limam
1016 186 1201 221 cognitionem
1228 183 1380 218 pravalens
1399 181 1693 231 pervenireidespera-

59 241 130 277 pluit
143 240 321 276 superjustos
337 249 361 268 et
379 241 493 275 injustas
507 240 545 266 5‘.
559 248 568 265 ι

345 305 471 325 ιπτΕΙιΡιι.
489 304 569 324 ιιονΑ.
588 313 590 315 >

97 355 222 383 Arbitror
238 355 320 382 Deunt
333 356 437 390 quidem
451 360 475 382 et
488 355 672 386 Patrem,cum
688 355 774 381 omnia
788 361 850 390 ron-

61 392 160 422 tineat,
174 391 208 416 ad
227 392 428 425 unumquodque
443 391 540 418 entiam
555 391 699 423 pervenire,
717 398 773 416 esse
788 389 850 415 uni-

61 426 158 459 cuique
182 426 372 460 impertientem
395 427 427 453 de
451 434 499 452 suo
514 433 524 452 :
535 426 588 458 ipse
605 426 673 452 enim
691 430 728 451 est
743 425 789 458 qui
802 429 851 451 est.

62 462 156 488 Mittor
168 469 229 488 vero
245 461 324 487 Patre
340 460 428 488 Filius
441 462 474 487 ad
494 461 550 487 sola
576 459 747 486 rationabilia
761 467 850 493 perve-

63 498 119 527 nit;
133 502 171 522 est
187 497 255 523 enim
283 497 412 523 secundus
425 505 440 522 α
456 494 544 521 Patre.
561 494 656 522 Adhuc
671 495 749 521 etiam
766 494 852 520 minor

62 531 182 564 Spiritus
204 536 312 558 sanctus
333 532 368 557 ad
393 531 463 558 solos
480 535 584 557 sanctos
608 531 746 564 pertingit.
762 529 806 555 Ita
820 537 852 555 ea:

61 563 112 592 hoc
133 566 222 600 major
230 571 268 592 est
279 570 396 599 potestas
409 566 508 596 Patris,
524 574 602 599 quam
614 564 681 592 Filii
695 563 720 591 et
733 563 852 600 Spiritus

60 599 298 635 sanetifamplior
311 602 374 628 item
395 605 509 634 potestas
534 599 609 632 Filii,
633 608 712 635 quam
735 599 851 635 Spiritus

60 636 165 667 sancti;
182 645 213 662 ae
229 634 339 662 rursum
366 636 536 670 pra'stuntior
565 641 600 662 est
626 634 712 662 sancti
738 634 851 669 Spiritus

60 671 158 703 virtus,
172 680 250 706 quant
264 671 377 698 aliorum
393 675 546 697 mactarunt
561 672 673 697 entiunt.

97 726 265 754 Passennus.
282 726 314 753 Et
327 731 390 760 post
407 725 520 753 ntultatn
536 725 569 753 tle
584 725 663 753 Patre
678 730 704 753 et
720 725 789 753 Filio
804 731 852 760 per

61 773 271 807 Scripturarutn
285 773 406 807 exempla
425 772 616 806 assertionem,
634 773 738 800 addidit
753 773 829 799 haec:

97 820 247 847 ORIGE‘NES.
265 829 274 845 ι
289 819 408 854 Spiritus
428 826 493 846 vero
507 819 594 847 sancti
612 818 850 854 participationem

908 234 982 261 tione
1000 233 1038 260 rei
1057 237 1085 259 et
1100 236 1210 266 stupore
1235 230 1385 264 proclamat.
1403 234 1429 255 et
1444 228 1519 261 dicit;
1544 227 1566 254 ο
1579 227 1694 254 altitudo

905 280 1060 307 diuitiarum
1077 276 1213 311 sapientia;
1226 281 1249 303 et
1267 275 1382 302 scientia
1397 274 1445 301 Dei
1454 274 1492 300 ‘5!
1508 273 1564 308 (55)
1579 273 1611 300 Et
1621 273 1694 307 quod

906 322 1098 358 desperatione
1118 320 1247 356 perfecto:
1262 318 1512 353 comprehensionis
1533 318 1588 345 haec
1603 318 1694 344 excla-

906 368 1033 399 maverit.
1048 367 1109 394 audi
1125 367 1212 400 ipsum
1226 365 1379 392 dicentem:
1395 364 1480 397 Quam
1494 363 1694 390 inscrustabilia

905 420 966 442 sunt
979 414 1084 450 judicia
1107 413 1164 444 Dei,
1184 417 1207 438 et
1222 419 1302 446 quant
1319 410 1509 446 inuestigabiles
1522 410 1570 436 vim
1582 410 1638 443 eius
1650 409 1691 435 "l

906 461 963 489 Non
978 462 1052 488 enim
1077 460 1145 487 dixit
1161 457 1268 485 dillicile
1285 464 1364 492 posse
1378 456 1506 486 scrutari.
1519 456 1565 483 sed
1580 455 1693 482 omnino

906 515 959 535 non
980 514 1072 542 posse,
1089 505 1191 540 judicia
1214 504 1259 531 Dei
1274 513 1281 530 :
1297 510 1346 530 nec
1372 502 1440 528 dixit
1453 501 1562 529 dillicile
1579 500 1693 528 investi-

906 554 962 589 gari
986 561 1065 586 posse
1089 552 1147 578 vias
1175 550 1245 586 ejus,
1272 549 1319 577 sed
1347 555 1399 575 non
1422 555 1500 582 posse
1523 546 1692 581 investigari.

906 599 1148 633 Quantumcunque
1171 596 1243 624 enim
1268 596 1328 630 quis
1353 593 1498 621 scrutando
1519 597 1693 627 promoveat.

905 651 931 672 et
948 645 1038 672 studio
1055 644 1111 679 (56)
1139 643 1284 670 intentiore
1309 641 1445 676 proﬁciat,
1475 639 1562 674 gratia
1585 644 1693 672 quoque

906 691 953 718 Dei
982 691 1100 725 adjutus,
1129 696 1264 724 sensuque
1290 687 1465 719 illuminattts,
1486 686 1519 713 ad
1544 684 1693 720 perfectum

907 737 986 764 linem
1003 744 1097 764 eorum
1115 743 1175 770 quae
1195 735 1380 769 requiruntur,
1398 732 1541 767 pervenire
1555 739 1606 758 non
1619 734 1695 765 pote-

907 783 938 810 rit
951 791 958 817 ;
976 790 1026 810 nec
1039 783 1126 809 omnis
1141 788 1218 808 meus
1230 788 1289 814 qua:
1304 784 1394 807 creata
1410 783 1463 811 est,
1475 776 1600 812 possibile
1613 776 1694 803 habet

907 829 960 856 ullo
989 836 1088 864 genere
1116 826 1370 861 comprehendere:
1392 825 1439 852 sed
1469 832 1530 851 cum
1563 821 1697 849 invenerit

63 872 78 891 ³
96 865 205 892 saliuis
223 865 408 909 lanll'mm0d0
435 865 527 893 haberi
551 866 711 892 ίιινεηίιηιιε-
738 865 853 899 Propter
869 878 890 906 Β
905 873 1102 909 aliquantulum
1124 879 1157 899 ex
1177 872 1218 899 his
1233 879 1293 906 qua:
1314 875 1484 906 quaeruntur,
1507 868 1605 895 iterum
1621 867 1696 894 videt

62 910 134 944 quod
150 910 252 937 dicitur
265 919 271 936 :
285 908 369 937 Nemo
381 915 463 944 potest
478 910 564 937 dicere
578 910 633 945 (5|)
649 909 788 937 Dominum
804 910 852 938 Je-

62 964 133 987 sum,
148 956 201 983 nisi
212 956 238 982 in
257 955 359 990 Spiritu
377 962 468 985 sancto
480 957 513 983 ".
531 957 564 983 Et
578 958 622 983 vix
643 955 788 990 aliquando
803 957 854 991 ipsi

63 1001 182 1036 apostoli
204 1001 275 1037 digni
294 1001 427 1028 habentur
446 1001 710 1035 audire:Accipietis
732 1002 853 1029 uirtutem

62 1048 270 1082 supervenientis
285 1046 401 1081 Spiritus
412 1047 499 1074 sancti
513 1048 541 1074 in
551 1055 595 1074 uos
603 1047 636 1074 ".
655 1047 770 1081 Propter
781 1048 852 1082 quod

63 1099 90 1121 et
104 1100 277 1127 consequens
297 1097 374 1127 puto,
390 1093 520 1127 quiaqui
537 1092 691 1127 peccaverit
712 1092 739 1119 in
756 1091 853 1119 Filium

65 1139 197 1171 hominis,
224 1139 303 1165 venia
327 1139 423 1173 dignus
449 1138 531 1171 est",
549 1146 597 1173 pro
623 1145 655 1165 eo
684 1137 754 1172 quod
771 1137 794 1164 is
808 1136 854 1172 qui

66 1184 149 1213 Verbi
166 1185 208 1212 vel
224 1185 338 1212 rationis
351 1189 390 1211 est
408 1184 554 1218 particeps,
569 1184 590 1212 si
611 1183 717 1211 desinat
735 1183 855 1210 rationa-

65 1232 159 1259 biliter
174 1233 277 1263 vivere,
300 1231 409 1258 videtur
434 1231 460 1257 in
493 1231 687 1266 ignorantiam,
704 1230 746 1257 vel
764 1229 855 1256 stulti-

65 1278 131 1305 tiam
148 1277 294 1308 decidisse,
310 1281 337 1304 et
357 1281 466 1311 propter
481 1276 531 1303 hoc
548 1276 652 1302 veniam
676 1275 827 1310 promereri
847 1284 854 1303 :

64 1324 111 1358 qui
127 1329 218 1350 autem
239 1322 295 1356 iam
311 1323 408 1358 dignus
422 1327 465 1349 est
490 1322 599 1349 ltabitus
623 1323 710 1350 sancti
736 1321 855 1356 Spiritus

64 1369 287 1405 participatione,
312 1373 340 1395 et
356 1374 430 1395 retro
455 1368 536 1395 fuerit
559 1375 718 1401 conversus,
745 1368 790 1395 hic
814 1376 856 1395 re-

66 1416 126 1450 ipsa
155 1421 184 1442 et
210 1421 291 1450 opere
319 1415 522 1450 blasphemasse
544 1414 645 1441 dicitur
673 1414 700 1441 itt
722 1413 854 1449 Spiritum

65 1467 204 1488 sanctum.
222 1470 232 1487 ι

102 1506 270 1534 Ptturutws.
288 1506 345 1541 (52)
369 1506 445 1540 Quod
471 1507 544 1534 sicut
569 1506 650 1534 Pater
680 1506 754 1533 novit
780 1505 857 1533 initia

905 920 956 947 alia
975 927 1035 955 qua:
1051 918 1195 954 quaerenda
1209 923 1280 945 sunt.
1301 916 1379 950 Quod
1393 917 1414 943 si
1427 920 1454 943 et
1471 915 1505 942 ad
1524 915 1579 949 ipSa
1596 920 1693 948 perve-

905 966 987 998 nerit,
1013 965 1096 992 multo
1121 965 1219 991 iterum
1242 964 1317 998 plttra
1341 971 1372 990 ex
1392 963 1446 989 illis
1467 969 1525 996 qua:
1548 960 1631 996 quaari
1648 959 1696 987 de-

904 1011 998 1044 beant,
1014 1010 1177 1044 pervidebit.
1193 1009 1307 1043 Propter
1330 1008 1401 1043 quod
1423 1013 1449 1034 et
1478 1005 1696 1040 sapientissimus

906 1056 1035 1083 Salomon
1060 1059 1183 1082 natttrattt
1204 1062 1293 1081 rertttn
1310 1060 1358 1088 per
1369 1052 1527 1086 sapientiam
1543 1054 1692 1081 contuens,

905 1102 942 1128 ait
959 1110 966 1128 :
982 1100 1055 1132 Dixi,
1071 1101 1176 1135 sapiens
1188 1100 1296 1135 eﬂiciar,
1308 1104 1331 1126 et
1350 1099 1406 1133 ipsa
1425 1097 1555 1132 sapientia
1568 1095 1642 1130 longe
1654 1095 1698 1130 fa-

905 1152 947 1173 cta
962 1152 999 1174 est
1019 1155 1035 1174 a
1056 1155 1107 1178 me,
1123 1146 1199 1180 longe
1214 1146 1272 1180 plus
1296 1152 1374 1179 quant
1399 1148 1510 1170 erat:et
1531 1142 1696 1169 altitudinem

909 1191 1070 1227 profundam
1083 1191 1141 1226 quis
1157 1191 1269 1217 inueniet
1279 1189 1300 1205 '"
1311 1189 1323 1216 ?
1334 1189 1387 1216 Sed
1402 1194 1429 1215 et
1444 1187 1528 1215 Isaias
1550 1187 1638 1214 sciens
1655 1193 1698 1213 re-

906 1245 967 1265 rum
993 1237 1069 1264 initia
1087 1244 1101 1264 a
1121 1241 1218 1263 natura
1245 1235 1350 1262 mortali
1377 1233 1492 1261 inveniri
1517 1241 1569 1260 non
1605 1239 1696 1267 posse,

906 1283 954 1311 sed
971 1291 1005 1311 ne
1019 1283 1053 1309 ab
1067 1282 1109 1310 Itis
1123 1282 1231 1317 quidem
1245 1281 1350 1308 naturis
1365 1287 1424 1314 quae
1444 1279 1567 1313 quamvis
1581 1278 1697 1305 divinio-

907 1335 952 1355 res
966 1328 1020 1354 sittt
1033 1328 1090 1363 (57)
1106 1335 1187 1362 qttant
1203 1327 1318 1353 humana
1336 1329 1388 1356 est.
1404 1325 1481 1352 lactte
1494 1330 1582 1351 tanton
1596 1328 1622 1350 et
1634 1324 1698 1357 ipsa:

907 1377 970 1400 sunt
986 1373 1026 1400 vel
1045 1377 1143 1399 create
1159 1379 1164 1398 :
1181 1371 1271 1399 sciens
1291 1378 1355 1405 ergo
1374 1371 1445 1404 quod
1462 1377 1476 1397 a
1504 1370 1576 1397 nulla
1602 1369 1697 1396 harum

909 1427 997 1454 neque
1024 1419 1142 1450 initium,
1168 1426 1256 1452 neqtte
1284 1418 1345 1444 littis
1370 1417 1484 1444 inveniri
1513 1419 1612 1451 potest,
1637 1416 1696 1441 ait:

909 1464 1005 1492 Priora
1021 1473 1080 1499 quae
1103 1465 1200 1499 fuerint
1217 1464 1306 1496 dicite,
1321 1468 1344 1490 et
1358 1464 1469 1489 sciemus
1489 1463 1551 1497 quia
1567 1461 1604 1488 dii
1616 1461 1677 1487 estis
1688 1467 1699 1486 :

910 1510 948 1538 vel
964 1511 1102 1538 nouissima
1116 1518 1175 1545 qua:
1188 1510 1252 1540 sint.
1262 1510 1428 1540 annuntiate,
1443 1513 1466 1534 et
1483 1514 1543 1533 tunc
1556 1506 1698 1533 videbimus

67 1553 192 1579 omnium
208 1560 269 1587 quae
283 1558 355 1585 sunt,
368 1557 395 1579 et
411 1552 487 1586 lines,
502 1553 541 1580 sic
549 1557 575 1579 et
591 1552 686 1586 Filius,
701 1553 742 1580 sic
757 1557 784 1579 et
796 1552 857 1588 Spi-
871 1558 891 1587 (ς
907 1555 976 1589 quod
996 1555 1033 1581 dii
1052 1555 1114 1581 estis
1123 1554 1159 1581 ⁵⁸.
1178 1554 1233 1589 (58)
1251 1553 1318 1580 Nam
1347 1559 1375 1581 et
1402 1553 1532 1580 Ilebrazus
1549 1551 1645 1578 doctor
1661 1550 1698 1577 Ita

68 1599 137 1626 ritus
153 1603 267 1626 sanctus
283 1598 362 1630 sciat,
385 1598 440 1633 (55)
457 1606 490 1625 eo
511 1599 583 1633 quod
601 1598 656 1625 Deo
673 1599 801 1632 possibile
815 1603 858 1626 est

67 1651 177 1671 omnem
205 1647 358 1671 crcaturaut
385 1651 560 1678 cognoscere.
596 1643 633 1671 De
658 1647 758 1679 quarto
785 1644 856 1672 libro

68 1690 139 1724 Περὶ
158 1689 271 1724 ἀρχῶν.

102 1735 251 1764 Οιιιῦεκες.
265 1735 324 1772 (54)
341 1745 351 1762 ι
375 1735 473 1763 Paulus
498 1735 637 1770 apostolus
660 1742 709 1770 per
726 1734 857 1770 Spiritum

68 1787 196 1808 sanctum
216 1782 261 1816 qui
276 1786 461 1817 perscrutatur
474 1781 555 1809 etiam
572 1780 706 1815 profunda
722 1780 783 1812 Dei,
798 1780 859 1807 alti-

70 1829 193 1855 tudinem
211 1829 367 1856 divitiarum
379 1828 521 1863 sapientiaa
535 1835 567 1854 ac
578 1827 699 1855 scientia:
713 1826 762 1854 Dei
779 1834 857 1854 scru-

69 1878 142 1905 tatis.
158 1881 209 1900 nec
222 1878 311 1900 tamen
327 1875 360 1901 ad
376 1874 468 1906 linem,
482 1878 520 1907 et,
536 1879 564 1900 ut
578 1873 614 1900 ita
625 1873 752 1906 dixerim,
768 1874 800 1900 ad
817 1874 858 1901 in-

104 1920 126 1937 ⁸¹
141 1920 238 1948 Matth.
258 1928 284 1952 ν,
299 1921 345 1948 45.
393 1921 417 1937 δ’
432 1920 440 1946 l
456 1920 520 1948 Cor.
536 1928 583 1951 xu.
602 1920 629 1947 5.
680 1919 704 1935 ⁸⁸
717 1921 780 1947 Act.
797 1929 817 1951 ι,
830 1921 857 1948 8.

69 1956 92 1972 ”
107 1956 175 1984 ibid.
214 1955 236 1971 ⁵⁷
251 1955 341 1984 Eccle.
354 1963 404 1988 vn,
421 1955 466 1988 24,
486 1955 531 1983 25.
569 1956 592 1971 ⁸⁸
606 1956 657 1984 lsa.
671 1963 728 1988 ut,
742 1956 788 1988 22,
802 1956 846 1984 25.

105 2014 165 2046 (5|)
185 2013 267 2044 Etliti.
283 2013 411 2041 Dominus
424 2014 512 2042 Iesus.
528 2015 628 2042 Deinde
650 2022 715 2042 mss.
731 2014 854 2050 plerique

70 2050 212 2079 omittunt.
230 2050 443 2082 superoenientis.
472 2050 534 2077 Mss.
553 2051 643 2084 plures
658 2051 790 2077 librorunt
816 2051 854 2078 De

71 2084 210 2117 principiis
227 2084 259 2110 ba
265 2085 337 2115 bent,
348 2086 578 2118 supervenientem.

107 2119 166 2154 (52)
186 2118 267 2150 Editi.
284 2119 360 2151 Quod
383 2120 405 2146 si
431 2120 512 2146 l’ater
538 2120 608 2146 novit
633 2120 710 2146 initia
736 2121 852 2148 omnium

72 2162 130 2189 qua
145 2158 220 2185 sunt,
237 2160 261 2180 et
283 2154 358 2188 ﬁnes,
375 2155 412 2180 sic
422 2160 445 2180 et
460 2154 556 2187 Filius,
568 2155 604 2182 sic
619 2161 642 2181 et
663 2155 781 2187 Spiritus
795 2164 855 2183 san-

72 2196 128 2216 ctus
142 2190 209 2215 sciat
221 2189 248 2224 id
261 2191 330 2224 quod
345 2190 502 2223 impossibile
515 2197 551 2216 est
577 2192 646 2217 omni
666 2195 793 2218 creaturae
812 2199 855 2217 co—

73 2232 208 2259 gnoscere.
225 2223 278 2251 Sed
296 2232 390 2251 omnes
408 2233 473 2252 mss.
491 2230 518 2250 ιιι
533 2226 559 2251 itt
584 2231 678 2252 nostro
702 2231 787 2258 textu,
805 2226 856 2252 nisi

74 2258 145 2299 quod
163 2258 232 2286 alius
248 2259 345 2287 habeat
358 2259 453 2291 Deum,
469 2260 515 2287 alii
537 2260 601 2292 Dei;
616 2265 643 2287 et
658 2259 728 2287 alius
744 2262 792 2287 scit
818 2268 866 2296 pro

75 2299 153 2322 δειηι.

111 2329 170 2363 (55)
186 2328 226 2355 Eo
238 2329 308 2364 quod
330 2329 386 2356 Deo
406 2330 527 2364 possibile
549 2334 599 2356 est.
623 2329 661 2357 Ita
676 2329 785 2364 quidem
800 2339 865 2358 mss.

76 2366 132 2391 fere
147 2365 234 2391 nostri
249 2372 352 2392 omnes.
367 2364 414 2392 Ms.
429 2373 492 2392 veto
505 2366 533 2393 ὃ.
551 2365 688 2393 Michaelis
701 2366 727 2392 in
742 2365 868 2393 Periculo

77 2400 171 2430 maris.
186 2407 216 2426 eo
233 2401 303 2433 quod
327 2400 488 2433 intpoasibile
513 2406 562 2432 est,
575 2405 628 2428 etc.
644 2400 696 2427 Sed
715 2401 816 2428 rectius
832 2401 868 2427 le-

76 2434 194 2470 gendum
204 2439 353 2470 cutttantea
362 2436 451 2466 editis,
465 2436 492 2461 id
504 2437 572 2470 quod
582 2435 742 2470 impossibile
753 2441 801 2469 est,
811 2441 866 2463 etc.

244 2469 296 2512 lib.
308 2477 332 2496 tv
350 2469 386 2509 De
399 2469 523 2512 princip,
536 2478 611 2510 num.

113 2505 171 2539 (55)
179 2505 264 2535 Alias,
274 2509 297 2530 et
311 2506 390 2539 quia;
402 2506 438 2532 al.
450 2510 473 2531 et
482 2507 617 2539 quoniam.
631 2505 679 2532 Ms.
689 2505 718 2532 S.
729 2505 868 2533 Michaelis

78 2539 105 2566 itt
116 2539 243 2566 Pericqu
258 2547 342 2566 ntarts
355 2548 495 2573 perperam
507 2560 514 2571 ,
529 2546 553 2567 et
562 2549 639 2575 quant
649 2541 864 2575 desperationem.

113 2575 172 2610 (56)
193 2575 278 2605 Editi,
299 2575 432 2606 interiori,
450 2575 528 2602 male.
548 2575 632 2602 Paulo
646 2581 706 2610 post
728 2583 794 2603 mss.
809 2577 868 2608 plu-

79 2617 133 2642 res,
147 2610 297 2644 sensimque
318 2610 506 2642 illuminatus;
520 2615 547 2638 et
566 2616 661 2645 postea
688 2611 764 2644 editi,
779 2612 868 2646 requi-

79 2652 132 2672 rem
137 2654 153 2671 ιι
157 2653 181 2672 Γ.

112 2680 170 2715 (57)
188 2679 274 2711 Alias,
288 2688 368 2714 quam
380 2679 512 2713 ltumante,
532 2680 610 2714 factm
623 2685 720 2711 tamen,
742 2685 795 2707 etc.

113 2715 173 2751 (58)
191 2715 367 2751 Eadetttrl'ere
382 2717 551 2751 reperiuntur
574 2716 622 2742 lib.
641 2724 649 2742 ι
666 2715 705 2742 De
718 2716 866 2751 principiis,

79 2749 139 2784 cap.
154 2751 183 2782 5,
200 2758 277 2776 ttuttt.
292 2750 321 2779 4,
336 2751 380 2776 ubi
396 2749 488 2777 Graeca
504 2751 560 2777 haec
571 2756 743 2784 apponuntur
760 2758 792 2777 ex
805 2750 868 2785 Epi-

79 2789 148 2812 stula
158 2785 308 2812 Justittiani
322 2785 495 2818 imperatoris
515 2786 547 2812 ad
565 2786 668 2812 Menam
682 2787 866 2818 patriarcham

80 2819 408 2855 Constantinopolitanottt
426 2828 432 2845 :
452 2820 549 2854 Ἔλεγε
565 2820 594 2846 δὲ
610 2821 624 2846 ὁ
643 2820 766 2855 Ἐϐραῖος
782 2820 817 2846 τὰ
839 2821 868 2846 ὲν

80 2856 118 2891 τῷ
141 2855 242 2890 Ἡσαΐᾳ
262 2854 310 2881 δύο
326 2855 444 2890 repetent.
453 2855 624 2891 ἑξκπτέρυγα
641 2854 794 2891 κεκραγότα
810 2856 867 2882 ἓτε-

906 1921 929 1937 “
945 1920 1040 1948 Matth.
1066 1929 1114 1955 xtt,
1131 1921 1182 1954 52;
1212 1920 1277 1947 Luc.
1301 1927 1350 1952 xtl,
1372 1919 1417 1946 10.

913 1601 1046 1633 tradebat,
1065 1608 1115 1635 pro
1127 1608 1160 1627 eo
1176 1600 1248 1635 quod
1274 1599 1352 1626 ittitia
1369 1599 1489 1626 ontuittm
1507 1598 1548 1625 vel
1570 1597 1630 1624 linis
1646 1604 1698 1623 non

911 1651 1003 1682 posset
1016 1647 1050 1673 ab
1062 1647 1116 1673 ullo
1130 1646 1335 1681 comprehendi,
1352 1646 1403 1672 nisi
1417 1645 1603 1671 tantummodo
1614 1651 1628 1670 a
1647 1643 1701 1669 Do-

912 1695 985 1721 tnino
1001 1693 1065 1721 Jesu
1085 1694 1194 1720 Christo
1221 1696 1248 1719 et
1278 1692 1312 1718 ab
1341 1691 1442 1725 Spiritu
1465 1694 1569 1722 sancto,
1597 1689 1701 1716 idcirco

912 1740 1002 1767 aiebat
1027 1747 1076 1773 per
1095 1738 1209 1773 ﬁguram
1238 1737 1351 1764 visionis
1380 1735 1476 1762 Isaiam
1503 1735 1604 1762 dixisse
1633 1734 1700 1760 duos

911 1784 1050 1819 seraphim
1075 1784 1147 1811 solos
1166 1790 1225 1811 esse
1242 1783 1286 1817 qui
1303 1783 1410 1810 duabus
1427 1782 1534 1816 quidem
1559 1781 1609 1807 alis
1632 1787 1699 1814 ονε-

913 1830 988 1857 riunt
1016 1829 1111 1856 l‘acicm
1138 1829 1197 1860 Dei,
1216 1828 1321 1855 dttabtts
1338 1835 1403 1854 vero
1429 1827 1522 1862 pedes,
1543 1831 1570 1853 et
1594 1825 1699 1852 duabus

913 1875 1007 1902 volare
1021 1882 1078 1906 eos.
1093 1880 1120 1901 et
1136 1874 1193 1909 (59)
1212 1874 1331 1900 clatnare
1347 1873 1380 1900 ad
1406 1872 1522 1899 invicem
1539 1871 1590 1899 sibi
1608 1870 1700 1897 dicen-

1469 1918 1492 1934 ”
1509 1918 1586 1945 Ιιοιιι.
1604 1925 1640 1950 ΣΙ,
1653 1917 1699 1945 55.

909 2025 964 2053 pett,
985 2017 1031 2053 ua).
1048 2016 1176 2050 λέγοντα·
1191 2016 1298 2053 ῘΑΥιος,
1321 2014 1509 2053 ἄχιρς,-ἆγιρς
1521 2013 1625 2053 Κέριιζς
1647 2013 1700 2053 Σας

908 2047 992 2083 baioli,
1008 2052 1053 2078 τὸν
1067 2047 1208 2086 Μονογενῆ
1218 2047 1287 2078 εἶναι
1302 2047 1349 2077 τοῦ
1362 2049 1429 2076 Θεοῦ
1445 2050 1491 2086 uati.
1502 2049 1532 2086 1b
1542 2047 1658 2086 rllusﬁpar
1669 2049 1701 2075 τὸ

907 2088 997 2127 ἅγιον·
1009 2088 1094 2127 ,ἡμεῖς
1105 2083 1217 2127 οἰόμεθά
1230 2085 1340 2127 tinguo).
1354 2086 1382 2112 ὲν
1397 2085 1434 2127 ’τῇὲ
1449 2084 1503 2127 (ξξόῇ
1527 2083 1699 2127 ’Apﬁs‘ntob’tt,

910 2119 977 2163 SEV'
983 2119 1057 2158 μέἀὶμ
1067 2122 1113 2148 δύο
1117 2119 1195 2163 Scitum
1203 2121 1355 2157 γνωσθήσῃ,
1362 2120 1439 2163 ’.περ
1448 2119 1564 2163 ξριστοῦ
1570 2119 1615 2145 καὶ
1621 2119 1701 2163 (if-(ou

908 2155 1078 2192 Πνεύματός.
1112 2155 1217 2184 Dtcebat
1238 2155 1337 2183 autem?
1353 2160 1377 2182 et
1407 2155 1534 2192 [febriens
1550 2155 1698 2192 undanter,

909 2189 1046 2228 quod-duo
1073 2193 1120 2219 illa
1143 2193 1275 2225 seraphim
1291 2199 1356 2228 quas
1370 2191 1396 2216 itt
1413 2190 1571 2228 Isaia__settis
1584 2189 1699 2228 etisde-

916 2224 1067 2254 scribuntur
1083 2227 1225 2253 clamantia
1246 2227 1279 2253 ad
1297 2224 1411 2252 inuicem
1430 2229 1454 2251 ει
1476 2225 1588 2251 dicentia
1600 2231 1610 2250 :
1628 2224 1700 2250 San-

917 2267 987 2294 ctus,
1007 2268 1126 2293 sanctus,
1144 2267 1255 2288 sanctus
1271 2261 1401 2288 Dominus
1417 2260 1488 2287 Deus
1513 2260 1645 2292 Sabaoth,
1668 2259 1700 2285 de

917 2293 1050 2331 unigenito
1067 2296 1137 2323 Filio
1153 2297 1211 2329 Dei,
1228 2302 1251 2323 et
1270 2297 1373 2329 Spiritu
1386 2301 1476 2331 sancto
1496 2300 1579 2321 essent
1602 2293 1702 2331 intelli-

917 2329 1011 2367 genda.
1043 2331 1100 2358 Nos
1118 2340 1176 2358 vero
1204 2337 1326 2364 putamus
1338 2329 1501 2367 etiant‘illud
1514 2331 1583 2367 quod
1600 2330 1628 2356 in
1639 2337 1702 2367 cau-

918 2365 969 2393 iico
988 2366 1114 2393 Habacuc
1129 2367 1181 2401 (tu,
1196 2368 1224 2401 2)
1241 2367 1339 2392 dictum
1353 2371 1401 2396 est.
1423 2365 1449 2391 in
1461 2366 1550 2391 ntedio
1579 2367 1617 2391 uel
1634 2365 1701 2401 duo-

918 2410 977 2429 rum
1001 2399 1168 2433 auiutalittin,
1183 2399 1222 2428 vel
1237 2403 1350 2429 duarum
1377 2401 1491 2427 vitaruttt
1516 2399 1699 2433 cognosceris.

917 2437 949 2464 de
973 2436 1077 2463 Christo
1099 2442 1121 2462 et
1137 2437 1169 2462 de
1184 2436 1284 2470 Spiritu
1301 2443 1391 2463 sancto
1411 2435 1501 2462 sentiri
1515 2435 1618 2461 debere.
1638 2434 1701 2462 Ilaec

919 2478 1007 2499 atttetn
1022 2471 1148 2505 Origenis
1163 2471 1352 2505 interpretatio
1369 2473 1405 2497 ita
1425 2470 1587 2504 Hieronymo
1600 2473 1702 2496 stoma-

918 2507 998 2534 cltttttt
1016 2507 1110 2535 movit.
1126 2510 1155 2532 ιιι
1172 2506 1280 2540 impiam
1308 2507 1380 2533 illattt
1397 2510 1425 2532 et
1450 2505 1638 2540 detestandam
1657 2511 1702 2540 ap:

918 2542 999 2604 pellet
1017 2541 1073 2581 lih..
1094 2548 1123 2567 ιιι
1156 2542 1183 2567 in
1209 2539 1309 2567 lsaiam
1332 2546 1358 2568 et
1387 2541 1474 2581 epist...
1493 2539 1576 2566 ttat.
1606 2539 1640 2566 65
1667 2539 1702 2565 ad

941 2576 1121 2604 atumat-humi
1148 2581 1174 2602 et
1196 2576 1342 2603 Oceanum.
1372 2576 1425 2603 Sed
1451 2576 1511 2602 vtde
1539 2582 1592 2604 quo
1622 2579 1702 2604 pacto

929 2576 1121 2604 ’ammat-hittm
1148 2581 1174 2602 et
1196 2576 1342 2603 Oceanum.
1372 2576 1425 2603 Sed
1451 2576 1511 2602 vide
1539 2582 1592 2608 quo
1622 2579 1702 2609 pacto

918 2617 1063 2639 excusetur
1078 2610 1262 2645 Origenianor.
1281 2611 1326 2637 ltb.
1346 2618 1376 2643 tt,
1392 2616 1486 2645 quaest.
1501 2610 1528 2641 ‘2,
1546 2618 1620 2636 ttttttt.
1637 2610 1682 2636 26.

956 2647 1011 2683 (59)
1028 2647 1076 2673 Ms.
1091 2646 1265 2683 Sorbottieus,
1280 2646 1455 2683 etrclantantes
1469 2645 1629 2683 adiutricem
1640 2645 1700 2683 sibi!

920 2687 943 2709 et
954 2679 1075 2709 dicentes.
1091 2681 1128 2707 lla
1143 2681 1222 2708 etiam
1251 2681 1311 2707 hbri
1339 2681 1376 2706 De
1398 2681 1535 2713 principiis
1553 2685 1606 2707 tam
1637 2679 1702 2706 editi

920 2725 1000 2752 quam
1018 2725 1093 2749 tttss.,
1113 2716 1162 2742 ttisi
1177 2715 1248 2752 quod
1266 2716 1339 2752 prius
1354 2716 1477 2752 habeant.
1495 2720 1519 2752 et
1540 2715 1642 2742 duabus
1655 2723 1703 2752 υιζτ

919 2749 985 2778 lant.
1001 2753 1068 2779 Etliti
1087 2759 1149 2778 vero
1168 2751 1246 2785 huius
1266 2750 1419 2784 Alta/agite,
1442 2755 1468 2785 et
1492 2750 1636 2776 clamantes
1650 2749 1702 2776 sibi

919 2788 1026 2814 invicem
1037 2787 1135 2813 dicere.
1152 2784 1208 2812 Ms.
1220 2787 1250 2812 S.
1268 2785 1403 2812 Michaelis
1422 2785 1447 2811 itt
1462 2784 1584 2812 l‘ericulo
1599 2785 1682 2812 maris
1693 2805 1701 2817 ,

919 2828 941 2849 et
958 2823 1099 2849 clamantes
1111 2822 1145 2849 ad
1162 2821 1270 2848 invicem
1284 2821 1380 2848 dicere.
1399 2820 1452 2849 Sed
1469 2820 1559 2848 cancri
1586 2827 1652 2849 mss.
1674 2824 1707 2848 ut

920 2866 945 2884 ΙΙΙ
962 2862 1044 2885 textu.
