1909 3080
220 139 269 166 5'7!

823 132 851 160 S.
872 132 1033 159 PAMPHILI
1055 131 1237 167 MAltTYRlSj

1796 125 1847 153 572

222 203 264 226 tes
281 206 288 223 ί
303 198 428 228 Sanctus,
452 199 575 226 sanctus,
601 197 707 220 sanctus
726 192 855 220 Dominus
873 193 943 219 Deus
965 192 1012 220 Sa-
1026 196 1048 223 Α
1064 193 1128 220 illud
1142 197 1182 220 est
1194 193 1266 227 quod
1284 191 1419 218 revelante
1432 189 1502 217 Filio
1518 188 1564 216 Dei
1578 195 1609 215 ac
1622 187 1727 222 Spiritu
1750 192 1845 213 sancto

223 245 314 276 bnoth,
336 244 413 278 plena
434 248 471 270 est
494 243 618 269 universa
640 247 709 268 terra
731 241 815 276 gloria
831 246 876 268 tua
885 241 918 268 ⁸⁸.
933 240 1009 274 Quod

222 298 288 325 ergo
310 290 365 318 sola
386 289 523 324 seraphim
547 293 676 322 utrasque
702 287 758 314 alas
783 295 846 314 suas
864 287 962 314 [tabent
983 287 1009 314 in

224 336 292 362 facie
306 335 387 361 Deiet
403 335 428 361 in
446 334 559 368 pedibus
574 333 642 368 ejus,
664 332 720 367 (40)
733 332 877 359 videndum
890 336 930 359 est
946 339 1010 366 pro-

223 382 360 414 nuntiare,
375 380 446 414 quod
466 387 552 414 neque
563 379 699 406 exercitus
715 384 873 405 sanctorum
898 378 1009 413 angelo-

225 435 294 459 rum,
307 435 392 460 neque
411 431 512 453 sancta:
528 426 617 457 sedes,
629 432 717 459 neque
731 424 940 454 dominationes.
958 431 1006 450 ne-

222 466 276 507 que
302 472 481 506 principatus.
512 478 601 504 neque
624 473 773 505 potestates
800 468 871 496 scire
900 473 1014 503 possunt

222 519 327 552 integre
353 517 460 544 initium
492 517 626 548 omnium,
650 520 676 542 et
704 515 785 542 linem
815 515 1000 542 universitatis

223 563 277 591 Sed
294 562 496 597 intelligendum
511 565 552 589 est
567 565 676 588 sanetos
691 560 766 593 istos,
781 567 850 593 quos
866 567 994 586 enumera

222 612 320 642 vimus,
343 609 456 643 spiritus
480 614 507 635 et
533 608 646 634 virtutes
667 606 806 641 proximas
828 606 936 640 quidem
952 613 1012 633 esse

223 655 289 689 ipsis
305 653 400 686 initiis,
418 657 445 680 et
458 654 596 686 attingere
609 655 713 678 tantum
730 656 861 685 quatttttm
881 650 1010 684 consequi

223 707 277 726 non
301 698 388 726 valent
420 698 527 733 reliqui.
546 697 738 725 Verumtamen
768 701 1008 732 quantumcunque

1063 239 1207 266 didicerint
1221 239 1280 265 ista:
1295 238 1420 268 virtutes,
1436 234 1634 270 quamplurima
1649 233 1758 268 quidem
1775 240 1847 259 asse-

1064 285 1110 318 qui
1126 288 1264 318 poterunt,
1280 287 1307 310 et
1331 281 1415 309 ιιιιιιιο
1441 280 1516 314 plura
1539 279 1645 314 priores
1663 277 1845 308 inferioribus,

1063 329 1153 356 omnia
1176 334 1265 356 tamen
1291 325 1522 362 comprehendere
1539 322 1708 358 impossibile
1728 322 1769 349 eis
1797 328 1846 353 est,

1061 376 1123 410 quia
1143 375 1273 410 scriptum
1293 378 1358 401 est:
1379 370 1582 406 Quamplurima
1609 377 1642 396 ea:
1658 368 1782 402 operibus
1804 368 1847 394 Dei

1060 423 1088 449 in
1104 423 1207 449 secretis
1223 421 1325 448 sunt“.
1343 419 1418 447 Unde
1437 417 1590 452 etoptabile
1601 421 1738 450 estutpro
1748 414 1848 441 viribus

1061 475 1090 496 se
1108 467 1296 502 unusquisque
1312 472 1419 500 semper
1434 463 1562 491 extendat
1578 463 1612 488 ad
1639 470 1669 489 ea
1683 470 1742 496 quae
1759 462 1848 495 priora

1059 520 1132 547 sunt,
1152 522 1182 541 ea
1193 521 1251 548 qua:
1265 513 1321 545 (41)
1338 516 1482 539 retrorsum
1496 514 1556 536 sunt
1572 508 1727 536 Oblivisceris
1740 508 1775 541 ⁶¹,
1796 512 1849 534 tam

1061 558 1094 584 ad
1114 565 1195 591 opera
1221 556 1342 586 meliora,
1359 562 1440 590 quam
1465 554 1546 581 etiam
1574 553 1607 580 ad
1632 560 1744 580 sensum
1776 551 1850 579 intel.

1059 603 1211 637 lectumque
1241 602 1395 637 puriorem,
1423 608 1472 634 per
1499 599 1590 627 Iesum
1619 598 1759 626 Christum
1793 599 1849 625 Sal-

1060 654 1182 677 vatorem
1201 653 1335 680 nostrum,
1353 647 1397 674 cui
1422 651 1464 674 est
1477 646 1561 682 gloria
1584 646 1611 674 in
1627 646 1729 674 smcula
1743 644 1850 673 saeculo-

1062 701 1131 721 rum.
1149 702 1159 719 ι

953 750 1067 778 CAPUT
1089 749 1119 777 ν.

839 800 876 827 De
891 799 1074 826 incarnatione
1092 797 1169 824 Verbi
1185 797 1241 823 Dei.

259 850 403 877 ORIGENES.
419 848 475 884 (4‘2)
498 856 506 873 ι
525 846 554 875 ln
567 847 640 875 omni
654 847 720 875 orbe
733 851 881 878 terrarum,
894 847 919 873 in
934 846 1007 873 omni

1095 845 1172 870 Πᾶσα
1189 844 1217 870 δὲ
1239 844 1341 875 Ἑλλὰς,
1364 844 1412 870 καὶ
1435 843 1571 880 βάρϐαρος
1585 844 1602 880 ἡ
1617 843 1688 871 κατὰ
1699 843 1750 880 τὴν
1767 843 1851 870 οἰκου-

224 895 326 924 ίὲιιιξεὶει
341 900 422 930 atqtte
445 894 545 922 exteris
563 894 717 921 nationibus
743 893 876 920 innumeri
903 897 965 919 sunt
982 897 1010 919 et

223 942 359 974 immensi,
376 942 419 976 qui
437 941 539 968 relictis
566 941 661 975 patriis
680 940 795 975 legibus,
820 945 847 967 et
874 939 917 966 his
941 946 1010 973 quos

224 988 354 1023 putabant
368 988 444 1020 deos,
463 988 504 1014 vel
521 987 692 1014 observantia
719 987 802 1022 Moysi
833 986 910 1021 legis,
926 987 952 1013 in
967 985 1008 1012 di-

224 1034 384 1068 scipulatum
407 1042 435 1060 se
452 1033 552 1060 Christi
580 1032 736 1066 cultumque
759 1031 953 1064 tradiderunt;
981 1036 1009 1057 ct

224 1081 276 1107 hoc
292 1088 345 1106 non
366 1079 424 1106 sine
440 1078 541 1113 ingenti
557 1078 619 1105 odio
633 1085 727 1104 eorum
747 1078 792 1112 qui
807 1077 950 1104 simulacra
965 1084 1011 1104 ve-

225 1129 374 1156 nerantur;
395 1125 430 1150 ita
447 1130 474 1150 ut
490 1124 522 1151 ab
541 1123 583 1150 his
613 1123 770 1157 frequenter
796 1128 823 1150 et
845 1123 1011 1150 crncialibns

224 1168 388 1205 inligantur,
405 1177 598 1204 nonnunquam
615 1170 694 1196 etiam
711 1175 828 1202 agantur
841 1169 868 1195 in
885 1174 1010 1195 morlem.

223 1215 431 1248 Amplectuntur
459 1218 559 1245 tamen,
583 1219 610 1240 e'.
626 1221 687 1240 cum
703 1213 776 1240 omni
795 1212 892 1240 aﬂectu
918 1218 1011 1240 custo-

223 1259 300 1286 tlinnt
311 1259 442 1286 doctrinm
455 1258 555 1285 Christi
565 1266 727 1286 sermonem.
744 1258 775 1284 Et
789 1263 831 1285 est
842 1258 934 1285 videre
944 1265 1012 1293 quo-

225 1304 306 1330 modo
321 1303 395 1330 brevi
408 1309 529 1336 tempore
541 1305 597 1338 ipsa
609 1303 703 1338 religio
713 1304 841 1335 creverit,
856 1305 943 1338 poenis
954 1304 1010 1339 (i5)

222 1349 357 1376 cultorum
372 1350 558 1384 mortibusque
585 1350 742 1384 proﬁciens,
768 1351 814 1377 sed
833 1354 859 1378 et
877 1351 1010 1377 honorum

223 1395 430 1430 direptionibus,
442 1401 523 1430 atque
538 1396 610 1423 omni
625 1397 658 1423 ab
668 1397 710 1424 his
723 1396 898 1424 amictiOnum
914 1404 1014 1432 genere

225 1441 349 1469 tolerato.
366 1441 398 1468 Et
413 1450 445 1469 eo
459 1443 575 1469 maxime
594 1443 692 1469 mirum
718 1447 769 1475 est,
786 1443 857 1478 quod
875 1451 907 1470 ne
920 1443 1014 1470 docto-

226 1495 271 1516 res
286 1487 394 1522 quidem
411 1488 459 1522 ipsi
480 1488 520 1514 Vel
540 1488 606 1514 satis
624 1488 712 1515 idonei
728 1493 801 1520 sunt,
817 1488 858 1515 vel
874 1489 940 1515 satis
954 1488 1011 1522 plll-

226 1541 280 1561 res.
303 1533 468 1560 Praedicator
480 1539 569 1561 tamen
584 1541 673 1561 St‘l‘lllO
687 1535 737 1561 iste
759 1535 784 1561 in
797 1534 869 1561 omni
885 1534 950 1562 orbe
961 1540 1014 1561 ter-
1027 1520 1049 1550 Ο

227 1586 331 1611 rarum,
347 1580 383 1605 ita
405 1584 434 1606 ut
447 1579 535 1606 Graeci
552 1587 583 1606 ac
598 1579 725 1613 barbari,
743 1580 879 1616 sapientes
895 1585 922 1607 et
946 1580 1013 1607 insi-

224 1624 332 1659 pientes
347 1624 403 1660 (44)
423 1625 579 1660 religionem
596 1625 759 1654 Christianae
783 1625 916 1653 doctrinae
929 1626 1015 1652 susci-

226 1670 315 1705 piant.
331 1669 369 1697 Ex
387 1678 440 1705 qtto
456 1671 567 1698 dubium
593 1679 647 1698 non
669 1676 711 1698 est
727 1679 779 1698 non
806 1671 863 1698 hinc
888 1671 1013 1698 humanis

225 1717 331 1744 viribus
348 1721 394 1743 alit
407 1717 505 1751 opibus
519 1717 572 1752 agi,
602 1723 630 1744 ttt
648 1725 708 1744 cum
728 1717 802 1744 omni
828 1722 963 1752 potestate
986 1721 1014 1744 et

226 1763 403 1796 persuasione
419 1770 510 1790 sermo
525 1762 588 1790 Jesu
602 1763 703 1790 Christi
719 1764 788 1797 apud
801 1764 922 1790 omnium
937 1769 1013 1789 men-

226 1813 266 1835 tes
278 1813 359 1843 atqne
374 1809 479 1835 animos
492 1809 674 1836 convalescat.
689 1809 754 1836 Nam
768 1813 795 1836 et
808 1810 936 1844 praedicta
953 1817 1013 1836 esse

226 1852 262 1880 ab
277 1861 310 1880 eo
324 1854 382 1880 [nec
399 1853 469 1888 ipsa,
485 1858 512 1880 et
524 1854 623 1881 divinis
637 1854 670 1881 ab
687 1862 720 1881 eo
747 1855 884 1888 responsis
911 1855 1013 1882 contir-

227 1901 311 1930 mata,
329 1898 501 1925 manifestum
518 1903 559 1925 est
572 1906 634 1925 cum
651 1899 727 1931 dicit,
754 1900 817 1934 quia
833 1900 903 1934 apud
919 1900 1013 1934 prmi-

226 1943 272 1970 ἀει
291 1949 314 1970 et
324 1944 428 1978 judice:
447 1945 615 1972 adducentini
632 1945 688 1981 (45)
704 1951 808 1980 propter
833 1954 884 1977 me,
904 1948 930 1972 in
945 1946 1014 1972 testi-

1062 891 1144 926 μένην
1155 890 1242 926 ἡμῶν,
1255 889 1376 924 ζηλωτὰς
1385 889 1440 925 ἔχει
1452 890 1575 925 μυρίους,
1585 889 1785 920 καταλιπόντας
1792 890 1851 920 τοὺς

1062 937 1201 973 πατρῴους
1218 936 1315 970 νόμους
1332 936 1378 961 καὶ
1391 935 1582 971 νομιζομένους
1600 935 1688 967 θεοὺς,
1704 935 1757 970 τῆς
1768 935 1849 970 τηρή-

1062 992 1130 1014 σεως
1154 982 1207 1008 τῶν
1229 981 1348 1013 Μωσέως
1365 981 1465 1016 νόμων,
1488 981 1534 1007 καὶ
1558 981 1607 1016 τῆς
1622 981 1777 1017 μαθητείας
1801 980 1850 1007 τῶν

1068 1028 1152 1063 Ἰησοῦ
1164 1027 1281 1063 Χριστοῦ
1295 1027 1382 1061 λόγων
1391 1035 1397 1041 ·
1413 1027 1534 1061 καίτοιγε
1553 1028 1724 1063 μισουμένων
1741 1028 1794 1062 μὲν
1804 1027 1851 1054 ὑπὸ

1061 1075 1115 1100 τῶν
1128 1074 1161 1100 τὰ
1182 1073 1328 1108 ἀγάλματα
1346 1073 1578 1108 προσκυνούντων,
1598 1073 1652 1100 τῶν
1669 1074 1709 1109 τῷ
1732 1074 1851 1104 Μωσέως

1061 1121 1135 1156 νόμῳ
1150 1119 1382 1156 προστιθεμένων·
1393 1121 1439 1146 καὶ
1454 1120 1502 1155 τὴν
1512 1121 1558 1146 ἐπὶ
1571 1120 1676 1156 Θανάτῳ
1691 1120 1719 1146 δὲ
1735 1120 1805 1156 πρὸς
1817 1120 1851 1155 τῷ

1064 1167 1211 1202 μισεῖσθαι,
1231 1167 1438 1193 κινδυνευόντων
1451 1167 1504 1193 τῶν
1515 1167 1560 1193 τὸν
1572 1167 1617 1193 τοῦ
1634 1167 1721 1202 Ἰησοῦ
1735 1166 1851 1202 Χριστοῦ

1061 1213 1140 1246 λόγον
1161 1204 1400 1248 παραδέξκμένωψ
1416 1213 1463 1238 καὶ
1482 1212 1528 1238 ἐὰν
1545 1213 1735 1247 ὲπιστήσωμεν
1749 1212 1810 1244 πῶς
1826 1213 1852 1238 ἐν

1063 1259 1166 1294 σφόδρα
1179 1259 1278 1292 ὀλίγοις
1294 1258 1376 1289 ἔτεσι,
1393 1257 1446 1284 τῶν
1461 1257 1663 1293 ὁμολογούντων
1672 1257 1717 1283 τὸν
1727 1259 1852 1293 Χριστια-

1062 1305 1157 1339 mpm
1173 1305 1433 1339 ἐπιϐουλευομένων,
1461 1304 1507 1330 καί
1528 1313 1609 1331 τινων
1626 1304 1669 1330 διὰ
1682 1304 1765 1331 τοῦτο
1784 1304 1852 1330 ἀναι-

1064 1351 1213 1386 ρουμένων,
1231 1351 1332 1386 ἐτέρων
1346 1350 1373 1376 δὲ
1389 1349 1562 1376 ἀπολλύντων
1574 1350 1623 1381 τὰς
1639 1350 1762 1385 κτήσεις,
1781 1349 1851 1376 δεδύ-

1063 1407 1141 1433 νηται
1160 1398 1174 1423 ὁ
1190 1397 1278 1432 λόγος,
1300 1396 1420 1430 καίτοιγε
1444 1395 1504 1422 οὐδὲ
1517 1394 1569 1421 τῶν
1591 1395 1760 1422 διδασκάλων
1780 1395 1853 1421 πλεο,

1063 1444 1197 1476 ναζόντων
1211 1463 1218 1475 ,
1241 1442 1393 1477 πανταχόσε
1422 1441 1594 1478 κηρυχθῆναι
1614 1442 1663 1477 τῆς
1677 1441 1850 1476 οἰκουμένης,

1064 1490 1133 1516 ὥστε
1146 1490 1277 1524 ’Έλληνας
1288 1489 1335 1516 καὶ
1348 1488 1511 1524 βαρϐάρους,
1524 1488 1620 1523 σοφούς
1628 1496 1657 1514 τε
1668 1489 1716 1514 καὶ
1724 1488 1852 1523 ἀνοήτους

1067 1536 1231 1572 προσϐέσοαι
1245 1537 1277 1571 τῇ
1294 1535 1338 1561 διὰ
1358 1534 1445 1570 Ἰησοῦ
1468 1534 1618 1570 θεοσεϐείᾳ,
1636 1534 1727 1569 μεῖζον
1749 1534 1767 1570 ἢ
1787 1535 1852 1561 κατὰ

1065 1582 1207 1616 ἄνθρωπον
1229 1581 1258 1608 τὸ
1287 1581 1401 1616 πρᾶγμα.
1432 1578 1502 1607 εἶναι
1517 1580 1606 1614 λέγειν
1621 1580 1651 1606 οὑ
1671 1579 1850 1615 διστάζομεν·

1067 1627 1136 1663 μετὰ
1154 1627 1244 1662 πάσης
1258 1626 1380 1659 ἐξουσίας
1395 1627 1442 1653 καὶ
1458 1625 1569 1658 πειθοῦς
1583 1626 1632 1661 τῆς
1646 1626 1711 1662 περὶ
1724 1625 1773 1652 τοῦ
1791 1635 1853 1661 κρα-

1064 1673 1242 1710 τυνθήσεσοαι
1256 1673 1302 1700 τὸν
1321 1673 1400 1707 λόγον
1421 1672 1468 1699 τοῦ
1496 1672 1582 1708 Ἰησοῦ
1599 1671 1769 1704 διδάξαντοςθ
1787 1671 1852 1698 ὥστε

1064 1720 1182 1754 εὐλόγως
1193 1720 1334 1755 χρησμοὺς
1347 1719 1379 1746 ἂν
1393 1719 1503 1754 νομίσαι
1516 1718 1564 1750 τὰς
1572 1717 1664 1752 φωνὰς
1678 1718 1773 1749 αὐτοῦ,
1792 1715 1851 1747 οἷον,

1062 1766 1104 1792 ὅτι
1119 1765 1166 1792 ἐπὶ
1179 1765 1333 1797 βασιλέων
1344 1765 1392 1792 καὶ
1406 1765 1559 1799 ἡγεμόνων
1572 1763 1743 1798 ἀχθήσεσθε
1753 1764 1853 1790 ἕνεκεν

1063 1811 1147 1845 ἐμοῦ,
1160 1812 1204 1842 εἰς
1215 1811 1377 1846 μαρτύριον
1396 1810 1507 1842 αὐτοῖς,
1525 1810 1574 1836 καὶ
1587 1809 1648 1842 τοῖς
1661 1810 1776 1837 ἔθνεσι.
1793 1810 1852 1841 Καὶ,

1063 1857 1175 1883 Πολλοὶ
1186 1856 1290 1891 ἐροῦσι
1298 1865 1349 1890 μοι
1360 1856 1394 1882 ἐν
1406 1856 1505 1890 ἐκείνῃ
1521 1855 1557 1889 τῇ
1569 1855 1672 1890 ἡμέρῳ
1690 1856 1790 1890 Κύριε,
1803 1857 1854 1883 Κύ-

1061 1909 1118 1935 ριε,
1134 1901 1170 1928 οὐ
1180 1899 1219 1933 τῷ
1229 1901 1351 1934 ὀνόματί
1365 1908 1423 1927 σου
1439 1900 1599 1935 ἐφάγομεν,
1616 1899 1664 1926 καὶ
1681 1899 1721 1932 τῷ
1735 1900 1854 1935 ὀνόματί

1065 1954 1123 1974 σου
1139 1947 1272 1982 ἐπίομεν,
1290 1947 1338 1973 καὶ
1364 1945 1404 1979 τῷ
1426 1947 1549 1981 ὀνόματί
1575 1954 1633 1974 σου
1653 1946 1793 1981 δαιμόνια
1811 1946 1853 1977 ἑξ-

841 1994 1123 2022 lNTERPRETATlO
1144 1994 1250 2022 NOVA.

262 2041 296 2068 At
308 2041 432 2068 universa
450 2045 505 2068 tum
517 2040 632 2074 Grmcia,
650 2045 705 2068 tum
722 2049 782 2076 quae
795 2049 844 2076 per
855 2043 1013 2069 universum
1031 2048 1155 2070 nostrum
1171 2048 1307 2069 terrarum
1329 2041 1422 2068 orbem
1439 2046 1514 2075 patet
1525 2041 1669 2072 Barbaria,
1691 2040 1850 2068 innumeros

227 2075 310 2111 habet
325 2077 370 2111 qui
384 2077 521 2104 derelictis
534 2077 630 2110 patriis
648 2076 752 2111 legibus
763 2075 857 2104 et'diis
874 2078 1002 2111 receptis,
1015 2085 1123 2105 summo
1135 2078 1226 2105 studio
1242 2077 1375 2104 Mosaicas
1393 2077 1466 2110 leges
1479 2081 1506 2103 et
1521 2077 1693 2109 disciplinam
1711 2076 1852 2102 verborum

226 2109 289 2139 Jesu
301 2109 400 2138 Christi
415 2109 582 2142 custodiunt.
600 2109 725 2145 quamvis
739 2109 946 2138 simulacrorum
965 2113 1116 2140 cultoribus
1137 2113 1199 2139 odio
1219 2113 1275 2139 sint
1290 2112 1336 2146 qui
1354 2109 1479 2138 Mosaicae
1493 2111 1544 2145 legi
1563 2112 1704 2138 adhaerent
1718 2119 1725 2142 ;
1742 2115 1771 2137 et
1787 2118 1850 2146 prae-

228 2151 269 2173 ter
281 2146 384 2179 odium,
399 2147 424 2173 in
443 2147 505 2173 vita:
520 2147 640 2180 periculo
656 2152 800 2173 versentur
818 2148 862 2181 qui
877 2146 942 2174 Jesu
952 2147 1053 2175 Christi
1071 2148 1225 2174 doctrinam
1238 2150 1429 2181 susceperunt.
1452 2147 1528 2179 Quod
1546 2146 1567 2173 si
1583 2147 1616 2172 ad
1629 2146 1654 2172 id
1669 2153 1780 2180 quoilue
1793 2145 1850 2171 ani.

227 2189 300 2208 tnttm
318 2182 513 2208 atlenderitntts
529 2189 583 2215 quo
593 2187 671 2216 pacto
685 2182 763 2208 annis
779 2188 831 2208 tam
847 2183 952 2216 paucis,
972 2187 1013 2209 tot
1037 2183 1142 2209 insidiis
1157 2182 1270 2209 structis
1289 2183 1419 2208 adversus
1442 2181 1627 2210 Clirisﬁanos.
1644 2188 1761 2214 quorum
1789 2187 1852 2206 tton-

228 2216 292 2242 ttttlli
309 2218 407 2248 necati,
431 2217 476 2243 alii
496 2218 574 2244 bonis
587 2217 694 2243 multati
706 2221 778 2248 sunt,
798 2217 916 2251 potuerit
928 2218 984 2244 haec
1002 2217 1136 2250 doctrina,
1152 2217 1215 2244 licet
1231 2216 1333 2250 alioqui
1350 2225 1403 2243 non
1425 2224 1522 2251 magna
1536 2217 1572 2243 sit
1583 2216 1727 2251 doctorum
1754 2216 1851 2251 copia,

228 2251 328 2286 ubique
345 2257 475 2278 terrarum
495 2252 635 2285 praedicari
648 2273 655 2284 ,
670 2253 706 2278 ita
722 2257 750 2278 ut
761 2250 847 2279 Graeci
868 2257 895 2279 et.
910 2253 1030 2284 barbari,
1050 2253 1187 2286 sapientes
1204 2256 1231 2279 et
1249 2252 1411 2286 insipientes
1425 2252 1458 2278 ad
1477 2250 1569 2278 verum
1587 2259 1635 2285 per
1649 2250 1744 2278 Jesum
1774 2250 1851 2286 Chri-

228 2291 298 2312 stum
314 2285 358 2312 Dei
370 2286 469 2313 cultum
481 2294 541 2314 sese
552 2287 738 2321 adjunxerint.
749 2295 804 2314 rem
825 2287 952 2315 humanis
967 2288 1070 2315 viribus
1083 2285 1219 2322 majorem
1232 2285 1325 2315 dicere
1339 2295 1391 2313 non
1407 2287 1604 2319 dubitabimus,
1618 2294 1679 2313 cum
1698 2285 1846 2320 praesertim

263 2342 286 2358 ¹⁵⁹
302 2341 352 2370 lsa.
371 2350 408 2374 VI,
424 2343 452 2370 5.
483 2343 506 2359 ⁶⁰
521 2344 604 2372 Eccli.
620 2353 677 2376 xvr,
691 2345 737 2372 Ξῖ.
777 2345 797 2360 ⁶¹
812 2344 910 2380 Philip.
934 2353 976 2378 tu,
995 2345 1038 2373 1⁸5.

263 2390 319 2426 (40)
336 2390 372 2416 Ita
381 2397 475 2417 omnes
488 2399 553 2419 mss.
570 2393 665 2420 nostri.
681 2393 750 2420 Editi
767 2401 842 2424 vero,
857 2399 884 2420 et
897 2393 958 2420 libri
976 2393 1013 2420 De
1030 2396 1053 2424 ι)
1067 2397 1095 2419 ut
1109 2393 1136 2420 in
1152 2398 1246 2420 nostro
1262 2397 1346 2420 textu.
1361 2392 1434 2419 Libri
1452 2399 1517 2419 vero
1536 2392 1572 2418 De
1589 2392 1703 2425 princip.
1724 2395 1780 2417 tam
1789 2389 1850 2417 editi

227 2426 363 2466 principiis
380 2431 434 2452 tam
449 2425 513 2453 editi
540 2435 620 2462 quant
638 2436 715 2460 tnss.,
734 2429 885 2456 audendum
904 2433 942 2456 ut
957 2437 1015 2462 pro-
1069 2436 1151 2466 quant
1167 2437 1234 2466 mss.
1250 2428 1361 2459 habent,
1379 2428 1413 2454 ad
1428 2427 1620 2466 observantium
1638 2426 1725 2466 Moysi
1743 2426 1819 2465 legis,
1830 2429 1851 2451 et

229 2461 360 2497 uuntiare-
551 2461 557 2462 ί
957 2461 961 2462 ν
1069 2461 1268 2496 discipulatum,
1284 2468 1357 2496 ete.,
1379 2468 1406 2490 et
1432 2464 1469 2490 ita
1487 2463 1631 2497 legendum
1648 2461 1756 2488 videtur
1777 2461 1850 2494 juxta

264 2496 424 2531 (.iILAlias,
442 2505 502 2528 quis
512 2501 582 2524 retro
601 2503 673 2528 sunt,
687 2503 740 2525 etc.
754 2499 855 2527 Deinde
868 2499 935 2526 editi
948 2518 955 2531 ,
970 2498 1013 2525 cui

228 2537 264 2559 est
283 2532 377 2563 honor,
391 2537 415 2558 et
428 2533 513 2567 gloria
524 2534 550 2559 in
559 2533 654 2560 secula
669 2534 836 2560 saeculorum.
853 2536 944 2561 Amen.
961 2533 1014 2560 Sed

227 2574 323 2604 omnes
352 2575 416 2604 nuss.
434 2573 464 2594 ut
489 2569 515 2595 in
534 2574 630 2595 nostro
644 2573 736 2601 textu,
755 2570 808 2596 nisi
825 2571 898 2604 quod
915 2570 1016 2604 Regius

229 2602 322 2633 addat.
341 2603 433 2630 Amen.

264 2637 319 2672 (42)
334 2637 370 2664 Et
388 2638 433 2664 lib.
453 2645 478 2664 ιν
500 2637 537 2664 De
561 2638 684 2671 νήιιείν..
702 2647 776 2665 ιιιιιη.
799 2639 857 2666 1-5.
870 2655 905 2660 -—
920 2639 1015 2666 Graeca

227 2678 360 2699 eruuntur
372 2681 404 2699 ex
412 2674 501 2707 capite
516 2673 603 2706 primo
618 2672 782 2700 l'lttlucaliat.
793 2675 841 2701 Ms.
852 2674 963 2708 Regius,
981 2674 1015 2700 lu

228 2708 343 2744 animi...
358 2714 434 2744 atque
449 2710 474 2733 in
488 2708 594 2744 exteris.
614 2708 662 2734 llis.
679 2709 864 2741 Sorbonicus,
877 2716 954 2744 atque
970 2717 1014 2736 e1:-

229 2743 379 2779 terioribus.
393 2743 465 2769 Libri
486 2742 523 2769 De
535 2744 747 2779 princip.,atque
764 2745 893 2770 universis
905 2742 1013 2771 exteris.

231 2776 331 2804 Deinde
347 2786 412 2804 mss.
433 2785 543 2809 omnes,
560 2785 582 2804 et
605 2777 644 2804 his
667 2776 733 2810 quos
750 2784 843 2811 putant
862 2780 934 2805 deos.
951 2779 1014 2806 MSs.

231 2812 398 2846 Sprbotticus
424 2818 451 2840 ct
471 2813 499 2839 S.
518 2812 655 2840 Michaelis
677 2816 702 2840 in
723 2814 848 2841 Periculo
866 2814 962 2846 maris,
976 2814 1014 2840 uel

232 2845 263 2873 ιι
279 2849 476 2882 repugnantiam
491 2847 577 2883 Moysi
596 2849 669 2884 legis.
691 2849 788 2876 Cameri
813 2857 878 2877 mss.
905 2854 932 2877 et
951 2849 1018 2877 editi

1067 2498 1171 2526 Graeca.

1105 2534 1161 2566 (45)
1178 2534 1223 2561 Sic
1235 2540 1330 2560 omnes
1345 2540 1410 2560 mss.
1425 2532 1495 2558 Editi
1513 2539 1587 2563 vero.
1605 2532 1760 2562 multorum,
1774 2529 1848 2556 male.

1104 2569 1161 2603 (44)
1180 2570 1262 2598 Editi.
1276 2569 1427 2603 religionem
1441 2566 1620 2598 Cliristi,1ive
1637 2566 1738 2592 Christi
1754 2565 1848 2603 ciui-tri:

1069 2599 1131 2630 nant
1148 2599 1305 2638 suscipiant.
1325 2599 1373 2630 llis.
1387 2602 1572 2638 Sorbouicus,
1587 2603 1737 2638 religionem
1754 2599 1848 2626 Citriin

1069 2638 1142 2666 sanie
1156 2636 1282 2666 doctrinm
1299 2638 1454 2672 suscipiunt.
1472 2637 1569 2664 Caneri
1596 2644 1660 2675 mss.
1680 2642 1708 2662 ut
1723 2636 1749 2675 in
1767 2640 1846 2675 testu.

1106 2675 1162 2709 (45)
1179 2675 1259 2706 Editi,
1274 2679 1380 2709 propter
1400 2680 1493 2709 nomen
1517 2681 1612 2709 meum,
1628 2673 1654 2709 in
1674 2672 1847 2709 testimonium

1068 2705 1132 2742 illis,
1153 2705 1182 2736 ἐι
1207 2705 1337 2743 gentibus.
1359 2708 1417 2734 Mox
1436 2708 1495 2734 libri
1517 2707 1553 2733 De
1566 2707 1680 2743 princip.
1707 2711 1761 2743 tam
1788 2705 1846 2743 editi

1069 2738 1149 2778 uttain
1167 2738 1233 2771 mss.
1252 2744 1355 2771 addunt
1370 2752 1377 2769 :
1398 2743 1429 2768 Et
1444 2750 1548 2769 rursum
1562 2738 1787 2778 éAl’rafdicubitur
1804 2738 1847 2765 Ιιοι

1071 2776 1243 2813 Evangelium
1259 2779 1286 2805 in
1301 2778 1421 2804 omnibus
1433 2778 1562 2813 gentibus.
1576 2776 1628 2804 Sed
1647 2777 1704 2813 [nec
1716 2780 1846 2813 postrema

1071 2809 1156 2840 verba
1169 2821 1221 2840 non
1240 2814 1410 2848 reperiuntur
1426 2809 1452 2838 iit
1470 2812 1576 2846 Graeco,
1594 2819 1644 2839 nec
1666 2811 1693 2838 iit
1712 2809 1779 2838 inss.
1803 2809 1846 2836 htt-

1069 2849 1114 2885 jus
1128 2848 1273 2884 Apologiw,
1287 2855 1335 2876 nec
1351 2848 1376 2875 in
1388 2848 1477 2875 editis.
