1909 3080
203 153 254 182 579

811 151 838 180 S.
859 151 1022 180 PAMPHILI
1043 151 1219 179 MARTYRIS

1776 153 1826 182 580

203 215 257 242 lum
291 214 494 252 Samusatenum
510 234 517 246 ,
550 220 646 247 purum
683 209 822 240 hominem
838 235 845 246 ,
873 213 899 240 id
925 219 986 247 est,
1002 217 1025 244 Α
1041 212 1074 240 ad
1089 212 1171 240 Deum
1187 212 1295 239 Patrem
1309 211 1403 239 retulit
1418 211 1488 240 hanc
1507 220 1610 246 vocem,
1628 213 1741 242 dicens:
1757 214 1826 247 Quia

202 269 256 288 non
268 262 348 288 etiam
364 260 445 286 Deum
465 259 556 286 dicere
575 258 715 286 Christum
740 258 838 286 Filium
856 258 913 286 Dei.

237 309 265 335 4.
282 307 336 341 (65)
351 306 424 337 Post,
441 306 491 332 ista
520 310 574 336 est,
590 313 649 339 quae
672 305 731 332 istis
754 305 879 332 omnibus
896 305 987 332 adver-

206 359 283 378 satur
298 352 378 386 (caeca
400 350 470 376 enim
489 354 529 376 est
542 349 665 382 malitia),
680 350 751 384 quod
763 350 855 377 dicunt
871 358 931 377 eum
947 350 987 377 di-

203 396 392 432 cere,6oxi;cn,
406 395 431 422 id
445 399 497 425 est,
510 395 630 429 pntative
651 400 764 425 tantum.
778 400 804 422 ct
822 403 869 430 per
887 395 987 430 allego-

203 443 282 473 riam,
296 450 347 468 non
363 441 444 469 etiam
459 441 609 468 secundttm
631 448 662 468 ea
688 448 749 475 qure
773 449 821 475 per
845 441 986 468 historiam

202 488 367 520 referuntur,
384 492 458 524 gesta
475 495 535 516 esse
550 487 639 515 omnia
655 494 716 521 qum
728 495 742 514 a
756 487 895 514 Salvatore
912 492 986 522 gesta

201 539 273 561 sunt.

236 580 263 608 5.
281 580 335 615 (64)
353 580 411 606 Alia
429 586 537 614 quoque
559 579 712 606 criminatio
723 583 774 611 est,
793 586 843 614 qua
861 582 987 605 asserunt

202 633 264 652 eum
282 626 348 652 duos
361 625 484 652 Christos
499 626 658 660 prtedicare.

243 671 269 698 6.
289 671 398 698 Addunt
421 671 485 697 illud
506 678 623 705 quoque,
648 669 717 705 quod
742 669 871 696 historias
892 677 987 704 corpo-

206 717 288 748 rales,
301 724 360 751 quae
374 724 423 751 per
438 724 543 742 onmem
571 722 694 744 sanctam
719 716 888 750 Scripturam
915 716 987 743 rele-

203 771 300 793 runtur
318 767 349 793 de
363 767 447 801 gestis
459 770 626 797 sanctorum,
644 766 753 799 penitus
775 765 898 799 deneget.

237 812 263 839 7.
285 812 336 839 Scd
357 817 383 839 et
409 812 441 839 de
462 811 659 838 resurrectione
684 815 870 842 moi'tuorum,
902 815 929 837 et
956 809 988 837 de

203 857 345 892 impiorum
364 858 451 892 pmnis
474 863 526 883 non
553 855 602 883 levi
629 856 787 889 impugnant
806 862 866 893 eum
885 853 985 881 calum-

1038 258 1107 285 Deus
1123 259 1238 285 charitas
1254 262 1291 284 est
1304 257 1348 285 "°'.
1375 258 1426 286 Sed
1447 266 1553 286 rursum
1567 267 1598 287 ex
1620 260 1675 294 ipsa
1694 260 1752 294 ejus
1767 261 1827 295 Epi-

1037 304 1106 332 stola
1125 303 1294 338 proferemus
1307 308 1335 331 et
1349 304 1413 331 illud
1434 306 1505 340 quod
1520 305 1578 332 ait:
1596 305 1767 338 Chariuimi,
1787 307 1828 333 di-

1037 351 1149 384 ligamus
1175 350 1301 382 invicem,
1327 350 1450 385 quoniam
1467 351 1583 377 charitas
1600 359 1632 378 ea:
1657 351 1711 378 Deo
1725 355 1763 378 est
1789 351 1826 377 τ’.

1038 395 1092 429 (69)
1113 395 1162 428 Qui
1187 403 1252 430 ergo
1270 396 1357 422 dixit:
1377 394 1446 427 Quia
1476 394 1545 422 Deus
1567 396 1682 422 charitas
1702 401 1754 428 est,
1771 395 1828 431 ipse

1038 439 1135 466 iterum
1149 439 1308 467 charitatent
1324 442 1402 467 docet
1416 448 1475 467 esse
1487 447 1520 467 ex
1542 440 1596 467 Deo
1610 448 1617 466 :
1635 448 1717 475 quam
1737 441 1827 468 chari-

1038 490 1119 512 tatem
1139 487 1220 513 credo
1240 494 1291 513 non
1317 494 1378 514 esse
1395 486 1488 519 alium,
1515 486 1566 514 nisi
1590 486 1760 522 unigenitum
1785 487 1828 514 Fi-

1037 531 1101 558 lium
1120 533 1188 566 ejus,
1207 533 1277 560 sicut
1295 532 1378 559 Deum
1394 540 1427 560 ex
1451 533 1521 565 Deo,
1546 533 1582 560 ita
1605 533 1766 560 charitatetn
1791 540 1825 561 ex

1037 579 1172 606 charitate
1188 579 1370 615 progenitum.
1386 588 1395 604 ι

1073 625 1235 654 PAMPHILUS.
1254 627 1290 654 De
1307 627 1408 654 eisdem
1431 627 1457 654 in
1480 626 1576 662 quinto
1594 626 1664 654 libro
1685 626 1719 654 de
1743 625 1829 653 Evan-

1039 672 1111 708 gelio
1125 673 1273 699 secundum
1289 672 1432 699 Joannem.

1073 718 1218 746 OntcENtzs.
1241 718 1295 753 (70)
1312 727 1321 744 ι
1339 718 1499 753 Unigenitus
1523 717 1608 745 Filius
1630 716 1759 744 Salvator
1780 724 1825 743 no-

1039 769 1105 796 ster,
1121 765 1164 798 qui
1182 764 1254 791 solus
1271 772 1303 791 ex
1322 764 1403 791 Patre
1420 769 1500 791 natus
1515 769 1566 797 est,
1588 763 1664 791 solus
1683 767 1782 790 natura
1801 767 1828 790 et

1038 818 1091 838 non
1110 811 1254 844 adoptione
1269 810 1351 838 Filius
1363 815 1413 837 est.
1428 819 1438 836 ι

1075 855 1129 890 (71)
1146 855 1310 883 PAMPHILUS.
1329 855 1393 883 ltetn
1410 857 1435 882 in
1453 856 1512 890 ipso
1528 855 1606 883 libro.

203 904 262 936 nia,
286 903 357 929 velut
383 905 523 936 negantem
549 900 738 936 peccatoribus
759 899 899 928 inferenda
926 906 986 927 esse
1003 895 1024 924 Β
1073 900 1217 928 Omnem-2s.
1238 910 1248 927 ι
1262 900 1337 928 Unus
1360 908 1424 934 ergo
1440 905 1481 928 est
1499 908 1579 928 verus
1599 900 1669 928 Deus
1690 900 1737 935 qui
1756 899 1827 928 saltu

203 948 343 983 supplicia.

237 995 262 1022 8.
284 994 397 1027 Quidam
415 1000 480 1020 vero
506 991 702 1026 disputationes
726 991 795 1026 ejus.
819 989 860 1018 vel
877 990 985 1025 opinio-

203 1048 262 1072 ncs,
282 1047 349 1074 quas
368 1039 400 1065 de
419 1039 516 1065 anima:
535 1043 606 1065 statu
630 1037 670 1065 vel
686 1037 886 1072 dispensatione
903 1036 987 1064 disse-

203 1086 265 1118 ruit,
281 1085 399 1119 culpant.

237 1130 265 1158 9.
285 1131 341 1165 (65)
363 1130 460 1157 Ultima
481 1136 546 1156 vero
561 1128 679 1155 omnium
698 1132 737 1155 est
755 1127 911 1154 criminatio
929 1127 986 1160 illa,

203 1183 262 1211 qua:
283 1184 343 1203 cum
359 1175 432 1202 omni
463 1173 637 1200 infamatione
657 1172 830 1206 dispergitur,
852 1181 987 1206 μετενσω-

204 1220 359 1257 ματώσεως.
378 1221 403 1247 id
425 1224 476 1251 est,
496 1219 567 1253 quod
590 1219 720 1245 humanas
740 1218 845 1245 animas
869 1218 894 1244 in
913 1221 986 1244 muta

202 1267 339 1298 animalia,
360 1266 401 1293 vel
416 1269 565 1299 serpentes,
581 1263 622 1290 vel
641 1264 756 1298 pecudes
777 1269 882 1291 asserat
900 1269 987 1291 trans-

202 1312 299 1339 mutari
316 1316 374 1345 post
390 1314 554 1340 mortem,‘et
570 1309 640 1343 quod
660 1309 741 1335 etiam
764 1308 828 1343 ipsa:
852 1313 985 1336 mutorum

201 1357 357 1384 animalium
383 1355 479 1382 anilitas
504 1353 679 1381 rationabiles
699 1354 761 1381 sint.
785 1354 870 1387 Quam
894 1354 987 1382 crimi-

202 1403 336 1431 nationem
363 1402 463 1428 idcirco
479 1400 653 1427 novissimam
680 1400 832 1434 posuimus,
855 1405 884 1426 ut
910 1400 986 1434 plura

203 1449 235 1476 de
250 1449 324 1476 libris
338 1448 396 1482 ejus
409 1451 601 1474 coacervantes
616 1444 751 1480 exempla,
765 1445 917 1472 evidentius
929 1445 987 1478 ejus

203 1495 306 1522 falsitas
323 1499 495 1520 nosceretur.

238 1539 267 1566 Si
289 1546 354 1574 ergo
377 1539 445 1566 bene
464 1538 635 1565 meminimus
653 1535 708 1572 (66)
734 1535 839 1562 ordinis
857 1535 987 1562 crimina-

203 1585 305 1612 tionuni
326 1592 404 1618 quem
427 1591 507 1618 supra
534 1582 763 1617 conscripsimus,
787 1580 948 1615 incipiamus
971 1588 987 1608 a

203 1631 301 1665 prima.

273 1676 328 1712 (67)
349 1682 490 1703 neseousro
515 1683 548 1702 an
568 1680 669 1701 PRIIIAI
693 1679 915 1700 ClllMlNA'l‘lONl-ZM.

203 1732 280 1766 Quod
296 1741 328 1760 ea;
349 1732 403 1759 Deo
429 1731 509 1758 Patre
531 1737 606 1758 natus
632 1735 670 1757 est
694 1729 791 1761 Filius,
812 1733 835 1755 et
854 1729 932 1766 unius
947 1731 986 1766 est

237 1777 295 1795 cum
318 1767 395 1794 Patre
413 1767 584 1798 substantia;
605 1766 707 1793 alienus
723 1773 780 1792 vero
795 1773 810 1790 a
828 1764 983 1791 substantiis

235 1809 429 1830 creaturarum.

290 1860 340 1895 (Ex
360 1859 446 1893 primo
463 1858 530 1885 libro
548 1856 674 1892 Epistola:
689 1857 722 1883 ad
737 1855 897 1890 Romanos.)

234 1905 292 1940 (68)
306 1905 450 1932 ORIGENES.
470 1914 478 1929 ι
490 1904 598 1936 Quaerat
615 1903 737 1930 fortassis
753 1902 849 1936 aliquis
864 1903 886 1928 si
903 1901 986 1930 Fillu!

202 1951 320 1978 Charitas
336 1943 392 1982 est,
414 1949 549 1984 praecipue
567 1953 677 1983 propter
702 1949 753 1975 hoc
775 1947 845 1982 quod
869 1947 987 1975 Joannes

236 2007 271 2023 ⁷ο·
293 2006 302 2033 l
326 2006 403 2034 Joan.
418 2014 453 2038 tv,
469 2006 496 2037 8,
514 2005 556 2032 l6.
593 2005 620 2025 ⁷“ι
633 2004 703 2032 ibid.
718 2004 744 2030 7.
779 2004 813 2019 ⁷⁸⁸
833 2002 926 2030 lTim.
939 2001 1030 2035 vt,l6.

202 2050 293 2073 um.
309 2044 336 2070 6.
373 2042 405 2057 ⁷³·
427 2042 492 2068 ibid.

239 2087 294 2123 (05)
315 2087 396 2123 Ειιῖιὶἵ
419 2091 512 2123 quarta
523 2086 659 2123 poetjstas
675 2083 780 2123 utuEt
802 2082 882 2118 paulo
896 2087 958 2118 post
973 2092 981 2110 ς

202 2118 261 2158 qua:
282 2118 360 2158 j'uata
387 2118 527 2148 historiam
549 2121 710 2155 referuntur.
727 2118 781 2146 Sed
797 2126 889 2146 ontues
915 2125 982 2145 mss.

204 2163 233 2186 ut
246 2159 271 2185 in
286 2162 377 2185 nostro
390 2162 476 2184 textu.

239 2193 296 2228 (64)
322 2193 404 2225 Editi,
428 2192 520 2228 quinta
539 2190 593 2228 illa
610 2196 732 2228 quoque;
753 2192 780 2215 et
801 2188 929 2228 deinceps
954 2188 981 2215 in

203 2224 439 2262 subsequentibus
450 2226 571 2262 articulis
588 2225 698 2256 habent,
713 2229 821 2262 sexta...
835 2224 980 2262 septima...

204 2259 328 2290 octava...
355 2270 434 2288 nona.
462 2261 515 2288 Sed
545 2261 602 2288 haec
630 2266 696 2286 mss.
726 2259 809 2286 nostri
836 2259 980 2290 omittunt;

204 2305 319 2331 quorum
337 2297 389 2323 duo
414 2301 529 2326 tantum,
548 2294 720 2331 Corbeiensis
744 2293 846 2331 scilicet
869 2298 897 2320 et
919 2293 984 2320 Sor-

204 2330 327 2363 bouicns,
343 2331 442 2358 habent
462 2330 630 2358 solummodo
651 2330 676 2356 in
702 2330 834 2363 margine,
852 2335 887 2359 IV,
904 2335 930 2360 ν,
946 2335 983 2359 γι,

205 2374 255 2398 vn,
269 2374 328 2398 vni,
342 2373 380 2397 ix,
397 2365 466 2398 quod
482 2373 530 2392 nos
546 2366 573 2391 in
591 2369 663 2391 textu
677 2365 799 2391 numeris
813 2363 936 2390 Arabicis
947 2370 986 2390 re-

206 2402 346 2428 ferendum
360 2401 550 2434 jndieavimus.

240 2435 295 2471 (65)
315 2432 380 2462 Mss.
393 2434 569 2471 duo,7Ultima
584 2433 819 2471 vero__init_ium_lest
836 2432 985 2471 criminatio

205 2467 255 2507 [all
269 2467 472 2504 criminationis]
490 2471 552 2507 illa,
567 2474 631 2507 _etc_._
648 2469 717 2495 Editi
728 2489 734 2499 ,
745 2467 833 2507 Ill/oua
853 2473 875 2493 et
893 2467 986 2507 ultima

205 2502 263 2533 itero
275 2507 302 2532 in
316 2514 373 2532 eum
389 2511 425 2532 eu
440 2502 588 2532 criminatio
603 2504 660 2535 illa.
675 2509 727 2530 etc.
744 2502 796 2530 Sed
812 2503 903 2530 caeteri
919 2509 984 2529 mss.

204 2545 234 2568 ut
250 2541 276 2568 in
292 2545 377 2568 textu.

240 2577 295 2612 (66)
316 2576 380 2603 Mss.
395 2575 490 2612 nostri,
504 2574 560 2612 alii.
577 2571 906 2612 ordineseriminationum
920 2580 985 2612 quos

204 2607 297 2645 supra,
313 2616 383 2643 etc.;
405 2611 448 2637 alii
465 2615 494 2637 ut
508 2611 534 2636 in
551 2607 635 2636 textu.
649 2607 731 2640 Editi,
744 2609 847 2634 ordines
859 2608 986 2634 crimina-

205 2647 305 2672 tionum
321 2654 388 2680 quas
401 2653 491 2678 supra,
503 2650 556 2680 etc.
633 2678 638 2680 _
708 2676 713 2680 ‘
763 2677 769 2680 Δ
894 2676 899 2680 _
931 2675 936 2680 _

240 2680 296 2716 (67)
317 2676 379 2707 Hzec
399 2676 492 2710 verba,
512 2678 656 2716 Responsio
680 2676 713 2703 ad
729 2677 840 2716 primam
861 2676 988 2716 crimina-

206 2711 314 2748 tionem,
336 2722 438 2742 necnon
459 2715 493 2739 ad
509 2711 660 2744 secundum,
677 2713 792 2743 tertiam,
805 2716 834 2748 et
849 2711 888 2738 sic
909 2711 982 2737 dein~

208 2758 270 2784 ceps
291 2746 374 2784 usque
392 2750 424 2775 ad
440 2756 549 2779 nonam,
566 2752 793 2784 nonreomparent
804 2747 926 2784 ἰπὶ-μιιδξ.ζ
940 2746 988 2784 sed

207 2792 223 2812 e
240 2780 340 2812 'nostro
365 2784 517 2811 addidimus
541 2784 575 2810 ad
604 2780 744 2810 clariorem
769 2781 850 2809 libelli
874 2780 986 2806 divisio-

208 2825 280 2846 nem.

244 2854 299 2888 (68)
321 2852 386 2880 Vide
400 2857 477 2880 notas
495 2851 543 2880 lib.
565 2860 574 2879 ι
593 2852 621 2879 in
642 2850 728 2887 Εμξιι.
743 2852 777 2878 ad
799 2850 887 2885 Rom,
909 2859 985 2880 num.

210 2888 236 2915 5.
253 2896 312 2915 uati.
324 2887 385 2914 466.

230 2909 236 2921 ,
252 2896 312 2923 pag.
324 2896 385 2914 ιιυυ.

1037 943 1112 970 habet
1143 943 1379 976 immortalitatem,
1409 946 1492 971 lucem
1522 945 1623 971 habitat
1658 945 1826 972 inaccessibi-

1037 988 1087 1015 lem
1099 988 1144 1015 7“.
1161 989 1236 1017 Unus
1256 994 1283 1017 et
1300 998 1379 1018 verus
1397 989 1478 1023 Deus,
1492 997 1526 1017 ne
1546 990 1649 1017 scilicet
1660 990 1752 1017 multis
1767 991 1823 1018 veri

1039 1034 1085 1061 Dei
1108 1042 1204 1062 nomen
1221 1036 1367 1062 convenire
1383 1036 1535 1063 credamus.
1557 1036 1595 1062 lla
1612 1044 1677 1072 ergo
1693 1041 1719 1063 et
1736 1036 1762 1063 hi
1781 1037 1825 1070 qui

1038 1081 1172 1115 accipiunt
1187 1081 1308 1115 spiritum
1324 1081 1471 1111 adoptionis
1496 1081 1626 1115 ﬁliorum,
1648 1083 1676 1108 in
1699 1090 1751 1116 quo
1771 1080 1826 1117 (72)

1037 1126 1190 1158 clamamus,
1204 1126 1288 1159 Abba,
1313 1125 1394 1154 Pater
1410 1127 1442 1159 ⁷¹,
1468 1127 1514 1154 lilii
1539 1128 1647 1162 quidem
1673 1128 1720 1155 Dei
1745 1132 1825 1160 sunt,

1038 1173 1085 1199 sed
1112 1179 1164 1200 non
1191 1173 1260 1200 sicut
1285 1173 1438 1206 unigenitus
1462 1173 1554 1201 Filius.
1575 1173 1736 1208 Unigenitus
1756 1174 1827 1201 enim

1043 1222 1140 1245 natura
1160 1218 1255 1250 Filius,
1269 1223 1296 1246 et
1321 1226 1437 1253 semper,
1453 1223 1479 1246 et
1502 1219 1722 1254 inseparabiliter
1743 1219 1828 1247 Filius

1038 1267 1106 1290 est:
1136 1264 1226 1291 caeteri
1257 1271 1322 1291 vero
1354 1272 1403 1299 pro
1432 1272 1464 1292 eo
1495 1266 1566 1299 quod
1593 1269 1771 1300 susceperunt
1801 1265 1828 1292 in

1037 1318 1067 1338 se
1081 1310 1178 1337 Filium
1197 1310 1260 1343 Dei,
1273 1315 1426 1343 potestatem
1444 1311 1499 1345 (75)
1518 1317 1679 1345 acceperunt
1695 1310 1762 1338 Filii
1778 1311 1828 1338 ι)ιί

1036 1355 1104 1389 ﬁeri.
1122 1355 1173 1388 Qui
1190 1356 1250 1382 licet
1268 1364 1319 1382 non
1339 1364 1370 1382 ea:
1389 1357 1528 1391 sanguine,
1545 1365 1626 1392 neque
1645 1365 1677 1384 ea;
1692 1366 1715 1384 υ(
1727 1357 1828 1385 qutate

1037 1400 1138 1432 carnis,
1163 1408 1246 1435 neque
1271 1408 1304 1427 ea;
1327 1400 1460 1428 uoluntate
1480 1402 1548 1434 viri,
1570 1402 1614 1428 sed
1636 1410 1668 1429 ex
1692 1402 1746 1429 Deo
1773 1404 1828 1430 nati

1037 1447 1088 1473 sint
1103 1447 1150 1478 7",
1173 1454 1227 1473 non
1245 1451 1333 1473 tamen
1361 1454 1392 1474 ea
1418 1448 1563 1475 nativitate
1589 1453 1654 1475 sunt
1678 1449 1754 1480 nati,
1775 1457 1828 1484 qua

1038 1496 1117 1518 natus
1132 1496 1174 1519 est
1190 1492 1344 1526 unigenitus
1362 1492 1455 1520 Filius.
1473 1493 1584 1528 Propter
1606 1494 1676 1528 quod
1698 1500 1829 1529 quantam

1038 1537 1218 1565 dill‘erentiam
1247 1545 1326 1565 verus
1347 1539 1416 1566 Deus
1432 1539 1512 1567 liabet
1530 1540 1563 1566 ad
1577 1547 1623 1567 eos
1644 1540 1742 1575 quibus
1762 1540 1830 1568 dici-

1043 1588 1105 1610 tur:
1135 1583 1191 1618 Ego
1218 1584 1275 1610 dixi
1293 1592 1302 1610 :
1325 1583 1370 1611 Dii
1391 1586 1498 1619 estis",
1520 1591 1622 1613 tantam
1648 1586 1828 1614 dill'erentiatn

1041 1629 1121 1655 habet
1135 1636 1214 1656 verus
1228 1629 1312 1657 Filius
1324 1630 1357 1657 ad
1371 1637 1418 1658 eos
1427 1631 1471 1665 qui
1486 1632 1598 1659 audiunt
1613 1640 1621 1659 :
1637 1631 1703 1659 Filii
1720 1632 1828 1660 Επιᾱὶ

1041 1682 1128 1701 omne:
1140 1673 1185 1700 7".
1201 1683 1210 1700 ›

1074 1718 1235 1746 PAMPHILUS.
1257 1719 1294 1746 De
1314 1719 1390 1748 libris
1412 1720 1536 1756 Epistolze
1551 1721 1582 1749 ad
1607 1721 1745 1755 Hebrmos,
1762 1730 1828 1758 quo-

1040 1766 1118 1792 modo
1131 1765 1185 1800 (7i)
1210 1766 1351 1800 ὁμοούσιος
1371 1771 1412 1794 est
1428 1775 1487 1794 eum
1514 1768 1594 1794 Patre
1611 1767 1704 1801 Filius,
1724 1769 1751 1796 id
1768 1774 1827 1801 est,

1040 1810 1118 1837 unius
1136 1818 1196 1837 cum
1219 1811 1298 1839 Patre
1313 1813 1479 1845 substantiae,
1495 1813 1599 1841 alienus
1614 1819 1705 1841 autem
1726 1822 1741 1841 a
1763 1816 1827 1842 sub-
1857 1837 1861 1840 .

1039 1857 1146 1884 stautiis
1162 1863 1306 1886 creaturae.

1075 1902 1219 1930 ORIGENES.
1244 1904 1299 1938 (75)
1325 1913 1334 1930 ι
1356 1903 1558 1939 lnterrogamus
1583 1905 1665 1940 igitur
1686 1912 1734 1932 eos
1761 1913 1828 1939 quos

1040 1947 1112 1982 piget
1135 1948 1258 1975 conﬁteri
1287 1948 1370 1976 Deum
1395 1956 1456 1976 esse
1481 1949 1578 1976 Filium
1599 1950 1665 1982 Dei,
1691 1952 1827 1985 quomodo

1083 2003 1106 2018 "‘
1127 2003 1204 2031 llum.
1219 2011 1279 2036 vtu,
1294 2004 1337 2033 15.
1384 2005 1417 2020 ⁷¹”
1437 2004 1514 2032 Joan.
1528 2013 1548 2038 1,
1567 2005 1613 2039 l2,
1628 2005 1671 2032 l5.
1710 2005 1734 2021 "
1754 2005 1825 2035 Psal.

1073 2083 1128 2118 (69)
1150 2083 1230 2121 Editi,
1247 2084 1330 2118 Quia,
1346 2089 1373 2112 et
1389 2085 1415 2112 in
1433 2084 1496 2117 llnc,
1510 2093 1542 2112 ea:
1557 2085 1684 2114 cltaritate
1703 2088 1825 2121 progeni-

1037 2123 1102 2150 tam,
1116 2119 1195 2146 male.

1071 2154 1126 2190 (70)
1146 2153 1184 2190 Ex
1199 2154 1245 2181 lib.
1259 2154 1314 2180 vin
1329 2153 1431 2190 Evang.
1443 2154 1527 2183 Joan.

1083 2189 1183 2249 τιμίω
1203 2196 1296 2216 omnes
1312 2197 1376 2230 mss.
1394 2189 1490 2231 nostri.
1514 2190 1583 2217 Editi
1597 2198 1662 2217 vero
1676 2191 1823 2233 omittunt,

1086 2224 1110 2249 Μ
1141 2222 1262 2249 HILUS.
1279 2223 1345 2249 Item
1360 2233 1386 2249 in
1398 2233 1454 2249 imo
1468 2225 1551 2249 libro.
1566 2225 1771 2249 ORICENI-“Q
1794 2228 1823 2249 Fit

1037 2222 1262 2251 PAMPHILUS.
1279 2223 1345 2251 Item
1360 2225 1386 2250 in
1398 2226 1454 2259 ipso
1468 2225 1552 2257 libro,
1566 2225 1771 2254 ORIGENES.
1793 2222 1825 2254 Et

998 2247 1020 2275 Β
1034 2247 1132 2286 iam.
1141 2247 1262 2295 "6315i
1270 2247 1288 2291 ,’
1297 2247 1386 2286 "at";
1398 2247 1459 2295 5;},
1468 2247 1654 2295 ’Ἑὲξιίἶὸὲιιῖ
1661 2247 1771 2288 Ἰὸῶΐ
1778 2247 1825 2288 tu:

1035 2294 1092 2333 bet,
1105 2297 1158 2333 etc.
1174 2293 1259 2333 Paulo
1278 2299 1339 2328 post
1354 2292 1497 2333 Ins_s_.'alii,
1517 2292 1590 2333 (hius
1602 2301 1628 2333 et
1646 2305 1722 2323 uerus
1737 2297 1823 2328 Deus;

1035 2328 1092 2389 ablii,
1109 2328 1198 2361 Unus,
1219 2329 1274 2362 ait,
1295 2337 1371 2356 uerus
1387 2329 1476 2363 Deus;
1498 2331 1578 2363 alius,
1599 2329 1674 2358 Unus
1696 2337 1724 2358 ut
1750 2340 1824 2359 uerus

1062 2371 1117 2389 eus.

1062 2371 1117 2389 ειη.

1070 2397 1131 2459 (I73)
1158 2398 1257 2427 Omnes
1283 2407 1366 2432 mss.,
1389 2399 1546 2427 clamamus.
1579 2400 1667 2434 Editi,
1693 2401 1822 2433 clamant,

1072 2443 1078 2458 |
1099 2453 1116 2459 ι.

1036 2441 1116 2460 male.

1072 2468 1127 2503 (75)
1147 2468 1228 2505 Editi,
1242 2469 1346 2496 habent.
1367 2469 1421 2497 Sed
1443 2476 1536 2497 omnes
1561 2477 1638 2502 mss.,
1655 2476 1823 2505 acceperant.

1037 2503 1136 2540 Deinde
1147 2504 1219 2540 _editi
1245 2509 1271 2531 et
1288 2512 1337 2532 ms.
1353 2512 1431 2536 Imus,
1445 2506 1488 2538 qui
1509 2506 1568 2532 licet
1589 2515 1640 2532 non
1660 2514 1694 2532 ea:
1712 2503 1821 2540 sangui-

1036 2538 1120 2574 nibus.
1145 2537 1229 2566 Paulo
1253 2545 1314 2574 post
1336 2547 1400 2568 mss.
1425 2540 1561 2574 plerique,
1580 2546 1608 2568 et
1626 2542 1708 2573 editi,
1731 2537 1777 2568 sed
1794 2551 1826 2568 ea

1036 2571 1090 2599 Deo
1108 2574 1169 2600 nati.
1177 2579 1247 2600 sunt.

1071 2607 1127 2668 (74)
1149 2609 1184 2634 Ita
1204 2609 1279 2639 editi,
1293 2613 1321 2636 et
1342 2609 1381 2636 sic
1397 2609 1538 2644 legendum
1564 2610 1678 2637 videtur.
1700 2610 1767 2638 Mss.
1785 2617 1824 2637 ta-

1071 2649 1097 2668 :tt
1122 2643 1222 2668 tabent.
1238 2645 1321 2668 unius.
1334 2643 1359 2668 id
1373 2649 1424 2668 est.
1441 2645 1540 2668 οὐσὶοε.
1553 2644 1602 2668 Ms.
1618 2645 1729 2668 lieaius.
1744 2655 1821 2668 ιηυιι.

1037 2649 1097 2678 men
1114 2643 1222 2675 habent,
1238 2645 1321 2676 usius,
1334 2643 1359 2670 id
1373 2643 1540 2676 ρειίούσὶος.
1553 2644 1602 2671 Ms.
1616 2645 1730 2678 Regius,
1744 2655 1822 2673 unus.

1038 2677 1216 2714 Deiiidefditi
1230 2680 1357 2705 omittunt
1372 2685 1457 2705 autem
1475 2680 1660 2714 postralienus.

1073 2711 1127 2747 (75)
1142 2711 1180 2738 Ex
1191 2712 1335 2740 Comment.
1347 2714 1375 2740 in
1388 2711 1518 2748 EpistIad
1533 2713 1666 2741 Πεοητοσ.
1680 2714 1730 2743 Ms.
1741 2723 1820 2748 unus,

1037 2745 1229 2783 [uteri-agemus
1254 2749 1344 2782 igitur,
1365 2745 1418 2775 etc.
1439 2749 1520 2776 Paulo
1542 2755 1602 2783 post
1621 2750 1690 2776 alter
1716 2759 1780 2780 ms..
1795 2745 1822 2778 ai

1037 2782 1214 2818 {nereditatem
1237 2790 1328 2816 capere
1339 2791 1439 2809 onmem
1457 2782 1641 2818 principatum.
1656 2791 1711 2812 etc.
1729 2785 1821 2812 Codex

1038 2816 1148 2854 liegius,
1171 2816 1349 2843 hwredttatem
1374 2816 1464 2851 capere
1478 2816 1593 2845 omnium
1609 2819 1819 2854 principatuum,

1036 2856 1060 2878 et
1073 2852 1190 2878 animum
1204 2856 1370 2883 volutatum,
1384 2857 1408 2878 et
1422 2854 1557 2881 virtutum.
1569 2854 1622 2881 Sed
1644 2852 1737 2882 caeteri
1753 2853 1817 2882 mss.

1037 2891 1064 2913 et
1081 2885 1143 2913 editi
1160 2886 1227 2913 utin
1247 2892 1338 2914 uosuo
1361 2892 1443 2914 textu.
