1909 3080
87 139 137 167 58!

673 138 843 168 APOLOGIA
875 139 944 166 PRO
971 139 1132 167 ORlGENE.

1657 143 1710 170 582

85 202 195 233 poterat
221 197 278 225 sola
302 199 420 226 humana
453 202 549 225 natura
578 198 645 226 nihil
671 199 696 225 in
719 207 748 226 se
769 199 871 226 habens
886 202 909 229 Α
958 198 1090 233 Superest
1112 203 1142 226 ut
1162 203 1189 226 et
1205 200 1330 227 secundat
1347 199 1532 228 criminationi
1559 200 1637 228 illatae
1658 201 1708 228 sibi

84 245 227 277 eximium,
251 252 338 279 neque
362 245 462 280 aliquid
481 246 577 273 divinat
594 246 764 277 substantiae,
788 246 872 273 luere-

84 289 198 316 ditatem
217 296 313 324 capere
325 297 433 317 omnem
452 290 645 325 principatum,
660 295 688 317 et
702 297 808 317 omnem
825 297 872 324 po-

84 337 224 366 testatem,
239 337 266 360 et
286 334 424 367 virtutem,
440 339 474 375 .et
496 335 538 362 his
551 335 676 361 omnibus
698 334 820 368 praeferri
840 342 872 361 ac

84 379 208 413 praeponi
231 385 246 405 a
263 378 353 405 Patre.
370 378 445 406 Unde
463 383 565 406 rectum
583 379 689 406 videtur
713 379 783 413 quod
805 385 872 412 prte-

84 424 205 452 stanlior
227 431 287 451 esse
306 425 401 452 debeat
418 425 441 452 is
465 425 511 460 qui
537 425 721 452 luereditatem
747 425 827 458 capit,
845 428 871 451 et

84 477 186 505 genere
210 470 312 505 utique,
326 472 361 497 'et
386 470 486 505 specie,
508 475 535 497 et
552 470 715 501 substantia,
737 473 764 496 et
784 470 872 497 subsi-

83 517 188 543 stentia
202 517 246 544 vel
262 521 368 549 natura,
384 522 465 551 atque
480 517 604 543 omnibus
620 515 770 551 quibusque
784 515 870 543 modis

82 561 166 589 debet
181 570 241 590 esse
256 563 434 597 praestantior.
448 572 457 589 ι

121 609 286 636 PAIPHILUS.
306 609 338 636 Et
353 614 412 643 post
429 617 515 643 pauca
532 609 559 636 in
574 610 668 636 eodem
684 608 754 636 libro
774 617 782 636 :

118 654 266 682 ORIGENES.
286 664 294 680 ε
310 655 375 682 Cum
395 660 486 682 autent
504 655 649 682 discutitur
669 654 719 681 hoc
735 653 806 688 quod
829 653 867 680 di-

81 705 157 727 ctum
178 705 220 728 est
234 700 268 727 de
287 700 354 727 Filio
372 700 429 732 Dei,
445 701 516 734 quod
531 701 566 727 sit
585 700 707 733 splendor
727 701 818 734 gloria!
832 700 867 733 “,

82 748 241 773 necessario
254 746 358 773 videtur
382 746 461 773 simul
477 746 662 773 disserendum
677 750 703 772 et
718 746 782 772 illud
798 747 868 781 quod

81 792 188 818 dictum
215 795 272 824 est,
296 799 348 818 uon
376 791 462 818 solum
491 791 554 825 quia
586 791 708 824 splendor
736 795 775 818 est
799 791 868 818 lucis

82 842 193 864 a-terme
205 837 251 869 τυ,
266 838 312 864 sed
326 841 352 864 et
368 837 438 871 quod
455 837 516 864 huic
531 836 619 863 simile
631 836 657 863 in
670 835 807 871 Sapientia
823 837 868 864 Sa-

927 245 961 271 ab
977 245 1190 276 accusatoribus,
1211 252 1258 279 per
1273 253 1322 272 nos
1339 245 1448 280 quidem
1465 246 1575 280 prolatis
1592 247 1638 274 sed
1653 248 1711 274 Suis

926 290 1014 317 verbis
1030 291 1086 324 ipse
1103 291 1271 324 respondeat,
1294 291 1398 319 duobus
1419 291 1461 318 vel
1485 292 1571 318 tribus
1589 292 1711 319 testimo-

926 336 980 363 niis
1001 335 1141 368 adhibitis,
1157 336 1255 370 quibus
1275 344 1380 371 a‘quum
1397 341 1438 364 est
1454 337 1602 364 secundum
1623 337 1709 373 legem

925 386 1044 409 nostram
1061 388 1142 408 omne
1160 382 1271 409 verbum
1285 386 1359 409 stare
1373 382 1416 410 η’.

1020 434 1162 454 RESPONSIO
1180 435 1214 454 AD
1234 435 1369 455 SECUNDAX
1387 435 1611 456 (ΠΠΜΙΝΔΤΙΟΝΕΜ.

926 482 1001 515 Quod
1016 491 1067 509 non
1084 491 1128 516 per
1148 483 1322 517 prolationem
1339 489 1430 511 natum
1447 485 1517 511 dicat
1531 493 1586 512 esse
1607 484 1708 512 Filium

1045 517 1091 544 Dei
1109 519 1250 544 secundant
1271 518 1400 545 Valentini
1418 519 1588 553 impietatem.

958 561 1101 591 Omoeues.
1119 563 1176 600 (78)
1202 573 1210 590 ι
1227 564 1283 599 Ego
1301 564 1420 592 arbitror
1434 565 1505 599 quod
1525 565 1647 594 sullicere
1661 567 1709 594 de-

922 609 985 635 beat
1008 609 1132 636 voluntas
1157 609 1244 637 Patris
1269 610 1301 637 ad
1327 610 1528 638 subsistendum
1562 611 1613 638 hoc
1636 613 1708 646 quod

923 653 979 680 vult
1007 653 1097 681 Pater.
1122 655 1221 682 Volens
1248 655 1321 682 enim
1357 663 1409 682 non
1440 655 1493 682 alia
1521 655 1564 682 via
1603 658 1708 689 utitur,

923 699 978 734 (79)
1005 700 1056 727 nisi
1084 707 1143 735 quae
1169 701 1285 727 consilio
1313 700 1461 728 voluntatis
1492 702 1641 736 profertur.
1669 702 1709 729 lta

921 753 985 779 ergo
1008 750 1035 773 et
1064 746 1098 773 ab
1113 754 1145 773 eo
1164 746 1225 773 Filii
1252 747 1425 774 subsistentia
1451 752 1615 782 generatur:
1637 749 1708 782 quod

922 798 1033 818 necesse
1048 796 1089 819 est
1111 792 1136 818 in
1160 792 1255 826 primis
1279 792 1378 827 suscipi
1398 793 1490 820 abhis
1512 793 1557 828 qui
1582 794 1649 820 nihil
1666 795 1710 821 in-

924 837 1060 870 genitum,
1086 837 1112 864 id
1145 841 1186 864 est
1219 838 1357 870 innatum,
1387 843 1485 873 praeter
1511 839 1598 865 solum
1625 840 1707 867 Deum

80 881 202 908 lomonis
227 882 355 914 refertur,
381 882 407 908 in
430 889 483 915 qua
511 882 626 915 seipsam
656 881 796 915 Sapientia
821 882 866 910 de-
887 880 907 907 B
926 880 1032 908 Patrem
1048 882 1176 911 fatentur.
1195 881 1397 910 Observandum
1414 891 1529 918 namque
1544 889 1583 911 est
1599 892 1632 912 ne
1650 885 1709 919 quis

80 929 182 956 scribit
210 928 328 955 dicens:
358 926 444 962 Vapor
469 931 505 954 est
532 928 600 954 enim
628 926 730 954 iiirtutis
756 928 820 961 Dei,
844 932 870 955 et

79 974 222 1008 aporrhrza
236 973 325 1008 gloria:
340 972 529 1007 Omnipotentis
546 973 689 1006 purissima
701 973 736 1001 ⁷⁸.
751 982 760 998 ι

117 1020 285 1046 PAMPHILUS.
301 1019 334 1046 Et
351 1023 410 1053 post
429 1018 587 1052 aliquanta:

118 1065 267 1092 Omceues.
289 1074 297 1090 ι
313 1065 424 1099 Oportet
448 1069 535 1091 autem
560 1065 632 1092 Scire
661 1073 710 1092 nos
735 1066 797 1100 quia
823 1073 871 1100 per

81 1111 232 1139 ineﬂ‘abilia
259 1111 380 1145 quiedam
405 1115 432 1138 et
456 1117 560 1138 secreta
588 1118 619 1138 ac
645 1111 785 1138 recondita
812 1111 869 1147 (76)

79 1158 230 1192 quemdam
262 1157 369 1184 modum
394 1157 445 1184 sibi
475 1156 579 1184 iaciens
610 1157 750 1191 Scriptura
776 1162 869 1185 sancta

79 1209 199 1230 conatur
219 1203 372 1230 bonrinibus
392 1203 511 1230 indicare
527 1207 554 1230 et
578 1203 744 1230 intellectum
770 1210 870 1239 sugge-

80 1257 144 1276 rere
166 1249 306 1276 subtilem.
322 1249 434 1283 Vaporis
448 1249 518 1275 enim
537 1256 634 1275 nomen
651 1249 793 1281 inducens,
817 1249 869 1276 hoc

80 1295 144 1323 ideo
166 1295 200 1321 de
224 1295 303 1322 rebus
327 1294 511 1329 corporalibus
530 1296 691 1329 assumpsit,
717 1299 746 1322 ut
770 1295 811 1323 vel
836 1303 868 1322 ex

78 1345 160 1375 Larte
184 1340 274 1374 aliqua
302 1340 452 1375 intelligere
479 1341 613 1374 possimus
636 1341 771 1375 quomodo
792 1340 869 1368 Chri-

77 1391 148 1418 stus,
162 1387 208 1420 qui
224 1391 265 1413 est
281 1386 428 1420 Sapientia,
444 1387 589 1413 secundum
603 1386 803 1414 similitudinem
813 1387 869 1421 ejus

77 1432 194 1467 vaporis
211 1431 256 1466 qui
282 1431 314 1458 de
345 1431 494 1458 substantia
513 1431 600 1465 aliqua
622 1439 750 1466 corporea
777 1439 868 1466 prooe-

78 1479 135 1510 dit,
169 1479 209 1505 sic
237 1478 317 1504 etiam
348 1477 403 1511 ipse
435 1482 465 1503 ut
484 1477 591 1512 quidam
626 1485 708 1512 vapor
739 1477 795 1512 (77)
822 1485 869 1504 ex-

76 1525 169 1550 oritur
182 1523 215 1550 de
231 1523 329 1549 virtute
345 1522 428 1556 ipsius
454 1521 500 1549 Dei
515 1531 521 1548 :
539 1523 578 1549 sic
592 1527 618 1549 et
635 1522 772 1557 Sapientia
788 1530 820 1550 ex
836 1531 868 1550 eo

926 927 1048 954 incurrat
1065 928 1091 954 in
1112 928 1171 954 illas
1195 928 1327 955 absurdas
1345 928 1448 955 fabulas
1465 936 1557 956 eorum
1574 930 1620 964 qui
1645 938 1709 965 pro-

922 973 1041 1000 lationes
1055 974 1185 1008 quasdam
1210 973 1260 1000 sibi
1273 974 1338 1008 ipsis
1362 974 1519 1009 depingunt,
1543 979 1572 1002 ut
1589 976 1708 1004 divinam

922 1024 1046 1046 naturam
1067 1019 1092 1045 in
1109 1024 1199 1053 partes
1217 1024 1323 1051 vocent,
1340 1024 1365 1047 et
1380 1020 1462 1046 Deum
1480 1019 1598 1053 Patrem,
1622 1029 1709 1056 quatt-

921 1070 976 1092 tum
997 1065 1022 1092 in
1047 1072 1075 1092 se
1100 1069 1156 1096 est,
1181 1065 1320 1097 dividant,
1343 1073 1402 1092 cum
1422 1066 1473 1092 hoc
1489 1066 1522 1092 de
1547 1067 1709 1101 inoorporea

920 1116 1014 1138 natura
1041 1111 1081 1138 vel
1107 1111 1202 1138 leviter
1230 1111 1361 1145 suspicari
1385 1119 1438 1138 non
1468 1111 1555 1138 solum
1580 1118 1709 1140 extremm

920 1157 1066 1190 impietatis
1082 1157 1127 1188 sit,
1144 1164 1236 1184 verum
1253 1157 1335 1183 etiam
1353 1157 1454 1184 ultimae
1470 1157 1641 1193 insipientia»),
1657 1166 1708 1187 nec

919 1203 1028 1229 omnino
1050 1202 1090 1229 vel
1116 1202 1148 1228 ad
1171 1201 1375 1235 intelligentiam
1399 1210 1586 1237 consequens,
1611 1208 1639 1231 ut
1664 1205 1708 1232 in»

920 1254 1057 1282 corpnrca:
1087 1252 1191 1274 naturae
1216 1247 1402 1274 substantialis
1427 1247 1524 1275 divisio
1554 1249 1641 1283 possit
1665 1250 1707 1277 in-

921 1293 1016 1328 telligi.
1032 1292 1117 1327 Magis
1133 1301 1197 1328 ergo
1210 1294 1280 1321 sicut
1298 1293 1421 1320 voluntas
1443 1294 1564 1328 procedit
1576 1302 1591 1322 e
1607 1299 1708 1328 mente,

919 1343 946 1366 et
962 1346 1048 1373 neque
1072 1344 1177 1374 partem
1201 1339 1318 1373 aliquam
1342 1339 1443 1366 mentis
1465 1344 1551 1372 secat,
1571 1347 1658 1377 neque
1675 1341 1708 1368 ab

919 1392 950 1411 ea
965 1389 1110 1418 separatur
1124 1390 1171 1411 aut
1186 1384 1327 1416 dividitur,
1345 1383 1389 1410 tali
1413 1385 1528 1418 quadam
1546 1385 1636 1419 specie
1662 1394 1708 1420 pu-

921 1430 1016 1457 tandus
1039 1435 1080 1457 est
1103 1430 1183 1457 Pater
1207 1428 1307 1456 Filium
1333 1432 1473 1465 genuisse,
1497 1430 1640 1466 imaginem
1657 1432 1708 1459 sci-

919 1476 983 1503 licet
1004 1483 1080 1503 suam
1095 1485 1102 1502 :
1120 1480 1148 1502 ut
1167 1476 1238 1503 sicut
1256 1476 1312 1510 ipse
1334 1480 1375 1502 est
1397 1476 1540 1503 invisibilis
1555 1484 1603 1511 per
1626 1482 1705 1504 natu-

920 1529 988 1553 ram,
1011 1522 1048 1548 ita
1077 1521 1222 1556 imaginem
1249 1529 1355 1555 quoque
1381 1521 1542 1549 invisibilem
1570 1524 1704 1557 genuerit.

76 1569 241 1602 procedens,
265 1574 298 1593 ex
325 1567 382 1601 ipsa
407 1566 555 1593 substantia
576 1567 622 1593 Dei
650 1571 813 1601 generatur:
831 1567 869 1595 sic
883 1570 903 1598 C
922 1567 1038 1594 Verbum
1063 1567 1134 1594 enim
1151 1572 1191 1595 est
1206 1567 1302 1599 Filius,
1319 1571 1345 1593 et
1368 1567 1428 1594 ideo
1444 1567 1508 1594 nihil
1529 1568 1554 1594 in
1572 1576 1604 1595 eo
1618 1570 1706 1597 sensi-

77 1613 256 1641 nihiloteinus
272 1617 298 1640 et
320 1613 468 1640 secundum
492 1612 692 1639 similitudinem
720 1613 867 1648 corporalis

77 1660 250 1694 aporrbcezc,
273 1667 333 1686 esse
353 1659 451 1686 dicitur
476 1659 619 1693 aporrbma
647 1659 739 1693 gloria:
774 1659 867 1686 Omni-

76 1707 195 1740 powntis
222 1713 288 1740 pura
316 1705 437 1739 quaedam
464 1710 491 1732 et
514 1705 630 1732 sincera.
656 1705 720 1737 Quae
745 1708 866 1739 utraeque

76 1751 273 1778 similitudines
298 1750 515 1778 manifestissime
530 1751 677 1777 Ostendunt
696 1750 864 1777 communio«

77 1805 138 1824 netn
156 1797 317 1824 substantiae
337 1804 396 1824 esse
418 1796 487 1823 Filio
512 1803 573 1823 cum
601 1795 691 1822 Patre.
716 1796 865 1830 Aporrhaea

61 1844 148 1871 'enim
172 1843 315 1878 opm-3m;
333 1843 449 1875 videtur,
474 1843 500 1869 id
525 1847 576 1874 est,
606 1843 686 1869 unius
709 1843 865 1869 substantiae

75 1897 139 1916 cum
167 1889 213 1916 illo
240 1896 353 1923 corpore
377 1896 408 1916 ex
431 1895 484 1923 quo
509 1892 551 1915 est
575 1887 616 1915 vel
642 1887 796 1922 aporrhoea,
821 1888 864 1916 vel

75 1942 171 1962 ViIDOI'.

129 1943 171 1961 or.

111 1943 278 2008 ἓΑηιηηιυς.
297 1979 368 2007 Satis
393 1979 544 2010 manifeste,
570 1982 599 2005 ut
618 1978 723 2012 opinor,
739 1982 765 2005 et
788 1979 864 2006 valde

73 2027 217 2055 evidenter
237 2031 373 2053 ostensum
393 2031 448 2057 est,
473 2025 543 2059 quod
565 2023 662 2051 Filium
685 2023 731 2050 Dei
756 2023 788 2050 de
806 2025 862 2058 ipsa

76 2073 123 2100 Dei
151 2071 305 2099 substantia
332 2075 425 2097 natum
450 2069 567 2100 dixerit,
592 2069 618 2095 id
637 2074 688 2101 est,
708 2069 861 2104 ὁμοούσιον,

73 2117 148 2152 quod
172 2122 226 2149 est,
242 2116 361 2150 ejusdem
377 2123 437 2143 cum
455 2115 535 2143 Patre
558 2116 733 2148 substantiae;
759 2121 786 2142 et
809 2124 861 2143 non

73 2170 138 2190 esse
158 2167 323 2195 creaturam,
339 2169 426 2195 neque
445 2169 494 2196 per
507 2161 689 2195 adoptionem,
705 2162 751 2189 sed
767 2166 861 2189 natura

73 2209 174 2237 Filium
193 2216 296 2241 verum,
308 2216 340 2236 ex
354 2208 412 2243 ipso
428 2207 508 2234 Patre
523 2212 692 2242 generatum.

109 2278 134 2295 ’³
155 2277 238 2305 Hebr.
251 2285 270 2311 ι,
286 2278 312 2304 5.
349 2278 383 2294 ’⁸⁸
404 2277 465 2312 Sap.
481 2284 526 2310 vn,
543 2276 588 2304 26.
626 2277 648 2292 "
668 2276 733 2304 ibid.
748 2277 793 2304 25.

109 2337 169 2372 (76)
190 2336 277 2367 Ειιίιί,
295 2337 486 2371 quodammodo
505 2337 554 2363 vim
578 2336 628 2362 sibi
657 2335 755 2372 faciens
767 2356 773 2362 .
785 2355 793 2363 .
805 2354 812 2362 .

72 2371 237 2400 intellectum
252 2380 340 2406 gerere
354 2372 474 2398 subtilem
489 2372 592 2404 uaporis
608 2379 700 2397 nonten
722 2371 856 2397 inducens.

73 2408 152 2440 Quod
177 2407 236 2433 ideo
261 2407 292 2433 de
318 2408 392 2432 rebus
417 2407 596 2440 carporalibus
621 2406 777 2438 assumpsit,
804 2411 857 2434 etc.

71 2444 177 2471 Omnes
193 2449 258 2468 mss.
274 2443 368 2471 nostri,
383 2442 519 2475 quemdam
538 2443 642 2467 modum
659 2441 706 2466 sibi
722 2441 856 2474 faciens...

71 2484 95 2504 et
114 2477 276 2503 intellectum
292 2484 379 2510 gerere
394 2476 524 2502 subtilem.
547 2475 655 2509 Vaporis
672 2475 740 2501 enim
766 2483 858 2502 nomen

71 2513 201 2539 inducent
224 2511 269 2546 [aL
293 2510 400 2545 ducens]
428 2510 496 2545 quod
522 2510 579 2546 ideo
602 2511 634 2536 de
659 2510 733 2536 rebus
756 2518 859 2536 assum-

72 2549 136 2580 psit,
152 2551 206 2572 etc.
226 2545 283 2573 Sed
301 2547 370 2579 quod
390 2546 493 2571 videtur
509 2545 621 2579 positum
640 2552 689 2579 pro
710 2545 809 2580 hoc,ret
825 2545 859 2571 ita

73 2584 146 2608 hunc
169 2580 257 2607 locum
276 2581 470 2607 restituendum
496 2581 649 2607 ceusuitnus
664 2581 696 2606 ad
713 2579 859 2613 planiorem

73 2616 288 2647 intelligentiam.

108 2651 167 2685 (77)
188 2650 225 2676 lta
242 2656 314 2677 recte
331 2649 407 2678 editi.
424 2649 486 2676 Mss.
502 2656 564 2676 vero
582 2649 676 2681 nostri,
693 2648 860 2685 alii,_ea;scri-

74 2683 161 2716 hitur:
183 2685 246 2718 alii,
269 2684 435 2719 exprimitur.
459 2684 540 2711 Paulo
559 2689 620 2718 post
644 2691 706 2710 mss.
729 2683 858 2717 plerique,

75 2722 219 2748 secundum
245 2718 443 2747 similitudinem
471 2719 613 2752 corporalis
644 2718 779 2752 aporrhwa
806 2726 860 2744 esse

76 2757 171 2783 dicitur
184 2755 332 2788 aparrluea,
346 2760 398 2782 etc.
414 2754 466 2781 Sed
480 2754 578 2781 rectius
594 2761 645 2780 ms.
674 2761 742 2780 unus
755 2758 782 2780 et
795 2752 860 2780 editi

76 2798 101 2818 at
118 2793 146 2818 in
164 2795 251 2817 l8xtu.

109 2826 165 2861 (78)
190 2826 228 2861 Ex
246 2825 330 2861 libr.t
347 2823 383 2850 De
397 2824 520 2857 princip.,
537 2831 595 2858 cap.
604 2823 639 2861 7‘72,
657 2831 730 2850 num.
745 2822 770 2861 ϐε

111 2857 165 2897 (79)
186 2860 234 2888 Sic
248 2860 323 2891 editi,
336 2865 363 2888 et
378 2867 442 2886 mss.
456 2857 587 2894 plerique.
601 2860 663 2886 Mss.
681 2865 744 2885 vero
759 2857 858 2892 Regius

831 2277 865 2298 7"
884 2276 906 2304 ll
923 2277 986 2305 Cor.
997 2285 1057 2309 xm,
1072 2277 1098 2304 1.

834 2341 857 2362 et
874 2338 896 2366 Ι)
911 2341 936 2364 et
951 2336 1140 2371 Corbeiensis,
1162 2337 1215 2364 ιιὶεί
1231 2336 1293 2372 quia
1310 2336 1356 2373 [al.
1372 2337 1436 2372 qua]
1454 2337 1562 2365 consilio
1578 2336 1700 2364 voluntas

919 1613 973 1641 bile
999 1613 1201 1648 intelligendum
1222 1617 1273 1640 est.
1300 1612 1439 1646 Sapientia
1462 1617 1520 1645 est,
1548 1617 1576 1639 et
1601 1613 1628 1640 in
1653 1614 1706 1640 Sa-

917 1659 1020 1693 pientia
1043 1659 1109 1685 nihil
1130 1665 1290 1692 corporeum
1313 1657 1507 1691 suspicandum
1530 1662 1583 1684 est.
1605 1657 1705 1685 Lumen

916 1709 958 1732 est
981 1713 1068 1732 verum
1087 1704 1156 1737 quod
1173 1703 1304 1730 illuminat
1323 1710 1426 1729 omnem
1445 1703 1575 1729 hominem
1597 1704 1704 1731 uenien-

916 1754 966 1776 lem
986 1751 1014 1776 in
1033 1751 1102 1777 hunc
1122 1750 1248 1776 mundum
1261 1748 1294 1780 ",
1311 1747 1357 1775 sed
1374 1747 1440 1774 nihil
1458 1748 1538 1775 habet
1559 1755 1704 1776 commune

916 1796 947 1823 ad
966 1795 1030 1823 solis
1053 1795 1132 1829 hujus
1145 1795 1245 1822 lumen.
1265 1803 1275 1820 ›

948 1840 1111 1869 PAIIPHILUS.
1135 1840 1173 1867 De
1196 1840 1239 1867 his
1271 1839 1336 1874 ipsis
1358 1845 1391 1866 ex
1413 1844 1510 1873 quarto
1533 1838 1603 1866 libro
1632 1840 1703 1874 Περὶ

914 1885 1025 1920 ἀρχῶν.

949 1930 1026 1959 Οιιις.
1056 1939 1065 1956 t
1088 1930 1204 1965 Tempus
1230 1935 1273 1958 est
1361 1928 1428 1964 (80)
1459 1929 1529 1965 Ὦρα
1566 1930 1703 1958 ἐπαναλα-

914 1977 1035 2004 decursis
1050 1976 1093 2003 his
1114 1984 1174 2011 qua:
1189 1976 1222 2003 de
1237 1976 1289 2003 Pa‘
1321 1976 1404 2013 ῥόντα
1426 1977 1489 2012 περὶ
1508 1978 1632 2013 Πατρὺς,
1656 1979 1703 2004 καὶ

913 2028 955 2052 tre
977 2029 1004 2052 et
1034 2024 1104 2067 Filio
1127 2028 1154 2051 et
1185 2023 1291 2058 Spiriltl
1326 2023 1406 2056 Υἱοῦ,
1435 2024 1482 2050 καὶ
1512 2024 1589 2059 ἁγίου
1619 2025 1703 2051 Ilvati-

913 2074 1006 2096 sancto
1038 2069 1231 2102 disseruimus,
1255 2070 1293 2096 de
1325 2080 1423 2103 ιιατος,
1451 2071 1525 2106 ὀλίγα
1558 2072 1611 2099 τῶν
1641 2072 1702 2099 τότε

913 2117 965 2144 illis
979 2125 1085 2152 qttoque
1101 2125 1161 2152 quae
1175 2124 1190 2144 a
1211 2117 1300 2154 nobis)
1325 2117 1581 2154 παραλελειμμένων
1601 2118 1701 2151 διεξελη

913 2164 1005 2190 relicta
1047 2164 1171 2194 fuerant,
1203 2171 1288 2198 pauca
1324 2164 1379 2191 θεῖν
1412 2166 1476 2200 περὶ
1517 2165 1622 2200 Πατρὸς
1663 2165 1702 2198 ὡς

913 2215 1044 2244 repetere.
1055 2211 1124 2237 Deus
1136 2209 1215 2236 Pater
1227 2217 1287 2237 cum
1323 2210 1474 2246 ἀδιαίρετος
1494 2210 1532 2238 ὢν
1563 2211 1610 2238 καὶ
1637 2210 1702 2245 ἀμέ-

1135 2277 1159 2293 ὀ
1177 2277 1254 2306 Joan.
1272 2286 1292 2311 ι,
1307 2278 1332 2306 9.

911 2374 1055 2406 profertur.

947 2406 1002 2439 (80)
1024 2406 1062 2433 Ex
1081 2405 1127 2433 lib.
1140 2414 1166 2433 tv
1181 2405 1219 2432 De
1238 2407 1362 2440 princip.,
1375 2415 1448 2434 Itum.
1463 2407 1619 2440 28.——".0pa
1626 2407 1699 2434 ἐπα-

911 2441 1091 2475 ναλαγόντα,
1105 2446 1157 2468 etc.
1171 2441 1263 2467 Graeca
1282 2442 1345 2476 (haec
1363 2443 1502 2476 desumpta
1520 2447 1581 2468 sttttt
1601 2449 1616 2469 e
1630 2442 1700 2469 libro

912 2477 998 2510 primo
1025 2475 1131 2502 Eusebii
1160 2481 1251 2502 contra
1276 2475 1428 2502 Illurcellum
1453 2475 1621 2510 Anci/ranam
1639 2496 1648 2509 ,
1671 2481 1699 2504 et

913 2511 1040 2546 quaedam
1056 2512 1088 2546 de
1105 2518 1153 2537 suo
1178 2510 1314 2537 adtlidiSse
1329 2511 1434 2546 videtur
1451 2511 1475 2537 in
1494 2518 1540 2536 sua
1565 2511 1698 2546 interpre-

915 2544 1017 2572 tatione
1033 2544 1145 2572 Ruﬁnus
1165 2550 1256 2571 contra
1274 2545 1398 2571 Arianae.
1415 2545 1480 2572 Vide
1494 2544 1696 2572 observationes

914 2585 1021 2607 nostras
1046 2581 1072 2606 in
1091 2582 1161 2607 hunc
1186 2579 1272 2606 locum
1292 2580 1359 2606 libro
1382 2587 1407 2606 tv
1423 2579 1460 2605 De
1479 2579 1602 2612 princip..
1620 2588 1693 2607 num.

912 2615 960 2646 27,
973 2622 1000 2641 et
1014 2614 1197 2649 Origenianor.
1223 2615 1268 2641 lib.
1284 2622 1313 2644 ll,
1325 2618 1422 2648 quiest.
1435 2615 1461 2645 2,
1478 2621 1550 2640 num.
1564 2614 1608 2640 ~25.
1623 2614 1694 2641 Libri

914 2649 952 2676 De
976 2650 1109 2683 princiA-iis
1127 2649 1226 2676 habent
1247 2658 1254 2675 :
1274 2649 1383 2682 Tempus
1405 2654 1493 2675 autem
1515 2654 1551 2674 est
1571 2649 1628 2682 jam
1651 2651 1695 2675 de.

913 2685 996 2711 [ursis
1014 2684 1062 2715 liis,
1083 2689 1158 2718 prout
1182 2684 1330 2718 potuimus,
1349 2691 1406 2716 qua:
1421 2691 1500 2715 supra
1523 2684 1592 2709 dicta
1615 2687 1693 2715 sunt,

913 2727 981 2746 nunc
1001 2720 1207 2745 commonitionis
1224 2720 1309 2753 gratia
1327 2726 1415 2744 eorum
1439 2726 1498 2752 qua:
1517 2718 1630 2751 sparsim
1653 2718 1695 2744 di-

911 2755 1008 2785 ximus,
1036 2754 1207 2788 reoapitulure
1230 2753 1348 2788 singula,
1372 2758 1394 2779 et
1417 2754 1500 2787 primo
1525 2753 1695 2788 omnittnt_de

912 2788 1004 2820 Patre,
1018 2793 1041 2815 et
1060 2785 1130 2814 Filio
1144 2793 1168 2814 et
1194 2785 1293 2822 Spiritu
1308 2793 1397 2814 sancto
1416 2785 1538 2822 repetere.
1554 2785 1693 2816 Deus-Pa-

911 2829 958 2857 ter,
973 2830 1037 2854 etc.,
1053 2827 1081 2850 ut
1098 2824 1125 2850 in
1142 2828 1225 2851 textu.
