  <div class='ocr_page' id='page_1' title='image "/cluster/home/n/w/nwhite01/storage/ocr_20150623/17/njp.32101010944583/407.png"; bbox 0 0 1909 3080; ppageno 0'>
   <div class='ocr_carea' id='block_1_1' title="bbox 204 156 225 216">
    <p class='ocr_par' dir='ltr' id='par_1_1' title="bbox 204 156 225 216">
     <span class='ocr_line' id='line_1_1' title="bbox 204 156 225 216; baseline 0 0"><span class='ocrx_word' id='word_1_1' title='bbox 204 156 225 216; x_wconf 57' lang='grc' dir='ltr'><em>Ἴ</em></span> 
     </span>
    </p>
   </div>
   <div class='ocr_carea' id='block_1_2' title="bbox 238 145 290 173">
    <p class='ocr_par' dir='ltr' id='par_1_2' title="bbox 238 145 290 173">
     <span class='ocr_line' id='line_1_2' title="bbox 238 145 290 173; baseline 0 0"><span class='ocrx_word' id='word_1_2' title='bbox 238 145 290 173; x_wconf 71' lang='lat'><strong>583</strong></span> 
     </span>
    </p>
   </div>
   <div class='ocr_carea' id='block_1_3' title="bbox 235 202 614 235">
    <p class='ocr_par' dir='ltr' id='par_1_3' title="bbox 235 202 614 235">
     <span class='ocr_line' id='line_1_3' title="bbox 235 202 614 235; baseline -0.011 -2"><span class='ocrx_word' id='word_1_3' title='bbox 235 210 262 233; x_wconf 86' lang='lat' dir='ltr'><strong>et</strong></span> <span class='ocrx_word' id='word_1_4' title='bbox 279 204 419 232; x_wconf 75' lang='lat' dir='ltr'><strong>invisibilis</strong></span> <span class='ocrx_word' id='word_1_5' title='bbox 437 204 484 235; x_wconf 86' lang='lat' dir='ltr'><strong>sit.</strong></span> <span class='ocrx_word' id='word_1_6' title='bbox 499 208 527 230; x_wconf 88' lang='lat' dir='ltr'><strong>et</strong></span> <span class='ocrx_word' id='word_1_7' title='bbox 541 202 614 230; x_wconf 87' lang='lat' dir='ltr'><strong>inse-</strong></span> 
     </span>
    </p>
   </div>
   <div class='ocr_carea' id='block_1_4' title="bbox 236 249 615 286">
    <p class='ocr_par' dir='ltr' id='par_1_4' title="bbox 236 249 615 286">
     <span class='ocr_line' id='line_1_4' title="bbox 236 249 615 286; baseline -0.011 -8"><span class='ocrx_word' id='word_1_8' title='bbox 236 251 367 286; x_wconf 80' lang='lat' dir='ltr'><strong>parabilis</strong></span> <span class='ocrx_word' id='word_1_9' title='bbox 377 259 390 276; x_wconf 91' lang='lat' dir='ltr'><strong>a</strong></span> <span class='ocrx_word' id='word_1_10' title='bbox 404 249 483 281; x_wconf 84' lang='lat' dir='ltr'><strong>Filio,</strong></span> <span class='ocrx_word' id='word_1_11' title='bbox 499 256 551 276; x_wconf 91' lang='lat' dir='ltr'><strong>non</strong></span> <span class='ocrx_word' id='word_1_12' title='bbox 567 255 615 283; x_wconf 89' lang='lat' dir='ltr'><strong>per</strong></span> 
     </span>
    </p>
   </div>
   <div class='ocr_carea' id='block_1_5' title="bbox 236 297 616 333">
    <p class='ocr_par' dir='ltr' id='par_1_5' title="bbox 236 297 616 333">
     <span class='ocr_line' id='line_1_5' title="bbox 236 297 616 333; baseline -0.013 -8"><span class='ocrx_word' id='word_1_13' title='bbox 236 298 416 333; x_wconf 64' lang='lat' dir='ltr'><strong>prolttionem</strong></span> <span class='ocrx_word' id='word_1_14' title='bbox 449 297 482 324; x_wconf 85' lang='lat' dir='ltr'><strong>ab</strong></span> <span class='ocrx_word' id='word_1_15' title='bbox 509 303 559 327; x_wconf 81' lang='lat' dir='ltr'><strong>eo.</strong></span> <span class='ocrx_word' id='word_1_16' title='bbox 588 298 616 321; x_wconf 82' lang='grc' dir='ltr'><strong>ιιι</strong></span> 
     </span>
    </p>
   </div>
   <div class='ocr_carea' id='block_1_6' title="bbox 236 345 616 379">
    <p class='ocr_par' dir='ltr' id='par_1_6' title="bbox 236 345 616 379">
     <span class='ocr_line' id='line_1_6' title="bbox 236 345 616 379; baseline -0.005 -10"><span class='ocrx_word' id='word_1_17' title='bbox 236 345 344 379; x_wconf 86' lang='lat' dir='ltr'><strong>quidam</strong></span> <span class='ocrx_word' id='word_1_18' title='bbox 357 348 462 378; x_wconf 86' lang='lat' dir='ltr'><strong>putant,</strong></span> <span class='ocrx_word' id='word_1_19' title='bbox 471 345 616 378; x_wconf 82' lang='lat' dir='ltr'><strong>generatus</strong></span> 
     </span>
    </p>
   </div>
   <div class='ocr_carea' id='block_1_7' title="bbox 234 387 615 423">
    <p class='ocr_par' dir='ltr' id='par_1_7' title="bbox 234 387 615 423">
     <span class='ocr_line' id='line_1_7' title="bbox 234 387 615 423; baseline -0.01 -6"><span class='ocrx_word' id='word_1_20' title='bbox 234 394 278 417; x_wconf 84' lang='lat' dir='ltr'><strong>est</strong></span> <span class='ocrx_word' id='word_1_21' title='bbox 293 389 348 423; x_wconf 75' lang='lat'><strong>(81)</strong></span> <span class='ocrx_word' id='word_1_22' title='bbox 375 388 468 415; x_wconf 83' lang='lat' dir='ltr'><strong>Filius.</strong></span> <span class='ocrx_word' id='word_1_23' title='bbox 493 388 521 415; x_wconf 86' lang='lat' dir='ltr'><strong>Si</strong></span> <span class='ocrx_word' id='word_1_24' title='bbox 543 387 615 414; x_wconf 90' lang='lat' dir='ltr'><strong>enim</strong></span> 
     </span>
    </p>
   </div>
   <div class='ocr_carea' id='block_1_8' title="bbox 235 433 617 470">
    <p class='ocr_par' dir='ltr' id='par_1_8' title="bbox 235 433 617 470">
     <span class='ocr_line' id='line_1_8' title="bbox 235 433 617 470; baseline -0.005 -9"><span class='ocrx_word' id='word_1_25' title='bbox 235 434 351 470; x_wconf 73' lang='lat' dir='ltr'><strong>prolatio</strong></span> <span class='ocrx_word' id='word_1_26' title='bbox 364 439 406 462; x_wconf 85' lang='lat' dir='ltr'><strong>est</strong></span> <span class='ocrx_word' id='word_1_27' title='bbox 418 433 503 461; x_wconf 83' lang='lat' dir='ltr'><strong>Filius</strong></span> <span class='ocrx_word' id='word_1_28' title='bbox 517 433 617 465; x_wconf 83' lang='lat' dir='ltr'><strong>Patris,</strong></span> 
     </span>
    </p>
   </div>
   <div class='ocr_carea' id='block_1_9' title="bbox 236 481 617 518">
    <p class='ocr_par' dir='ltr' id='par_1_9' title="bbox 236 481 617 518">
     <span class='ocr_line' id='line_1_9' title="bbox 236 481 617 518; baseline 0 -10"><span class='ocrx_word' id='word_1_29' title='bbox 236 482 352 518; x_wconf 73' lang='lat' dir='ltr'><strong>prolatio</strong></span> <span class='ocrx_word' id='word_1_30' title='bbox 365 489 430 509; x_wconf 87' lang='lat' dir='ltr'><strong>vero</strong></span> <span class='ocrx_word' id='word_1_31' title='bbox 444 481 543 509; x_wconf 86' lang='lat' dir='ltr'><strong>dicitur</strong></span> <span class='ocrx_word' id='word_1_32' title='bbox 557 488 617 516; x_wconf 82' lang='lat' dir='ltr'><strong>quae</strong></span> 
     </span>
    </p>
   </div>
   <div class='ocr_carea' id='block_1_10' title="bbox 237 528 617 562">
    <p class='ocr_par' dir='ltr' id='par_1_10' title="bbox 237 528 617 562">
     <span class='ocr_line' id='line_1_10' title="bbox 237 528 617 562; baseline -0.003 -7"><span class='ocrx_word' id='word_1_33' title='bbox 237 528 318 555; x_wconf 89' lang='lat' dir='ltr'><strong>taletn</strong></span> <span class='ocrx_word' id='word_1_34' title='bbox 342 528 477 562; x_wconf 74' lang='lat' dir='ltr'><strong>signiﬁcat</strong></span> <span class='ocrx_word' id='word_1_35' title='bbox 501 534 617 561; x_wconf 84' lang='lat' dir='ltr'><strong>genera-</strong></span> 
     </span>
    </p>
   </div>
   <div class='ocr_carea' id='block_1_11' title="bbox 236 573 614 607">
    <p class='ocr_par' dir='ltr' id='par_1_11' title="bbox 236 573 614 607">
     <span class='ocr_line' id='line_1_11' title="bbox 236 573 614 607; baseline -0.005 -6"><span class='ocrx_word' id='word_1_36' title='bbox 236 574 348 606; x_wconf 80' lang='lat' dir='ltr'><strong>tionem,</strong></span> <span class='ocrx_word' id='word_1_37' title='bbox 358 573 446 607; x_wconf 87' lang='lat' dir='ltr'><strong>qualis</strong></span> <span class='ocrx_word' id='word_1_38' title='bbox 457 573 614 599; x_wconf 80' lang='lat' dir='ltr'><strong>animalium</strong></span> 
     </span>
    </p>
   </div>
   <div class='ocr_carea' id='block_1_12' title="bbox 859 142 1272 172">
    <p class='ocr_par' dir='ltr' id='par_1_12' title="bbox 859 142 1272 172">
     <span class='ocr_line' id='line_1_12' title="bbox 859 142 1272 172; baseline -0.007 0"><span class='ocrx_word' id='word_1_39' title='bbox 859 143 888 172; x_wconf 87' lang='lat' dir='ltr'><strong>S.</strong></span> <span class='ocrx_word' id='word_1_40' title='bbox 907 142 1071 171; x_wconf 64' lang='lat' dir='ltr'><strong>PAMPHILA</strong></span> <span class='ocrx_word' id='word_1_41' title='bbox 1092 142 1272 170; x_wconf 74' lang='lat' dir='ltr'><strong>MARTVliIS</strong></span> 
     </span>
    </p>
   </div>
   <div class='ocr_carea' id='block_1_13' title="bbox 1824 143 1876 171">
    <p class='ocr_par' dir='ltr' id='par_1_13' title="bbox 1824 143 1876 171">
     <span class='ocr_line' id='line_1_13' title="bbox 1824 143 1876 171; baseline 0.019 -1"><span class='ocrx_word' id='word_1_42' title='bbox 1824 143 1876 171; x_wconf 68' lang='lat'><strong>584</strong></span> 
     </span>
    </p>
   </div>
   <div class='ocr_carea' id='block_1_14' title="bbox 652 201 1015 239">
    <p class='ocr_par' dir='ltr' id='par_1_14' title="bbox 652 201 1015 238">
     <span class='ocr_line' id='line_1_14' title="bbox 652 201 1015 238; baseline 0.006 -10"><span class='ocrx_word' id='word_1_43' title='bbox 652 211 742 238; x_wconf 79' lang='grc' dir='ltr'><strong>ριστος</strong></span> <span class='ocrx_word' id='word_1_44' title='bbox 757 201 823 228; x_wconf 82' lang='grc' dir='ltr'><strong>Υἱοῦ</strong></span> <span class='ocrx_word' id='word_1_45' title='bbox 848 202 952 237; x_wconf 67' lang='grc' dir='ltr'><strong>γίνεται</strong></span> <span class='ocrx_word' id='word_1_46' title='bbox 975 203 1015 230; x_wconf 79' lang='lat' dir='ltr'><strong>[Ia</strong></span> 
     </span>
    </p>
   </div>
   <div class='ocr_carea' id='block_1_15' title="bbox 1080 201 1876 239">
    <p class='ocr_par' dir='ltr' id='par_1_15' title="bbox 1083 202 1876 239">
     <span class='ocr_line' id='line_1_15' title="bbox 1083 202 1876 239; baseline 0 -9"><span class='ocrx_word' id='word_1_47' title='bbox 1083 203 1175 238; x_wconf 71' lang='lat' dir='ltr'><strong>gnat-it</strong></span> <span class='ocrx_word' id='word_1_48' title='bbox 1197 204 1248 231; x_wconf 84' lang='lat' dir='ltr'><strong>nisi</strong></span> <span class='ocrx_word' id='word_1_49' title='bbox 1274 203 1330 239; x_wconf 84' lang='lat' dir='ltr'><strong>ipse</strong></span> <span class='ocrx_word' id='word_1_50' title='bbox 1348 203 1422 231; x_wconf 87' lang='lat' dir='ltr'><strong>solus</strong></span> <span class='ocrx_word' id='word_1_51' title='bbox 1431 203 1466 237; x_wconf 86' lang='lat'><strong>&#39;&quot;,</strong></span> <span class='ocrx_word' id='word_1_52' title='bbox 1486 203 1529 231; x_wconf 84' lang='lat' dir='ltr'><strong>his</strong></span> <span class='ocrx_word' id='word_1_53' title='bbox 1553 210 1623 238; x_wconf 89' lang='lat' dir='ltr'><strong>quos</strong></span> <span class='ocrx_word' id='word_1_54' title='bbox 1645 203 1680 230; x_wconf 86' lang='lat' dir='ltr'><strong>ad</strong></span> <span class='ocrx_word' id='word_1_55' title='bbox 1705 209 1769 230; x_wconf 89' lang='lat' dir='ltr'><strong>eum</strong></span> <span class='ocrx_word' id='word_1_56' title='bbox 1791 202 1876 230; x_wconf 82' lang='lat' dir='ltr'><strong>Pater</strong></span> 
     </span>
    </p>
   </div>
   <div class='ocr_carea' id='block_1_16' title="bbox 650 245 1034 282">
    <p class='ocr_par' dir='ltr' id='par_1_16' title="bbox 650 245 1034 282">
     <span class='ocr_line' id='line_1_16' title="bbox 650 245 1034 282; baseline 0.005 -10"><span class='ocrx_word' id='word_1_57' title='bbox 650 246 713 282; x_wconf 85' lang='grc' dir='ltr'><strong>τὴρ,</strong></span> <span class='ocrx_word' id='word_1_58' title='bbox 728 246 758 272; x_wconf 75' lang='grc' dir='ltr'><strong>οὐ</strong></span> <span class='ocrx_word' id='word_1_59' title='bbox 776 245 922 282; x_wconf 76' lang='grc' dir='ltr'><strong>προϐαλὼν</strong></span> <span class='ocrx_word' id='word_1_60' title='bbox 942 247 1034 279; x_wconf 72' lang='grc' dir='ltr'><strong>αὐτὸν,</strong></span> 
     </span>
    </p>
   </div>
   <div class='ocr_carea' id='block_1_17' title="bbox 651 294 1035 331">
    <p class='ocr_par' dir='ltr' id='par_1_17' title="bbox 651 294 1035 331">
     <span class='ocr_line' id='line_1_17' title="bbox 651 294 1035 331; baseline 0.008 -11"><span class='ocrx_word' id='word_1_61' title='bbox 651 294 689 326; x_wconf 80' lang='grc' dir='ltr'><strong>ὡς</strong></span> <span class='ocrx_word' id='word_1_62' title='bbox 701 294 802 321; x_wconf 73' lang='grc' dir='ltr'><strong>οἴονταί</strong></span> <span class='ocrx_word' id='word_1_63' title='bbox 826 304 906 327; x_wconf 79' lang='grc' dir='ltr'><strong>τινες.</strong></span> <span class='ocrx_word' id='word_1_64' title='bbox 925 296 957 322; x_wconf 80' lang='lat' dir='ltr'><strong>El.</strong></span> <span class='ocrx_word' id='word_1_65' title='bbox 980 295 1035 331; x_wconf 79' lang='grc' dir='ltr'><strong>γὰρ</strong></span> 
     </span>
    </p>
   </div>
   <div class='ocr_carea' id='block_1_18' title="bbox 653 341 1033 376">
    <p class='ocr_par' dir='ltr' id='par_1_18' title="bbox 653 341 1033 376">
     <span class='ocr_line' id='line_1_18' title="bbox 653 341 1033 376; baseline 0.003 -9"><span class='ocrx_word' id='word_1_66' title='bbox 653 341 770 376; x_wconf 72' lang='grc' dir='ltr'><strong>προϐολὴ</strong></span> <span class='ocrx_word' id='word_1_67' title='bbox 786 342 860 367; x_wconf 79' lang='grc' dir='ltr'><strong>ἐστιν</strong></span> <span class='ocrx_word' id='word_1_68' title='bbox 874 342 887 367; x_wconf 82' lang='grc' dir='ltr'>ὁ</span> <span class='ocrx_word' id='word_1_69' title='bbox 904 341 968 373; x_wconf 79' lang='grc' dir='ltr'><strong>Υἱὸς</strong></span> <span class='ocrx_word' id='word_1_70' title='bbox 986 341 1033 368; x_wconf 77' lang='grc' dir='ltr'><strong>τοῦ</strong></span> 
     </span>
    </p>
   </div>
   <div class='ocr_carea' id='block_1_19' title="bbox 653 387 1035 423">
    <p class='ocr_par' dir='ltr' id='par_1_19' title="bbox 653 387 1035 423">
     <span class='ocr_line' id='line_1_19' title="bbox 653 387 1035 423; baseline 0.003 -10"><span class='ocrx_word' id='word_1_71' title='bbox 653 387 780 423; x_wconf 79' lang='grc' dir='ltr'><strong>Πατρὸς,</strong></span> <span class='ocrx_word' id='word_1_72' title='bbox 802 387 850 413; x_wconf 75' lang='grc' dir='ltr'><strong>καὶ</strong></span> <span class='ocrx_word' id='word_1_73' title='bbox 878 388 960 423; x_wconf 79' lang='grc' dir='ltr'><strong>γεννᾷ</strong></span> <span class='ocrx_word' id='word_1_74' title='bbox 985 387 1035 422; x_wconf 80' lang='grc' dir='ltr'><strong>μὲν</strong></span> 
     </span>
    </p>
   </div>
   <div class='ocr_carea' id='block_1_20' title="bbox 653 433 1034 466">
    <p class='ocr_par' dir='ltr' id='par_1_20' title="bbox 653 433 1034 466">
     <span class='ocr_line' id='line_1_20' title="bbox 653 433 1034 466; baseline 0 -6"><span class='ocrx_word' id='word_1_75' title='bbox 653 433 683 466; x_wconf 78' lang='grc' dir='ltr'><strong>ἐξ</strong></span> <span class='ocrx_word' id='word_1_76' title='bbox 710 433 792 460; x_wconf 82' lang='grc' dir='ltr'><strong>αὐτοῦ</strong></span> <span class='ocrx_word' id='word_1_77' title='bbox 819 434 898 460; x_wconf 76' lang='grc' dir='ltr'>ὁποῖα</span> <span class='ocrx_word' id='word_1_78' title='bbox 922 434 956 460; x_wconf 78' lang='grc' dir='ltr'>τὰ</span> <span class='ocrx_word' id='word_1_79' title='bbox 979 433 1034 460; x_wconf 87' lang='grc' dir='ltr'><strong>τῶν</strong></span> 
     </span>
    </p>
   </div>
   <div class='ocr_carea' id='block_1_21' title="bbox 653 480 1032 517">
    <p class='ocr_par' dir='ltr' id='par_1_21' title="bbox 653 480 1032 517">
     <span class='ocr_line' id='line_1_21' title="bbox 653 480 1032 517; baseline 0 -10"><span class='ocrx_word' id='word_1_80' title='bbox 653 480 730 512; x_wconf 83' lang='grc' dir='ltr'><strong>ζώων</strong></span> <span class='ocrx_word' id='word_1_81' title='bbox 745 482 912 516; x_wconf 81' lang='grc' dir='ltr'><strong>γεννήματα,</strong></span> <span class='ocrx_word' id='word_1_82' title='bbox 927 480 1032 517; x_wconf 78' lang='grc' dir='ltr'><strong>ἀνάγκη</strong></span> 
     </span>
    </p>
   </div>
   <div class='ocr_carea' id='block_1_22' title="bbox 652 525 1032 562">
    <p class='ocr_par' dir='ltr' id='par_1_22' title="bbox 652 525 1032 562">
     <span class='ocr_line' id='line_1_22' title="bbox 652 525 1032 562; baseline 0.003 -10"><span class='ocrx_word' id='word_1_83' title='bbox 652 526 731 562; x_wconf 83' lang='grc' dir='ltr'><strong>σῶμα</strong></span> <span class='ocrx_word' id='word_1_84' title='bbox 756 525 825 553; x_wconf 73' lang='grc' dir='ltr'>εἶναι</span> <span class='ocrx_word' id='word_1_85' title='bbox 845 527 890 553; x_wconf 78' lang='grc' dir='ltr'><strong>τὸν</strong></span> <span class='ocrx_word' id='word_1_86' title='bbox 912 527 1032 562; x_wconf 77' lang='grc' dir='ltr'><strong>προσάλ-</strong></span> 
     </span>
    </p>
   </div>
   <div class='ocr_carea' id='block_1_23' title="bbox 651 573 1033 610">
    <p class='ocr_par' dir='ltr' id='par_1_23' title="bbox 651 573 1033 610">
     <span class='ocr_line' id='line_1_23' title="bbox 651 573 1033 610; baseline 0.003 -11"><span class='ocrx_word' id='word_1_87' title='bbox 651 573 741 605; x_wconf 82' lang='grc' dir='ltr'><strong>λοντα,</strong></span> <span class='ocrx_word' id='word_1_88' title='bbox 755 573 802 600; x_wconf 73' lang='grc' dir='ltr'><strong>κα),</strong></span> <span class='ocrx_word' id='word_1_89' title='bbox 819 573 864 600; x_wconf 82' lang='grc' dir='ltr'><strong>τὸν</strong></span> <span class='ocrx_word' id='word_1_90' title='bbox 881 573 1033 610; x_wconf 75' lang='grc' dir='ltr'><strong>προϐεϐλη-</strong></span> 
     </span>
    </p>
   </div>
   <div class='ocr_carea' id='block_1_24' title="bbox 236 619 744 655">
    <p class='ocr_par' dir='ltr' id='par_1_24' title="bbox 236 619 744 655">
     <span class='ocr_line' id='line_1_24' title="bbox 236 619 744 655; baseline -0.004 -8"><span class='ocrx_word' id='word_1_91' title='bbox 236 620 278 647; x_wconf 88' lang='lat' dir='ltr'><strong>vel</strong></span> <span class='ocrx_word' id='word_1_92' title='bbox 304 620 442 647; x_wconf 83' lang='lat' dir='ltr'><strong>hominum</strong></span> <span class='ocrx_word' id='word_1_93' title='bbox 467 620 534 647; x_wconf 80' lang='lat' dir='ltr'><strong>Solet</strong></span> <span class='ocrx_word' id='word_1_94' title='bbox 557 627 617 647; x_wconf 85' lang='lat' dir='ltr'><strong>esse</strong></span> <span class='ocrx_word' id='word_1_95' title='bbox 655 619 744 655; x_wconf 81' lang='grc' dir='ltr'><strong>μένον.</strong></span> 
     </span>
    </p>
   </div>
   <div class='ocr_carea' id='block_1_25' title="bbox 235 665 1028 701">
    <p class='ocr_par' dir='ltr' id='par_1_25' title="bbox 235 665 1028 701">
     <span class='ocr_line' id='line_1_25' title="bbox 235 665 1028 701; baseline -0.001 -8"><span class='ocrx_word' id='word_1_96' title='bbox 235 666 390 701; x_wconf 74' lang='lat' dir='ltr'><strong>progenies,</strong></span> <span class='ocrx_word' id='word_1_97' title='bbox 410 665 566 693; x_wconf 84' lang='lat' dir='ltr'><strong>necessario</strong></span> <span class='ocrx_word' id='word_1_98' title='bbox 581 673 679 700; x_wconf 85' lang='lat' dir='ltr'><strong>corpus</strong></span> <span class='ocrx_word' id='word_1_99' title='bbox 699 670 742 692; x_wconf 89' lang='lat' dir='ltr'><strong>est</strong></span> <span class='ocrx_word' id='word_1_100' title='bbox 756 669 782 692; x_wconf 86' lang='lat' dir='ltr'><strong>et</strong></span> <span class='ocrx_word' id='word_1_101' title='bbox 804 665 828 692; x_wconf 88' lang='lat' dir='ltr'><strong>is</strong></span> <span class='ocrx_word' id='word_1_102' title='bbox 847 666 892 700; x_wconf 89' lang='lat' dir='ltr'><strong>qui</strong></span> <span class='ocrx_word' id='word_1_103' title='bbox 908 665 1028 700; x_wconf 86' lang='lat' dir='ltr'><strong>protulit,</strong></span> 
     </span>
    </p>
   </div>
   <div class='ocr_carea' id='block_1_26' title="bbox 234 711 604 747">
    <p class='ocr_par' dir='ltr' id='par_1_26' title="bbox 234 711 604 747">
     <span class='ocr_line' id='line_1_26' title="bbox 234 711 604 747; baseline -0.005 -7"><span class='ocrx_word' id='word_1_104' title='bbox 234 716 265 740; x_wconf 89' lang='lat' dir='ltr'><strong>et</strong></span> <span class='ocrx_word' id='word_1_105' title='bbox 285 712 308 739; x_wconf 85' lang='lat' dir='ltr'><strong>is</strong></span> <span class='ocrx_word' id='word_1_106' title='bbox 326 712 371 746; x_wconf 85' lang='lat' dir='ltr'><strong>qui</strong></span> <span class='ocrx_word' id='word_1_107' title='bbox 388 711 510 747; x_wconf 87' lang='lat' dir='ltr'><strong>prolatus</strong></span> <span class='ocrx_word' id='word_1_108' title='bbox 526 716 577 739; x_wconf 88' lang='lat' dir='ltr'><strong>est.</strong></span> <span class='ocrx_word' id='word_1_109' title='bbox 595 721 604 737; x_wconf 69' lang='grc' dir='ltr'><strong>ι</strong></span> 
     </span>
    </p>
   </div>
   <div class='ocr_carea' id='block_1_27' title="bbox 523 774 745 794">
    <p class='ocr_par' dir='ltr' id='par_1_27' title="bbox 523 774 745 794">
     <span class='ocr_line' id='line_1_27' title="bbox 523 774 745 794; baseline 0 0"><span class='ocrx_word' id='word_1_110' title='bbox 523 775 648 794; x_wconf 74' lang='lat' dir='ltr'><strong>INTERPR.</strong></span> <span class='ocrx_word' id='word_1_111' title='bbox 664 774 745 794; x_wconf 64' lang='grc' dir='ltr'><strong>κον-Α-</strong></span> 
     </span>
    </p>
   </div>
   <div class='ocr_carea' id='block_1_28' title="bbox 273 821 1028 857">
    <p class='ocr_par' dir='ltr' id='par_1_28' title="bbox 273 821 1028 857">
     <span class='ocr_line' id='line_1_28' title="bbox 273 821 1028 857; baseline -0.001 -6"><span class='ocrx_word' id='word_1_112' title='bbox 273 823 384 857; x_wconf 87' lang='lat' dir='ltr'><strong>Tempus</strong></span> <span class='ocrx_word' id='word_1_113' title='bbox 405 828 442 850; x_wconf 83' lang='lat' dir='ltr'><strong>est</strong></span> <span class='ocrx_word' id='word_1_114' title='bbox 461 828 488 849; x_wconf 85' lang='lat' dir='ltr'><strong>ut</strong></span> <span class='ocrx_word' id='word_1_115' title='bbox 507 822 634 850; x_wconf 86' lang='lat' dir='ltr'><strong>nonnulla</strong></span> <span class='ocrx_word' id='word_1_116' title='bbox 650 825 682 849; x_wconf 86' lang='lat' dir='ltr'><strong>de</strong></span> <span class='ocrx_word' id='word_1_117' title='bbox 702 821 783 849; x_wconf 86' lang='lat' dir='ltr'><strong>Patre</strong></span> <span class='ocrx_word' id='word_1_118' title='bbox 799 826 824 849; x_wconf 83' lang='lat' dir='ltr'><strong>et</strong></span> <span class='ocrx_word' id='word_1_119' title='bbox 842 821 912 848; x_wconf 84' lang='lat' dir='ltr'><strong>Filio</strong></span> <span class='ocrx_word' id='word_1_120' title='bbox 928 827 952 849; x_wconf 88' lang='lat' dir='ltr'><strong>et</strong></span> <span class='ocrx_word' id='word_1_121' title='bbox 969 823 1028 855; x_wconf 75' lang='lat' dir='ltr'><strong>Sri-</strong></span> 
     </span>
    </p>
   </div>
   <div class='ocr_carea' id='block_1_29' title="bbox 235 860 1026 891">
    <p class='ocr_par' dir='ltr' id='par_1_29' title="bbox 235 860 1026 891">
     <span class='ocr_line' id='line_1_29' title="bbox 235 860 1026 891; baseline -0.008 -5"><span class='ocrx_word' id='word_1_122' title='bbox 235 860 289 886; x_wconf 79' lang='lat' dir='ltr'><strong>ritu</strong></span> <span class='ocrx_word' id='word_1_123' title='bbox 312 865 412 889; x_wconf 78' lang='lat' dir='ltr'><strong>uincto,</strong></span> <span class='ocrx_word' id='word_1_124' title='bbox 431 864 588 891; x_wconf 81' lang='lat' dir='ltr'><strong>repetamus,</strong></span> <span class='ocrx_word' id='word_1_125' title='bbox 607 863 631 884; x_wconf 89' lang='lat' dir='ltr'><strong>et</strong></span> <span class='ocrx_word' id='word_1_126' title='bbox 649 866 734 889; x_wconf 79' lang='lat' dir='ltr'><strong>pauca</strong></span> <span class='ocrx_word' id='word_1_127' title='bbox 755 866 814 889; x_wconf 82' lang='lat' dir='ltr'><strong>qure</strong></span> <span class='ocrx_word' id='word_1_128' title='bbox 835 863 896 883; x_wconf 83' lang='lat' dir='ltr'><strong>tunc</strong></span> <span class='ocrx_word' id='word_1_129' title='bbox 916 863 1026 891; x_wconf 71' lang='grc' dir='ltr'><strong>ρνηνιειν-</strong></span> 
     </span>
    </p>
   </div>
   <div class='ocr_carea' id='block_1_30' title="bbox 236 891 1026 926">
    <p class='ocr_par' dir='ltr' id='par_1_30' title="bbox 236 891 1026 926">
     <span class='ocr_line' id='line_1_30' title="bbox 236 891 1026 926; baseline -0.001 -6"><span class='ocrx_word' id='word_1_130' title='bbox 236 895 366 925; x_wconf 72' lang='lat' dir='ltr'><strong>misimus,</strong></span> <span class='ocrx_word' id='word_1_131' title='bbox 385 901 570 926; x_wconf 81' lang='lat' dir='ltr'><strong>persequantur</strong></span> <span class='ocrx_word' id='word_1_132' title='bbox 586 894 617 919; x_wconf 86' lang='lat' dir='ltr'><strong>de</strong></span> <span class='ocrx_word' id='word_1_133' title='bbox 638 891 726 924; x_wconf 80' lang='lat' dir='ltr'><strong>Patre,</strong></span> <span class='ocrx_word' id='word_1_134' title='bbox 743 893 788 925; x_wconf 81' lang='lat' dir='ltr'><strong>qui</strong></span> <span class='ocrx_word' id='word_1_135' title='bbox 812 900 871 919; x_wconf 87' lang='lat' dir='ltr'><strong>cum</strong></span> <span class='ocrx_word' id='word_1_136' title='bbox 892 893 920 919; x_wconf 84' lang='lat' dir='ltr'><strong>in</strong></span> <span class='ocrx_word' id='word_1_137' title='bbox 940 894 1026 920; x_wconf 81' lang='lat' dir='ltr'><strong>nullas</strong></span> 
     </span>
    </p>
   </div>
   <div class='ocr_carea' id='block_1_31' title="bbox 235 927 1027 962">
    <p class='ocr_par' dir='ltr' id='par_1_31' title="bbox 235 927 1027 962">
     <span class='ocr_line' id='line_1_31' title="bbox 235 927 1027 962; baseline -0.001 -7"><span class='ocrx_word' id='word_1_138' title='bbox 235 934 321 962; x_wconf 78' lang='lat' dir='ltr'><strong>partes</strong></span> <span class='ocrx_word' id='word_1_139' title='bbox 334 929 418 955; x_wconf 80' lang='lat' dir='ltr'><strong>dividi</strong></span> <span class='ocrx_word' id='word_1_140' title='bbox 437 932 525 962; x_wconf 78' lang='lat' dir='ltr'><strong>queat,</strong></span> <span class='ocrx_word' id='word_1_141' title='bbox 540 927 604 953; x_wconf 76' lang='lat' dir='ltr'><strong>Filii</strong></span> <span class='ocrx_word' id='word_1_142' title='bbox 621 933 708 954; x_wconf 83' lang='lat' dir='ltr'><strong>tamen</strong></span> <span class='ocrx_word' id='word_1_143' title='bbox 724 927 761 962; x_wconf 18' lang='lat' dir='ltr'><strong>ﬁt,</strong></span> <span class='ocrx_word' id='word_1_144' title='bbox 775 927 865 960; x_wconf 80' lang='lat' dir='ltr'><strong>Pater,</strong></span> <span class='ocrx_word' id='word_1_145' title='bbox 877 935 932 962; x_wconf 62' lang='lat' dir='ltr'><strong>non</strong></span> <span class='ocrx_word' id='word_1_146' title='bbox 950 929 1027 955; x_wconf 82' lang='lat' dir='ltr'><strong>entit-</strong></span> 
     </span>
    </p>
   </div>
   <div class='ocr_carea' id='block_1_32' title="bbox 235 961 1025 996">
    <p class='ocr_par' dir='ltr' id='par_1_32' title="bbox 235 961 1025 996">
     <span class='ocr_line' id='line_1_32' title="bbox 235 961 1025 996; baseline -0.001 -6"><span class='ocrx_word' id='word_1_147' title='bbox 235 961 292 990; x_wconf 78' lang='lat' dir='ltr'><strong>tens</strong></span> <span class='ocrx_word' id='word_1_148' title='bbox 311 963 406 994; x_wconf 80' lang='lat' dir='ltr'><strong>illum,</strong></span> <span class='ocrx_word' id='word_1_149' title='bbox 425 961 453 989; x_wconf 78' lang='lat' dir='ltr'><strong>ut</strong></span> <span class='ocrx_word' id='word_1_150' title='bbox 476 964 584 994; x_wconf 75' lang='lat' dir='ltr'><strong>quidam</strong></span> <span class='ocrx_word' id='word_1_151' title='bbox 606 968 709 996; x_wconf 83' lang='lat' dir='ltr'><strong>putant.</strong></span> <span class='ocrx_word' id='word_1_152' title='bbox 736 961 805 988; x_wconf 89' lang='lat' dir='ltr'><strong>Nam</strong></span> <span class='ocrx_word' id='word_1_153' title='bbox 824 962 847 988; x_wconf 78' lang='lat' dir='ltr'><strong>si</strong></span> <span class='ocrx_word' id='word_1_154' title='bbox 872 961 960 988; x_wconf 77' lang='lat' dir='ltr'><strong>Filius</strong></span> <span class='ocrx_word' id='word_1_155' title='bbox 987 968 1025 989; x_wconf 80' lang='lat' dir='ltr'><strong>est</strong></span> 
     </span>
    </p>
   </div>
   <div class='ocr_carea' id='block_1_33' title="bbox 232 997 1026 1032">
    <p class='ocr_par' dir='ltr' id='par_1_33' title="bbox 232 997 1026 1032">
     <span class='ocr_line' id='line_1_33' title="bbox 232 997 1026 1032; baseline -0.001 -7"><span class='ocrx_word' id='word_1_156' title='bbox 232 999 346 1032; x_wconf 73' lang='lat' dir='ltr'><strong>prolatio</strong></span> <span class='ocrx_word' id='word_1_157' title='bbox 370 997 458 1024; x_wconf 80' lang='lat' dir='ltr'><strong>Putris</strong></span> <span class='ocrx_word' id='word_1_158' title='bbox 478 999 522 1032; x_wconf 85' lang='lat' dir='ltr'><strong>qui</strong></span> <span class='ocrx_word' id='word_1_159' title='bbox 545 997 622 1023; x_wconf 88' lang='lat' dir='ltr'><strong>illum</strong></span> <span class='ocrx_word' id='word_1_160' title='bbox 635 999 667 1023; x_wconf 81' lang='lat' dir='ltr'><strong>de</strong></span> <span class='ocrx_word' id='word_1_161' title='bbox 683 998 766 1028; x_wconf 81' lang='lat' dir='ltr'><strong>seipse</strong></span> <span class='ocrx_word' id='word_1_162' title='bbox 790 1002 892 1030; x_wconf 81' lang='lat' dir='ltr'><strong>genere!</strong></span> <span class='ocrx_word' id='word_1_163' title='bbox 912 997 946 1024; x_wconf 86' lang='lat' dir='ltr'><strong>ad</strong></span> <span class='ocrx_word' id='word_1_164' title='bbox 967 1006 1026 1024; x_wconf 88' lang='lat' dir='ltr'><strong>eum</strong></span> 
     </span>
    </p>
   </div>
   <div class='ocr_carea' id='block_1_34' title="bbox 235 1032 1026 1071">
    <p class='ocr_par' dir='ltr' id='par_1_34' title="bbox 235 1032 1026 1071">
     <span class='ocr_line' id='line_1_34' title="bbox 235 1032 1026 1071; baseline 0.001 -12"><span class='ocrx_word' id='word_1_165' title='bbox 235 1034 341 1060; x_wconf 88' lang='lat' dir='ltr'><strong>modum</strong></span> <span class='ocrx_word' id='word_1_166' title='bbox 368 1042 419 1067; x_wconf 86' lang='lat' dir='ltr'><strong>quo</strong></span> <span class='ocrx_word' id='word_1_167' title='bbox 451 1033 482 1059; x_wconf 86' lang='lat' dir='ltr'><strong>de</strong></span> <span class='ocrx_word' id='word_1_168' title='bbox 501 1040 537 1071; x_wconf 77' lang='lat' dir='ltr'><strong>_se</strong></span> <span class='ocrx_word' id='word_1_169' title='bbox 567 1032 694 1071; x_wconf 79' lang='lat' dir='ltr'><strong>animalia</strong></span> <span class='ocrx_word' id='word_1_170' title='bbox 728 1032 837 1071; x_wconf 74' lang='lat' dir='ltr'><strong>gignunt</strong></span> <span class='ocrx_word' id='word_1_171' title='bbox 848 1053 863 1071; x_wconf 85' lang='lat'><strong>,_</strong></span> <span class='ocrx_word' id='word_1_172' title='bbox 881 1033 1026 1060; x_wconf 77' lang='lat' dir='ltr'><strong>necessario</strong></span> 
     </span>
    </p>
   </div>
   <div class='ocr_carea' id='block_1_35' title="bbox 232 1068 919 1103">
    <p class='ocr_par' dir='ltr' id='par_1_35' title="bbox 232 1068 919 1103">
     <span class='ocr_line' id='line_1_35' title="bbox 232 1068 919 1103; baseline -0.001 -8"><span class='ocrx_word' id='word_1_173' title='bbox 232 1076 328 1103; x_wconf 65' lang='grc' dir='ltr'><strong>θυι-ρας</strong></span> <span class='ocrx_word' id='word_1_174' title='bbox 342 1075 379 1095; x_wconf 71' lang='lat' dir='ltr'><strong>ext</strong></span> <span class='ocrx_word' id='word_1_175' title='bbox 395 1069 505 1103; x_wconf 86' lang='lat' dir='ltr'><strong>tumqui</strong></span> <span class='ocrx_word' id='word_1_176' title='bbox 526 1069 633 1098; x_wconf 79' lang='lat' dir='ltr'><strong>emittit.</strong></span> <span class='ocrx_word' id='word_1_177' title='bbox 649 1072 704 1093; x_wconf 89' lang='lat' dir='ltr'><strong>tum</strong></span> <span class='ocrx_word' id='word_1_178' title='bbox 718 1068 763 1102; x_wconf 88' lang='lat' dir='ltr'><strong>qui</strong></span> <span class='ocrx_word' id='word_1_179' title='bbox 778 1068 919 1094; x_wconf 74' lang='lat' dir='ltr'><strong>emittitur.</strong></span> 
     </span>
    </p>
   </div>
   <div class='ocr_carea' id='block_1_36' title="bbox 269 1133 1028 1167">
    <p class='ocr_par' dir='ltr' id='par_1_36' title="bbox 269 1133 1028 1167">
     <span class='ocr_line' id='line_1_36' title="bbox 269 1133 1028 1167; baseline -0.003 -5"><span class='ocrx_word' id='word_1_180' title='bbox 269 1135 433 1162; x_wconf 79' lang='lat' dir='ltr'><strong>anuws.</strong></span> <span class='ocrx_word' id='word_1_181' title='bbox 453 1134 522 1161; x_wconf 89' lang='lat' dir='ltr'><strong>Tum</strong></span> <span class='ocrx_word' id='word_1_182' title='bbox 548 1133 648 1161; x_wconf 87' lang='lat' dir='ltr'><strong>deinde</strong></span> <span class='ocrx_word' id='word_1_183' title='bbox 673 1133 700 1160; x_wconf 91' lang='lat' dir='ltr'><strong>in</strong></span> <span class='ocrx_word' id='word_1_184' title='bbox 726 1133 963 1167; x_wconf 82' lang='lat' dir='ltr'><strong>consequentibus</strong></span> <span class='ocrx_word' id='word_1_185' title='bbox 982 1140 1028 1160; x_wconf 87' lang='lat' dir='ltr'><strong>ve-</strong></span> 
     </span>
    </p>
   </div>
   <div class='ocr_carea' id='block_1_37' title="bbox 233 1179 1028 1208">
    <p class='ocr_par' dir='ltr' id='par_1_37' title="bbox 233 1179 1028 1208">
     <span class='ocr_line' id='line_1_37' title="bbox 233 1179 1028 1208; baseline -0.003 0"><span class='ocrx_word' id='word_1_186' title='bbox 233 1181 386 1208; x_wconf 89' lang='lat' dir='ltr'><strong>hementius</strong></span> <span class='ocrx_word' id='word_1_187' title='bbox 410 1181 553 1208; x_wconf 87' lang='lat' dir='ltr'><strong>adversum</strong></span> <span class='ocrx_word' id='word_1_188' title='bbox 576 1179 715 1207; x_wconf 84' lang='lat' dir='ltr'><strong>Valentini</strong></span> <span class='ocrx_word' id='word_1_189' title='bbox 741 1180 865 1207; x_wconf 67' lang='lat' dir='ltr'><strong>hmresim</strong></span> <span class='ocrx_word' id='word_1_190' title='bbox 895 1179 957 1206; x_wconf 83' lang='lat' dir='ltr'><strong>talia</strong></span> <span class='ocrx_word' id='word_1_191' title='bbox 979 1179 1028 1206; x_wconf 85' lang='lat' dir='ltr'><strong>de-</strong></span> 
     </span>
    </p>
   </div>
   <div class='ocr_carea' id='block_1_38' title="bbox 233 1225 1026 1259">
    <p class='ocr_par' dir='ltr' id='par_1_38' title="bbox 233 1225 1026 1259">
     <span class='ocr_line' id='line_1_38' title="bbox 233 1225 1026 1259; baseline -0.001 -6"><span class='ocrx_word' id='word_1_192' title='bbox 233 1226 397 1254; x_wconf 78' lang='lat' dir='ltr'><strong>scribentem</strong></span> <span class='ocrx_word' id='word_1_193' title='bbox 422 1226 557 1257; x_wconf 84' lang='lat' dir='ltr'><strong>invectus,</strong></span> <span class='ocrx_word' id='word_1_194' title='bbox 584 1225 663 1259; x_wconf 75' lang='lat' dir='ltr'><strong>longe</strong></span> <span class='ocrx_word' id='word_1_195' title='bbox 689 1225 731 1252; x_wconf 87' lang='lat' dir='ltr'><strong>his</strong></span> <span class='ocrx_word' id='word_1_196' title='bbox 756 1225 921 1252; x_wconf 87' lang='lat' dir='ltr'><strong>contrariam</strong></span> <span class='ocrx_word' id='word_1_197' title='bbox 949 1232 1026 1252; x_wconf 83' lang='lat' dir='ltr'><strong>suam</strong></span> 
     </span>
    </p>
   </div>
   <div class='ocr_carea' id='block_1_39' title="bbox 234 1269 1027 1305">
    <p class='ocr_par' dir='ltr' id='par_1_39' title="bbox 234 1269 1027 1305">
     <span class='ocr_line' id='line_1_39' title="bbox 234 1269 1027 1305; baseline -0.004 -6"><span class='ocrx_word' id='word_1_198' title='bbox 234 1271 398 1299; x_wconf 85' lang='lat' dir='ltr'><strong>sententiam</strong></span> <span class='ocrx_word' id='word_1_199' title='bbox 419 1272 567 1298; x_wconf 83' lang='lat' dir='ltr'><strong>secundum</strong></span> <span class='ocrx_word' id='word_1_200' title='bbox 585 1270 726 1298; x_wconf 64' lang='lat' dir='ltr'><strong>catholica</strong></span> <span class='ocrx_word' id='word_1_201' title='bbox 746 1270 807 1298; x_wconf 80' lang='lat' dir='ltr'><strong>ﬁdei</strong></span> <span class='ocrx_word' id='word_1_202' title='bbox 827 1269 938 1305; x_wconf 83' lang='lat' dir='ltr'><strong>protulit</strong></span> <span class='ocrx_word' id='word_1_203' title='bbox 955 1269 1027 1297; x_wconf 84' lang='lat' dir='ltr'><strong>veri-</strong></span> 
     </span>
    </p>
   </div>
   <div class='ocr_carea' id='block_1_40' title="bbox 232 1315 1027 1352">
    <p class='ocr_par' dir='ltr' id='par_1_40' title="bbox 232 1315 1027 1352">
     <span class='ocr_line' id='line_1_40' title="bbox 232 1315 1027 1352; baseline -0.003 -8"><span class='ocrx_word' id='word_1_204' title='bbox 232 1322 328 1345; x_wconf 80' lang='lat' dir='ltr'><strong>tatem.</strong></span> <span class='ocrx_word' id='word_1_205' title='bbox 341 1317 396 1352; x_wconf 78' lang='lat'><strong>(82)</strong></span> <span class='ocrx_word' id='word_1_206' title='bbox 411 1317 449 1344; x_wconf 69' lang='lat' dir='ltr'><strong>Ex</strong></span> <span class='ocrx_word' id='word_1_207' title='bbox 465 1317 582 1344; x_wconf 88' lang='lat' dir='ltr'><strong>secundo</strong></span> <span class='ocrx_word' id='word_1_208' title='bbox 599 1317 667 1344; x_wconf 88' lang='lat' dir='ltr'><strong>libro</strong></span> <span class='ocrx_word' id='word_1_209' title='bbox 681 1317 824 1344; x_wconf 82' lang='lat' dir='ltr'><strong>secundant</strong></span> <span class='ocrx_word' id='word_1_210' title='bbox 837 1315 969 1343; x_wconf 82' lang='lat' dir='ltr'><strong>Joannem</strong></span> <span class='ocrx_word' id='word_1_211' title='bbox 993 1315 1027 1343; x_wconf 83' lang='lat' dir='ltr'><strong>de</strong></span> 
     </span>
    </p>
   </div>
   <div class='ocr_carea' id='block_1_41' title="bbox 234 1363 369 1397">
    <p class='ocr_par' dir='ltr' id='par_1_41' title="bbox 234 1363 369 1397">
     <span class='ocr_line' id='line_1_41' title="bbox 234 1363 369 1397; baseline 0 -7"><span class='ocrx_word' id='word_1_212' title='bbox 234 1363 277 1390; x_wconf 89' lang='lat' dir='ltr'><strong>bis</strong></span> <span class='ocrx_word' id='word_1_213' title='bbox 293 1363 369 1397; x_wconf 85' lang='lat' dir='ltr'><strong>ipsis.</strong></span> 
     </span>
    </p>
   </div>
   <div class='ocr_carea' id='block_1_42' title="bbox 268 1417 1025 1456">
    <p class='ocr_par' dir='ltr' id='par_1_42' title="bbox 268 1417 1025 1456">
     <span class='ocr_line' id='line_1_42' title="bbox 268 1417 1025 1456; baseline -0.004 -9"><span class='ocrx_word' id='word_1_214' title='bbox 268 1419 411 1448; x_wconf 75' lang='lat' dir='ltr'><strong>Oatceues.</strong></span> <span class='ocrx_word' id='word_1_215' title='bbox 433 1420 487 1456; x_wconf 77' lang='lat'><strong>(85)</strong></span> <span class='ocrx_word' id='word_1_216' title='bbox 509 1429 518 1445; x_wconf 73' lang='grc' dir='ltr'><strong>ι</strong></span> <span class='ocrx_word' id='word_1_217' title='bbox 533 1419 691 1455; x_wconf 78' lang='lat' dir='ltr'><strong>Unigenitus</strong></span> <span class='ocrx_word' id='word_1_218' title='bbox 715 1425 779 1454; x_wconf 81' lang='lat' dir='ltr'><strong>ergo</strong></span> <span class='ocrx_word' id='word_1_219' title='bbox 804 1417 873 1445; x_wconf 84' lang='lat' dir='ltr'><strong>Deus</strong></span> <span class='ocrx_word' id='word_1_220' title='bbox 897 1417 1025 1445; x_wconf 84' lang='lat' dir='ltr'><strong>Salvator</strong></span> 
     </span>
    </p>
   </div>
   <div class='ocr_carea' id='block_1_43' title="bbox 229 1466 1024 1500">
    <p class='ocr_par' dir='ltr' id='par_1_43' title="bbox 229 1466 1024 1500">
     <span class='ocr_line' id='line_1_43' title="bbox 229 1466 1024 1500; baseline -0.004 -7"><span class='ocrx_word' id='word_1_221' title='bbox 229 1470 326 1493; x_wconf 88' lang='lat' dir='ltr'><strong>noster</strong></span> <span class='ocrx_word' id='word_1_222' title='bbox 351 1466 424 1493; x_wconf 87' lang='lat' dir='ltr'><strong>solus</strong></span> <span class='ocrx_word' id='word_1_223' title='bbox 448 1474 462 1493; x_wconf 89' lang='lat' dir='ltr'><strong>a</strong></span> <span class='ocrx_word' id='word_1_224' title='bbox 490 1466 568 1493; x_wconf 80' lang='lat' dir='ltr'><strong>Patre</strong></span> <span class='ocrx_word' id='word_1_225' title='bbox 601 1470 763 1500; x_wconf 80' lang='lat' dir='ltr'><strong>generatus,</strong></span> <span class='ocrx_word' id='word_1_226' title='bbox 789 1470 884 1491; x_wconf 75' lang='lat' dir='ltr'><strong>natura</strong></span> <span class='ocrx_word' id='word_1_227' title='bbox 912 1469 940 1491; x_wconf 87' lang='lat' dir='ltr'><strong>et</strong></span> <span class='ocrx_word' id='word_1_228' title='bbox 970 1471 1024 1491; x_wconf 92' lang='lat' dir='ltr'><strong>non</strong></span> 
     </span>
    </p>
   </div>
   <div class='ocr_carea' id='block_1_44' title="bbox 230 1510 1023 1547">
    <p class='ocr_par' dir='ltr' id='par_1_44' title="bbox 230 1510 1023 1547">
     <span class='ocr_line' id='line_1_44' title="bbox 230 1510 1023 1547; baseline -0.003 -8"><span class='ocrx_word' id='word_1_229' title='bbox 230 1512 376 1547; x_wconf 75' lang='lat' dir='ltr'><strong>adoptione</strong></span> <span class='ocrx_word' id='word_1_230' title='bbox 394 1511 477 1539; x_wconf 86' lang='lat' dir='ltr'><strong>Filius</strong></span> <span class='ocrx_word' id='word_1_231' title='bbox 490 1516 540 1539; x_wconf 89' lang='lat' dir='ltr'><strong>est.</strong></span> <span class='ocrx_word' id='word_1_232' title='bbox 565 1511 622 1546; x_wconf 63' lang='lat'><strong>(8!)</strong></span> <span class='ocrx_word' id='word_1_233' title='bbox 639 1510 723 1538; x_wconf 85' lang='lat' dir='ltr'><strong>Natus</strong></span> <span class='ocrx_word' id='word_1_234' title='bbox 744 1514 786 1537; x_wconf 87' lang='lat' dir='ltr'><strong>est</strong></span> <span class='ocrx_word' id='word_1_235' title='bbox 801 1514 891 1537; x_wconf 88' lang='lat' dir='ltr'><strong>autem</strong></span> <span class='ocrx_word' id='word_1_236' title='bbox 914 1517 948 1537; x_wconf 87' lang='lat' dir='ltr'><strong>ex</strong></span> <span class='ocrx_word' id='word_1_237' title='bbox 966 1510 1023 1544; x_wconf 85' lang='lat' dir='ltr'><strong>ipsa</strong></span> 
     </span>
    </p>
   </div>
   <div class='ocr_carea' id='block_1_45' title="bbox 1087 249 1429 277">
    <p class='ocr_par' dir='ltr' id='par_1_45' title="bbox 1087 249 1429 277">
     <span class='ocr_line' id='line_1_45' title="bbox 1087 249 1429 277; baseline 0.003 -2"><span class='ocrx_word' id='word_1_238' title='bbox 1087 249 1205 277; x_wconf 65' lang='lat' dir='ltr'><strong>caelestis</strong></span> <span class='ocrx_word' id='word_1_239' title='bbox 1218 250 1405 277; x_wconf 83' lang='lat' dir='ltr'><strong>attraxerit&quot;&quot;‘.</strong></span> <span class='ocrx_word' id='word_1_240' title='bbox 1419 259 1429 276; x_wconf 72' lang='grc' dir='ltr'><strong>ι</strong></span> 
     </span>
    </p>
   </div>
   <div class='ocr_carea' id='block_1_46' title="bbox 1122 294 1870 330">
    <p class='ocr_par' dir='ltr' id='par_1_46' title="bbox 1122 294 1870 330">
     <span class='ocr_line' id='line_1_46' title="bbox 1122 294 1870 330; baseline 0 -8"><span class='ocrx_word' id='word_1_241' title='bbox 1122 295 1284 324; x_wconf 73' lang='lat' dir='ltr'><strong>Pturniws.</strong></span> <span class='ocrx_word' id='word_1_242' title='bbox 1316 295 1437 323; x_wconf 86' lang='lat' dir='ltr'><strong>Sulliciat</strong></span> <span class='ocrx_word' id='word_1_243' title='bbox 1463 302 1511 330; x_wconf 92' lang='lat' dir='ltr'><strong>per</strong></span> <span class='ocrx_word' id='word_1_244' title='bbox 1541 296 1599 323; x_wconf 81' lang='lat' dir='ltr'><strong>haec</strong></span> <span class='ocrx_word' id='word_1_245' title='bbox 1630 294 1808 330; x_wconf 85' lang='lat' dir='ltr'><strong>respondisse</strong></span> <span class='ocrx_word' id='word_1_246' title='bbox 1833 302 1870 322; x_wconf 79' lang='lat' dir='ltr'><strong>se-</strong></span> 
     </span>
    </p>
   </div>
   <div class='ocr_carea' id='block_1_47' title="bbox 1085 341 1875 376">
    <p class='ocr_par' dir='ltr' id='par_1_47' title="bbox 1085 341 1875 376">
     <span class='ocr_line' id='line_1_47' title="bbox 1085 341 1875 376; baseline 0.001 -9"><span class='ocrx_word' id='word_1_247' title='bbox 1085 342 1180 368; x_wconf 70' lang='lat' dir='ltr'><strong>cunda:</strong></span> <span class='ocrx_word' id='word_1_248' title='bbox 1203 342 1396 369; x_wconf 85' lang='lat' dir='ltr'><strong>criminationi.</strong></span> <span class='ocrx_word' id='word_1_249' title='bbox 1416 341 1492 368; x_wconf 80' lang='lat' dir='ltr'><strong>Nune</strong></span> <span class='ocrx_word' id='word_1_250' title='bbox 1511 345 1711 374; x_wconf 86' lang='lat' dir='ltr'><strong>consequenter</strong></span> <span class='ocrx_word' id='word_1_251' title='bbox 1727 342 1875 376; x_wconf 86' lang='lat' dir='ltr'><strong>responde-</strong></span> 
     </span>
    </p>
   </div>
   <div class='ocr_carea' id='block_1_48' title="bbox 1085 386 1874 423">
    <p class='ocr_par' dir='ltr' id='par_1_48' title="bbox 1085 386 1874 423">
     <span class='ocr_line' id='line_1_48' title="bbox 1085 386 1874 423; baseline 0.003 -10"><span class='ocrx_word' id='word_1_252' title='bbox 1085 387 1173 415; x_wconf 89' lang='lat' dir='ltr'><strong>bimus</strong></span> <span class='ocrx_word' id='word_1_253' title='bbox 1195 388 1275 415; x_wconf 80' lang='lat' dir='ltr'><strong>etiam</strong></span> <span class='ocrx_word' id='word_1_254' title='bbox 1295 388 1338 415; x_wconf 90' lang='lat' dir='ltr'><strong>his</strong></span> <span class='ocrx_word' id='word_1_255' title='bbox 1352 388 1398 423; x_wconf 87' lang='lat' dir='ltr'><strong>qui</strong></span> <span class='ocrx_word' id='word_1_256' title='bbox 1416 395 1512 422; x_wconf 87' lang='lat' dir='ltr'><strong>purttm</strong></span> <span class='ocrx_word' id='word_1_257' title='bbox 1537 387 1684 420; x_wconf 84' lang='lat' dir='ltr'><strong>hominem,</strong></span> <span class='ocrx_word' id='word_1_258' title='bbox 1700 386 1728 415; x_wconf 92' lang='lat' dir='ltr'><strong>id</strong></span> <span class='ocrx_word' id='word_1_259' title='bbox 1747 391 1799 420; x_wconf 87' lang='lat' dir='ltr'><strong>est,</strong></span> <span class='ocrx_word' id='word_1_260' title='bbox 1817 387 1874 415; x_wconf 84' lang='lat' dir='ltr'><strong>sine</strong></span> 
     </span>
    </p>
   </div>
   <div class='ocr_carea' id='block_1_49' title="bbox 1085 433 1621 466">
    <p class='ocr_par' dir='ltr' id='par_1_49' title="bbox 1085 433 1621 466">
     <span class='ocr_line' id='line_1_49' title="bbox 1085 433 1621 466; baseline 0 -6"><span class='ocrx_word' id='word_1_261' title='bbox 1085 433 1150 466; x_wconf 84' lang='lat' dir='ltr'><strong>Deo,</strong></span> <span class='ocrx_word' id='word_1_262' title='bbox 1164 434 1198 461; x_wconf 86' lang='lat' dir='ltr'><strong>ab</strong></span> <span class='ocrx_word' id='word_1_263' title='bbox 1215 441 1247 461; x_wconf 90' lang='lat' dir='ltr'><strong>eo</strong></span> <span class='ocrx_word' id='word_1_264' title='bbox 1266 434 1318 461; x_wconf 88' lang='lat' dir='ltr'><strong>dici</strong></span> <span class='ocrx_word' id='word_1_265' title='bbox 1333 439 1461 461; x_wconf 85' lang='lat' dir='ltr'><strong>asserunt</strong></span> <span class='ocrx_word' id='word_1_266' title='bbox 1474 433 1621 461; x_wconf 89' lang='lat' dir='ltr'><strong>Christum.</strong></span> 
     </span>
    </p>
   </div>
   <div class='ocr_carea' id='block_1_50' title="bbox 1189 497 1764 517">
    <p class='ocr_par' dir='ltr' id='par_1_50' title="bbox 1189 497 1764 517">
     <span class='ocr_line' id='line_1_50' title="bbox 1189 497 1764 517; baseline 0 -1"><span class='ocrx_word' id='word_1_267' title='bbox 1189 497 1331 517; x_wconf 73' lang='lat' dir='ltr'><strong>RESI‘ONSIO</strong></span> <span class='ocrx_word' id='word_1_268' title='bbox 1346 497 1380 516; x_wconf 78' lang='lat' dir='ltr'><strong>AD</strong></span> <span class='ocrx_word' id='word_1_269' title='bbox 1397 497 1516 517; x_wconf 68' lang='lat' dir='ltr'><strong>TERTIA“</strong></span> <span class='ocrx_word' id='word_1_270' title='bbox 1537 497 1764 517; x_wconf 72' lang='lat' dir='ltr'><strong>CRIIINATIONEI.</strong></span> 
     </span>
    </p>
   </div>
   <div class='ocr_carea' id='block_1_51' title="bbox 1084 545 1871 578">
    <p class='ocr_par' dir='ltr' id='par_1_51' title="bbox 1084 545 1871 578">
     <span class='ocr_line' id='line_1_51' title="bbox 1084 545 1871 578; baseline 0.001 -6"><span class='ocrx_word' id='word_1_271' title='bbox 1084 545 1160 578; x_wconf 80' lang='lat' dir='ltr'><strong>Quod</strong></span> <span class='ocrx_word' id='word_1_272' title='bbox 1171 553 1221 572; x_wconf 86' lang='lat' dir='ltr'><strong>non</strong></span> <span class='ocrx_word' id='word_1_273' title='bbox 1231 553 1312 578; x_wconf 72' lang='lat' dir='ltr'><strong>purus</strong></span> <span class='ocrx_word' id='word_1_274' title='bbox 1321 546 1408 575; x_wconf 84' lang='lat' dir='ltr'><strong>homo,</strong></span> <span class='ocrx_word' id='word_1_275' title='bbox 1420 546 1464 572; x_wconf 72' lang='lat' dir='ltr'><strong>sed</strong></span> <span class='ocrx_word' id='word_1_276' title='bbox 1478 546 1573 572; x_wconf 77' lang='lat' dir='ltr'><strong>dit&#39;intr</strong></span> <span class='ocrx_word' id='word_1_277' title='bbox 1582 551 1683 573; x_wconf 77' lang='lat' dir='ltr'><strong>naturae</strong></span> <span class='ocrx_word' id='word_1_278' title='bbox 1694 547 1728 572; x_wconf 81' lang='lat' dir='ltr'><strong>sit</strong></span> <span class='ocrx_word' id='word_1_279' title='bbox 1738 546 1871 574; x_wconf 74' lang='lat' dir='ltr'><strong>Christus.</strong></span> 
     </span>
    </p>
   </div>
   <div class='ocr_carea' id='block_1_52' title="bbox 1137 580 1800 618">
    <p class='ocr_par' dir='ltr' id='par_1_52' title="bbox 1137 580 1800 618">
     <span class='ocr_line' id='line_1_52' title="bbox 1137 580 1800 618; baseline 0.003 -12"><span class='ocrx_word' id='word_1_280' title='bbox 1137 610 1140 614; x_wconf 44' lang='grc'><em>,</em></span> <span class='ocrx_word' id='word_1_281' title='bbox 1154 580 1210 615; x_wconf 85' lang='grc'>(86)</span> <span class='ocrx_word' id='word_1_282' title='bbox 1222 580 1271 616; x_wconf 78' lang='lat' dir='ltr'><strong>[De</strong></span> <span class='ocrx_word' id='word_1_283' title='bbox 1281 581 1368 615; x_wconf 90' lang='lat' dir='ltr'><strong>primo</strong></span> <span class='ocrx_word' id='word_1_284' title='bbox 1389 581 1457 607; x_wconf 90' lang='lat' dir='ltr'><strong>libro</strong></span> <span class='ocrx_word' id='word_1_285' title='bbox 1472 581 1600 615; x_wconf 68' lang='lat' dir='ltr'><strong>Epistolze</strong></span> <span class='ocrx_word' id='word_1_286' title='bbox 1614 583 1647 608; x_wconf 88' lang='lat' dir='ltr'><strong>ad</strong></span> <span class='ocrx_word' id='word_1_287' title='bbox 1661 581 1800 618; x_wconf 62' lang='lat' dir='ltr'><strong>Galatas]</strong></span> 
     </span>
    </p>
   </div>
   <div class='ocr_carea' id='block_1_53' title="bbox 1118 635 1868 673">
    <p class='ocr_par' dir='ltr' id='par_1_53' title="bbox 1118 635 1868 673">
     <span class='ocr_line' id='line_1_53' title="bbox 1118 635 1868 673; baseline 0.004 -9"><span class='ocrx_word' id='word_1_288' title='bbox 1118 635 1262 665; x_wconf 82' lang='lat' dir='ltr'><strong>ORIGENES.</strong></span> <span class='ocrx_word' id='word_1_289' title='bbox 1279 638 1335 672; x_wconf 87' lang='lat' dir='ltr'><strong>(S7)</strong></span> <span class='ocrx_word' id='word_1_290' title='bbox 1365 647 1374 664; x_wconf 80' lang='grc' dir='ltr'><strong>ι</strong></span> <span class='ocrx_word' id='word_1_291' title='bbox 1392 638 1429 665; x_wconf 85' lang='lat' dir='ltr'><strong>Ex</strong></span> <span class='ocrx_word' id='word_1_292' title='bbox 1460 645 1492 666; x_wconf 86' lang='lat' dir='ltr'><strong>eo</strong></span> <span class='ocrx_word' id='word_1_293' title='bbox 1517 639 1587 673; x_wconf 91' lang='lat' dir='ltr'><strong>quod</strong></span> <span class='ocrx_word' id='word_1_294' title='bbox 1612 639 1680 666; x_wconf 84' lang='lat' dir='ltr'><strong>dixit</strong></span> <span class='ocrx_word' id='word_1_295' title='bbox 1703 639 1868 673; x_wconf 83' lang='lat' dir='ltr'><strong>Apostolus:</strong></span> 
     </span>
    </p>
   </div>
   <div class='ocr_carea' id='block_1_54' title="bbox 1083 682 1871 720">
    <p class='ocr_par' dir='ltr' id='par_1_54' title="bbox 1083 682 1871 720">
     <span class='ocr_line' id='line_1_54' title="bbox 1083 682 1871 720; baseline 0.004 -11"><span class='ocrx_word' id='word_1_296' title='bbox 1083 682 1186 710; x_wconf 80' lang='lat' dir='ltr'><strong>Paulus</strong></span> <span class='ocrx_word' id='word_1_297' title='bbox 1209 684 1266 719; x_wconf 84' lang='lat'><strong>(88)</strong></span> <span class='ocrx_word' id='word_1_298' title='bbox 1281 684 1416 716; x_wconf 73' lang='lat' dir='ltr'><strong>apostolus</strong></span> <span class='ocrx_word' id='word_1_299' title='bbox 1433 692 1484 711; x_wconf 89' lang='lat' dir='ltr'><strong>non</strong></span> <span class='ocrx_word' id='word_1_300' title='bbox 1500 685 1531 710; x_wconf 74' lang='lat' dir='ltr'><strong>nl:</strong></span> <span class='ocrx_word' id='word_1_301' title='bbox 1549 685 1708 717; x_wconf 80' lang='lat' dir='ltr'><strong>hominibus.</strong></span> <span class='ocrx_word' id='word_1_302' title='bbox 1726 694 1807 720; x_wconf 81' lang='lat' dir='ltr'><strong>neque</strong></span> <span class='ocrx_word' id='word_1_303' title='bbox 1826 695 1871 719; x_wconf 84' lang='lat' dir='ltr'><strong>per</strong></span> 
     </span>
    </p>
   </div>
   <div class='ocr_carea' id='block_1_55' title="bbox 1080 728 1871 762">
    <p class='ocr_par' dir='ltr' id='par_1_55' title="bbox 1080 728 1871 762">
     <span class='ocr_line' id='line_1_55' title="bbox 1080 728 1871 762; baseline 0.005 -8"><span class='ocrx_word' id='word_1_304' title='bbox 1080 728 1222 760; x_wconf 80' lang='lat' dir='ltr'><strong>hominem,</strong></span> <span class='ocrx_word' id='word_1_305' title='bbox 1241 730 1286 755; x_wconf 83' lang='lat' dir='ltr'><strong>sed</strong></span> <span class='ocrx_word' id='word_1_306' title='bbox 1303 738 1349 762; x_wconf 88' lang='lat' dir='ltr'><strong>per</strong></span> <span class='ocrx_word' id='word_1_307' title='bbox 1364 729 1454 756; x_wconf 80' lang='lat' dir='ltr'><strong>Jesum</strong></span> <span class='ocrx_word' id='word_1_308' title='bbox 1472 729 1603 757; x_wconf 78' lang='lat' dir='ltr'><strong>Christum</strong></span> <span class='ocrx_word' id='word_1_309' title='bbox 1618 730 1651 762; x_wconf 79' lang='grc'><strong>⁷⁸,</strong></span> <span class='ocrx_word' id='word_1_310' title='bbox 1668 730 1815 758; x_wconf 76' lang='lat' dir='ltr'><strong>manifeste</strong></span> <span class='ocrx_word' id='word_1_311' title='bbox 1830 731 1871 758; x_wconf 93' lang='lat' dir='ltr'><strong>in-</strong></span> 
     </span>
    </p>
   </div>
   <div class='ocr_carea' id='block_1_56' title="bbox 1081 774 1869 810">
    <p class='ocr_par' dir='ltr' id='par_1_56' title="bbox 1081 774 1869 810">
     <span class='ocr_line' id='line_1_56' title="bbox 1081 774 1869 810; baseline 0.005 -10"><span class='ocrx_word' id='word_1_312' title='bbox 1081 774 1163 808; x_wconf 78' lang='lat' dir='ltr'><strong>telligi</strong></span> <span class='ocrx_word' id='word_1_313' title='bbox 1185 775 1281 806; x_wconf 78' lang='lat' dir='ltr'><strong>datur,</strong></span> <span class='ocrx_word' id='word_1_314' title='bbox 1306 775 1371 810; x_wconf 85' lang='lat' dir='ltr'><strong>quia</strong></span> <span class='ocrx_word' id='word_1_315' title='bbox 1395 783 1448 802; x_wconf 93' lang='lat' dir='ltr'><strong>non</strong></span> <span class='ocrx_word' id='word_1_316' title='bbox 1471 780 1530 802; x_wconf 88' lang='lat' dir='ltr'><strong>erat</strong></span> <span class='ocrx_word' id='word_1_317' title='bbox 1547 776 1626 803; x_wconf 90' lang='lat' dir='ltr'><strong>homo</strong></span> <span class='ocrx_word' id='word_1_318' title='bbox 1639 775 1719 803; x_wconf 81' lang='lat' dir='ltr'><strong>.lcsus</strong></span> <span class='ocrx_word' id='word_1_319' title='bbox 1733 777 1869 810; x_wconf 35' lang='lat' dir='ltr'><strong>Christu-y</strong></span> 
     </span>
    </p>
   </div>
   <div class='ocr_carea' id='block_1_57' title="bbox 1079 820 1869 853">
    <p class='ocr_par' dir='ltr' id='par_1_57' title="bbox 1079 820 1869 853">
     <span class='ocr_line' id='line_1_57' title="bbox 1079 820 1869 853; baseline 0.003 -6"><span class='ocrx_word' id='word_1_320' title='bbox 1079 821 1126 847; x_wconf 87' lang='lat' dir='ltr'><strong>sed</strong></span> <span class='ocrx_word' id='word_1_321' title='bbox 1148 826 1206 848; x_wconf 88' lang='lat' dir='ltr'><strong>erat</strong></span> <span class='ocrx_word' id='word_1_322' title='bbox 1228 821 1318 848; x_wconf 83' lang='lat' dir='ltr'><strong>divina</strong></span> <span class='ocrx_word' id='word_1_323' title='bbox 1338 826 1446 848; x_wconf 84' lang='lat' dir='ltr'><strong>natura.</strong></span> <span class='ocrx_word' id='word_1_324' title='bbox 1468 820 1526 848; x_wconf 87' lang='lat' dir='ltr'><strong>Non</strong></span> <span class='ocrx_word' id='word_1_325' title='bbox 1542 822 1624 853; x_wconf 90' lang='lat' dir='ltr'><strong>enitn,</strong></span> <span class='ocrx_word' id='word_1_326' title='bbox 1637 822 1660 849; x_wconf 91' lang='lat' dir='ltr'><strong>si</strong></span> <span class='ocrx_word' id='word_1_327' title='bbox 1683 822 1765 850; x_wconf 89' lang='lat' dir='ltr'><strong>homo</strong></span> <span class='ocrx_word' id='word_1_328' title='bbox 1785 829 1869 852; x_wconf 78' lang='lat' dir='ltr'><strong>esset.</strong></span> 
     </span>
    </p>
   </div>
   <div class='ocr_carea' id='block_1_58' title="bbox 1079 866 1868 902">
    <p class='ocr_par' dir='ltr' id='par_1_58' title="bbox 1079 866 1868 902">
     <span class='ocr_line' id='line_1_58' title="bbox 1079 866 1868 902; baseline 0.004 -9"><span class='ocrx_word' id='word_1_329' title='bbox 1079 866 1192 893; x_wconf 76' lang='lat' dir='ltr'><strong>dixisset</strong></span> <span class='ocrx_word' id='word_1_330' title='bbox 1204 867 1303 894; x_wconf 84' lang='lat' dir='ltr'><strong>Paulus</strong></span> <span class='ocrx_word' id='word_1_331' title='bbox 1315 866 1366 894; x_wconf 87' lang='lat' dir='ltr'><strong>hoc</strong></span> <span class='ocrx_word' id='word_1_332' title='bbox 1378 867 1449 902; x_wconf 90' lang='lat' dir='ltr'><strong>quod</strong></span> <span class='ocrx_word' id='word_1_333' title='bbox 1470 867 1508 894; x_wconf 86' lang='lat' dir='ltr'><strong>ait</strong></span> <span class='ocrx_word' id='word_1_334' title='bbox 1527 876 1533 894; x_wconf 87' lang='lat'>:</span> <span class='ocrx_word' id='word_1_335' title='bbox 1554 866 1653 894; x_wconf 77' lang='lat' dir='ltr'><strong>Paulus</strong></span> <span class='ocrx_word' id='word_1_336' title='bbox 1668 868 1804 900; x_wconf 79' lang='lat' dir='ltr'><strong>apostolus</strong></span> <span class='ocrx_word' id='word_1_337' title='bbox 1819 877 1868 896; x_wconf 85' lang='lat' dir='ltr'><strong>non</strong></span> 
     </span>
    </p>
   </div>
   <div class='ocr_carea' id='block_1_59' title="bbox 1079 912 1869 946">
    <p class='ocr_par' dir='ltr' id='par_1_59' title="bbox 1079 912 1869 946">
     <span class='ocr_line' id='line_1_59' title="bbox 1079 912 1869 946; baseline 0.005 -8"><span class='ocrx_word' id='word_1_338' title='bbox 1079 912 1111 938; x_wconf 87' lang='lat' dir='ltr'><strong>ab</strong></span> <span class='ocrx_word' id='word_1_339' title='bbox 1129 912 1297 944; x_wconf 82' lang='lat' dir='ltr'><strong>hominibus,</strong></span> <span class='ocrx_word' id='word_1_340' title='bbox 1319 920 1400 946; x_wconf 83' lang='lat' dir='ltr'><strong>neque</strong></span> <span class='ocrx_word' id='word_1_341' title='bbox 1418 921 1463 946; x_wconf 81' lang='lat' dir='ltr'><strong>per</strong></span> <span class='ocrx_word' id='word_1_342' title='bbox 1482 913 1621 940; x_wconf 78' lang='lat' dir='ltr'><strong>hominem.</strong></span> <span class='ocrx_word' id='word_1_343' title='bbox 1648 914 1677 942; x_wconf 88' lang='lat' dir='ltr'><strong>Si</strong></span> <span class='ocrx_word' id='word_1_344' title='bbox 1697 915 1770 942; x_wconf 89' lang='lat' dir='ltr'><strong>enim</strong></span> <span class='ocrx_word' id='word_1_345' title='bbox 1789 916 1869 943; x_wconf 85' lang='lat' dir='ltr'><strong>homo</strong></span> 
     </span>
    </p>
   </div>
   <div class='ocr_carea' id='block_1_60' title="bbox 1079 957 1869 996">
    <p class='ocr_par' dir='ltr' id='par_1_60' title="bbox 1079 957 1869 996">
     <span class='ocr_line' id='line_1_60' title="bbox 1079 957 1869 996; baseline 0.006 -12"><span class='ocrx_word' id='word_1_346' title='bbox 1079 958 1129 985; x_wconf 81' lang='lat' dir='ltr'><strong>fuit</strong></span> <span class='ocrx_word' id='word_1_347' title='bbox 1139 957 1228 990; x_wconf 79' lang='lat' dir='ltr'><strong>Jesus,</strong></span> <span class='ocrx_word' id='word_1_348' title='bbox 1247 963 1274 985; x_wconf 88' lang='lat' dir='ltr'><strong>et</strong></span> <span class='ocrx_word' id='word_1_349' title='bbox 1293 966 1341 993; x_wconf 90' lang='lat' dir='ltr'><strong>per</strong></span> <span class='ocrx_word' id='word_1_350' title='bbox 1357 958 1444 992; x_wconf 80' lang='lat' dir='ltr'><strong>ipsum</strong></span> <span class='ocrx_word' id='word_1_351' title='bbox 1462 965 1618 995; x_wconf 86' lang='lat' dir='ltr'><strong>assumptus</strong></span> <span class='ocrx_word' id='word_1_352' title='bbox 1631 965 1673 987; x_wconf 84' lang='lat' dir='ltr'><strong>est</strong></span> <span class='ocrx_word' id='word_1_353' title='bbox 1691 961 1718 988; x_wconf 90' lang='lat' dir='ltr'><strong>in</strong></span> <span class='ocrx_word' id='word_1_354' title='bbox 1733 963 1869 996; x_wconf 74' lang='lat' dir='ltr'><strong>apostola-</strong></span> 
     </span>
    </p>
   </div>
   <div class='ocr_carea' id='block_1_61' title="bbox 1080 1004 1868 1042">
    <p class='ocr_par' dir='ltr' id='par_1_61' title="bbox 1080 1004 1868 1042">
     <span class='ocr_line' id='line_1_61' title="bbox 1080 1004 1868 1042; baseline 0.006 -11"><span class='ocrx_word' id='word_1_355' title='bbox 1080 1008 1136 1031; x_wconf 89' lang='lat' dir='ltr'><strong>tum</strong></span> <span class='ocrx_word' id='word_1_356' title='bbox 1166 1004 1277 1036; x_wconf 82' lang='lat' dir='ltr'><strong>Paulus,</strong></span> <span class='ocrx_word' id='word_1_357' title='bbox 1296 1005 1388 1040; x_wconf 84' lang='lat' dir='ltr'><strong>utique</strong></span> <span class='ocrx_word' id='word_1_358' title='bbox 1412 1013 1459 1040; x_wconf 87' lang='lat' dir='ltr'><strong>per</strong></span> <span class='ocrx_word' id='word_1_359' title='bbox 1483 1006 1619 1034; x_wconf 92' lang='lat' dir='ltr'><strong>hominem</strong></span> <span class='ocrx_word' id='word_1_360' title='bbox 1648 1013 1708 1034; x_wconf 85' lang='lat' dir='ltr'><strong>erat</strong></span> <span class='ocrx_word' id='word_1_361' title='bbox 1730 1010 1868 1042; x_wconf 85' lang='lat' dir='ltr'><strong>apostolus</strong></span> 
     </span>
    </p>
   </div>
   <div class='ocr_carea' id='block_1_62' title="bbox 1080 1049 1867 1088">
    <p class='ocr_par' dir='ltr' id='par_1_62' title="bbox 1080 1049 1867 1088">
     <span class='ocr_line' id='line_1_62' title="bbox 1080 1049 1867 1088; baseline 0.008 -12"><span class='ocrx_word' id='word_1_362' title='bbox 1080 1049 1178 1078; x_wconf 81' lang='lat' dir='ltr'><strong>factus.</strong></span> <span class='ocrx_word' id='word_1_363' title='bbox 1197 1051 1225 1077; x_wconf 82' lang='lat' dir='ltr'><strong>Si</strong></span> <span class='ocrx_word' id='word_1_364' title='bbox 1240 1056 1329 1078; x_wconf 86' lang='lat' dir='ltr'><strong>autem</strong></span> <span class='ocrx_word' id='word_1_365' title='bbox 1346 1059 1394 1085; x_wconf 83' lang='lat' dir='ltr'><strong>per</strong></span> <span class='ocrx_word' id='word_1_366' title='bbox 1408 1051 1543 1079; x_wconf 86' lang='lat' dir='ltr'><strong>hominem</strong></span> <span class='ocrx_word' id='word_1_367' title='bbox 1559 1058 1616 1080; x_wconf 88' lang='lat' dir='ltr'><strong>erat</strong></span> <span class='ocrx_word' id='word_1_368' title='bbox 1635 1057 1786 1088; x_wconf 86' lang='lat' dir='ltr'><strong>apostolus,</strong></span> <span class='ocrx_word' id='word_1_369' title='bbox 1800 1063 1867 1082; x_wconf 92' lang='lat' dir='ltr'><strong>nun-</strong></span> 
     </span>
    </p>
   </div>
   <div class='ocr_carea' id='block_1_63' title="bbox 1077 1096 1867 1132">
    <p class='ocr_par' dir='ltr' id='par_1_63' title="bbox 1077 1096 1867 1132">
     <span class='ocr_line' id='line_1_63' title="bbox 1077 1096 1867 1132; baseline 0.008 -11"><span class='ocrx_word' id='word_1_370' title='bbox 1077 1103 1158 1129; x_wconf 87' lang='lat' dir='ltr'><strong>quam</strong></span> <span class='ocrx_word' id='word_1_371' title='bbox 1178 1096 1300 1129; x_wconf 73' lang='lat' dir='ltr'><strong>dixisset,</strong></span> <span class='ocrx_word' id='word_1_372' title='bbox 1319 1097 1381 1131; x_wconf 86' lang='lat' dir='ltr'><strong>quia</strong></span> <span class='ocrx_word' id='word_1_373' title='bbox 1395 1105 1477 1132; x_wconf 85' lang='lat' dir='ltr'><strong>neque</strong></span> <span class='ocrx_word' id='word_1_374' title='bbox 1488 1106 1534 1131; x_wconf 86' lang='lat' dir='ltr'><strong>per</strong></span> <span class='ocrx_word' id='word_1_375' title='bbox 1546 1098 1676 1125; x_wconf 82' lang='lat' dir='ltr'><strong>hominem</strong></span> <span class='ocrx_word' id='word_1_376' title='bbox 1692 1108 1702 1126; x_wconf 91' lang='lat'><em>:</em></span> <span class='ocrx_word' id='word_1_377' title='bbox 1720 1100 1768 1127; x_wconf 89' lang='lat' dir='ltr'><strong>sed</strong></span> <span class='ocrx_word' id='word_1_378' title='bbox 1783 1101 1867 1127; x_wconf 83' lang='lat' dir='ltr'><strong>mani-</strong></span> 
     </span>
    </p>
   </div>
   <div class='ocr_carea' id='block_1_64' title="bbox 1078 1141 1868 1179">
    <p class='ocr_par' dir='ltr' id='par_1_64' title="bbox 1078 1141 1868 1179">
     <span class='ocr_line' id='line_1_64' title="bbox 1078 1141 1868 1179; baseline 0.006 -12"><span class='ocrx_word' id='word_1_379' title='bbox 1078 1141 1145 1168; x_wconf 82' lang='lat' dir='ltr'><strong>feste</strong></span> <span class='ocrx_word' id='word_1_380' title='bbox 1161 1146 1267 1176; x_wconf 86' lang='lat' dir='ltr'><strong>separat</strong></span> <span class='ocrx_word' id='word_1_381' title='bbox 1282 1142 1314 1168; x_wconf 88' lang='lat' dir='ltr'><strong>ab</strong></span> <span class='ocrx_word' id='word_1_382' title='bbox 1332 1142 1447 1170; x_wconf 82' lang='lat' dir='ltr'><strong>humana</strong></span> <span class='ocrx_word' id='word_1_383' title='bbox 1473 1147 1569 1169; x_wconf 81' lang='lat' dir='ltr'><strong>natura</strong></span> <span class='ocrx_word' id='word_1_384' title='bbox 1590 1143 1682 1170; x_wconf 90' lang='lat' dir='ltr'><strong>.Iesum</strong></span> <span class='ocrx_word' id='word_1_385' title='bbox 1703 1144 1803 1172; x_wconf 85' lang='lat' dir='ltr'><strong>Paulus</strong></span> <span class='ocrx_word' id='word_1_386' title='bbox 1822 1153 1868 1179; x_wconf 89' lang='lat' dir='ltr'><strong>per</strong></span> 
     </span>
    </p>
   </div>
   <div class='ocr_carea' id='block_1_65' title="bbox 1078 1187 1867 1225">
    <p class='ocr_par' dir='ltr' id='par_1_65' title="bbox 1078 1187 1867 1225">
     <span class='ocr_line' id='line_1_65' title="bbox 1078 1187 1867 1225; baseline 0.005 -11"><span class='ocrx_word' id='word_1_387' title='bbox 1078 1187 1135 1215; x_wconf 69' lang='lat' dir='ltr'><strong>haec</strong></span> <span class='ocrx_word' id='word_1_388' title='bbox 1147 1187 1237 1215; x_wconf 84' lang='lat' dir='ltr'><strong>verba.</strong></span> <span class='ocrx_word' id='word_1_389' title='bbox 1259 1187 1316 1216; x_wconf 88' lang='lat' dir='ltr'><strong>Non</strong></span> <span class='ocrx_word' id='word_1_390' title='bbox 1338 1189 1409 1216; x_wconf 89' lang='lat' dir='ltr'><strong>enim</strong></span> <span class='ocrx_word' id='word_1_391' title='bbox 1425 1189 1522 1216; x_wconf 83' lang='lat' dir='ltr'><strong>suilicit</strong></span> <span class='ocrx_word' id='word_1_392' title='bbox 1536 1190 1559 1217; x_wconf 85' lang='lat' dir='ltr'><strong>ei</strong></span> <span class='ocrx_word' id='word_1_393' title='bbox 1575 1190 1675 1218; x_wconf 79' lang='lat' dir='ltr'><strong>dixisse</strong></span> <span class='ocrx_word' id='word_1_394' title='bbox 1690 1199 1697 1217; x_wconf 88' lang='lat'><strong><em>:</em></strong></span> <span class='ocrx_word' id='word_1_395' title='bbox 1720 1190 1811 1225; x_wconf 86' lang='lat' dir='ltr'><strong>Neque</strong></span> <span class='ocrx_word' id='word_1_396' title='bbox 1824 1201 1867 1223; x_wconf 83' lang='lat' dir='ltr'><strong>per</strong></span> 
     </span>
    </p>
   </div>
   <div class='ocr_carea' id='block_1_66' title="bbox 1076 1232 1866 1270">
    <p class='ocr_par' dir='ltr' id='par_1_66' title="bbox 1076 1232 1866 1270">
     <span class='ocr_line' id='line_1_66' title="bbox 1076 1232 1866 1270; baseline 0.01 -13"><span class='ocrx_word' id='word_1_397' title='bbox 1076 1232 1226 1264; x_wconf 80' lang='lat' dir='ltr'><strong>hominem;</strong></span> <span class='ocrx_word' id='word_1_398' title='bbox 1242 1234 1289 1260; x_wconf 85' lang='lat' dir='ltr'><strong>sed</strong></span> <span class='ocrx_word' id='word_1_399' title='bbox 1306 1234 1405 1269; x_wconf 83' lang='lat' dir='ltr'><strong>adjecit</strong></span> <span class='ocrx_word' id='word_1_400' title='bbox 1420 1234 1514 1262; x_wconf 88' lang='lat' dir='ltr'><strong>dicens</strong></span> <span class='ocrx_word' id='word_1_401' title='bbox 1530 1244 1536 1261; x_wconf 80' lang='grc' dir='ltr'><strong>ε</strong></span> <span class='ocrx_word' id='word_1_402' title='bbox 1555 1235 1608 1262; x_wconf 85' lang='lat' dir='ltr'><strong>Sed</strong></span> <span class='ocrx_word' id='word_1_403' title='bbox 1628 1237 1776 1270; x_wconf 71' lang='lat' dir='ltr'><strong>perluunt</strong></span> <span class='ocrx_word' id='word_1_404' title='bbox 1791 1237 1866 1264; x_wconf 85' lang='lat' dir='ltr'><strong>Chri-</strong></span> 
     </span>
    </p>
   </div>
   <div class='ocr_carea' id='block_1_67' title="bbox 1077 1278 1865 1315">
    <p class='ocr_par' dir='ltr' id='par_1_67' title="bbox 1077 1278 1865 1315">
     <span class='ocr_line' id='line_1_67' title="bbox 1077 1278 1865 1315; baseline 0.01 -11"><span class='ocrx_word' id='word_1_405' title='bbox 1077 1283 1156 1305; x_wconf 85' lang='lat' dir='ltr'><strong>stum.</strong></span> <span class='ocrx_word' id='word_1_406' title='bbox 1180 1278 1264 1312; x_wconf 85' lang='lat' dir='ltr'><strong>Quem</strong></span> <span class='ocrx_word' id='word_1_407' title='bbox 1282 1281 1375 1315; x_wconf 88' lang='lat' dir='ltr'><strong>utique</strong></span> <span class='ocrx_word' id='word_1_408' title='bbox 1390 1281 1452 1314; x_wconf 85' lang='lat' dir='ltr'><strong>quia</strong></span> <span class='ocrx_word' id='word_1_409' title='bbox 1469 1281 1574 1308; x_wconf 88' lang='lat' dir='ltr'><strong>sciebat</strong></span> <span class='ocrx_word' id='word_1_410' title='bbox 1586 1282 1791 1312; x_wconf 84' lang='lat' dir='ltr'><strong>excellentioris</strong></span> <span class='ocrx_word' id='word_1_411' title='bbox 1807 1292 1865 1312; x_wconf 85' lang='lat' dir='ltr'><strong>esse</strong></span> 
     </span>
    </p>
   </div>
   <div class='ocr_carea' id='block_1_68' title="bbox 1077 1327 1866 1366">
    <p class='ocr_par' dir='ltr' id='par_1_68' title="bbox 1077 1327 1866 1366">
     <span class='ocr_line' id='line_1_68' title="bbox 1077 1327 1866 1366; baseline 0.01 -16"><span class='ocrx_word' id='word_1_412' title='bbox 1077 1329 1190 1356; x_wconf 71' lang='lat' dir='ltr'><strong>naturae,</strong></span> <span class='ocrx_word' id='word_1_413' title='bbox 1204 1330 1344 1361; x_wconf 84' lang='lat' dir='ltr'><strong>propterea</strong></span> <span class='ocrx_word' id='word_1_414' title='bbox 1359 1327 1426 1354; x_wconf 78' lang='lat' dir='ltr'><strong>dixit</strong></span> <span class='ocrx_word' id='word_1_415' title='bbox 1439 1335 1468 1355; x_wconf 87' lang='lat' dir='ltr'><strong>se</strong></span> <span class='ocrx_word' id='word_1_416' title='bbox 1488 1334 1540 1355; x_wconf 89' lang='lat' dir='ltr'><strong>non</strong></span> <span class='ocrx_word' id='word_1_417' title='bbox 1558 1333 1728 1364; x_wconf 79' lang='lat' dir='ltr'><strong>assumptum</strong></span> <span class='ocrx_word' id='word_1_418' title='bbox 1743 1338 1805 1358; x_wconf 84' lang='lat' dir='ltr'><strong>esse</strong></span> <span class='ocrx_word' id='word_1_419' title='bbox 1819 1339 1866 1366; x_wconf 83' lang='lat' dir='ltr'><strong>per</strong></span> 
     </span>
    </p>
   </div>
   <div class='ocr_carea' id='block_1_69' title="bbox 1078 1370 1247 1398">
    <p class='ocr_par' dir='ltr' id='par_1_69' title="bbox 1078 1370 1247 1398">
     <span class='ocr_line' id='line_1_69' title="bbox 1078 1370 1247 1398; baseline -0.006 0"><span class='ocrx_word' id='word_1_420' title='bbox 1078 1370 1224 1398; x_wconf 69' lang='lat' dir='ltr'><strong>hominem.</strong></span> <span class='ocrx_word' id='word_1_421' title='bbox 1238 1381 1247 1397; x_wconf 71' lang='grc' dir='ltr'><strong>ι</strong></span> 
     </span>
    </p>
   </div>
   <div class='ocr_carea' id='block_1_70' title="bbox 1111 1415 1863 1457">
    <p class='ocr_par' dir='ltr' id='par_1_70' title="bbox 1111 1415 1863 1457">
     <span class='ocr_line' id='line_1_70' title="bbox 1111 1415 1863 1457; baseline 0.008 -14"><span class='ocrx_word' id='word_1_422' title='bbox 1111 1415 1273 1445; x_wconf 76' lang='lat' dir='ltr'><strong>PturtttLos.</strong></span> <span class='ocrx_word' id='word_1_423' title='bbox 1288 1417 1350 1446; x_wconf 72' lang='lat' dir='ltr'><strong>Haec</strong></span> <span class='ocrx_word' id='word_1_424' title='bbox 1365 1418 1392 1446; x_wconf 90' lang='lat' dir='ltr'><strong>in</strong></span> <span class='ocrx_word' id='word_1_425' title='bbox 1412 1418 1488 1446; x_wconf 89' lang='lat' dir='ltr'><strong>initio</strong></span> <span class='ocrx_word' id='word_1_426' title='bbox 1500 1419 1627 1454; x_wconf 69' lang='lat' dir='ltr'><strong>Epistolm</strong></span> <span class='ocrx_word' id='word_1_427' title='bbox 1639 1420 1746 1453; x_wconf 88' lang='lat' dir='ltr'><strong>dicens,</strong></span> <span class='ocrx_word' id='word_1_428' title='bbox 1768 1421 1823 1457; x_wconf 83' lang='lat'><strong>(89)</strong></span> <span class='ocrx_word' id='word_1_429' title='bbox 1839 1423 1863 1449; x_wconf 92' lang='lat' dir='ltr'><strong>iu</strong></span> 
     </span>
    </p>
   </div>
   <div class='ocr_carea' id='block_1_71' title="bbox 1076 1463 1864 1501">
    <p class='ocr_par' dir='ltr' id='par_1_71' title="bbox 1076 1463 1864 1501">
     <span class='ocr_line' id='line_1_71' title="bbox 1076 1463 1864 1501; baseline 0.006 -12"><span class='ocrx_word' id='word_1_430' title='bbox 1076 1463 1254 1496; x_wconf 80' lang='lat' dir='ltr'><strong>sequentibus</strong></span> <span class='ocrx_word' id='word_1_431' title='bbox 1276 1464 1339 1491; x_wconf 91' lang='lat' dir='ltr'><strong>libri</strong></span> <span class='ocrx_word' id='word_1_432' title='bbox 1367 1464 1451 1499; x_wconf 89' lang='lat' dir='ltr'><strong>ipsius</strong></span> <span class='ocrx_word' id='word_1_433' title='bbox 1479 1465 1578 1492; x_wconf 79' lang='lat' dir='ltr'><strong>similia</strong></span> <span class='ocrx_word' id='word_1_434' title='bbox 1594 1466 1703 1500; x_wconf 85' lang='lat' dir='ltr'><strong>adjecit,</strong></span> <span class='ocrx_word' id='word_1_435' title='bbox 1727 1474 1864 1501; x_wconf 75' lang='lat' dir='ltr'><strong>exponens</strong></span> 
     </span>
    </p>
   </div>
   <div class='ocr_carea' id='block_1_72' title="bbox 1077 1507 1861 1546">
    <p class='ocr_par' dir='ltr' id='par_1_72' title="bbox 1077 1507 1861 1546">
     <span class='ocr_line' id='line_1_72' title="bbox 1077 1507 1861 1546; baseline 0.008 -12"><span class='ocrx_word' id='word_1_436' title='bbox 1077 1507 1141 1535; x_wconf 91' lang='lat' dir='ltr'><strong>illud</strong></span> <span class='ocrx_word' id='word_1_437' title='bbox 1155 1508 1301 1542; x_wconf 85' lang='lat' dir='ltr'><strong>capitulum</strong></span> <span class='ocrx_word' id='word_1_438' title='bbox 1317 1510 1343 1537; x_wconf 94' lang='lat' dir='ltr'><strong>in</strong></span> <span class='ocrx_word' id='word_1_439' title='bbox 1359 1518 1414 1545; x_wconf 90' lang='lat' dir='ltr'><strong>quo</strong></span> <span class='ocrx_word' id='word_1_440' title='bbox 1429 1511 1557 1546; x_wconf 87' lang='lat' dir='ltr'><strong>scriptum</strong></span> <span class='ocrx_word' id='word_1_441' title='bbox 1571 1517 1610 1539; x_wconf 88' lang='lat' dir='ltr'><strong>est</strong></span> <span class='ocrx_word' id='word_1_442' title='bbox 1626 1520 1632 1539; x_wconf 90' lang='lat'><strong>:</strong></span> <span class='ocrx_word' id='word_1_443' title='bbox 1654 1511 1755 1540; x_wconf 87' lang='lat' dir='ltr'><strong>Notum</strong></span> <span class='ocrx_word' id='word_1_444' title='bbox 1776 1519 1861 1541; x_wconf 60' lang='lat' dir='ltr'><strong>autem</strong></span> 
     </span>
    </p>
   </div>
   <div class='ocr_carea' id='block_1_73' title="bbox 231 1555 1863 1593">
    <p class='ocr_par' dir='ltr' id='par_1_73' title="bbox 231 1555 1863 1593">
     <span class='ocr_line' id='line_1_73' title="bbox 231 1555 1863 1593; baseline 0 -8"><span class='ocrx_word' id='word_1_445' title='bbox 231 1557 320 1585; x_wconf 77' lang='lat' dir='ltr'><strong>Patris</strong></span> <span class='ocrx_word' id='word_1_446' title='bbox 336 1562 436 1590; x_wconf 84' lang='lat' dir='ltr'><strong>mente,</strong></span> <span class='ocrx_word' id='word_1_447' title='bbox 458 1560 529 1584; x_wconf 87' lang='lat' dir='ltr'><strong>sicut</strong></span> <span class='ocrx_word' id='word_1_448' title='bbox 543 1557 668 1584; x_wconf 81' lang='lat' dir='ltr'><strong>voluntas</strong></span> <span class='ocrx_word' id='word_1_449' title='bbox 689 1565 723 1584; x_wconf 89' lang='lat' dir='ltr'><strong>ex</strong></span> <span class='ocrx_word' id='word_1_450' title='bbox 749 1561 847 1583; x_wconf 81' lang='lat' dir='ltr'><strong>mente.</strong></span> <span class='ocrx_word' id='word_1_451' title='bbox 872 1555 929 1583; x_wconf 82' lang='lat' dir='ltr'><strong>Non</strong></span> <span class='ocrx_word' id='word_1_452' title='bbox 950 1557 1022 1583; x_wconf 81' lang='lat' dir='ltr'><strong>enim</strong></span> <span class='ocrx_word' id='word_1_453' title='bbox 1037 1558 1058 1587; x_wconf 76' lang='grc' dir='ltr'>Ο</span> <span class='ocrx_word' id='word_1_454' title='bbox 1075 1555 1146 1581; x_wconf 72' lang='lat' dir='ltr'><strong>vobis</strong></span> <span class='ocrx_word' id='word_1_455' title='bbox 1175 1555 1256 1589; x_wconf 68' lang='lat' dir='ltr'><strong>facio,</strong></span> <span class='ocrx_word' id='word_1_456' title='bbox 1286 1556 1404 1590; x_wconf 78' lang='lat' dir='ltr'><strong>fratres.</strong></span> <span class='ocrx_word' id='word_1_457' title='bbox 1435 1556 1604 1592; x_wconf 78' lang='lat' dir='ltr'><strong>Evangelium</strong></span> <span class='ocrx_word' id='word_1_458' title='bbox 1631 1559 1702 1593; x_wconf 84' lang='lat' dir='ltr'><strong>quod</strong></span> <span class='ocrx_word' id='word_1_459' title='bbox 1723 1560 1863 1593; x_wconf 64' lang='lat' dir='ltr'><strong>pradicant</strong></span> 
     </span>
    </p>
   </div>
   <div class='ocr_carea' id='block_1_74' title="bbox 231 1602 1022 1637">
    <p class='ocr_par' dir='ltr' id='par_1_74' title="bbox 231 1602 1022 1637">
     <span class='ocr_line' id='line_1_74' title="bbox 231 1602 1022 1637; baseline -0.001 -7"><span class='ocrx_word' id='word_1_460' title='bbox 231 1603 374 1631; x_wconf 88' lang='lat' dir='ltr'><strong>divisibilis</strong></span> <span class='ocrx_word' id='word_1_461' title='bbox 391 1609 432 1631; x_wconf 82' lang='lat' dir='ltr'><strong>est</strong></span> <span class='ocrx_word' id='word_1_462' title='bbox 448 1604 536 1631; x_wconf 86' lang='lat' dir='ltr'><strong>divina</strong></span> <span class='ocrx_word' id='word_1_463' title='bbox 556 1609 662 1635; x_wconf 79' lang='lat' dir='ltr'><strong>natura,</strong></span> <span class='ocrx_word' id='word_1_464' title='bbox 681 1602 707 1630; x_wconf 86' lang='lat' dir='ltr'><strong>id</strong></span> <span class='ocrx_word' id='word_1_465' title='bbox 724 1608 779 1634; x_wconf 89' lang='lat' dir='ltr'><strong>est,</strong></span> <span class='ocrx_word' id='word_1_466' title='bbox 794 1602 905 1637; x_wconf 74' lang='lat' dir='ltr'><strong>ingeniti</strong></span> <span class='ocrx_word' id='word_1_467' title='bbox 923 1602 1022 1635; x_wconf 87' lang='lat' dir='ltr'><strong>Patris,</strong></span> 
     </span>
    </p>
   </div>
   <div class='ocr_carea' id='block_1_75' title="bbox 231 1649 1021 1684">
    <p class='ocr_par' dir='ltr' id='par_1_75' title="bbox 231 1649 1021 1684">
     <span class='ocr_line' id='line_1_75' title="bbox 231 1649 1021 1684; baseline 0 -8"><span class='ocrx_word' id='word_1_468' title='bbox 231 1653 262 1676; x_wconf 91' lang='lat' dir='ltr'><strong>ut</strong></span> <span class='ocrx_word' id='word_1_469' title='bbox 288 1653 411 1684; x_wconf 88' lang='lat' dir='ltr'><strong>putemus</strong></span> <span class='ocrx_word' id='word_1_470' title='bbox 438 1649 478 1676; x_wconf 88' lang='lat' dir='ltr'><strong>vel</strong></span> <span class='ocrx_word' id='word_1_471' title='bbox 506 1649 639 1676; x_wconf 76' lang='lat' dir='ltr'><strong>divisione</strong></span> <span class='ocrx_word' id='word_1_472' title='bbox 666 1649 707 1676; x_wconf 87' lang='lat' dir='ltr'><strong>vel</strong></span> <span class='ocrx_word' id='word_1_473' title='bbox 735 1649 923 1675; x_wconf 88' lang='lat' dir='ltr'><strong>imminutione</strong></span> <span class='ocrx_word' id='word_1_474' title='bbox 955 1649 1021 1676; x_wconf 81' lang='lat' dir='ltr'><strong>sul)-</strong></span> 
     </span>
    </p>
   </div>
   <div class='ocr_carea' id='block_1_76' title="bbox 229 1694 1022 1730">
    <p class='ocr_par' dir='ltr' id='par_1_76' title="bbox 229 1694 1022 1730">
     <span class='ocr_line' id='line_1_76' title="bbox 229 1694 1022 1730; baseline -0.001 -8"><span class='ocrx_word' id='word_1_475' title='bbox 229 1696 338 1723; x_wconf 83' lang='lat' dir='ltr'><strong>stautiae</strong></span> <span class='ocrx_word' id='word_1_476' title='bbox 356 1696 415 1730; x_wconf 85' lang='lat' dir='ltr'><strong>ejus</strong></span> <span class='ocrx_word' id='word_1_477' title='bbox 431 1695 529 1722; x_wconf 84' lang='lat' dir='ltr'><strong>Filium</strong></span> <span class='ocrx_word' id='word_1_478' title='bbox 549 1703 609 1722; x_wconf 79' lang='lat' dir='ltr'><strong>esse</strong></span> <span class='ocrx_word' id='word_1_479' title='bbox 624 1694 805 1730; x_wconf 78' lang='lat' dir='ltr'><strong>progenitum.</strong></span> <span class='ocrx_word' id='word_1_480' title='bbox 822 1694 878 1729; x_wconf 83' lang='grc'>(85)</span> <span class='ocrx_word' id='word_1_481' title='bbox 896 1694 949 1721; x_wconf 86' lang='lat' dir='ltr'><strong>Sed</strong></span> <span class='ocrx_word' id='word_1_482' title='bbox 965 1694 1022 1721; x_wconf 82' lang='lat' dir='ltr'><strong>sive</strong></span> 
     </span>
    </p>
   </div>
   <div class='ocr_carea' id='block_1_77' title="bbox 230 1740 1020 1773">
    <p class='ocr_par' dir='ltr' id='par_1_77' title="bbox 230 1740 1020 1773">
     <span class='ocr_line' id='line_1_77' title="bbox 230 1740 1020 1773; baseline -0.003 -4"><span class='ocrx_word' id='word_1_483' title='bbox 230 1748 316 1773; x_wconf 83' lang='lat' dir='ltr'><strong>meus.</strong></span> <span class='ocrx_word' id='word_1_484' title='bbox 340 1741 396 1769; x_wconf 77' lang='lat' dir='ltr'><strong>sive</strong></span> <span class='ocrx_word' id='word_1_485' title='bbox 414 1749 472 1773; x_wconf 86' lang='lat' dir='ltr'><strong>cor,</strong></span> <span class='ocrx_word' id='word_1_486' title='bbox 495 1746 540 1768; x_wconf 90' lang='lat' dir='ltr'><strong>aut</strong></span> <span class='ocrx_word' id='word_1_487' title='bbox 563 1749 658 1769; x_wconf 82' lang='lat' dir='ltr'><strong>sensus</strong></span> <span class='ocrx_word' id='word_1_488' title='bbox 680 1741 714 1768; x_wconf 85' lang='lat' dir='ltr'><strong>de</strong></span> <span class='ocrx_word' id='word_1_489' title='bbox 739 1740 794 1768; x_wconf 89' lang='lat' dir='ltr'><strong>Deo</strong></span> <span class='ocrx_word' id='word_1_490' title='bbox 819 1741 948 1767; x_wconf 86' lang='lat' dir='ltr'><strong>dicendus</strong></span> <span class='ocrx_word' id='word_1_491' title='bbox 964 1746 1020 1773; x_wconf 84' lang='lat' dir='ltr'><strong>est,</strong></span> 
     </span>
    </p>
   </div>
   <div class='ocr_carea' id='block_1_78' title="bbox 227 1777 1020 1821">
    <p class='ocr_par' dir='ltr' id='par_1_78' title="bbox 227 1777 1020 1821">
     <span class='ocr_line' id='line_1_78' title="bbox 227 1777 1020 1821; baseline -0.003 -6"><span class='ocrx_word' id='word_1_492' title='bbox 227 1788 396 1815; x_wconf 82' lang='lat' dir='ltr'><strong>lndiscussus</strong></span> <span class='ocrx_word' id='word_1_493' title='bbox 422 1777 599 1821; x_wconf 72' lang='lat' dir='ltr'><strong>permanens,</strong></span> <span class='ocrx_word' id='word_1_494' title='bbox 626 1794 737 1821; x_wconf 76' lang='lat' dir='ltr'><strong>germen</strong></span> <span class='ocrx_word' id='word_1_495' title='bbox 763 1785 903 1820; x_wconf 77' lang='lat' dir='ltr'><strong>proferens</strong></span> <span class='ocrx_word' id='word_1_496' title='bbox 926 1786 1020 1813; x_wconf 92' lang='lat' dir='ltr'><strong>volun-</strong></span> 
     </span>
    </p>
   </div>
   <div class='ocr_carea' id='block_1_79' title="bbox 229 1831 1017 1867">
    <p class='ocr_par' dir='ltr' id='par_1_79' title="bbox 229 1831 1017 1867">
     <span class='ocr_line' id='line_1_79' title="bbox 229 1831 1017 1867; baseline -0.001 -7"><span class='ocrx_word' id='word_1_497' title='bbox 229 1833 304 1866; x_wconf 81' lang='lat' dir='ltr'><strong>tatis,</strong></span> <span class='ocrx_word' id='word_1_498' title='bbox 320 1833 405 1860; x_wconf 85' lang='lat' dir='ltr'><strong>l&#39;actus</strong></span> <span class='ocrx_word' id='word_1_499' title='bbox 420 1838 460 1860; x_wconf 90' lang='lat' dir='ltr'><strong>est</strong></span> <span class='ocrx_word' id='word_1_500' title='bbox 475 1833 555 1860; x_wconf 83' lang='lat' dir='ltr'><strong>Verbi</strong></span> <span class='ocrx_word' id='word_1_501' title='bbox 574 1832 671 1865; x_wconf 86' lang='lat' dir='ltr'><strong>Pater;</strong></span> <span class='ocrx_word' id='word_1_502' title='bbox 688 1832 759 1867; x_wconf 89' lang='lat' dir='ltr'><strong>quod</strong></span> <span class='ocrx_word' id='word_1_503' title='bbox 781 1831 896 1859; x_wconf 86' lang='lat' dir='ltr'><strong>Verbum</strong></span> <span class='ocrx_word' id='word_1_504' title='bbox 915 1832 941 1859; x_wconf 90' lang='lat' dir='ltr'><strong>in</strong></span> <span class='ocrx_word' id='word_1_505' title='bbox 958 1833 1017 1860; x_wconf 89' lang='lat' dir='ltr'><strong>sinu</strong></span> 
     </span>
    </p>
   </div>
   <div class='ocr_carea' id='block_1_80' title="bbox 229 1878 1019 1913">
    <p class='ocr_par' dir='ltr' id='par_1_80' title="bbox 229 1878 1019 1913">
     <span class='ocr_line' id='line_1_80' title="bbox 229 1878 1019 1913; baseline -0.003 -7"><span class='ocrx_word' id='word_1_506' title='bbox 229 1879 317 1907; x_wconf 75' lang='lat' dir='ltr'><strong>Patris</strong></span> <span class='ocrx_word' id='word_1_507' title='bbox 341 1879 528 1913; x_wconf 78' lang='lat' dir='ltr'><strong>requiescens,</strong></span> <span class='ocrx_word' id='word_1_508' title='bbox 550 1879 692 1905; x_wconf 86' lang='lat' dir='ltr'><strong>annuntiat</strong></span> <span class='ocrx_word' id='word_1_509' title='bbox 717 1878 799 1905; x_wconf 86' lang='lat' dir='ltr'><strong>Deum</strong></span> <span class='ocrx_word' id='word_1_510' title='bbox 832 1885 913 1912; x_wconf 89' lang='lat' dir='ltr'><strong>quem</strong></span> <span class='ocrx_word' id='word_1_511' title='bbox 944 1886 1019 1904; x_wconf 83' lang='lat' dir='ltr'><strong>nemo</strong></span> 
     </span>
    </p>
   </div>
   <div class='ocr_carea' id='block_1_81' title="bbox 228 1924 1020 1960">
    <p class='ocr_par' dir='ltr' id='par_1_81' title="bbox 228 1924 1020 1960">
     <span class='ocr_line' id='line_1_81' title="bbox 228 1924 1020 1960; baseline -0.004 -7"><span class='ocrx_word' id='word_1_512' title='bbox 228 1925 293 1953; x_wconf 66' lang='lat' dir='ltr'><strong>cidit</strong></span> <span class='ocrx_word' id='word_1_513' title='bbox 307 1927 423 1960; x_wconf 69' lang='lat' dir='ltr'><strong>unquam</strong></span> <span class='ocrx_word' id='word_1_514' title='bbox 437 1924 482 1957; x_wconf 71' lang='lat'><strong>7&quot;,</strong></span> <span class='ocrx_word' id='word_1_515' title='bbox 498 1929 525 1951; x_wconf 89' lang='lat' dir='ltr'><strong>et</strong></span> <span class='ocrx_word' id='word_1_516' title='bbox 542 1924 643 1952; x_wconf 87' lang='lat' dir='ltr'><strong>revelat</strong></span> <span class='ocrx_word' id='word_1_517' title='bbox 659 1924 765 1952; x_wconf 86' lang='lat' dir='ltr'><strong>Patrem</strong></span> <span class='ocrx_word' id='word_1_518' title='bbox 782 1932 862 1959; x_wconf 91' lang='lat' dir='ltr'><strong>quem</strong></span> <span class='ocrx_word' id='word_1_519' title='bbox 879 1931 957 1951; x_wconf 81' lang='lat' dir='ltr'><strong>nemo</strong></span> <span class='ocrx_word' id='word_1_520' title='bbox 973 1931 1020 1951; x_wconf 85' lang='lat' dir='ltr'><strong>co-</strong></span> 
     </span>
    </p>
   </div>
   <div class='ocr_carea' id='block_1_82' title="bbox 265 2003 802 2037">
    <p class='ocr_par' dir='ltr' id='par_1_82' title="bbox 265 2003 802 2037">
     <span class='ocr_line' id='line_1_82' title="bbox 265 2003 802 2037; baseline 0 -7"><span class='ocrx_word' id='word_1_521' title='bbox 265 2003 298 2020; x_wconf 84' lang='grc'><strong>⁷⁶¹</strong></span> <span class='ocrx_word' id='word_1_522' title='bbox 316 2003 394 2031; x_wconf 75' lang='lat' dir='ltr'><strong>.losn.</strong></span> <span class='ocrx_word' id='word_1_523' title='bbox 413 2011 432 2036; x_wconf 82' lang='grc' dir='ltr'>ι,</span> <span class='ocrx_word' id='word_1_524' title='bbox 456 2003 498 2031; x_wconf 83' lang='lat' dir='ltr'><strong>i8.</strong></span> <span class='ocrx_word' id='word_1_525' title='bbox 537 2004 559 2019; x_wconf 88' lang='grc'><strong>⁷⁷</strong></span> <span class='ocrx_word' id='word_1_526' title='bbox 580 2003 675 2031; x_wconf 80' lang='lat' dir='ltr'><strong>Matth.</strong></span> <span class='ocrx_word' id='word_1_527' title='bbox 703 2012 741 2037; x_wconf 71' lang='grc' dir='ltr'>ιιι,</span> <span class='ocrx_word' id='word_1_528' title='bbox 758 2003 802 2031; x_wconf 77' lang='grc'><strong>27.</strong></span> 
     </span>
    </p>
   </div>
   <div class='ocr_carea' id='block_1_83' title="bbox 263 2080 1013 2116">
    <p class='ocr_par' dir='ltr' id='par_1_83' title="bbox 263 2080 1013 2116">
     <span class='ocr_line' id='line_1_83' title="bbox 263 2080 1013 2116; baseline -0.001 -8"><span class='ocrx_word' id='word_1_529' title='bbox 263 2080 320 2116; x_wconf 79' lang='lat' dir='ltr'><strong>(Si)</strong></span> <span class='ocrx_word' id='word_1_530' title='bbox 340 2080 425 2107; x_wconf 81' lang='lat' dir='ltr'><strong>Filius</strong></span> <span class='ocrx_word' id='word_1_531' title='bbox 435 2081 567 2108; x_wconf 87' lang='lat' dir='ltr'><strong>omittitur</strong></span> <span class='ocrx_word' id='word_1_532' title='bbox 581 2081 606 2108; x_wconf 93' lang='lat' dir='ltr'><strong>in</strong></span> <span class='ocrx_word' id='word_1_533' title='bbox 623 2082 702 2108; x_wconf 89' lang='lat' dir='ltr'><strong>editis</strong></span> <span class='ocrx_word' id='word_1_534' title='bbox 716 2087 743 2108; x_wconf 91' lang='lat' dir='ltr'><strong>et</strong></span> <span class='ocrx_word' id='word_1_535' title='bbox 758 2081 784 2108; x_wconf 86' lang='lat' dir='ltr'><strong>in</strong></span> <span class='ocrx_word' id='word_1_536' title='bbox 797 2081 922 2109; x_wconf 86' lang='lat' dir='ltr'><strong>omnibus</strong></span> <span class='ocrx_word' id='word_1_537' title='bbox 938 2089 1013 2112; x_wconf 89' lang='lat' dir='ltr'><strong>mss.,</strong></span> 
     </span>
    </p>
   </div>
   <div class='ocr_carea' id='block_1_84' title="bbox 224 2116 1014 2151">
    <p class='ocr_par' dir='ltr' id='par_1_84' title="bbox 224 2116 1014 2151">
     <span class='ocr_line' id='line_1_84' title="bbox 224 2116 1014 2151; baseline -0.003 -6"><span class='ocrx_word' id='word_1_538' title='bbox 224 2117 276 2145; x_wconf 75' lang='lat' dir='ltr'><strong>sed</strong></span> <span class='ocrx_word' id='word_1_539' title='bbox 290 2117 440 2144; x_wconf 90' lang='lat' dir='ltr'><strong>restituitur</strong></span> <span class='ocrx_word' id='word_1_540' title='bbox 452 2124 484 2143; x_wconf 86' lang='lat' dir='ltr'><strong>ex</strong></span> <span class='ocrx_word' id='word_1_541' title='bbox 499 2117 573 2144; x_wconf 87' lang='lat' dir='ltr'><strong>libris</strong></span> <span class='ocrx_word' id='word_1_542' title='bbox 582 2116 620 2143; x_wconf 87' lang='lat' dir='ltr'><strong>De</strong></span> <span class='ocrx_word' id='word_1_543' title='bbox 632 2117 779 2151; x_wconf 81' lang='lat' dir='ltr'><strong>principiis,</strong></span> <span class='ocrx_word' id='word_1_544' title='bbox 792 2122 819 2144; x_wconf 87' lang='lat' dir='ltr'><strong>et</strong></span> <span class='ocrx_word' id='word_1_545' title='bbox 831 2117 1014 2144; x_wconf 83' lang='lat' dir='ltr'><strong>restituendus</strong></span> 
     </span>
    </p>
   </div>
   <div class='ocr_carea' id='block_1_85' title="bbox 225 2152 1013 2227">
    <p class='ocr_par' dir='ltr' id='par_1_85' title="bbox 225 2152 1013 2227">
     <span class='ocr_line' id='line_1_85' title="bbox 225 2152 1013 2227; baseline 0.001 -14"><span class='ocrx_word' id='word_1_546' title='bbox 225 2152 376 2227; x_wconf 35' lang='lat' dir='ltr'><strong>Tigrim</strong></span> <span class='ocrx_word' id='word_1_547' title='bbox 392 2194 487 2214; x_wconf 89' lang='lat' dir='ltr'><strong>omnes</strong></span> <span class='ocrx_word' id='word_1_548' title='bbox 510 2191 634 2227; x_wconf 40' lang='grc' dir='ltr'><strong>ιηςξεηιςι.</strong></span> <span class='ocrx_word' id='word_1_549' title='bbox 646 2187 721 2214; x_wconf 89' lang='lat' dir='ltr'><strong>editi.</strong></span> <span class='ocrx_word' id='word_1_550' title='bbox 746 2186 871 2227; x_wconf 80' lang='lat' dir='ltr'><strong>A_ttamen</strong></span> <span class='ocrx_word' id='word_1_551' title='bbox 896 2193 1013 2227; x_wconf 74' lang='lat' dir='ltr'><strong>sequens</strong></span> 
     </span>
    </p>
   </div>
   <div class='ocr_carea' id='block_1_86' title="bbox 841 2001 1326 2036">
    <p class='ocr_par' dir='ltr' id='par_1_86' title="bbox 841 2001 1326 2036">
     <span class='ocr_line' id='line_1_86' title="bbox 841 2001 1326 2036; baseline 0 -6"><span class='ocrx_word' id='word_1_552' title='bbox 841 2004 875 2019; x_wconf 75' lang='lat'><strong>7&#39;“</strong></span> <span class='ocrx_word' id='word_1_553' title='bbox 894 2003 973 2030; x_wconf 76' lang='lat' dir='ltr'><strong>Joau.</strong></span> <span class='ocrx_word' id='word_1_554' title='bbox 992 2009 1028 2035; x_wconf 84' lang='lat' dir='ltr'><strong>vt,</strong></span> <span class='ocrx_word' id='word_1_555' title='bbox 1044 2001 1086 2030; x_wconf 70' lang='grc' dir='ltr'><strong>Η.</strong></span> <span class='ocrx_word' id='word_1_556' title='bbox 1125 2002 1149 2019; x_wconf 80' lang='grc'>⁷⁸</span> <span class='ocrx_word' id='word_1_557' title='bbox 1162 2002 1250 2031; x_wconf 87' lang='lat' dir='ltr'><strong>Galat.</strong></span> <span class='ocrx_word' id='word_1_558' title='bbox 1264 2011 1284 2036; x_wconf 86' lang='grc' dir='ltr'>ι,</span> <span class='ocrx_word' id='word_1_559' title='bbox 1300 2003 1326 2030; x_wconf 84' lang='grc'><strong>1.</strong></span> 
     </span>
    </p>
   </div>
   <div class='ocr_carea' id='block_1_87' title="bbox 1074 1600 1862 1640">
    <p class='ocr_par' dir='ltr' id='par_1_87' title="bbox 1074 1600 1862 1640">
     <span class='ocr_line' id='line_1_87' title="bbox 1074 1600 1862 1640; baseline 0.008 -14"><span class='ocrx_word' id='word_1_560' title='bbox 1074 1600 1146 1627; x_wconf 75' lang='lat' dir='ltr'><strong>vobis</strong></span> <span class='ocrx_word' id='word_1_561' title='bbox 1156 1620 1162 1631; x_wconf 89' lang='lat'><strong>,</strong></span> <span class='ocrx_word' id='word_1_562' title='bbox 1177 1601 1302 1635; x_wconf 86' lang='lat' dir='ltr'><strong>quoniam</strong></span> <span class='ocrx_word' id='word_1_563' title='bbox 1317 1610 1368 1629; x_wconf 84' lang='lat' dir='ltr'><strong>non</strong></span> <span class='ocrx_word' id='word_1_564' title='bbox 1385 1607 1422 1629; x_wconf 80' lang='lat' dir='ltr'><strong>est</strong></span> <span class='ocrx_word' id='word_1_565' title='bbox 1446 1604 1589 1630; x_wconf 79' lang='lat' dir='ltr'><strong>secundum</strong></span> <span class='ocrx_word' id='word_1_566' title='bbox 1607 1603 1740 1631; x_wconf 83' lang='lat' dir='ltr'><strong>hominem</strong></span> <span class='ocrx_word' id='word_1_567' title='bbox 1753 1612 1763 1631; x_wconf 86' lang='lat'><strong>.&#39;</strong></span> <span class='ocrx_word' id='word_1_568' title='bbox 1781 1614 1862 1640; x_wconf 80' lang='lat' dir='ltr'><strong>neque</strong></span> 
     </span>
    </p>
   </div>
   <div class='ocr_carea' id='block_1_88' title="bbox 1073 1647 1861 1686">
    <p class='ocr_par' dir='ltr' id='par_1_88' title="bbox 1073 1647 1861 1686">
     <span class='ocr_line' id='line_1_88' title="bbox 1073 1647 1861 1686; baseline 0.008 -14"><span class='ocrx_word' id='word_1_569' title='bbox 1073 1647 1142 1673; x_wconf 88' lang='lat' dir='ltr'><strong>enim</strong></span> <span class='ocrx_word' id='word_1_570' title='bbox 1159 1655 1206 1682; x_wconf 85' lang='lat' dir='ltr'><strong>ego</strong></span> <span class='ocrx_word' id='word_1_571' title='bbox 1223 1647 1255 1673; x_wconf 83' lang='lat' dir='ltr'><strong>ab</strong></span> <span class='ocrx_word' id='word_1_572' title='bbox 1272 1647 1376 1676; x_wconf 81' lang='lat' dir='ltr'><strong>homine</strong></span> <span class='ocrx_word' id='word_1_573' title='bbox 1395 1650 1482 1684; x_wconf 84' lang='lat' dir='ltr'><strong>accepi</strong></span> <span class='ocrx_word' id='word_1_574' title='bbox 1502 1649 1580 1683; x_wconf 84' lang='lat' dir='ltr'><strong>illud,</strong></span> <span class='ocrx_word' id='word_1_575' title='bbox 1597 1651 1642 1678; x_wconf 74' lang='lat' dir='ltr'><strong>sed</strong></span> <span class='ocrx_word' id='word_1_576' title='bbox 1663 1659 1711 1686; x_wconf 84' lang='lat' dir='ltr'><strong>per</strong></span> <span class='ocrx_word' id='word_1_577' title='bbox 1726 1652 1861 1680; x_wconf 78' lang='lat' dir='ltr'><strong>revelatio-</strong></span> 
     </span>
    </p>
   </div>
   <div class='ocr_carea' id='block_1_89' title="bbox 1074 1692 1387 1721">
    <p class='ocr_par' dir='ltr' id='par_1_89' title="bbox 1074 1692 1387 1721">
     <span class='ocr_line' id='line_1_89' title="bbox 1074 1692 1387 1721; baseline 0.006 -2"><span class='ocrx_word' id='word_1_578' title='bbox 1074 1700 1131 1719; x_wconf 85' lang='lat' dir='ltr'><strong>nem</strong></span> <span class='ocrx_word' id='word_1_579' title='bbox 1148 1692 1211 1719; x_wconf 89' lang='lat' dir='ltr'><strong>Jesu</strong></span> <span class='ocrx_word' id='word_1_580' title='bbox 1230 1693 1328 1720; x_wconf 82' lang='lat' dir='ltr'><strong>Christi</strong></span> <span class='ocrx_word' id='word_1_581' title='bbox 1343 1693 1387 1721; x_wconf 80' lang='grc'><strong>⁷⁸⁸.</strong></span> 
     </span>
    </p>
   </div>
   <div class='ocr_carea' id='block_1_90' title="bbox 1111 1738 1860 1778">
    <p class='ocr_par' dir='ltr' id='par_1_90' title="bbox 1111 1738 1860 1778">
     <span class='ocr_line' id='line_1_90' title="bbox 1111 1738 1860 1778; baseline 0.008 -13"><span class='ocrx_word' id='word_1_582' title='bbox 1111 1738 1259 1766; x_wconf 67' lang='grc' dir='ltr'><strong>Οιιιαεκεε.</strong></span> <span class='ocrx_word' id='word_1_583' title='bbox 1277 1748 1286 1765; x_wconf 87' lang='grc' dir='ltr'><strong>ι</strong></span> <span class='ocrx_word' id='word_1_584' title='bbox 1299 1739 1418 1767; x_wconf 86' lang='lat' dir='ltr'><strong>Adverte</strong></span> <span class='ocrx_word' id='word_1_585' title='bbox 1433 1747 1497 1775; x_wconf 76' lang='lat' dir='ltr'><strong>ergo</strong></span> <span class='ocrx_word' id='word_1_586' title='bbox 1511 1741 1575 1775; x_wconf 88' lang='lat' dir='ltr'><strong>quid</strong></span> <span class='ocrx_word' id='word_1_587' title='bbox 1586 1741 1698 1775; x_wconf 88' lang='lat' dir='ltr'><strong>scribit,</strong></span> <span class='ocrx_word' id='word_1_588' title='bbox 1713 1743 1777 1778; x_wconf 88' lang='lat' dir='ltr'><strong>quia</strong></span> <span class='ocrx_word' id='word_1_589' title='bbox 1796 1751 1860 1771; x_wconf 85' lang='lat' dir='ltr'><strong>con-</strong></span> 
     </span>
    </p>
   </div>
   <div class='ocr_carea' id='block_1_91' title="bbox 1073 1784 1859 1823">
    <p class='ocr_par' dir='ltr' id='par_1_91' title="bbox 1073 1784 1859 1823">
     <span class='ocr_line' id='line_1_91' title="bbox 1073 1784 1859 1823; baseline 0.009 -13"><span class='ocrx_word' id='word_1_590' title='bbox 1073 1784 1214 1811; x_wconf 85' lang='lat' dir='ltr'><strong>venienter</strong></span> <span class='ocrx_word' id='word_1_591' title='bbox 1235 1785 1295 1818; x_wconf 82' lang='lat' dir='ltr'><strong>quis</strong></span> <span class='ocrx_word' id='word_1_592' title='bbox 1312 1790 1340 1812; x_wconf 89' lang='lat' dir='ltr'><strong>et</strong></span> <span class='ocrx_word' id='word_1_593' title='bbox 1360 1785 1418 1813; x_wconf 73' lang='lat' dir='ltr'><strong>haec</strong></span> <span class='ocrx_word' id='word_1_594' title='bbox 1434 1787 1584 1823; x_wconf 77' lang='lat' dir='ltr'><strong>adjungens</strong></span> <span class='ocrx_word' id='word_1_595' title='bbox 1598 1788 1748 1822; x_wconf 76' lang='lat' dir='ltr'><strong>prioribus,</strong></span> <span class='ocrx_word' id='word_1_596' title='bbox 1766 1789 1859 1817; x_wconf 84' lang='lat' dir='ltr'><strong>intelli-</strong></span> 
     </span>
    </p>
   </div>
   <div class='ocr_carea' id='block_1_92' title="bbox 1073 1829 1858 1868">
    <p class='ocr_par' dir='ltr' id='par_1_92' title="bbox 1073 1829 1858 1868">
     <span class='ocr_line' id='line_1_92' title="bbox 1073 1829 1858 1868; baseline 0.009 -13"><span class='ocrx_word' id='word_1_597' title='bbox 1073 1836 1137 1863; x_wconf 64' lang='lat' dir='ltr'><strong>gere</strong></span> <span class='ocrx_word' id='word_1_598' title='bbox 1155 1829 1254 1864; x_wconf 87' lang='lat' dir='ltr'><strong>poterit</strong></span> <span class='ocrx_word' id='word_1_599' title='bbox 1276 1835 1304 1857; x_wconf 89' lang='lat' dir='ltr'><strong>et</strong></span> <span class='ocrx_word' id='word_1_600' title='bbox 1323 1830 1467 1859; x_wconf 85' lang='lat' dir='ltr'><strong>ostendere</strong></span> <span class='ocrx_word' id='word_1_601' title='bbox 1489 1832 1531 1859; x_wconf 88' lang='lat' dir='ltr'><strong>Itis</strong></span> <span class='ocrx_word' id='word_1_602' title='bbox 1552 1833 1597 1868; x_wconf 89' lang='lat' dir='ltr'><strong>qui</strong></span> <span class='ocrx_word' id='word_1_603' title='bbox 1617 1839 1718 1868; x_wconf 74' lang='lat' dir='ltr'><strong>negant</strong></span> <span class='ocrx_word' id='word_1_604' title='bbox 1730 1835 1858 1862; x_wconf 82' lang='lat' dir='ltr'><strong>deitatem</strong></span> 
     </span>
    </p>
   </div>
   <div class='ocr_carea' id='block_1_93' title="bbox 1072 1874 1857 1914">
    <p class='ocr_par' dir='ltr' id='par_1_93' title="bbox 1072 1874 1857 1914">
     <span class='ocr_line' id='line_1_93' title="bbox 1072 1874 1857 1914; baseline 0.009 -13"><span class='ocrx_word' id='word_1_605' title='bbox 1072 1874 1135 1902; x_wconf 80' lang='lat' dir='ltr'><strong>Jesu</strong></span> <span class='ocrx_word' id='word_1_606' title='bbox 1149 1876 1260 1908; x_wconf 82' lang='lat' dir='ltr'><strong>Christi,</strong></span> <span class='ocrx_word' id='word_1_607' title='bbox 1278 1877 1326 1904; x_wconf 87' lang='lat' dir='ltr'><strong>sed</strong></span> <span class='ocrx_word' id='word_1_608' title='bbox 1340 1877 1478 1904; x_wconf 86' lang='lat' dir='ltr'><strong>hominem</strong></span> <span class='ocrx_word' id='word_1_609' title='bbox 1491 1885 1552 1906; x_wconf 89' lang='lat' dir='ltr'><strong>eum</strong></span> <span class='ocrx_word' id='word_1_610' title='bbox 1571 1879 1658 1906; x_wconf 78' lang='lat' dir='ltr'><strong>solum</strong></span> <span class='ocrx_word' id='word_1_611' title='bbox 1671 1881 1857 1914; x_wconf 84' lang='lat' dir='ltr'><strong>pronuntiant,</strong></span> 
     </span>
    </p>
   </div>
   <div class='ocr_carea' id='block_1_94' title="bbox 1073 1921 1857 1956">
    <p class='ocr_par' dir='ltr' id='par_1_94' title="bbox 1073 1921 1857 1956">
     <span class='ocr_line' id='line_1_94' title="bbox 1073 1921 1857 1956; baseline 0.006 -9"><span class='ocrx_word' id='word_1_612' title='bbox 1073 1921 1144 1956; x_wconf 89' lang='lat' dir='ltr'><strong>quod</strong></span> <span class='ocrx_word' id='word_1_613' title='bbox 1158 1929 1210 1948; x_wconf 91' lang='lat' dir='ltr'><strong>non</strong></span> <span class='ocrx_word' id='word_1_614' title='bbox 1223 1925 1265 1949; x_wconf 85' lang='lat' dir='ltr'><strong>est</strong></span> <span class='ocrx_word' id='word_1_615' title='bbox 1277 1922 1368 1956; x_wconf 93' lang='lat' dir='ltr'><strong>homo,</strong></span> <span class='ocrx_word' id='word_1_616' title='bbox 1381 1923 1428 1950; x_wconf 85' lang='lat' dir='ltr'><strong>sed</strong></span> <span class='ocrx_word' id='word_1_617' title='bbox 1443 1922 1523 1955; x_wconf 87' lang='lat' dir='ltr'><strong>Deus,</strong></span> <span class='ocrx_word' id='word_1_618' title='bbox 1537 1923 1583 1951; x_wconf 87' lang='lat' dir='ltr'><strong>Dei</strong></span> <span class='ocrx_word' id='word_1_619' title='bbox 1594 1923 1678 1952; x_wconf 84' lang='lat' dir='ltr'><strong>Filius</strong></span> <span class='ocrx_word' id='word_1_620' title='bbox 1688 1923 1772 1953; x_wconf 66' lang='lat' dir='ltr'><strong>Iesus</strong></span> <span class='ocrx_word' id='word_1_621' title='bbox 1781 1926 1857 1954; x_wconf 80' lang='lat' dir='ltr'><strong>Citri-</strong></span> 
     </span>
    </p>
   </div>
   <div class='ocr_carea' id='block_1_95' title="bbox 1366 2003 1603 2037">
    <p class='ocr_par' dir='ltr' id='par_1_95' title="bbox 1366 2003 1603 2037">
     <span class='ocr_line' id='line_1_95' title="bbox 1366 2003 1603 2037; baseline 0.004 -7"><span class='ocrx_word' id='word_1_622' title='bbox 1366 2003 1399 2019; x_wconf 82' lang='grc'><strong>⁷⁸’</strong></span> <span class='ocrx_word' id='word_1_623' title='bbox 1414 2003 1479 2031; x_wconf 82' lang='lat' dir='ltr'><strong>ibid.</strong></span> <span class='ocrx_word' id='word_1_624' title='bbox 1501 2004 1543 2037; x_wconf 85' lang='lat' dir='ltr'><strong>ll,</strong></span> <span class='ocrx_word' id='word_1_625' title='bbox 1562 2004 1603 2032; x_wconf 71' lang='lat' dir='ltr'><strong>l2.</strong></span> 
     </span>
    </p>
   </div>
   <div class='ocr_carea' id='block_1_96' title="bbox 1069 2080 1855 2117">
    <p class='ocr_par' dir='ltr' id='par_1_96' title="bbox 1069 2080 1855 2117">
     <span class='ocr_line' id='line_1_96' title="bbox 1069 2080 1855 2117; baseline 0.005 -10"><span class='ocrx_word' id='word_1_626' title='bbox 1069 2088 1099 2117; x_wconf 77' lang='lat' dir='ltr'><strong>re</strong></span> <span class='ocrx_word' id='word_1_627' title='bbox 1113 2081 1211 2116; x_wconf 75' lang='lat' dir='ltr'><strong>agitur,</strong></span> <span class='ocrx_word' id='word_1_628' title='bbox 1225 2081 1257 2108; x_wconf 87' lang='lat' dir='ltr'><strong>ad</strong></span> <span class='ocrx_word' id='word_1_629' title='bbox 1273 2080 1352 2108; x_wconf 85' lang='lat' dir='ltr'><strong>linem</strong></span> <span class='ocrx_word' id='word_1_630' title='bbox 1367 2088 1450 2116; x_wconf 80' lang='lat' dir='ltr'><strong>usque</strong></span> <span class='ocrx_word' id='word_1_631' title='bbox 1466 2082 1632 2109; x_wconf 87' lang='lat' dir='ltr'><strong>transcribit.</strong></span> <span class='ocrx_word' id='word_1_632' title='bbox 1649 2081 1713 2109; x_wconf 65' lang='lat' dir='ltr'><strong>&quot;me</strong></span> <span class='ocrx_word' id='word_1_633' title='bbox 1730 2089 1781 2117; x_wconf 85' lang='lat' dir='ltr'><strong>per</strong></span> <span class='ocrx_word' id='word_1_634' title='bbox 1794 2091 1855 2111; x_wconf 79' lang='lat' dir='ltr'><strong>cnn-</strong></span> 
     </span>
    </p>
   </div>
   <div class='ocr_carea' id='block_1_97' title="bbox 1064 2115 1855 2150">
    <p class='ocr_par' dir='ltr' id='par_1_97' title="bbox 1064 2115 1855 2150">
     <span class='ocr_line' id='line_1_97' title="bbox 1064 2115 1855 2150; baseline 0.005 -9"><span class='ocrx_word' id='word_1_635' title='bbox 1064 2115 1199 2149; x_wconf 81' lang='lat' dir='ltr'><strong>jecttiram</strong></span> <span class='ocrx_word' id='word_1_636' title='bbox 1217 2117 1289 2143; x_wconf 83' lang='lat' dir='ltr'><strong>dicta</strong></span> <span class='ocrx_word' id='word_1_637' title='bbox 1307 2117 1361 2142; x_wconf 80' lang='lat' dir='ltr'><strong>sitit</strong></span> <span class='ocrx_word' id='word_1_638' title='bbox 1381 2125 1388 2143; x_wconf 90' lang='lat'><strong>:</strong></span> <span class='ocrx_word' id='word_1_639' title='bbox 1408 2115 1468 2143; x_wconf 83' lang='lat' dir='ltr'><strong>nam</strong></span> <span class='ocrx_word' id='word_1_640' title='bbox 1496 2117 1567 2143; x_wconf 89' lang='lat' dir='ltr'><strong>nttlla</strong></span> <span class='ocrx_word' id='word_1_641' title='bbox 1589 2115 1751 2150; x_wconf 79' lang='lat' dir='ltr'><strong>auctoritas,</strong></span> <span class='ocrx_word' id='word_1_642' title='bbox 1777 2119 1855 2146; x_wconf 66' lang='lat' dir='ltr'><strong>nullm</strong></span> 
     </span>
    </p>
   </div>
   <div class='ocr_carea' id='block_1_98' title="bbox 1067 2151 1853 2187">
    <p class='ocr_par' dir='ltr' id='par_1_98' title="bbox 1067 2151 1853 2187">
     <span class='ocr_line' id='line_1_98' title="bbox 1067 2151 1853 2187; baseline 0.004 -10"><span class='ocrx_word' id='word_1_643' title='bbox 1067 2151 1205 2187; x_wconf 78' lang='lat' dir='ltr'><strong>variantes</strong></span> <span class='ocrx_word' id='word_1_644' title='bbox 1219 2151 1346 2187; x_wconf 82' lang='lat' dir='ltr'><strong>lectiones</strong></span> <span class='ocrx_word' id='word_1_645' title='bbox 1362 2151 1402 2178; x_wconf 77' lang='lat' dir='ltr'><strong>Vel</strong></span> <span class='ocrx_word' id='word_1_646' title='bbox 1419 2151 1513 2187; x_wconf 77' lang='lat' dir='ltr'><strong>leviter</strong></span> <span class='ocrx_word' id='word_1_647' title='bbox 1529 2153 1645 2178; x_wconf 88' lang='lat' dir='ltr'><strong>innuunt</strong></span> <span class='ocrx_word' id='word_1_648' title='bbox 1657 2152 1757 2180; x_wconf 88' lang='lat' dir='ltr'><strong>librutn</strong></span> <span class='ocrx_word' id='word_1_649' title='bbox 1773 2161 1791 2180; x_wconf 96' lang='grc' dir='ltr'><strong>ιι</strong></span> <span class='ocrx_word' id='word_1_650' title='bbox 1807 2162 1853 2187; x_wconf 90' lang='lat' dir='ltr'><strong>pro</strong></span> 
     </span>
    </p>
   </div>
   <div class='ocr_carea' id='block_1_99' title="bbox 1068 2185 1853 2222">
    <p class='ocr_par' dir='ltr' id='par_1_99' title="bbox 1068 2185 1853 2222">
     <span class='ocr_line' id='line_1_99' title="bbox 1068 2185 1853 2222; baseline 0.005 -10"><span class='ocrx_word' id='word_1_651' title='bbox 1068 2185 1137 2222; x_wconf 85' lang='lat' dir='ltr'><strong>libro</strong></span> <span class='ocrx_word' id='word_1_652' title='bbox 1151 2194 1164 2222; x_wconf 85' lang='lat' dir='ltr'><strong>v</strong></span> <span class='ocrx_word' id='word_1_653' title='bbox 1180 2186 1296 2219; x_wconf 87' lang='lat' dir='ltr'><strong>positum</strong></span> <span class='ocrx_word' id='word_1_654' title='bbox 1309 2193 1388 2222; x_wconf 19' lang='lat' dir='ltr'><strong>resse.</strong></span> <span class='ocrx_word' id='word_1_655' title='bbox 1411 2186 1462 2213; x_wconf 86' lang='lat' dir='ltr'><strong>Sed</strong></span> <span class='ocrx_word' id='word_1_656' title='bbox 1477 2186 1591 2213; x_wconf 78' lang='lat' dir='ltr'><strong>Rulinus</strong></span> <span class='ocrx_word' id='word_1_657' title='bbox 1609 2187 1666 2219; x_wconf 74' lang='lat' dir='ltr'><strong>ipse</strong></span> <span class='ocrx_word' id='word_1_658' title='bbox 1686 2187 1768 2221; x_wconf 85' lang='lat' dir='ltr'><strong>hujus</strong></span> <span class='ocrx_word' id='word_1_659' title='bbox 1789 2185 1853 2222; x_wconf 75' lang='lat' dir='ltr'><strong>Apo-</strong></span> 
     </span>
    </p>
   </div>
   <div class='ocr_carea' id='block_1_100' title="bbox 226 2220 1852 2256">
    <p class='ocr_par' dir='ltr' id='par_1_100' title="bbox 226 2220 1852 2256">
     <span class='ocr_line' id='line_1_100' title="bbox 226 2220 1852 2256; baseline 0.001 -8"><span class='ocrx_word' id='word_1_660' title='bbox 226 2220 353 2256; x_wconf 71' lang='lat' dir='ltr'><strong>Origeuis</strong></span> <span class='ocrx_word' id='word_1_661' title='bbox 366 2227 508 2248; x_wconf 75' lang='lat' dir='ltr'><strong>contextus</strong></span> <span class='ocrx_word' id='word_1_662' title='bbox 521 2222 611 2248; x_wconf 86' lang='lat' dir='ltr'><strong>uullibi</strong></span> <span class='ocrx_word' id='word_1_663' title='bbox 628 2222 654 2248; x_wconf 86' lang='lat' dir='ltr'><strong>iu</strong></span> <span class='ocrx_word' id='word_1_664' title='bbox 671 2223 789 2248; x_wconf 82' lang='lat' dir='ltr'><strong>secundo</strong></span> <span class='ocrx_word' id='word_1_665' title='bbox 806 2227 878 2248; x_wconf 84' lang='lat' dir='ltr'><strong>Iomo</strong></span> <span class='ocrx_word' id='word_1_666' title='bbox 893 2222 920 2248; x_wconf 83' lang='lat' dir='ltr'><strong>in</strong></span> <span class='ocrx_word' id='word_1_667' title='bbox 934 2220 1015 2248; x_wconf 75' lang='lat' dir='ltr'><strong>Jonn-</strong></span> <span class='ocrx_word' id='word_1_668' title='bbox 1030 2220 1053 2247; x_wconf 91' lang='lat' dir='ltr'><strong>D</strong></span> <span class='ocrx_word' id='word_1_669' title='bbox 1067 2221 1143 2254; x_wconf 68' lang='lat' dir='ltr'><strong>logia:</strong></span> <span class='ocrx_word' id='word_1_670' title='bbox 1157 2221 1288 2254; x_wconf 79' lang='lat' dir='ltr'><strong>interpres</strong></span> <span class='ocrx_word' id='word_1_671' title='bbox 1305 2221 1382 2248; x_wconf 81' lang='lat' dir='ltr'><strong>facile</strong></span> <span class='ocrx_word' id='word_1_672' title='bbox 1400 2222 1485 2255; x_wconf 88' lang='lat' dir='ltr'><strong>potuit</strong></span> <span class='ocrx_word' id='word_1_673' title='bbox 1498 2222 1597 2255; x_wconf 86' lang='lat' dir='ltr'><strong>decipi.</strong></span> <span class='ocrx_word' id='word_1_674' title='bbox 1614 2222 1652 2248; x_wconf 79' lang='lat' dir='ltr'><strong>Ex</strong></span> <span class='ocrx_word' id='word_1_675' title='bbox 1678 2220 1769 2250; x_wconf 77' lang='lat' dir='ltr'><strong>littera</strong></span> <span class='ocrx_word' id='word_1_676' title='bbox 1784 2220 1852 2250; x_wconf 82' lang='lat' dir='ltr'><strong>enim</strong></span> 
     </span>
    </p>
   </div>
   <div class='ocr_carea' id='block_1_101' title="bbox 226 2257 1012 2291">
    <p class='ocr_par' dir='ltr' id='par_1_101' title="bbox 226 2257 1012 2291">
     <span class='ocr_line' id='line_1_101' title="bbox 226 2257 1012 2291; baseline 0 -8"><span class='ocrx_word' id='word_1_677' title='bbox 226 2264 286 2283; x_wconf 78' lang='lat' dir='ltr'><strong>nem</strong></span> <span class='ocrx_word' id='word_1_678' title='bbox 309 2257 452 2290; x_wconf 85' lang='lat' dir='ltr'><strong>reperitur,</strong></span> <span class='ocrx_word' id='word_1_679' title='bbox 474 2257 597 2291; x_wconf 82' lang='lat' dir='ltr'><strong>quamvis</strong></span> <span class='ocrx_word' id='word_1_680' title='bbox 620 2257 713 2284; x_wconf 57' lang='grc' dir='ltr'><strong>(ἔα-πρε</strong></span> <span class='ocrx_word' id='word_1_681' title='bbox 742 2257 890 2283; x_wconf 90' lang='lat' dir='ltr'><strong>etiamnum</strong></span> <span class='ocrx_word' id='word_1_682' title='bbox 915 2261 1012 2284; x_wconf 81' lang='lat' dir='ltr'><strong>exstet.</strong></span> 
     </span>
    </p>
   </div>
   <div class='ocr_carea' id='block_1_102' title="bbox 229 2291 1014 2326">
    <p class='ocr_par' dir='ltr' id='par_1_102' title="bbox 229 2291 1014 2326">
     <span class='ocr_line' id='line_1_102' title="bbox 229 2291 1014 2326; baseline 0.001 -8"><span class='ocrx_word' id='word_1_683' title='bbox 229 2292 282 2318; x_wconf 82' lang='lat' dir='ltr'><strong>Sed</strong></span> <span class='ocrx_word' id='word_1_684' title='bbox 310 2297 429 2318; x_wconf 66' lang='lat' dir='ltr'><strong>estreuta</strong></span> <span class='ocrx_word' id='word_1_685' title='bbox 456 2294 496 2318; x_wconf 89' lang='lat' dir='ltr'><strong>sui</strong></span> <span class='ocrx_word' id='word_1_686' title='bbox 527 2297 603 2326; x_wconf 83' lang='lat' dir='ltr'><strong>parte</strong></span> <span class='ocrx_word' id='word_1_687' title='bbox 633 2293 808 2318; x_wconf 80' lang='lat' dir='ltr'><strong>detruncatus</strong></span> <span class='ocrx_word' id='word_1_688' title='bbox 839 2291 945 2318; x_wconf 86' lang='lat' dir='ltr'><strong>videtur</strong></span> <span class='ocrx_word' id='word_1_689' title='bbox 971 2293 1014 2319; x_wconf 88' lang='lat' dir='ltr'><strong>hic</strong></span> 
     </span>
    </p>
   </div>
   <div class='ocr_carea' id='block_1_103' title="bbox 229 2326 1014 2361">
    <p class='ocr_par' dir='ltr' id='par_1_103' title="bbox 229 2326 1014 2361">
     <span class='ocr_line' id='line_1_103' title="bbox 229 2326 1014 2361; baseline 0.003 -10"><span class='ocrx_word' id='word_1_690' title='bbox 229 2331 327 2352; x_wconf 85' lang='lat' dir='ltr'><strong>tomus.</strong></span> <span class='ocrx_word' id='word_1_691' title='bbox 338 2326 460 2352; x_wconf 83' lang='lat' dir='ltr'><strong>Forsitan</strong></span> <span class='ocrx_word' id='word_1_692' title='bbox 469 2326 550 2352; x_wconf 87' lang='lat' dir='ltr'><strong>etiattt</strong></span> <span class='ocrx_word' id='word_1_693' title='bbox 562 2326 742 2361; x_wconf 82' lang='lat' dir='ltr'><strong>fragmentum</strong></span> <span class='ocrx_word' id='word_1_694' title='bbox 754 2327 803 2353; x_wconf 82' lang='lat' dir='ltr'><strong>hoc</strong></span> <span class='ocrx_word' id='word_1_695' title='bbox 816 2332 910 2354; x_wconf 88' lang='lat' dir='ltr'><strong>etotuo</strong></span> <span class='ocrx_word' id='word_1_696' title='bbox 921 2327 1014 2361; x_wconf 89' lang='lat' dir='ltr'><strong>quinto</strong></span> 
     </span>
    </p>
   </div>
   <div class='ocr_carea' id='block_1_104' title="bbox 226 2360 1012 2395">
    <p class='ocr_par' dir='ltr' id='par_1_104' title="bbox 226 2360 1012 2395">
     <span class='ocr_line' id='line_1_104' title="bbox 226 2360 1012 2395; baseline 0.003 -9"><span class='ocrx_word' id='word_1_697' title='bbox 226 2361 257 2387; x_wconf 83' lang='lat' dir='ltr'><strong>in</strong></span> <span class='ocrx_word' id='word_1_698' title='bbox 280 2360 410 2387; x_wconf 85' lang='lat' dir='ltr'><strong>Joannem</strong></span> <span class='ocrx_word' id='word_1_699' title='bbox 436 2361 491 2387; x_wconf 85' lang='lat' dir='ltr'><strong>erui</strong></span> <span class='ocrx_word' id='word_1_700' title='bbox 519 2360 618 2394; x_wconf 67' lang='lat' dir='ltr'><strong>possit,</strong></span> <span class='ocrx_word' id='word_1_701' title='bbox 646 2363 871 2395; x_wconf 86' lang='lat' dir='ltr'><strong>quemadmodum</strong></span> <span class='ocrx_word' id='word_1_702' title='bbox 896 2360 1012 2389; x_wconf 26' lang='lat' dir='ltr'><strong>et’illud</strong></span> 
     </span>
    </p>
   </div>
   <div class='ocr_carea' id='block_1_105' title="bbox 228 2396 1014 2430">
    <p class='ocr_par' dir='ltr' id='par_1_105' title="bbox 228 2396 1014 2430">
     <span class='ocr_line' id='line_1_105' title="bbox 228 2396 1014 2430; baseline 0.004 -10"><span class='ocrx_word' id='word_1_703' title='bbox 228 2396 300 2428; x_wconf 89' lang='lat' dir='ltr'><strong>quod</strong></span> <span class='ocrx_word' id='word_1_704' title='bbox 315 2402 348 2422; x_wconf 86' lang='lat' dir='ltr'><strong>ex</strong></span> <span class='ocrx_word' id='word_1_705' title='bbox 363 2396 455 2421; x_wconf 89' lang='lat' dir='ltr'><strong>eodem</strong></span> <span class='ocrx_word' id='word_1_706' title='bbox 477 2400 549 2422; x_wconf 77' lang='lat' dir='ltr'><strong>tumo</strong></span> <span class='ocrx_word' id='word_1_707' title='bbox 564 2404 643 2430; x_wconf 84' lang='lat' dir='ltr'><strong>supra</strong></span> <span class='ocrx_word' id='word_1_708' title='bbox 660 2396 751 2423; x_wconf 78' lang='lat' dir='ltr'><strong>attulit</strong></span> <span class='ocrx_word' id='word_1_709' title='bbox 767 2396 932 2430; x_wconf 87' lang='lat' dir='ltr'><strong>Pamphilus.</strong></span> <span class='ocrx_word' id='word_1_710' title='bbox 951 2397 1014 2424; x_wconf 85' lang='lat' dir='ltr'><strong>Pro-</strong></span> 
     </span>
    </p>
   </div>
   <div class='ocr_carea' id='block_1_106' title="bbox 228 2430 1010 2466">
    <p class='ocr_par' dir='ltr' id='par_1_106' title="bbox 228 2430 1010 2466">
     <span class='ocr_line' id='line_1_106' title="bbox 228 2430 1010 2466; baseline 0.001 -9"><span class='ocrx_word' id='word_1_711' title='bbox 228 2431 299 2457; x_wconf 73' lang='lat' dir='ltr'><strong>fecto</strong></span> <span class='ocrx_word' id='word_1_712' title='bbox 321 2430 389 2456; x_wconf 89' lang='lat' dir='ltr'><strong>idettt</strong></span> <span class='ocrx_word' id='word_1_713' title='bbox 415 2431 470 2456; x_wconf 83' lang='lat' dir='ltr'><strong>iere</strong></span> <span class='ocrx_word' id='word_1_714' title='bbox 491 2436 530 2457; x_wconf 88' lang='lat' dir='ltr'><strong>est</strong></span> <span class='ocrx_word' id='word_1_715' title='bbox 551 2433 692 2465; x_wconf 80' lang='lat' dir='ltr'><strong>utriusque</strong></span> <span class='ocrx_word' id='word_1_716' title='bbox 721 2432 864 2466; x_wconf 78' lang='lat' dir='ltr'><strong>Iragutettti</strong></span> <span class='ocrx_word' id='word_1_717' title='bbox 891 2432 1010 2462; x_wconf 88' lang='lat' dir='ltr'><strong>initium,</strong></span> 
     </span>
    </p>
   </div>
   <div class='ocr_carea' id='block_1_107' title="bbox 227 2465 1012 2501">
    <p class='ocr_par' dir='ltr' id='par_1_107' title="bbox 227 2465 1012 2501">
     <span class='ocr_line' id='line_1_107' title="bbox 227 2465 1012 2501; baseline 0.003 -10"><span class='ocrx_word' id='word_1_718' title='bbox 227 2465 319 2501; x_wconf 81' lang='lat' dir='ltr'><strong>eadem</strong></span> <span class='ocrx_word' id='word_1_719' title='bbox 337 2473 403 2499; x_wconf 82' lang='lat' dir='ltr'><strong>pene</strong></span> <span class='ocrx_word' id='word_1_720' title='bbox 420 2466 519 2501; x_wconf 82' lang='lat' dir='ltr'><strong>verba:</strong></span> <span class='ocrx_word' id='word_1_721' title='bbox 538 2466 584 2492; x_wconf 88' lang='lat' dir='ltr'><strong>sed</strong></span> <span class='ocrx_word' id='word_1_722' title='bbox 607 2474 666 2491; x_wconf 86' lang='lat' dir='ltr'><strong>cum</strong></span> <span class='ocrx_word' id='word_1_723' title='bbox 691 2467 765 2501; x_wconf 86' lang='lat' dir='ltr'><strong>prius</strong></span> <span class='ocrx_word' id='word_1_724' title='bbox 790 2466 929 2500; x_wconf 85' lang='lat' dir='ltr'><strong>Pamphilo</strong></span> <span class='ocrx_word' id='word_1_725' title='bbox 950 2475 1012 2501; x_wconf 86' lang='lat' dir='ltr'><strong>pro—</strong></span> 
     </span>
    </p>
   </div>
   <div class='ocr_carea' id='block_1_108' title="bbox 227 2500 1010 2537">
    <p class='ocr_par' dir='ltr' id='par_1_108' title="bbox 227 2500 1010 2537">
     <span class='ocr_line' id='line_1_108' title="bbox 227 2500 1010 2537; baseline 0.003 -11"><span class='ocrx_word' id='word_1_726' title='bbox 227 2500 344 2537; x_wconf 65' lang='lat' dir='ltr'><strong>bandum</strong></span> <span class='ocrx_word' id='word_1_727' title='bbox 360 2500 526 2527; x_wconf 75' lang='lat' dir='ltr'><strong>int&#39;umbt-ret</strong></span> <span class='ocrx_word' id='word_1_728' title='bbox 541 2509 573 2527; x_wconf 84' lang='lat' dir='ltr'><strong>ex</strong></span> <span class='ocrx_word' id='word_1_729' title='bbox 591 2501 645 2537; x_wconf 80' lang='lat' dir='ltr'><strong>Deo</strong></span> <span class='ocrx_word' id='word_1_730' title='bbox 662 2500 740 2528; x_wconf 86' lang='lat' dir='ltr'><strong>Patre</strong></span> <span class='ocrx_word' id='word_1_731' title='bbox 756 2501 838 2537; x_wconf 83' lang='lat' dir='ltr'><strong>(juxta</strong></span> <span class='ocrx_word' id='word_1_732' title='bbox 857 2502 1010 2537; x_wconf 65' lang='lat' dir='ltr'><strong>prigeuetn)</strong></span> 
     </span>
    </p>
   </div>
   <div class='ocr_carea' id='block_1_109' title="bbox 225 2534 1011 2565">
    <p class='ocr_par' dir='ltr' id='par_1_109' title="bbox 225 2534 1011 2565">
     <span class='ocr_line' id='line_1_109' title="bbox 225 2534 1011 2565; baseline 0.003 -4"><span class='ocrx_word' id='word_1_733' title='bbox 225 2534 324 2561; x_wconf 76' lang='lat' dir='ltr'><strong>Filium</strong></span> <span class='ocrx_word' id='word_1_734' title='bbox 339 2543 399 2562; x_wconf 85' lang='lat' dir='ltr'><strong>esse</strong></span> <span class='ocrx_word' id='word_1_735' title='bbox 420 2541 527 2565; x_wconf 76' lang='lat' dir='ltr'><strong>natum,</strong></span> <span class='ocrx_word' id='word_1_736' title='bbox 549 2542 576 2562; x_wconf 87' lang='lat' dir='ltr'><strong>et</strong></span> <span class='ocrx_word' id='word_1_737' title='bbox 597 2536 676 2562; x_wconf 90' lang='lat' dir='ltr'><strong>ttuius</strong></span> <span class='ocrx_word' id='word_1_738' title='bbox 697 2534 837 2563; x_wconf 31' lang='lat' dir='ltr'><strong>esse‘ctnu</strong></span> <span class='ocrx_word' id='word_1_739' title='bbox 855 2534 932 2563; x_wconf 79' lang='lat' dir='ltr'><strong>Patre</strong></span> <span class='ocrx_word' id='word_1_740' title='bbox 946 2539 1011 2564; x_wconf 87' lang='lat' dir='ltr'><strong>sub-</strong></span> 
     </span>
    </p>
   </div>
   <div class='ocr_carea' id='block_1_110' title="bbox 224 2570 1009 2604">
    <p class='ocr_par' dir='ltr' id='par_1_110' title="bbox 224 2570 1009 2604">
     <span class='ocr_line' id='line_1_110' title="bbox 224 2570 1009 2604; baseline 0.003 -8"><span class='ocrx_word' id='word_1_741' title='bbox 224 2571 342 2600; x_wconf 71' lang='lat' dir='ltr'><strong>stantize,</strong></span> <span class='ocrx_word' id='word_1_742' title='bbox 364 2570 479 2597; x_wconf 87' lang='lat' dir='ltr'><strong>aliettum</strong></span> <span class='ocrx_word' id='word_1_743' title='bbox 497 2578 562 2597; x_wconf 87' lang='lat' dir='ltr'><strong>vero</strong></span> <span class='ocrx_word' id='word_1_744' title='bbox 584 2578 598 2597; x_wconf 94' lang='lat' dir='ltr'><strong>a</strong></span> <span class='ocrx_word' id='word_1_745' title='bbox 623 2571 780 2600; x_wconf 75' lang='lat' dir='ltr'><strong>substantiis</strong></span> <span class='ocrx_word' id='word_1_746' title='bbox 804 2577 1009 2604; x_wconf 87' lang='lat' dir='ltr'><strong>creaturarum,</strong></span> 
     </span>
    </p>
   </div>
   <div class='ocr_carea' id='block_1_111' title="bbox 224 2604 1008 2640">
    <p class='ocr_par' dir='ltr' id='par_1_111' title="bbox 224 2604 1008 2640">
     <span class='ocr_line' id='line_1_111' title="bbox 224 2604 1008 2640; baseline 0 -8"><span class='ocrx_word' id='word_1_747' title='bbox 224 2611 366 2640; x_wconf 81' lang='lat' dir='ltr'><strong>postquam</strong></span> <span class='ocrx_word' id='word_1_748' title='bbox 387 2605 469 2640; x_wconf 76' lang='lat' dir='ltr'><strong>dixit,</strong></span> <span class='ocrx_word' id='word_1_749' title='bbox 486 2604 644 2640; x_wconf 78' lang='lat' dir='ltr'><strong>Unigenitus</strong></span> <span class='ocrx_word' id='word_1_750' title='bbox 664 2605 751 2632; x_wconf 81' lang='lat' dir='ltr'><strong>Filius</strong></span> <span class='ocrx_word' id='word_1_751' title='bbox 768 2606 891 2633; x_wconf 83' lang='lat' dir='ltr'><strong>Salvator</strong></span> <span class='ocrx_word' id='word_1_752' title='bbox 910 2613 1008 2639; x_wconf 83' lang='lat' dir='ltr'><strong>noster,</strong></span> 
     </span>
    </p>
   </div>
   <div class='ocr_carea' id='block_1_112' title="bbox 223 2639 1009 2674">
    <p class='ocr_par' dir='ltr' id='par_1_112' title="bbox 223 2639 1009 2674">
     <span class='ocr_line' id='line_1_112' title="bbox 223 2639 1009 2674; baseline 0.001 -8"><span class='ocrx_word' id='word_1_753' title='bbox 223 2641 268 2674; x_wconf 85' lang='lat' dir='ltr'><strong>qui</strong></span> <span class='ocrx_word' id='word_1_754' title='bbox 287 2640 358 2667; x_wconf 84' lang='lat' dir='ltr'><strong>solus</strong></span> <span class='ocrx_word' id='word_1_755' title='bbox 383 2647 416 2666; x_wconf 76' lang='lat' dir='ltr'><strong>ea:</strong></span> <span class='ocrx_word' id='word_1_756' title='bbox 441 2639 521 2666; x_wconf 84' lang='lat' dir='ltr'><strong>Patre</strong></span> <span class='ocrx_word' id='word_1_757' title='bbox 537 2639 614 2667; x_wconf 77' lang='lat' dir='ltr'><strong>natus</strong></span> <span class='ocrx_word' id='word_1_758' title='bbox 631 2646 686 2672; x_wconf 73' lang='lat' dir='ltr'><strong>est,</strong></span> <span class='ocrx_word' id='word_1_759' title='bbox 702 2641 773 2667; x_wconf 76' lang='lat' dir='ltr'><strong>solus</strong></span> <span class='ocrx_word' id='word_1_760' title='bbox 793 2648 888 2668; x_wconf 87' lang='lat' dir='ltr'><strong>natura</strong></span> <span class='ocrx_word' id='word_1_761' title='bbox 910 2646 934 2667; x_wconf 87' lang='lat' dir='ltr'><strong>et</strong></span> <span class='ocrx_word' id='word_1_762' title='bbox 958 2649 1009 2667; x_wconf 87' lang='lat' dir='ltr'><strong>non</strong></span> 
     </span>
    </p>
   </div>
   <div class='ocr_carea' id='block_1_113' title="bbox 223 2674 1007 2711">
    <p class='ocr_par' dir='ltr' id='par_1_113' title="bbox 223 2674 1007 2711">
     <span class='ocr_line' id='line_1_113' title="bbox 223 2674 1007 2711; baseline 0 -10"><span class='ocrx_word' id='word_1_763' title='bbox 223 2676 364 2708; x_wconf 77' lang='lat' dir='ltr'><strong>adoptione</strong></span> <span class='ocrx_word' id='word_1_764' title='bbox 385 2674 474 2701; x_wconf 76' lang='lat' dir='ltr'><strong>Filius</strong></span> <span class='ocrx_word' id='word_1_765' title='bbox 493 2680 541 2706; x_wconf 78' lang='lat' dir='ltr'><strong>est,</strong></span> <span class='ocrx_word' id='word_1_766' title='bbox 565 2677 703 2710; x_wconf 82' lang='lat' dir='ltr'><strong>sequentia</strong></span> <span class='ocrx_word' id='word_1_767' title='bbox 723 2677 867 2711; x_wconf 82' lang='lat' dir='ltr'><strong>reliquisse</strong></span> <span class='ocrx_word' id='word_1_768' title='bbox 890 2676 1007 2707; x_wconf 81' lang='lat' dir='ltr'><strong>videtur,</strong></span> 
     </span>
    </p>
   </div>
   <div class='ocr_carea' id='block_1_114' title="bbox 223 2710 1009 2745">
    <p class='ocr_par' dir='ltr' id='par_1_114' title="bbox 223 2710 1009 2745">
     <span class='ocr_line' id='line_1_114' title="bbox 223 2710 1009 2745; baseline 0.003 -10"><span class='ocrx_word' id='word_1_769' title='bbox 223 2715 254 2736; x_wconf 87' lang='lat' dir='ltr'><strong>ut</strong></span> <span class='ocrx_word' id='word_1_770' title='bbox 268 2711 301 2736; x_wconf 80' lang='lat' dir='ltr'><strong>ad</strong></span> <span class='ocrx_word' id='word_1_771' title='bbox 318 2710 480 2744; x_wconf 79' lang='lat' dir='ltr'><strong>posteriora,</strong></span> <span class='ocrx_word' id='word_1_772' title='bbox 502 2718 561 2745; x_wconf 71' lang='lat' dir='ltr'><strong>qua:</strong></span> <span class='ocrx_word' id='word_1_773' title='bbox 575 2711 608 2736; x_wconf 83' lang='lat' dir='ltr'><strong>ad</strong></span> <span class='ocrx_word' id='word_1_774' title='bbox 624 2718 679 2737; x_wconf 89' lang='lat' dir='ltr'><strong>rem</strong></span> <span class='ocrx_word' id='word_1_775' title='bbox 697 2710 1009 2745; x_wconf 36' lang='lat' dir='ltr'><strong>pertiuenttprngrede-</strong></span> 
     </span>
    </p>
   </div>
   <div class='ocr_carea' id='block_1_115' title="bbox 225 2745 1007 2779">
    <p class='ocr_par' dir='ltr' id='par_1_115' title="bbox 225 2745 1007 2779">
     <span class='ocr_line' id='line_1_115' title="bbox 225 2745 1007 2779; baseline 0.003 -9"><span class='ocrx_word' id='word_1_776' title='bbox 225 2750 299 2770; x_wconf 89' lang='lat' dir='ltr'><strong>retur</strong></span> <span class='ocrx_word' id='word_1_777' title='bbox 319 2745 361 2771; x_wconf 82' lang='lat' dir='ltr'><strong>his</strong></span> <span class='ocrx_word' id='word_1_778' title='bbox 385 2745 492 2773; x_wconf 85' lang='lat' dir='ltr'><strong>verbis:</strong></span> <span class='ocrx_word' id='word_1_779' title='bbox 510 2745 576 2772; x_wconf 81' lang='lat' dir='ltr'><strong>Item</strong></span> <span class='ocrx_word' id='word_1_780' title='bbox 596 2747 623 2772; x_wconf 87' lang='lat' dir='ltr'><strong>in</strong></span> <span class='ocrx_word' id='word_1_781' title='bbox 640 2747 729 2772; x_wconf 86' lang='lat' dir='ltr'><strong>eodem</strong></span> <span class='ocrx_word' id='word_1_782' title='bbox 752 2746 829 2772; x_wconf 79' lang='lat' dir='ltr'><strong>libro.</strong></span> <span class='ocrx_word' id='word_1_783' title='bbox 849 2745 926 2772; x_wconf 79' lang='lat' dir='ltr'><strong>Unus</strong></span> <span class='ocrx_word' id='word_1_784' title='bbox 947 2754 1007 2779; x_wconf 84' lang='lat' dir='ltr'><strong>ergo</strong></span> 
     </span>
    </p>
   </div>
   <div class='ocr_carea' id='block_1_116' title="bbox 223 2779 1005 2815">
    <p class='ocr_par' dir='ltr' id='par_1_116' title="bbox 223 2779 1005 2815">
     <span class='ocr_line' id='line_1_116' title="bbox 223 2779 1005 2815; baseline 0.005 -11"><span class='ocrx_word' id='word_1_785' title='bbox 223 2784 273 2810; x_wconf 76' lang='lat' dir='ltr'><strong>est,</strong></span> <span class='ocrx_word' id='word_1_786' title='bbox 287 2784 346 2815; x_wconf 22' lang='lat' dir='ltr'><strong>etc.‘</strong></span> <span class='ocrx_word' id='word_1_787' title='bbox 357 2779 406 2806; x_wconf 85' lang='lat' dir='ltr'><strong>llic</strong></span> <span class='ocrx_word' id='word_1_788' title='bbox 419 2786 482 2806; x_wconf 86' lang='lat' dir='ltr'><strong>vero</strong></span> <span class='ocrx_word' id='word_1_789' title='bbox 497 2785 526 2806; x_wconf 90' lang='lat' dir='ltr'><strong>ut</strong></span> <span class='ocrx_word' id='word_1_790' title='bbox 543 2780 637 2815; x_wconf 77' lang='lat' dir='ltr'><strong>probet</strong></span> <span class='ocrx_word' id='word_1_791' title='bbox 656 2788 687 2808; x_wconf 82' lang='lat' dir='ltr'><strong>ex</strong></span> <span class='ocrx_word' id='word_1_792' title='bbox 705 2781 824 2815; x_wconf 80' lang='lat' dir='ltr'><strong>Origene</strong></span> <span class='ocrx_word' id='word_1_793' title='bbox 840 2779 936 2807; x_wconf 79' lang='lat' dir='ltr'><strong>Filium</strong></span> <span class='ocrx_word' id='word_1_794' title='bbox 959 2780 1005 2808; x_wconf 88' lang='lat' dir='ltr'><strong>Dei</strong></span> 
     </span>
    </p>
   </div>
   <div class='ocr_carea' id='block_1_117' title="bbox 226 2811 1012 2853">
    <p class='ocr_par' dir='ltr' id='par_1_117' title="bbox 226 2811 1012 2853">
     <span class='ocr_line' id='line_1_117' title="bbox 226 2811 1012 2853; baseline 0.004 -14"><span class='ocrx_word' id='word_1_795' title='bbox 226 2821 274 2853; x_wconf 81' lang='lat' dir='ltr'><strong>per</strong></span> <span class='ocrx_word' id='word_1_796' title='bbox 290 2813 466 2847; x_wconf 85' lang='lat' dir='ltr'><strong>prolationem</strong></span> <span class='ocrx_word' id='word_1_797' title='bbox 478 2811 574 2853; x_wconf 71' lang='lat' dir='ltr'><strong>uatum</strong></span> <span class='ocrx_word' id='word_1_798' title='bbox 590 2823 642 2853; x_wconf 79' lang='lat' dir='ltr'><strong>non</strong></span> <span class='ocrx_word' id='word_1_799' title='bbox 660 2823 732 2847; x_wconf 77' lang='lat' dir='ltr'><strong>esse,</strong></span> <span class='ocrx_word' id='word_1_800' title='bbox 754 2811 825 2853; x_wconf 69' lang='lat' dir='ltr'><strong>idem</strong></span> <span class='ocrx_word' id='word_1_801' title='bbox 849 2817 933 2853; x_wconf 82' lang='lat' dir='ltr'><strong>hocce</strong></span> <span class='ocrx_word' id='word_1_802' title='bbox 956 2811 1012 2853; x_wconf 74' lang='lat' dir='ltr'><strong>iui-l</strong></span> 
     </span>
    </p>
   </div>
   <div class='ocr_carea' id='block_1_118' title="bbox 227 2850 1012 2885">
    <p class='ocr_par' dir='ltr' id='par_1_118' title="bbox 227 2850 1012 2885">
     <span class='ocr_line' id='line_1_118' title="bbox 227 2850 1012 2885; baseline 0.001 -10"><span class='ocrx_word' id='word_1_803' title='bbox 227 2850 293 2876; x_wconf 84' lang='lat' dir='ltr'><strong>tium</strong></span> <span class='ocrx_word' id='word_1_804' title='bbox 307 2855 444 2878; x_wconf 82' lang='lat' dir='ltr'><strong>resumere</strong></span> <span class='ocrx_word' id='word_1_805' title='bbox 459 2850 576 2884; x_wconf 81' lang='lat' dir='ltr'><strong>videtur,</strong></span> <span class='ocrx_word' id='word_1_806' title='bbox 599 2850 678 2884; x_wconf 84' lang='lat' dir='ltr'><strong>cujus</strong></span> <span class='ocrx_word' id='word_1_807' title='bbox 694 2851 844 2885; x_wconf 84' lang='lat' dir='ltr'><strong>sequentia,</strong></span> <span class='ocrx_word' id='word_1_808' title='bbox 860 2851 905 2879; x_wconf 81' lang='lat' dir='ltr'><strong>ubi</strong></span> <span class='ocrx_word' id='word_1_809' title='bbox 920 2857 951 2879; x_wconf 86' lang='lat' dir='ltr'><strong>ea</strong></span> <span class='ocrx_word' id='word_1_810' title='bbox 972 2851 1012 2879; x_wconf 86' lang='lat' dir='ltr'><strong>de.</strong></span> 
     </span>
    </p>
   </div>
   <div class='ocr_carea' id='block_1_119' title="bbox 1067 2256 1853 2291">
    <p class='ocr_par' dir='ltr' id='par_1_119' title="bbox 1067 2256 1853 2291">
     <span class='ocr_line' id='line_1_119' title="bbox 1067 2256 1853 2291; baseline 0.005 -10"><span class='ocrx_word' id='word_1_811' title='bbox 1067 2256 1100 2287; x_wconf 82' lang='lat' dir='ltr'><strong>Il,</strong></span> <span class='ocrx_word' id='word_1_812' title='bbox 1113 2256 1184 2291; x_wconf 86' lang='lat' dir='ltr'><strong>unde</strong></span> <span class='ocrx_word' id='word_1_813' title='bbox 1199 2257 1307 2290; x_wconf 88' lang='lat' dir='ltr'><strong>quintus</strong></span> <span class='ocrx_word' id='word_1_814' title='bbox 1323 2264 1451 2291; x_wconf 83' lang='lat' dir='ltr'><strong>numerus</strong></span> <span class='ocrx_word' id='word_1_815' title='bbox 1467 2258 1536 2290; x_wconf 85' lang='lat' dir='ltr'><strong>apud</strong></span> <span class='ocrx_word' id='word_1_816' title='bbox 1552 2256 1661 2284; x_wconf 79' lang='lat' dir='ltr'><strong>Cra-cos</strong></span> <span class='ocrx_word' id='word_1_817' title='bbox 1678 2259 1853 2291; x_wconf 83' lang='lat' dir='ltr'><strong>exprimitur,</strong></span> 
     </span>
    </p>
   </div>
   <div class='ocr_carea' id='block_1_120' title="bbox 1066 2290 1852 2326">
    <p class='ocr_par' dir='ltr' id='par_1_120' title="bbox 1066 2290 1852 2326">
     <span class='ocr_line' id='line_1_120' title="bbox 1066 2290 1852 2326; baseline 0.006 -10"><span class='ocrx_word' id='word_1_818' title='bbox 1066 2291 1145 2318; x_wconf 79' lang='lat' dir='ltr'><strong>facile</strong></span> <span class='ocrx_word' id='word_1_819' title='bbox 1163 2290 1193 2317; x_wconf 85' lang='lat' dir='ltr'><strong>iit</strong></span> <span class='ocrx_word' id='word_1_820' title='bbox 1213 2298 1342 2318; x_wconf 88' lang='lat' dir='ltr'><strong>uttmerus</strong></span> <span class='ocrx_word' id='word_1_821' title='bbox 1365 2290 1396 2322; x_wconf 91' lang='lat' dir='ltr'><strong>II,</strong></span> <span class='ocrx_word' id='word_1_822' title='bbox 1418 2292 1439 2317; x_wconf 87' lang='lat' dir='ltr'><strong>si</strong></span> <span class='ocrx_word' id='word_1_823' title='bbox 1461 2291 1529 2318; x_wconf 88' lang='lat' dir='ltr'><strong>linea</strong></span> <span class='ocrx_word' id='word_1_824' title='bbox 1549 2293 1674 2326; x_wconf 87' lang='lat' dir='ltr'><strong>superius</strong></span> <span class='ocrx_word' id='word_1_825' title='bbox 1699 2290 1852 2321; x_wconf 82' lang='lat' dir='ltr'><strong>transversa</strong></span> 
     </span>
    </p>
   </div>
   <div class='ocr_carea' id='block_1_121' title="bbox 1065 2325 1570 2355">
    <p class='ocr_par' dir='ltr' id='par_1_121' title="bbox 1065 2325 1570 2355">
     <span class='ocr_line' id='line_1_121' title="bbox 1065 2325 1570 2355; baseline 0.002 -3"><span class='ocrx_word' id='word_1_826' title='bbox 1065 2330 1111 2352; x_wconf 83' lang='lat' dir='ltr'><strong>aut</strong></span> <span class='ocrx_word' id='word_1_827' title='bbox 1127 2333 1179 2352; x_wconf 90' lang='lat' dir='ltr'><strong>non</strong></span> <span class='ocrx_word' id='word_1_828' title='bbox 1194 2325 1359 2355; x_wconf 83' lang='lat' dir='ltr'><strong>advertatur,</strong></span> <span class='ocrx_word' id='word_1_829' title='bbox 1374 2331 1422 2352; x_wconf 83' lang='lat' dir='ltr'><strong>aut</strong></span> <span class='ocrx_word' id='word_1_830' title='bbox 1437 2326 1570 2353; x_wconf 87' lang='lat' dir='ltr'><strong>deleatur.</strong></span> 
     </span>
    </p>
   </div>
   <div class='ocr_carea' id='block_1_122' title="bbox 1100 2360 1558 2395">
    <p class='ocr_par' dir='ltr' id='par_1_122' title="bbox 1100 2360 1558 2395">
     <span class='ocr_line' id='line_1_122' title="bbox 1100 2360 1558 2395; baseline 0.002 -8"><span class='ocrx_word' id='word_1_831' title='bbox 1100 2361 1154 2395; x_wconf 80' lang='lat'><strong>(85)</strong></span> <span class='ocrx_word' id='word_1_832' title='bbox 1176 2360 1213 2387; x_wconf 78' lang='lat' dir='ltr'><strong>Ex</strong></span> <span class='ocrx_word' id='word_1_833' title='bbox 1230 2360 1276 2387; x_wconf 91' lang='lat' dir='ltr'><strong>lib.</strong></span> <span class='ocrx_word' id='word_1_834' title='bbox 1292 2369 1309 2388; x_wconf 88' lang='lat' dir='ltr'><strong>ll</strong></span> <span class='ocrx_word' id='word_1_835' title='bbox 1323 2364 1349 2386; x_wconf 89' lang='lat' dir='ltr'><strong>in</strong></span> <span class='ocrx_word' id='word_1_836' title='bbox 1363 2360 1464 2394; x_wconf 81' lang='lat' dir='ltr'><strong>annq.</strong></span> <span class='ocrx_word' id='word_1_837' title='bbox 1477 2360 1558 2388; x_wconf 85' lang='lat' dir='ltr'><strong>Joan.</strong></span> 
     </span>
    </p>
   </div>
   <div class='ocr_carea' id='block_1_123' title="bbox 1099 2396 1851 2429">
    <p class='ocr_par' dir='ltr' id='par_1_123' title="bbox 1099 2396 1851 2429">
     <span class='ocr_line' id='line_1_123' title="bbox 1099 2396 1851 2429; baseline 0.004 -7"><span class='ocrx_word' id='word_1_838' title='bbox 1099 2396 1155 2429; x_wconf 71' lang='grc'>(86)</span> <span class='ocrx_word' id='word_1_839' title='bbox 1176 2396 1222 2423; x_wconf 85' lang='lat' dir='ltr'><strong>Sic</strong></span> <span class='ocrx_word' id='word_1_840' title='bbox 1244 2404 1294 2422; x_wconf 80' lang='lat' dir='ltr'><strong>uis.</strong></span> <span class='ocrx_word' id='word_1_841' title='bbox 1320 2396 1494 2424; x_wconf 86' lang='lat' dir='ltr'><strong>Sorbouieus.</strong></span> <span class='ocrx_word' id='word_1_842' title='bbox 1520 2396 1616 2424; x_wconf 72' lang='lat' dir='ltr'><strong>Cat-teri</strong></span> <span class='ocrx_word' id='word_1_843' title='bbox 1640 2403 1706 2424; x_wconf 90' lang='lat' dir='ltr'><strong>vero</strong></span> <span class='ocrx_word' id='word_1_844' title='bbox 1733 2405 1802 2425; x_wconf 87' lang='lat' dir='ltr'><strong>mss.</strong></span> <span class='ocrx_word' id='word_1_845' title='bbox 1826 2404 1851 2425; x_wconf 83' lang='lat' dir='ltr'><strong>et</strong></span> 
     </span>
    </p>
   </div>
   <div class='ocr_carea' id='block_1_124' title="bbox 1064 2431 1338 2457">
    <p class='ocr_par' dir='ltr' id='par_1_124' title="bbox 1064 2431 1338 2457">
     <span class='ocr_line' id='line_1_124' title="bbox 1064 2431 1338 2457; baseline -0.004 0"><span class='ocrx_word' id='word_1_846' title='bbox 1064 2431 1130 2457; x_wconf 73' lang='lat' dir='ltr'><strong>editi</strong></span> <span class='ocrx_word' id='word_1_847' title='bbox 1148 2432 1278 2457; x_wconf 90' lang='lat' dir='ltr'><strong>omittunt</strong></span> <span class='ocrx_word' id='word_1_848' title='bbox 1290 2435 1338 2457; x_wconf 82' lang='lat' dir='ltr'><strong>est.</strong></span> 
     </span>
    </p>
   </div>
   <div class='ocr_carea' id='block_1_125' title="bbox 1098 2465 1849 2499">
    <p class='ocr_par' dir='ltr' id='par_1_125' title="bbox 1098 2465 1849 2499">
     <span class='ocr_line' id='line_1_125' title="bbox 1098 2465 1849 2499; baseline 0.001 -6"><span class='ocrx_word' id='word_1_849' title='bbox 1098 2466 1153 2499; x_wconf 76' lang='lat'><strong>(85)</strong></span> <span class='ocrx_word' id='word_1_850' title='bbox 1174 2466 1210 2492; x_wconf 87' lang='lat' dir='ltr'><strong>Ita</strong></span> <span class='ocrx_word' id='word_1_851' title='bbox 1234 2473 1284 2492; x_wconf 85' lang='lat' dir='ltr'><strong>ms.</strong></span> <span class='ocrx_word' id='word_1_852' title='bbox 1300 2473 1379 2493; x_wconf 87' lang='lat' dir='ltr'><strong>unus.</strong></span> <span class='ocrx_word' id='word_1_853' title='bbox 1395 2465 1492 2493; x_wconf 71' lang='lat' dir='ltr'><strong>Cieteri</strong></span> <span class='ocrx_word' id='word_1_854' title='bbox 1513 2474 1575 2493; x_wconf 87' lang='lat' dir='ltr'><strong>vero</strong></span> <span class='ocrx_word' id='word_1_855' title='bbox 1593 2474 1672 2498; x_wconf 89' lang='lat' dir='ltr'><strong>mss.,</strong></span> <span class='ocrx_word' id='word_1_856' title='bbox 1695 2466 1750 2493; x_wconf 83' lang='lat' dir='ltr'><strong>Sed</strong></span> <span class='ocrx_word' id='word_1_857' title='bbox 1769 2476 1849 2494; x_wconf 82' lang='lat' dir='ltr'><strong>mem.</strong></span> 
     </span>
    </p>
   </div>
   <div class='ocr_carea' id='block_1_126' title="bbox 1064 2500 1849 2537">
    <p class='ocr_par' dir='ltr' id='par_1_126' title="bbox 1064 2500 1849 2537">
     <span class='ocr_line' id='line_1_126' title="bbox 1064 2500 1849 2537; baseline 0.003 -10"><span class='ocrx_word' id='word_1_858' title='bbox 1064 2500 1164 2527; x_wconf 75' lang='lat' dir='ltr'><strong>Deinde</strong></span> <span class='ocrx_word' id='word_1_859' title='bbox 1193 2501 1357 2528; x_wconf 79' lang='lat' dir='ltr'><strong>Sorbouicus</strong></span> <span class='ocrx_word' id='word_1_860' title='bbox 1394 2502 1474 2528; x_wconf 83' lang='lat' dir='ltr'><strong>habet</strong></span> <span class='ocrx_word' id='word_1_861' title='bbox 1506 2502 1540 2528; x_wconf 87' lang='lat' dir='ltr'><strong>atl</strong></span> <span class='ocrx_word' id='word_1_862' title='bbox 1583 2510 1675 2528; x_wconf 85' lang='lat' dir='ltr'><strong>sensus</strong></span> <span class='ocrx_word' id='word_1_863' title='bbox 1715 2510 1767 2537; x_wconf 92' lang='lat' dir='ltr'><strong>pro</strong></span> <span class='ocrx_word' id='word_1_864' title='bbox 1806 2509 1849 2529; x_wconf 87' lang='lat' dir='ltr'><strong>aut</strong></span> 
     </span>
    </p>
   </div>
   <div class='ocr_carea' id='block_1_127' title="bbox 1060 2544 1162 2562">
    <p class='ocr_par' dir='ltr' id='par_1_127' title="bbox 1060 2544 1162 2562">
     <span class='ocr_line' id='line_1_127' title="bbox 1060 2544 1162 2562; baseline 0 0"><span class='ocrx_word' id='word_1_865' title='bbox 1060 2544 1162 2562; x_wconf 67' lang='lat' dir='ltr'><strong>SBMUJ.</strong></span> 
     </span>
    </p>
   </div>
   <div class='ocr_carea' id='block_1_128' title="bbox 1096 2570 1847 2606">
    <p class='ocr_par' dir='ltr' id='par_1_128' title="bbox 1096 2570 1847 2606">
     <span class='ocr_line' id='line_1_128' title="bbox 1096 2570 1847 2606; baseline 0.001 -9"><span class='ocrx_word' id='word_1_866' title='bbox 1096 2572 1153 2605; x_wconf 77' lang='grc'>(86)</span> <span class='ocrx_word' id='word_1_867' title='bbox 1167 2571 1204 2596; x_wconf 90' lang='lat' dir='ltr'><strong>Ita</strong></span> <span class='ocrx_word' id='word_1_868' title='bbox 1217 2578 1386 2606; x_wconf 22' lang='lat' dir='ltr'><strong>omnesimss.</strong></span> <span class='ocrx_word' id='word_1_869' title='bbox 1404 2570 1473 2597; x_wconf 86' lang='lat' dir='ltr'><strong>Editi</strong></span> <span class='ocrx_word' id='word_1_870' title='bbox 1486 2578 1550 2598; x_wconf 90' lang='lat' dir='ltr'><strong>vero</strong></span> <span class='ocrx_word' id='word_1_871' title='bbox 1564 2578 1718 2606; x_wconf 86' lang='lat' dir='ltr'><strong>perperam,</strong></span> <span class='ocrx_word' id='word_1_872' title='bbox 1733 2571 1773 2599; x_wconf 88' lang='lat' dir='ltr'><strong>De</strong></span> <span class='ocrx_word' id='word_1_873' title='bbox 1784 2573 1847 2599; x_wconf 84' lang='lat' dir='ltr'><strong>libra</strong></span> 
     </span>
    </p>
   </div>
   <div class='ocr_carea' id='block_1_129' title="bbox 1059 2605 1845 2643">
    <p class='ocr_par' dir='ltr' id='par_1_129' title="bbox 1059 2605 1845 2643">
     <span class='ocr_line' id='line_1_129' title="bbox 1059 2605 1845 2643; baseline 0.005 -12"><span class='ocrx_word' id='word_1_874' title='bbox 1059 2607 1144 2639; x_wconf 85' lang='lat' dir='ltr'><strong>primo</strong></span> <span class='ocrx_word' id='word_1_875' title='bbox 1159 2606 1229 2639; x_wconf 80' lang='grc' dir='ltr'><strong>Περὶ</strong></span> <span class='ocrx_word' id='word_1_876' title='bbox 1248 2605 1357 2643; x_wconf 67' lang='grc' dir='ltr'><strong>ἀρχῶν.</strong></span> <span class='ocrx_word' id='word_1_877' title='bbox 1378 2606 1475 2643; x_wconf 55' lang='grc' dir='ltr'>ΝιιΙΙίιιὶ</span> <span class='ocrx_word' id='word_1_878' title='bbox 1490 2607 1560 2632; x_wconf 83' lang='lat' dir='ltr'><strong>cuitu</strong></span> <span class='ocrx_word' id='word_1_879' title='bbox 1574 2608 1600 2633; x_wconf 89' lang='lat' dir='ltr'><strong>itt</strong></span> <span class='ocrx_word' id='word_1_880' title='bbox 1615 2614 1648 2633; x_wconf 83' lang='lat' dir='ltr'><strong>eo</strong></span> <span class='ocrx_word' id='word_1_881' title='bbox 1662 2607 1732 2634; x_wconf 89' lang='lat' dir='ltr'><strong>libro</strong></span> <span class='ocrx_word' id='word_1_882' title='bbox 1744 2609 1845 2643; x_wconf 85' lang='lat' dir='ltr'><strong>reperi-</strong></span> 
     </span>
    </p>
   </div>
   <div class='ocr_carea' id='block_1_130' title="bbox 1061 2640 1582 2676">
    <p class='ocr_par' dir='ltr' id='par_1_130' title="bbox 1061 2640 1582 2676">
     <span class='ocr_line' id='line_1_130' title="bbox 1061 2640 1582 2676; baseline 0.002 -9"><span class='ocrx_word' id='word_1_883' title='bbox 1061 2645 1104 2667; x_wconf 91' lang='lat' dir='ltr'><strong>tur</strong></span> <span class='ocrx_word' id='word_1_884' title='bbox 1117 2648 1234 2675; x_wconf 82' lang='lat' dir='ltr'><strong>sequeus</strong></span> <span class='ocrx_word' id='word_1_885' title='bbox 1249 2640 1582 2676; x_wconf 64' lang='lat' dir='ltr'><strong>Urigenisfragmentum.</strong></span> 
     </span>
    </p>
   </div>
   <div class='ocr_carea' id='block_1_131' title="bbox 1095 2675 1641 2709">
    <p class='ocr_par' dir='ltr' id='par_1_131' title="bbox 1095 2675 1641 2709">
     <span class='ocr_line' id='line_1_131' title="bbox 1095 2675 1641 2709; baseline -0.002 -6"><span class='ocrx_word' id='word_1_886' title='bbox 1095 2676 1150 2709; x_wconf 84' lang='lat'><strong>(87)</strong></span> <span class='ocrx_word' id='word_1_887' title='bbox 1169 2676 1206 2702; x_wconf 78' lang='lat' dir='ltr'><strong>Ex</strong></span> <span class='ocrx_word' id='word_1_888' title='bbox 1221 2676 1291 2702; x_wconf 82' lang='lat' dir='ltr'><strong>libro</strong></span> <span class='ocrx_word' id='word_1_889' title='bbox 1303 2675 1314 2702; x_wconf 55' lang='grc' dir='ltr'>⁷ι</span> <span class='ocrx_word' id='word_1_890' title='bbox 1329 2676 1355 2702; x_wconf 83' lang='lat' dir='ltr'><strong>in</strong></span> <span class='ocrx_word' id='word_1_891' title='bbox 1370 2675 1454 2709; x_wconf 83' lang='lat' dir='ltr'><strong>Epist.</strong></span> <span class='ocrx_word' id='word_1_892' title='bbox 1472 2677 1505 2702; x_wconf 81' lang='lat' dir='ltr'><strong>ad</strong></span> <span class='ocrx_word' id='word_1_893' title='bbox 1519 2675 1641 2703; x_wconf 85' lang='lat' dir='ltr'><strong>Galatas.</strong></span> 
     </span>
    </p>
   </div>
   <div class='ocr_carea' id='block_1_132' title="bbox 1094 2711 1843 2747">
    <p class='ocr_par' dir='ltr' id='par_1_132' title="bbox 1094 2711 1843 2747">
     <span class='ocr_line' id='line_1_132' title="bbox 1094 2711 1843 2747; baseline 0.003 -10"><span class='ocrx_word' id='word_1_894' title='bbox 1094 2711 1150 2745; x_wconf 85' lang='lat'><strong>(88)</strong></span> <span class='ocrx_word' id='word_1_895' title='bbox 1162 2711 1242 2747; x_wconf 17' lang='lat' dir='ltr'><strong>rEditiA</strong></span> <span class='ocrx_word' id='word_1_896' title='bbox 1261 2715 1289 2747; x_wconf 72' lang='lat' dir='ltr'><strong>et</strong></span> <span class='ocrx_word' id='word_1_897' title='bbox 1307 2711 1488 2747; x_wconf 20' lang='grc' dir='ltr'>ῃιεηνιιεςὶιιε</span> <span class='ocrx_word' id='word_1_898' title='bbox 1505 2713 1634 2738; x_wconf 84' lang='lat' dir='ltr'><strong>omittunt</strong></span> <span class='ocrx_word' id='word_1_899' title='bbox 1648 2711 1843 2747; x_wconf 73' lang='lat' dir='ltr'><strong>secundoJoco</strong></span> 
     </span>
    </p>
   </div>
   <div class='ocr_carea' id='block_1_133' title="bbox 1057 2745 1842 2780">
    <p class='ocr_par' dir='ltr' id='par_1_133' title="bbox 1057 2745 1842 2780">
     <span class='ocr_line' id='line_1_133' title="bbox 1057 2745 1842 2780; baseline 0.003 -8"><span class='ocrx_word' id='word_1_900' title='bbox 1057 2746 1211 2780; x_wconf 75' lang='lat' dir='ltr'><strong>Apostolus.</strong></span> <span class='ocrx_word' id='word_1_901' title='bbox 1229 2745 1329 2772; x_wconf 86' lang='lat' dir='ltr'><strong>Deinde</strong></span> <span class='ocrx_word' id='word_1_902' title='bbox 1350 2745 1433 2776; x_wconf 85' lang='lat' dir='ltr'><strong>alias.</strong></span> <span class='ocrx_word' id='word_1_903' title='bbox 1454 2747 1499 2772; x_wconf 81' lang='lat' dir='ltr'><strong>sed</strong></span> <span class='ocrx_word' id='word_1_904' title='bbox 1518 2754 1565 2780; x_wconf 85' lang='lat' dir='ltr'><strong>per</strong></span> <span class='ocrx_word' id='word_1_905' title='bbox 1582 2747 1718 2774; x_wconf 76' lang='lat' dir='ltr'><strong>Christum</strong></span> <span class='ocrx_word' id='word_1_906' title='bbox 1731 2745 1842 2779; x_wconf 74' lang='lat' dir='ltr'><strong>Jesum;</strong></span> 
     </span>
    </p>
   </div>
   <div class='ocr_carea' id='block_1_134' title="bbox 1057 2779 1498 2812">
    <p class='ocr_par' dir='ltr' id='par_1_134' title="bbox 1057 2779 1498 2812">
     <span class='ocr_line' id='line_1_134' title="bbox 1057 2779 1498 2812; baseline -0.002 -4"><span class='ocrx_word' id='word_1_907' title='bbox 1057 2779 1085 2808; x_wconf 66' lang='grc' dir='ltr'><strong>εί</strong></span> <span class='ocrx_word' id='word_1_908' title='bbox 1097 2781 1167 2807; x_wconf 79' lang='lat' dir='ltr'><strong>alias</strong></span> <span class='ocrx_word' id='word_1_909' title='bbox 1183 2779 1263 2812; x_wconf 80' lang='lat' dir='ltr'><strong>infra,</strong></span> <span class='ocrx_word' id='word_1_910' title='bbox 1278 2780 1397 2807; x_wconf 71' lang='lat' dir='ltr'><strong>Christus</strong></span> <span class='ocrx_word' id='word_1_911' title='bbox 1409 2779 1498 2807; x_wconf 82' lang='lat' dir='ltr'><strong>Jesus.</strong></span> 
     </span>
    </p>
   </div>
   <div class='ocr_carea' id='block_1_135' title="bbox 1093 2814 1840 2852">
    <p class='ocr_par' dir='ltr' id='par_1_135' title="bbox 1093 2814 1840 2852">
     <span class='ocr_line' id='line_1_135' title="bbox 1093 2814 1840 2852; baseline 0 -10"><span class='ocrx_word' id='word_1_912' title='bbox 1093 2815 1148 2852; x_wconf 72' lang='lat'><strong>(89)</strong></span> <span class='ocrx_word' id='word_1_913' title='bbox 1166 2815 1255 2852; x_wconf 81' lang='lat' dir='ltr'><strong>Editi,</strong></span> <span class='ocrx_word' id='word_1_914' title='bbox 1271 2815 1302 2852; x_wconf 84' lang='lat' dir='ltr'><strong>iI_t_</strong></span> <span class='ocrx_word' id='word_1_915' title='bbox 1312 2814 1478 2848; x_wconf 77' lang='lat' dir='ltr'><strong>sequentibus</strong></span> <span class='ocrx_word' id='word_1_916' title='bbox 1492 2815 1566 2842; x_wconf 83' lang='lat' dir='ltr'><strong>libris</strong></span> <span class='ocrx_word' id='word_1_917' title='bbox 1581 2816 1677 2842; x_wconf 75' lang='lat' dir='ltr'><strong>similia</strong></span> <span class='ocrx_word' id='word_1_918' title='bbox 1692 2835 1699 2842; x_wconf 91' lang='lat'><strong>.</strong></span> <span class='ocrx_word' id='word_1_919' title='bbox 1711 2833 1738 2843; x_wconf 83' lang='lat'><strong>..</strong></span> <span class='ocrx_word' id='word_1_920' title='bbox 1749 2835 1758 2843; x_wconf 91' lang='lat'><strong>.</strong></span> <span class='ocrx_word' id='word_1_921' title='bbox 1773 2817 1840 2852; x_wconf 74' lang='lat' dir='ltr'><strong>quod</strong></span> 
     </span>
    </p>
   </div>
   <div class='ocr_carea' id='block_1_136' title="bbox 1055 2849 1761 2885">
    <p class='ocr_par' dir='ltr' id='par_1_136' title="bbox 1055 2849 1761 2885">
     <span class='ocr_line' id='line_1_136' title="bbox 1055 2849 1761 2885; baseline 0.004 -8"><span class='ocrx_word' id='word_1_922' title='bbox 1055 2850 1171 2885; x_wconf 70' lang='lat' dir='ltr'><strong>pradico</strong></span> <span class='ocrx_word' id='word_1_923' title='bbox 1185 2850 1265 2877; x_wconf 72' lang='lat' dir='ltr'><strong>vobis.</strong></span> <span class='ocrx_word' id='word_1_924' title='bbox 1283 2849 1382 2878; x_wconf 85' lang='lat' dir='ltr'><strong>Verum</strong></span> <span class='ocrx_word' id='word_1_925' title='bbox 1395 2857 1490 2880; x_wconf 82' lang='lat' dir='ltr'><strong>omnes</strong></span> <span class='ocrx_word' id='word_1_926' title='bbox 1509 2859 1574 2879; x_wconf 67' lang='grc' dir='ltr'><strong>ωδε.</strong></span> <span class='ocrx_word' id='word_1_927' title='bbox 1588 2855 1616 2879; x_wconf 88' lang='lat' dir='ltr'><strong>ut</strong></span> <span class='ocrx_word' id='word_1_928' title='bbox 1631 2852 1658 2879; x_wconf 89' lang='lat' dir='ltr'><strong>iu</strong></span> <span class='ocrx_word' id='word_1_929' title='bbox 1675 2856 1761 2880; x_wconf 80' lang='lat' dir='ltr'><strong>textu.</strong></span> 
     </span>
    </p>
   </div>
  </div>
