1909 3080
239 119 292 150 587

842 120 870 146 S.
892 119 1054 147 PAMPHlLl
1074 120 1251 148 MARTYRIS

1801 125 1852 152 588

237 183 384 213 sequettter
399 178 515 204 humano
527 183 640 210 corpore
653 180 680 203 et
694 175 881 202 circutncisum
903 183 974 207 esse,
991 181 1018 204 et
1031 181 1056 208 Α
1070 176 1200 204 inclinare
1216 185 1307 204 auram
1331 177 1372 204 his
1387 177 1432 211 qui
1445 178 1536 204 dicunt
1558 186 1605 213 per
1619 178 1742 212 Mariam,
1757 185 1783 207 et
1799 189 1850 209 non

239 225 399 258 praeputium
423 223 480 256 ejus
498 227 576 249 terra:
600 222 766 255 mandatum,
787 222 909 250 fortassis
936 230 1020 257 usque

240 270 273 296 ad
294 275 396 304 tempus
414 276 422 294 :
439 273 485 294 aut
509 267 531 294 si
554 267 634 294 aliter
652 273 709 299 est,
727 267 752 294 iu
769 268 821 294 alia
840 268 1019 303 disputatione

240 316 400 350 requiretur.
415 314 477 341 Haec
490 318 579 341 tamen
593 314 650 348 eius
667 315 838 342 circumcisio
855 315 920 342 satis
936 323 1018 342 coan-

239 360 355 395 gustabit
376 368 422 387 eos
448 360 493 394 qui
516 367 548 387 ex
574 360 679 387 diverso
698 365 770 387 sunt.
798 360 925 395 Spiritale
947 361 1017 387 enim

238 414 335 441 corpus
350 406 484 440 quomodo
499 411 603 440 poterat
620 407 776 433 circumcidi
801 406 872 434 l'erro
889 407 1019 434 terreno?

233 451 350 486 Propter
367 451 437 486 quod
457 459 508 478 non
526 451 693 478 erubuerunt
715 452 823 486 quidam
844 460 877 479 ex
897 453 962 486 ipsis
985 452 1018 480 de

234 496 367 531 prteputio
395 496 610 524 circumcisionis
632 496 690 530 ejus
714 497 794 524 etiam
818 497 900 524 libros
926 498 1016 530 cdere,

231 542 335 578 quibus
351 542 493 569 ostendere
507 548 672 570 conarentur
695 543 764 577 quod
788 543 814 569 in
839 543 1016 570 substantiam

231 587 346 615 cesserit
359 587 517 622 spiritalem.
538 586 595 614 Non
613 587 701 615 ntinus
721 593 810 615 autem
835 590 1017 623 angustabun-

236 639 280 662 tur
293 635 373 661 etiam
389 634 424 661 illi
436 634 480 668 qtti
497 633 611 660 animale
624 640 721 667 corpus
742 634 836 661 dicunt
850 642 910 662 esse
920 642 1017 669 corpus

233 679 346 707 Christi.
364 679 416 706 Sed
433 684 459 706 et
474 679 506 706 de
525 678 654 713 sanguine
674 678 731 714 ejus
752 684 778 706 et
797 687 865 714 aqua
880 687 939 714 quae
954 687 1017 714 pro—

234 725 316 753 cessit
331 725 364 752 de
387 725 471 752 latere
493 724 550 758 eius
569 725 646 751 hasta
666 730 826 758 compuncto
847 732 861 751 a
884 725 968 752 milite
982 725 1015 757 ⁸³,

234 772 328 798 eadem
342 770 480 798 sentiendo
503 775 575 797 sunt.
597 769 649 796 Sed
670 770 712 797 his
727 771 770 805 qui
789 771 878 797 sciunt
889 771 952 806 quid
969 779 1017 799 au—

232 817 311 844 diant
332 823 380 850 per
399 816 449 842 hoc
468 816 539 850 quod
553 815 661 847 dicitur,
680 815 717 850 (2)
732 817 795 850 quia
814 815 905 843 ﬁxurte
924 816 1012 844 clavo-

235 870 293 889 rum
312 866 390 889 erant
404 861 430 888 in
451 861 512 896 ejus
525 868 637 895 corpore
647 862 681 895 ⁸⁸,
702 862 847 889 manifeste
863 862 1013 890 declaratur
1028 856 1049 884 Β

232 910 297 943 quia
323 915 387 935 caro
405 912 464 935 erat
488 912 606 940 terrena,
632 908 657 935 id
684 912 725 935 est
750 908 873 935 humanae
890 913 1012 936 natura}:

230 962 293 989 qua:
312 955 403 989 utique
426 962 478 981 non
500 958 559 981 erat
584 954 654 987 talis,
676 958 705 981 ut
723 954 934 988 recipiendorum
952 954 1013 981 vul-

227 1008 328 1028 uterum
365 1001 565 1035 subterfugeret
592 1000 760 1035 qualitatem.
793 1000 869 1033 Quod
904 1001 926 1028 si
959 1008 1012 1028 non

229 1045 313 1072 etiam
340 1045 424 1071 multa
451 1045 575 1072 humanae
597 1045 762 1072 infirmitatis
790 1045 817 1072 in
845 1045 902 1080 ipsa
927 1050 1013 1073 morte

233 1090 371 1121 sensisset,
397 1098 445 1117 cur
467 1089 557 1117 anima
577 1090 660 1124 ipsius
675 1091 848 1124 perturbatur
862 1090 895 1123 ⁸⁵,
915 1095 942 1118 et
962 1090 1011 1117 tri-

232 1136 282 1164 stis
303 1141 345 1164 est
367 1143 417 1171 pro
440 1143 471 1163 ea
494 1142 578 1170 usque
602 1135 636 1162 ad
657 1141 770 1163 mortem
785 1136 830 1163 5‘?
845 1135 908 1169 Qua:
923 1137 1011 1164 omnia

233 1184 373 1212 evidenter
397 1182 541 1210 ostendunt
569 1182 640 1216 quod
669 1189 720 1209 non
751 1182 828 1216 falso,
860 1183 907 1210 sed
936 1183 1011 1218 quasi

234 1229 314 1256 homo
329 1227 449 1255 dixerit:
466 1227 581 1262 Spiritus
601 1228 706 1263 quidem
726 1233 858 1262 promptus
879 1233 927 1260 est,
949 1237 1010 1256 caro

233 1280 318 1302 autem
331 1274 436 1308 infirma
447 1273 482 1301 ⁸⁷.
498 1273 597 1301 Eadem
610 1274 782 1301 nihilominus
797 1273 914 1301 ostendit
929 1275 1010 1301 etiam

233 1321 320 1348 somni
340 1320 419 1352 ratio,
437 1327 498 1347 cum
515 1320 630 1351 dicitur,
644 1320 708 1354 quia
725 1325 780 1347 erat
798 1320 824 1346 in
841 1320 918 1354 puppi
935 1327 1012 1353 super

231 1366 342 1394 cervical
355 1367 484 1393 dormiens
497 1386 505 1399 ,
527 1366 596 1393 sicut
615 1365 719 1393 Marcus
736 1365 860 1398 refert”,
875 1370 902 1392 et
917 1365 951 1392 ab
965 1366 1011 1393 lto-

233 1412 306 1438 mine
315 1411 462 1438 suscitalur
484 1418 499 1438 e
519 1417 626 1438 somno.
651 1410 714 1438 llaec
726 1411 797 1438 enim
812 1410 874 1438 licet
894 1412 1011 1439 habeant

234 1456 383 1491 spiritalem
404 1456 580 1487 intellectum,
598 1460 687 1482 tamen
703 1460 828 1483 manente
842 1456 914 1491 prius
932 1457 1011 1484 histo-

232 1502 280 1530 riae
302 1502 430 1535 veritate,
450 1501 530 1529 etiam
548 1500 677 1535 spiritalis
700 1501 868 1535 recipiendus
889 1506 930 1529 est
949 1509 1011 1530 sen-

1070 230 1102 251 ex
1128 223 1211 250 Maria
1237 223 1274 259 (5)
1296 230 1358 250 eum
1383 231 1443 251 esse
1468 230 1581 251 natum:
1609 225 1681 259 quod
1707 227 1852 259 Apostolus

1071 270 1214 304 presciens
1236 270 1272 296 ita
1293 271 1414 304 praedixit
1429 279 1435 297 :
1454 270 1518 297 Cum
1531 276 1617 298 autem
1634 272 1703 298 venit
1718 273 1850 306 plenitudo

1069 321 1229 348 temporum.
1263 317 1332 342 misit
1358 315 1428 342 Deus
1452 315 1554 343 Filium
1582 325 1658 343 suum
1686 318 1786 351 factum
1820 328 1852 346 ea:

1069 361 1187 391 muliere,
1206 361 1305 393 [aetum
1325 361 1372 387 sub
1386 360 1450 394 lege,
1471 366 1498 387 ut
1519 369 1562 388 eos
1575 363 1620 396 qui
1636 363 1683 388 sub
1706 363 1762 397 lege
1778 370 1852 391 erant

1069 407 1204 433 redimeret
1216 406 1249 432 ³⁸.
1270 406 1347 434 Vides
1361 408 1422 441 quia
1447 415 1499 434 non
1517 408 1595 440 dixit,
1612 409 1712 436 factum
1728 417 1778 443 per
1795 419 1852 437 tnu-

1070 452 1172 484 lierem,
1186 452 1243 484 sed,
1257 453 1358 487 [artum
1375 462 1407 480 ea:
1423 454 1540 481 muliere.
1554 464 1563 480 ι

1103 498 1266 526 PAMPHILUS.
1298 499 1368 532 Quid
1406 504 1459 526 tam
1488 500 1625 528 evidenter
1656 506 1702 529 aut
1735 502 1850 536 integre,

1067 552 1148 580 quant
1163 552 1194 572 ex
1210 545 1249 572 his
1262 545 1386 573 omnibus
1398 553 1458 580 quae
1469 547 1586 581 scripsit,
1599 546 1637 581 (6)
1654 547 1852 575 conﬁrmatur?

1068 589 1247 616 Conﬁrmatur
1261 591 1294 617 ab
1311 597 1343 618 eo
1362 595 1389 618 et
1409 591 1608 618 Dominicorunt
1627 597 1765 626 gestorum
1779 594 1851 620 veri-

1066 641 1118 667 tas,
1136 641 1162 663 et
1182 636 1301 663 historia:
1319 636 1519 670 Scripturarum
1536 636 1611 664 Iides.
1628 637 1680 664 Sed
1700 644 1850 672 persequa-

1067 690 1126 709 tnur
1141 681 1178 717 (7)
1196 687 1397 716 consequenter
1417 683 1498 709 etiam
1520 682 1584 714 alia,
1606 683 1632 709 in
1654 683 1754 715 quibus
1771 690 1851 710 accu-

1066 733 1142 755 satur
1170 728 1248 763 quasi
1279 728 1347 756 duos
1374 727 1496 755 Christus
1523 728 1629 761 dicens,
1658 736 1741 755 unum
1766 729 1850 756 Deum

1066 774 1192 806 Verbum,
1217 778 1244 802 et
1267 774 1348 801 alium
1369 773 1460 802 Iesum
1480 773 1618 802 Christum
1639 775 1684 809 qui
1708 782 1742 802 ex
1766 775 1850 802 Maria

1066 824 1146 848 natus
1161 824 1213 847 est.

1177 897 1317 918 RESPONSIO
1331 897 1364 917 AD
1381 897 1500 921 QUINTAI
1517 897 1741 917 CRIIINATIONEI.

1148 957 1187 994 (8)
1207 957 1282 990 Quod
1302 965 1369 984 unus
1391 961 1429 984 est
1455 956 1575 984 Christus
1596 956 1683 983 Filius
1705 956 1766 984 Dei.

1261 1013 1310 1050 (Ex
1324 1013 1412 1048 primo
1423 1013 1494 1040 libro
1509 1013 1541 1040 de
1558 1013 1652 1047 Isaia.)

1100 1081 1244 1108 Otucenus.
1262 1079 1301 1116 (9)
1318 1089 1327 1106 ‹
1346 1079 1422 1107 Sicut
1444 1079 1508 1107 dicit
1525 1079 1688 1113 Apostolus.
1715 1079 1849 1111 Quoniam

1065 1125 1229 1152 a-mulatores
1247 1126 1309 1152 estis
1324 1125 1466 1159 spirituum
1481 1125 1514 1151 ".
1529 1125 1605 1152 Sicut
1620 1125 1691 1151 ettitn
1703 1131 1765 1151 cunt
1781 1132 1850 1152 unus

1063 1172 1099 1198 sit
1122 1171 1239 1206 Spiritus
1267 1176 1388 1204 sanctus,
1413 1171 1479 1197 tanti
1507 1177 1555 1204 per
1575 1170 1696 1204 singulos
1720 1170 1850 1197 dicuntur

1063 1218 1174 1252 spiritus
1199 1218 1305 1250 sancti,
1330 1217 1422 1252 quanti
1450 1221 1513 1244 sunt
1535 1216 1560 1243 hi
1583 1216 1628 1249 qui
1649 1216 1751 1243 ltabeut
1768 1216 1795 1242 in
1821 1223 1850 1242 se

1063 1264 1193 1298 Spiritum
1219 1269 1340 1290 sanctum
1367 1272 1374 1290 :
1402 1263 1438 1290 ita
1462 1268 1488 1290 et
1512 1263 1546 1290 de
1563 1259 1673 1290 Christo
1700 1263 1848 1289 dicendum

1063 1315 1114 1337 est.
1134 1310 1175 1336 Ab
1193 1317 1246 1336 uno
1268 1309 1338 1336 enim
1360 1308 1470 1336 Christo
1492 1308 1566 1335 multi
1591 1309 1656 1334 liunt
1675 1308 1784 1339 christi,
1818 1308 1850 1334 de

1063 1355 1160 1390 quibus
1185 1355 1325 1390 Scriptura
1351 1355 1417 1382 dicit
1439 1364 1446 1382 ε
1477 1353 1567 1382 Nolite
1595 1359 1700 1388 tangere
1737 1354 1849 1380 christos

1062 1409 1131 1428 meat
1144 1422 1151 1433 ,
1170 1406 1193 1428 et
1212 1402 1239 1428 in
1253 1401 1383 1435 prop/telis
1408 1402 1470 1427 meis
1489 1400 1567 1427 nolite
1586 1400 1727 1434 malignari
1739 1400 1773 1426 9‘.
1804 1399 1850 1426 Sic

1062 1447 1137 1474 etab
1157 1454 1208 1474 uno
1229 1446 1284 1474 Deo
1305 1447 1340 1474 dii
1364 1446 1440 1473 multi
1465 1446 1599 1478 dicuntur,
1627 1453 1720 1473 outnes
1744 1445 1852 1472 scilicet

1063 1493 1089 1520 hi
1104 1493 1130 1520 in
1146 1493 1244 1528 quibus
1262 1492 1367 1519 habitat
1382 1492 1452 1519 Deus
1467 1501 1474 1519 :
1493 1492 1539 1518 sed
1556 1492 1628 1518 nobis
1644 1499 1711 1518 unus
1725 1496 1763 1517 est
1779 1490 1850 1517 Deus

231 1555 287 1575 sus.
310 1547 348 1583 (5)
372 1547 447 1575 Licet
465 1547 536 1575 enim
552 1554 637 1575 caecos
652 1554 757 1581 semper
774 1552 850 1575 curet
864 1548 1008 1575 secundum

1067 1538 1152 1571 Pater,
1168 1546 1199 1565 es:
1216 1546 1266 1573 quo
1285 1538 1372 1564 omnia
1392 1538 1427 1564 °".
1446 1537 1518 1565 Unus
1533 1545 1596 1572 ergo
1611 1541 1651 1564 est
1665 1544 1745 1564 verus
1766 1536 1849 1567 Deus,

232 1593 382 1629 spiritalem
402 1592 619 1628 intelligentiam,
638 1600 698 1620 cum
723 1593 875 1628 ignarantia
892 1600 1011 1620 excaeca-

231 1644 275 1668 tas
297 1639 430 1666 illuminat
452 1643 567 1671 mentes,
594 1643 683 1666 tamen
704 1643 731 1666 et
747 1638 924 1673 corporaliter
949 1643 1010 1666 tunc

230 1692 330 1712 caecum
343 1684 449 1712 sanavit
461 1683 495 1710 ⁸⁸.
510 1683 542 1711 Ει
557 1688 676 1711 mortuos
691 1690 797 1718 semper
805 1683 933 1717 suscitat;
947 1683 1010 1711 fecit

229 1733 319 1756 tamen
348 1733 376 1756 et
403 1733 467 1755 tunc
494 1727 679 1762 hujuscemodi
706 1727 862 1760 mirabilia,
889 1728 958 1755 sicut
984 1732 1011 1755 et

230 1774 313 1801 ﬁliam
331 1773 461 1809 principis
477 1773 627 1808 Synagoga:
638 1773 672 1805 ’°,
691 1778 719 1800 et
739 1773 821 1800 ﬁlium
838 1774 923 1800 vidua:
935 1773 969 1806 “,
983 1776 1011 1800 et

201 1843 209 1852 ,
229 1819 360 1846 Lazarum
370 1819 393 1836 "
409 1818 448 1854 (4)
467 1819 632 1846 suscitando.
649 1818 682 1846 Et
691 1819 815 1853 quamvis
831 1825 937 1852 semper
949 1825 1010 1845 cum

230 1865 367 1892 excitatur
383 1871 398 1891 a
414 1863 552 1898 discipulis
568 1869 722 1898 compescat
736 1863 862 1891 Ecclesia:
878 1863 1008 1896 turbines,

229 1909 272 1937 vel
287 1909 419 1944 procellas
428 1909 462 1942 ",
480 1914 568 1936 tamen
581 1913 684 1936 certum
699 1913 740 1936 est
753 1909 835 1936 etiam
854 1913 916 1936 tunc
936 1912 1011 1942 gesta

230 1962 290 1983 esse
306 1962 365 1990 quae
387 1962 436 1990 per
459 1954 599 1982 historiam
622 1954 783 1981 referuntur.
811 1953 858 1980 Sic
878 1959 942 1988 ergo
967 1959 1010 1979 sa-

231 2008 294 2028 num
316 2005 357 2028 est
379 2007 487 2028 sensum
502 2000 647 2034 Scriptura:
672 2000 812 2034 recipere;
835 2005 884 2026 nec
903 2000 1010 2032 oportet

574 2098 597 2114 ⁸⁵
609 2097 686 2125 Joan.
722 2105 766 2126 xx.
783 2097 817 2124 25
825 2101 852 2123 et
867 2103 923 2130 seq.

282 2100 394 2128 "Joan.
416 2107 472 2130 xtx,
490 2099 535 2126 34.
574 2099 597 2114 ⁸⁵
609 2099 686 2125 Joan.
722 2105 766 2126 xx.
783 2099 852 2124 25et

284 2135 329 2160 58.
367 2135 389 2152 υ
404 2135 560 2160 Marc.vut.
593 2133 648 2160 25:
683 2140 710 2160 κ.
738 2133 783 2160 52.
831 2131 854 2146 ’°

230 2143 267 2167 tv,
284 2135 329 2163 58.
367 2135 389 2152 ”
404 2135 484 2161 Marc.
501 2141 560 2166 vut,

871 2131 940 2165 lLuc.
965 2138 1022 2162 vttt,
1049 2130 1092 2157 55.

1060 1584 1117 1618 qui,
1134 1589 1162 1610 ut
1177 1584 1213 1610 ita
1228 1583 1351 1616 dixerim,
1368 1587 1512 1618 prastator
1526 1588 1567 1610 est
1589 1583 1709 1614 deitatis,
1732 1587 1760 1609 et
1779 1590 1850 1608 unus

1060 1630 1182 1657 Christus
1204 1629 1259 1665 (10)
1284 1630 1372 1657 factor
1393 1629 1576 1660 christorum,
1606 1634 1633 1656 et
1663 1636 1732 1655 unus
1761 1628 1849 1663 Spiri-

1061 1680 1104 1703 tus
1127 1681 1238 1702 sauctus
1264 1674 1310 1710 qui
1337 1682 1385 1709 per
1409 1674 1530 1708 singulas
1555 1675 1662 1701 anilitas
1689 1680 1849 1701 sanctorum

1061 1721 1126 1748 facit
1146 1720 1275 1755 Spiritum
1305 1725 1435 1747 sanctum.
1463 1719 1590 1748 Christus
1610 1727 1674 1746 vero
1701 1719 1773 1746 sicut
1802 1727 1849 1753 per

1062 1767 1113 1794 hoc
1137 1767 1208 1801 quod
1229 1766 1352 1793 Christus
1373 1770 1415 1793 est
1444 1765 1560 1792 christos
1584 1765 1659 1797 facit,
1684 1765 1720 1792 ita
1750 1769 1778 1792 et
1802 1772 1849 1799 per

1063 1812 1113 1839 hoc
1128 1812 1199 1847 quod
1214 1812 1298 1839 Filius
1313 1812 1361 1839 Dei
1383 1816 1433 1844 est,
1453 1816 1481 1838 et
1496 1812 1580 1839 Filius
1595 1812 1723 1846 proprius
1739 1817 1766 1838 et
1784 1812 1848 1838 uni-

1063 1858 1178 1893 genitus,
1199 1865 1293 1885 outues
1316 1865 1363 1885 eos
1382 1857 1426 1891 qui
1448 1857 1600 1892 percipiunt
1621 1857 1656 1884 ab
1673 1863 1704 1884 eo
1720 1857 1846 1891 spiritum

1063 1903 1224 1938 adoptionis.
1240 1902 1310 1929 ﬁlios
1326 1902 1373 1929 Dei
1391 1902 1466 1929 facit.
1483 1911 1491 1926 ι

1096 1949 1256 1976 PAMPHILUS.
1284 1947 1372 1975 Unum
1406 1948 1457 1974 hoc
1483 1946 1666 1974 testimonium
1698 1951 1740 1973 est
1774 1947 1847 1980 quod

1062 1995 1185 2023 Christus
1199 2002 1279 2022 verus
1300 2001 1367 2021 unus
1382 1994 1427 2026 sit,
1441 1993 1485 2028 qui
1502 1993 1706 2027 participatione
1720 1993 1762 2019 sui
1778 1991 1848 2019 titul-

960 2095 1011 2122 θυι

1067 2114 1074 2121 .
1089 2103 1136 2126 xtt,
1150 2095 1194 2121 27.
1232 2094 1256 2110 ⁸⁸
1270 2094 1352 2121 Marc.
1366 2102 1420 2124 XIV,
1439 2094 1482 2123 ΞΗ.
1520 2094 1541 2112 ⁸⁷
1559 2093 1622 2120 ibid.
1644 2093 1688 2120 58.
1723 2093 1745 2109 ⁸⁸
1762 2094 1844 2121 Marc.

1141 2130 1162 2145 "
1179 2130 1244 2156 Luc.
1268 2138 1315 2160 vn,
1339 2130 1381 2155 l5.
1415 2131 1436 2145 ⁹¹
1449 2130 1526 2157 Joan.
1540 2128 1631 2161 ΜΛΔ.
1669 2128 1692 2144 ⁸³
1704 2128 1789 2156 Marc.
1809 2137 1845 2164 tv,

228 2164 272 2199 39.
311 2171 334 2186 ”
359 2170 446 2197 Galat.
464 2177 499 2201 tv,
516 2164 557 2201 4,"
572 2168 598 2196 5.
634 2168 656 2183 ⁹⁵
669 2167 751 2194 lCor.
766 2175 822 2200 xtv,
837 2166 881 2192 12.
916 2166 938 2199 Ῡθ
951 2165 1011 2192 Psul

1067 2172 1091 2198 ν,
1114 2164 1156 2192 15.
1195 2165 1215 2180 ’⁷
1231 2164 1238 2190 l
1252 2165 1314 2192 Cor.
1332 2173 1388 2196 vut,
1403 2166 1429 2191 6.

266 2262 305 2297 (Ξ)
319 2262 382 2289 Mss.
406 2262 501 2293 nostri,
525 2262 586 2296 quia
607 2260 863 2297 ﬁgurwAclauorumr,
879 2264 942 2297 etc.,
958 2260 1007 2297 sed
1025 2251 1045 2278 Ῐ)
1094 2260 1132 2294 (7)
1151 2260 1234 2292 Editi,
1252 2263 1438 2297 consequenter
1455 2259 1535 2297 etiam
1561 2258 1674 2297 reliqua,
1696 2257 1724 2283 in
1749 2258 1843 2297 quibus

230 2294 331 2324 rectius
350 2297 450 2324 habere
466 2294 590 2324 videntur
604 2294 679 2327 editi,
693 2294 798 2328 ﬁxum.
813 2295 911 2322 Deinde
931 2295 1006 2326 editi,

229 2333 304 2367 quasi
318 2340 370 2358 non
388 2332 466 2357 etiam
487 2331 569 2358 multa
588 2331 711 2367 humani:
728 2330 890 2367 inﬁrmitatis
904 2330 930 2356 in
949 2330 1006 2367 ipsa

229 2364 312 2393 morte
331 2367 462 2397 sensisset,
481 2367 568 2392 animo
584 2364 766 2399 perturbatur,
791 2369 842 2391 etc.
863 2364 925 2391 Mss.
947 2365 1007 2398 plu-

229 2409 285 2434 res,
302 2400 382 2434 Quid.
402 2401 423 2427 si
440 2408 491 2427 non
510 2401 588 2426 etiam
606 2399 689 2426 multa
709 2400 831 2426 humanae
843 2399 1006 2433 inﬁrmitatis

228 2437 257 2463 in
285 2437 343 2470 ipsa
368 2440 450 2462 morte
472 2435 602 2466 sensisset,
626 2435 713 2470 animo
745 2434 933 2470 perturbatur,
952 2439 1004 2470 etc.

229 2468 301 2506 quod
323 2477 376 2498 noa
401 2470 490 2497 male:
508 2470 554 2496 sed
586 2477 651 2496 mss.
675 2469 839 2496 Sorbonicus
862 2473 888 2495 et
910 2468 1007 2495 Montis

229 2505 259 2534 S.
274 2505 421 2538 Michaelis,
440 2510 467 2532 ut
482 2506 507 2531 itt
526 2510 610 2532 textu.

263 2541 302 2576 (5)
320 2540 383 2568 Mss.
405 2540 526 2574 plerique
540 2546 683 2575 perperam
708 2539 818 2571 habent,
841 2538 916 2566 Sicut
936 2540 1006 2566 enim

227 2584 309 2612 gwcos
325 2583 423 2612 semper
437 2579 523 2612 curat,
537 2580 588 2612 etc.
642 2609 648 2612 _
715 2609 729 2612 __
747 2609 752 2612 Δ
832 2609 847 2612 _
903 2585 914 2612 _'

262 2611 300 2646 (tl)
326 2610 483 2646 Suscitando
510 2610 617 2636 additur
641 2609 668 2635 in
690 2609 806 2646 editione
827 2609 1005 2646 Genebrardi,

227 2647 273 2673 scd
287 2644 422 2673 emittitur
438 2645 464 2671 iu
477 2645 602 2671 omnibus
613 2651 679 2671 mss.
696 2645 794 2672 nostris
810 2649 838 2672 et
852 2645 878 2671 iu
890 2644 1007 2671 editione

227 2681 342 2708 Merlini.
997 2683 1001 2689 '

263 2716 300 2749 (5)
325 2714 408 2746 Alias,
428 2722 486 2741 eum
499 2721 598 2748 natum,
623 2714 724 2742 omisso
741 2722 796 2741 esse
810 2721 819 2740 :
837 2714 917 2748 paulo
932 2717 1004 2748 post,

225 2751 360 2783 plenitudo
377 2750 509 2784 temporis.

264 2785 300 2819 (6)
318 2784 383 2812 Mss.
402 2789 427 2810 et
442 2785 506 2810 editi
523 2784 605 2811 semel
619 2784 804 2811 tantummodo
823 2783 923 2810 habent
943 2790 1004 2810 ver-

228 2819 290 2846 bum
304 2820 475 2853 conﬁrmatur
491 2826 500 2845 :
515 2819 561 2846 sed
579 2819 753 2853 repetendum
766 2819 883 2846 videtur.

1056 2293 1197 2322 accusatur
1220 2296 1296 2328 quasi
1318 2295 1384 2320 duos
1407 2294 1522 2320 Cltristos
1553 2293 1666 2325 dixerit,
1690 2300 1773 2328 unum
1798 2293 1844 2318 Dei

1065 2329 1193 2361 Verbum,
1222 2335 1276 2357 etc.
1303 2329 1369 2356 Mss.
1399 2329 1564 2356 Sorbouicus
1590 2333 1616 2354 et
1638 2328 1667 2354 S.
1690 2327 1841 2358 Michaelis,

1056 2370 1243 2400 consequenter
1267 2365 1347 2390 etiam
1377 2365 1489 2400 aliqua.
1521 2363 1671 2400 inquibus
1700 2368 1841 2400 accusatur

1058 2397 1187 2461 qﬂirmare
1209 2400 1285 2434 quasi
1305 2399 1369 2425 duos
1388 2397 1507 2425 Christus
1529 2399 1642 2424 dicens:
1660 2405 1741 2423 unum
1763 2397 1844 2423 Deum

1085 2435 1185 2461 erbum.
1203 2440 1255 2461 etc.
1269 2434 1367 2461 Castori
1382 2441 1445 2460 vero
1461 2441 1524 2460 mss.
1543 2438 1572 2458 ut
1588 2433 1613 2458 in
1634 2437 1720 2458 textu.

1085 2435 1185 2467 erbum,
1203 2433 1255 2461 etc.
1269 2434 1367 2461 Cameri
1382 2441 1445 2460 vero
1461 2441 1524 2460 mss.
1543 2438 1572 2458 ut
1588 2433 1613 2458 in
1634 2437 1720 2458 textu.

1093 2469 1130 2504 (8)
1145 2469 1191 2497 Sic
1215 2477 1308 2496 omnes
1333 2476 1397 2496 mss.
1424 2469 1492 2495 Editi
1512 2474 1592 2504 vero,
1619 2467 1695 2498 Quod
1720 2474 1789 2492 unus
1812 2466 1843 2492 sit

1053 2501 1190 2531 Christus.
1210 2503 1252 2530 Ea:
1269 2504 1336 2530 libro
1348 2504 1433 2536 primo
1452 2511 1530 2537 super
1542 2501 1653 2528 Isaiam.

1093 2539 1131 2575 (9)
1164 2539 1201 2566 Ex
1228 2539 1273 2575 lib.
1300 2547 1307 2566 l
1378 2535 1499 2575 (Isaiam.
1515 2552 1548 2575 A—
1565 2538 1665 2575 Onytes
1677 2544 1743 2575 mss.
1761 2535 1842 2562 nostri

1060 2571 1206 2604 oniittuut,
1233 2573 1307 2601 Sicut
1332 2573 1393 2599 dicit
1415 2572 1568 2607 Apostolus,
1599 2571 1732 2603 Quoniam
1763 2578 1841 2598 temu-

1061 2609 1157 2635 latores
1180 2609 1242 2635 estis
1262 2609 1399 2642 spirituum
1417 2616 1426 2634 :
1440 2606 1490 2634 sed
1511 2608 1569 2634 ltazc
1582 2611 1689 2633 exstant
1708 2607 1734 2632 in
1753 2606 1839 2634 editis,

1060 2644 1105 2678 qui
1131 2651 1191 2670 mox
1215 2643 1344 2670 omittunt
1367 2642 1460 2678 enim,
1485 2642 1560 2678 quod)
1583 2643 1729 2678 restitutmt
1751 2647 1841 2678 mimus

1061 2675 1125 2705 mss.
1153 2678 1231 2705 Solus
1254 2678 1337 2705 codex
1363 2675 1528 2704 Sorbonic'us
1555 2677 1648 2706 habet,
1667 2675 1743 2702 Sicut
1762 2676 1838 2705 enim,

1060 2714 1118 2739 licet
1134 2721 1202 2740 unus
1224 2714 1258 2739 sit
1279 2712 1393 2746 Spiritus
1412 2717 1530 2745 sanctus,
1545 2712 1610 2738 tanti
1625 2716 1712 2737 tamen
1727 2718 1774 2743 per
1787 2710 1838 2736 six-

1077 2749 1144 2779 ulos,
1162 2753 1214 2775 etc.
1755 2779 1762 2781 _
1831 2776 1835 2781 _

1060 2756 1150 2819 “(iis
1242 2782 1358 2818 Regius,
1387 2783 1474 2817 factor
1494 2782 1715 2810 Christianorum.
1743 2776 1837 2807 Galeri

1024 2845 1026 2849 ,
1060 2826 1124 2845 mss.
1141 2823 1167 2846 et
1183 2818 1247 2846 editi
1263 2824 1291 2845 ut
1310 2819 1335 2844 itt
1352 2823 1435 2845 textu.
