1909 3080
206 142 254 171 691

807 137 836 164 S.
855 134 1019 164 PAMPHILI
1039 134 1218 163 MARTYRIS

1791 136 1842 164 592

206 202 288 229 etiam
301 199 466 228 sensibiliter
483 198 604 232 impleta.
618 197 661 224 vel
681 201 814 232 praecepta
829 197 888 231 ejus
903 204 997 224 secun-

1053 195 1091 222 ὅτι
1105 195 1198 230 σαφῶς
1215 196 1281 231 ἡμῖν
1298 195 1474 232 παρίσταται,
1490 195 1552 232 περι
1567 203 1648 222 τινων
1662 194 1694 221 τὸ
1707 194 1759 229 τῆς
1772 194 1843 221 ιστο-

207 247 270 277 dum
287 246 403 273 litteram
418 251 471 272 non
483 244 583 271 debere
592 243 707 270 servari:
725 242 941 275 respondendum
955 245 997 269 est

207 291 334 326 quoniam
348 298 362 317 a
379 289 457 317 nobis
474 289 616 316 evidenter
632 288 789 316 decernitur
805 287 831 315 in
852 288 996 323 quamplu-

208 337 284 364 rimis
309 335 410 364 servari
436 339 562 370 oportere
595 334 718 362 historiae
742 333 897 361 veritatem.
930 333 997 367 Quis

207 382 279 409 enim
295 388 395 416 negare
416 380 503 415 possit
524 379 596 413 quod
613 379 750 407 Abraham
775 379 802 406 in
819 379 920 414 duplici
934 386 997 414 spe-

207 427 287 454 lunca
302 425 423 460 sepultus
437 430 479 452 est
495 426 521 452 iu
536 425 637 457 Ebron,
653 425 700 452 sed
714 429 742 452 et
756 424 840 457 Isaac,
859 430 886 452 et
901 424 996 457 Jacob,

206 476 234 499 et
258 471 372 507 singula:
399 478 494 499 eorum
510 471 631 499 uxores?
649 471 696 499 Vel
713 471 776 505 quis
799 471 902 498 dubitet
925 471 996 505 quod

207 518 326 546 Sichima
349 518 376 545 in
401 518 551 552 portionem
569 518 632 544 data
655 521 696 545 est
718 517 818 552 Josepb
831 517 842 544 ?
857 517 905 545 Vel
925 517 997 552 quod

206 565 356 592 Jerusalem
375 566 532 599 metropolis
552 569 593 593 est
611 564 725 596 Judzeae,
750 564 806 600 (‘20)
827 564 853 591 in
867 571 919 599 qua
934 572 997 591 con-

207 615 340 638 structum
361 615 405 638 est
431 610 558 645 templum
587 610 633 638 Dei
657 618 673 637 a
698 609 867 638 Salomone?
887 615 915 638 et
943 610 995 637 alia

207 657 426 685 innumerabilia.
439 656 523 684 Multo
535 657 606 684 enim
618 656 693 692 plura
706 661 769 684 sunt
780 664 840 692 qum
848 656 995 684 secundum

207 703 351 732 historiam
367 712 431 732 vera
448 707 509 732 sunt
521 723 529 737 ,
545 711 626 738 quam
641 711 673 731 ea
691 710 750 738 qua:
770 704 871 730 nudum
886 710 995 730 sensum

208 751 349 779 continent
372 750 533 785 spiritalem.
558 749 615 785 (Ἦ)
644 749 713 776 Tum
736 749 833 776 deinde
855 749 918 784 quis
943 757 996 777 non

208 796 323 825 allirmet
337 797 492 825 mandatum
506 796 559 824 hoc
571 803 625 831 quo
640 795 811 831 prwcipitttr:
827 795 937 823 Honora
949 805 997 830 pa-

208 847 274 871 trem
290 849 364 871 tuum
385 848 408 870 et
431 848 541 870 matrem
562 847 646 875 tuam,
667 848 695 869 ut
710 843 771 870 bene
793 843 827 869 sit
845 843 892 869 tibi
903 843 924 874 ',
937 842 996 869 sine

1049 242 1110 276 ριας
1123 240 1192 268 εἶναι
1206 241 1314 277 ἀληθὲς,
1331 242 1369 274 ὡς
1383 242 1425 268 ὅτι
1443 241 1569 277 Ἀϐραὰμ
1582 241 1611 268 ὲν
1623 240 1662 276 τῷ
1672 240 1761 275 διπλῷ
1777 248 1842 274 σπη-

1048 287 1116 323 ὶαίῳ
1129 288 1215 323 ἐτάφη
1230 288 1258 314 ἐν
1272 288 1403 324 Χεϐρὼμ,
1421 288 1468 315 καὶ
1487 287 1589 320 Ἰσαὰκ,
1604 287 1652 314 καὶ
1669 286 1777 318 Ἰακὼῦ,
1795 286 1842 313 καὶ

1048 334 1164 361 ἑκάστου
1180 333 1282 361 τούτων
1296 334 1345 370 μία
1360 334 1428 370 γυνή
1441 343 1448 349 ·
1464 335 1512 361 καὶ
1526 334 1568 361 ὅτι
1584 333 1694 369 Σικημα
1710 332 1791 368 μερὶς
1801 332 1843 359 δέ·

1047 381 1121 408 δοται
1132 380 1172 415 τῷ
1195 364 1312 416 Ἰωσὴᾷ,
1333 364 1380 407 καί).
1402 364 1578 416 Ἰτρουσαλὴμ
1783 364 1849 404 ἐστι’

1047 426 1098 461 τῆς
1121 425 1260 458 Ἰουδαίας,
1276 426 1304 452 ὲν
1352 425 1509 461 ᾠκοδόμητο
1524 424 1577 451 ὑπὸ
1595 423 1768 459 Σολομὼπος
1779 422 1845 454 ναδς

1048 471 1116 498 Θεοῦ
1129 480 1136 486 ”
1151 472 1198 498 καὶ
1221 471 1289 498 ἄλλα.
1310 471 1404 507 μυρία.
1424 471 1518 506 Πολλῷ
1534 470 1589 507 γὰρ
1607 469 1718 497 πλείονά
1732 469 1791 496 ἐστι
1810 469 1845 496 τὰ

1047 517 1119 545 κατὰ
1132 517 1182 553 τὴν
1197 517 1318 553 ἱστορίαν
1331 517 1519 554 ἀληθευόμενα
1532 517 1588 544 τῶν
1596 515 1845 553 προσυφανθέντων

1048 563 1159 600 γυμνῶν
1177 563 1380 599 πνευματικῶν.
1398 564 1482 590 Πάλιν
1499 573 1528 591 τε
1546 561 1580 590 αὖ
1600 563 1643 594 τίς
1655 563 1706 590 οὐκ
1722 562 1756 589 ἂν
1770 561 1846 587 εἴποι

1047 609 1096 645 τὴν
1111 609 1245 644 λέγουσαν
1270 609 1390 645 ἐντολὴν,
1410 610 1481 644 Τίμα
1501 609 1555 636 τὸν
1575 607 1697 642 πατέρα,
1715 606 1765 634 καὶ
1785 606 1844 640 τὴν

1044 656 1168 691 μητέρα,
1177 657 1228 684 ἵνα
1237 654 1273 685 εὖ
1283 664 1333 684 σοι
1348 656 1479 691 γένηται,
1492 656 1577 692 χωρὶς
1591 655 1682 690 πάσης
1693 653 1844 688 ἀναγωγῆς

1048 705 1186 741 χρησίμην
1200 705 1343 740 τυγχάνειν
1359 704 1405 731 καὶ
1426 703 1564 740 τηρητέαν
1582 712 1624 738 γε,
1647 702 1695 730 καὶ
1711 701 1758 729 τοῦ
1773 702 1846 728 ἀπο-

1049 752 1141 778 στόλου
1154 751 1261 778 Παύλου
1273 751 1445 788 χρησαμένου
1457 751 1543 788 ταύτῃ
1554 750 1707 782 αὑτολεξεί;
1719 750 1752 776 Τί
1766 749 1796 776 δὲ
1806 748 1848 775 δεῖ

1047 797 1138 831 λέγειν
1155 797 1291 834 περὶτοῦ,
1307 798 1348 825 οὐ
1367 798 1549 833 μοιχεύσεις,
1564 797 1600 824 οὺ
1617 797 1790 831 φονεύσεις,
1808 795 1845 822 οὐ

1049 843 1183 878 κλέψεις,
1200 845 1236 871 οὑ
1250 843 1562 879 ψευδομαρτυρήσεις
1576 843 1630 870 Καὶ
1653 842 1733 869 πάλιν
1755 842 1785 868 ὲν
1806 841 1847 878 τῷ

209 889 262 916 ulla
286 889 399 924 spiritali
426 889 652 924 interpretatione
668 888 791 916 sullicere
806 909 813 920 ,
830 893 857 915 et
871 895 931 916 esse
947 889 997 915 ob-

1053 890 1206 925 Εὑαγγελίῳ
1220 890 1324 917 ὲντολαί
1341 891 1394 917 εισι
1405 889 1606 925 γεγραμμέναι,
1619 888 1649 916 οὐ
1666 887 1844 924 ζητούμενα,

208 935 378 963 servantibus
394 934 576 963 necessarium
588 934 600 960 2
613 934 730 961 maxime
757 941 818 961 cum
843 939 870 961 et
893 933 995 962 Paulus

207 980 309 1008 eisdem
326 981 415 1009 verbis
431 987 556 1016 repetens
569 980 591 996 ¹⁰
605 980 806 1008 conﬁrmaverit
816 981 903 1015 ipsum
918 988 996 1007 man-

208 1026 311 1054 datum.
327 1027 395 1060 Quid
406 1034 473 1054 vero
488 1031 595 1061 oportet
608 1025 699 1053 dicere
713 1026 747 1053 de
762 1033 794 1052 eo
807 1027 879 1060 quod
893 1026 996 1053 dictum

205 1076 266 1100 est:
282 1072 342 1100 Non
357 1072 529 1103 adulterabia,
539 1080 590 1098 non
602 1071 713 1102 occides,
726 1079 777 1098 non
790 1071 891 1105 furtum
905 1071 998 1105 facies.

208 1126 261 1146 non
276 1118 374 1153 falsum
400 1119 576 1146 testimonium
597 1118 667 1145 dices
679 1118 699 1133 “
713 1137 721 1150 ,
736 1122 765 1145 et
784 1122 881 1144 uetera
904 1117 998 1152 hujus-

208 1164 302 1192 modi?
316 1163 377 1192 Jam
391 1171 455 1192 vero
470 1164 503 1192 de
519 1164 562 1192 his
575 1171 636 1198 quae
657 1164 684 1191 in
702 1163 846 1199 Evangelio
869 1165 996 1191 mandata

209 1214 287 1242 sunt.
302 1218 336 1237 ne
348 1210 466 1238 dubitari
487 1210 593 1245 quidem
609 1215 696 1246 potest
711 1210 774 1245 quin
790 1210 940 1238 secundum
953 1210 997 1237 lit-

1049 936 1162 971 πότερον
1179 935 1264 967 αὑτὰς
1283 935 1355 963 κατὰ
1373 935 1423 971 τὴν
1436 935 1509 968 λέξιν
1524 935 1655 971 τηρητέον
1669 934 1685 970 ἢ
1707 933 1738 960 οὔ
1749 942 1756 948 ·
1772 933 1812 966 ὡς
1828 933 1846 969 ἡ

1049 981 1201 1016 φάσκουσα,
1224 981 1293 1016 Ἐγὼ
1301 980 1419 1016 δὲλέγω
1436 980 1516 1016 ὑμῖν·
1534 982 1583 1014 ’ος
1594 980 1648 1008 ἐὰν
1661 978 1790 1015 ὀρτισθῇ
1806 979 1846 1012 τῷ

1049 1027 1170 1061 ἀδελφῷ
1185 1026 1289 1060 αὐτοῦ,
1313 1027 1361 1054 καὶ
1381 1026 1416 1054 τὰ
1443 1026 1522 1062 ἑξῆς·
1541 1027 1598 1059 καὶ,
1621 1026 1692 1061 Ἐγὼ
1713 1026 1749 1053 δὲ
1766 1025 1845 1061 λέγω

1049 1073 1120 1108 ὑμῖν
1131 1073 1175 1108 μὴ
1189 1073 1297 1109 ὀμόσαι
1314 1074 1401 1107 ὅλως.
1417 1073 1471 1100 Καὶ
1488 1073 1565 1109 παρὰ
1580 1073 1619 1108 τῷ
1640 1072 1797 1107 ’Λποστὸλῳ
1814 1071 1846 1098 eo

1051 1121 1132 1156 ῥητὸν
1146 1119 1292 1157 τηρητέον·
1309 1119 1480 1148 Νουθετεῒτε
1494 1119 1566 1153 τοὺς
1577 1119 1738 1152 ἀτάκτους,
1753 1126 1846 1152 παρα-

1046 1166 1189 1201 μυθεῖσθε
1221 1167 1292 1200 τοὺς
1327 1167 1550 1202 ὀλιγοψύχους.
1585 1166 1752 1200 ἀντέχεσθε
1785 1164 1846 1192 τῶν

1049 1213 1268 1245 ἀσθενούντων,
1280 1211 1496 1248 μακροθυμεῖτε
1509 1211 1584 1247 πρὸς
1596 1211 1721 1244 πάντας.

209 1258 294 1282 teratu
308 1256 497 1288 observentur,
513 1255 582 1283 sicut
595 1263 656 1283 cum
669 1255 752 1283 dicit:
769 1255 826 1291 Ego
855 1259 943 1282 autem
971 1256 1031 1283 dico
1050 1257 1120 1284 vobis
1136 1265 1188 1284 non
1202 1257 1297 1292 jurare
1309 1258 1416 1285 omnino
1436 1258 1478 1291 “;
1496 1262 1524 1284 et
1539 1264 1601 1284 cum
1617 1256 1672 1284 ait:
1688 1256 1743 1289 Qui
1756 1260 1845 1283 autem

209 1302 354 1336 inspexerit
377 1301 515 1329 mulierem
536 1301 570 1328 ad
596 1302 833 1337 concupiscendum
848 1309 906 1329 sam
917 1320 924 1334 ,
940 1302 998 1337 jam
1018 1303 1160 1330 macltattu
1176 1308 1214 1330 est
1249 1311 1307 1330 eam
1327 1303 1353 1330 in
1391 1303 1469 1330 corde
1483 1310 1530 1329 suo
1543 1301 1587 1333 “;
1602 1305 1628 1328 et
1642 1301 1712 1336 apud
1729 1299 1844 1327 Paulum

209 1347 363 1382 apostolum
398 1355 459 1382 qua:
484 1347 678 1383 praecipiuntur
709 1356 716 1375 :
736 1347 904 1375 Commonete
936 1347 993 1383 (ἳὲ)
1013 1347 1163 1382 inquietos,
1193 1348 1367 1376 consulamini
1396 1347 1598 1383 pusillanimes,
1620 1347 1746 1375 sustinete
1769 1345 1847 1380 inﬁro

208 1403 276 1429 suos,
289 1394 416 1430 patientes
437 1399 518 1422 estote
534 1395 568 1422 ad
581 1402 668 1422 omnes
685 1395 706 1411 “
720 1403 727 1428 ;
741 1400 769 1424 et
785 1394 838 1422 alia
853 1394 1061 1430 quamplurima.
1081 1404 1092 1422 ι

827 1462 1107 1491 lNTEIlPRETATlO
1125 1463 1230 1492 NOVA.

207 1530 271 1551 esse
284 1522 393 1554 ludam,
410 1523 437 1550 in
455 1531 506 1558 qua
527 1530 541 1549 a
556 1522 699 1551 Salomone
716 1523 878 1550 aediﬁcatum
892 1523 941 1551 fuit
959 1523 1088 1557 templum
1103 1523 1150 1551 Dei
1163 1545 1169 1556 ,
1186 1527 1214 1551 et
1228 1523 1280 1551 alia
1296 1527 1437 1551 sexcenta.
1452 1521 1534 1549 Multo
1546 1521 1618 1550 enim
1631 1521 1708 1557 plura
1727 1524 1792 1548 sunt
1805 1528 1846 1549 se-

210 1559 329 1594 cundum
346 1557 486 1594 historiam
501 1565 562 1584 vera
573 1578 580 1590 ,
596 1566 676 1593 quato
691 1567 751 1594 quae
767 1567 841 1586 mere
855 1559 1004 1592 apiritualia
1020 1559 1073 1586 illis
1088 1563 1190 1586 attexta
1207 1563 1280 1586 sunt.
1296 1558 1416 1594 Rursum
1439 1558 1501 1594 quis
1525 1558 1631 1594 inﬁcias
1649 1557 1846 1594 ierit_manda-

214 1598 270 1620 tum
287 1593 357 1620 hoc:
376 1593 486 1620 Honora
503 1591 734 1626 patrem'tuum'et
748 1600 856 1621 matrem
867 1591 956 1627 tuam.
971 1599 1000 1620 ut
1016 1594 1078 1621 bene
1094 1595 1126 1621 sit
1144 1594 1202 1627 tibi,
1218 1594 1300 1621 etiam
1311 1593 1370 1620 sine
1384 1591 1481 1620 altiore
1494 1591 1755 1627 intelligentiautile
1770 1598 1845 1624 esse,

210 1635 243 1655 ac
260 1628 423 1655 servandum
435 1648 442 1662 ,
461 1625 578 1655 maxime
595 1635 655 1656 cum
672 1628 770 1657 Paulus
786 1625 880 1656 iisdem
894 1629 986 1656 verbis
1004 1629 1067 1655 illud
1091 1625 1308 1657 commendarit?

1330 1628 1399 1661 Quid
1424 1628 1522 1654 attinet
1549 1628 1642 1654 dicere
1667 1626 1702 1654 de
1725 1627 1845 1658 caeteris.

212 1662 275 1690 Non
290 1663 467 1699 macltaberis,
489 1671 541 1690 non
571 1663 683 1697 occides,
711 1672 762 1691 non
782 1665 883 1699 fartum
905 1663 1003 1698 facies.
1023 1671 1073 1690 non
1092 1665 1161 1692 dices
1182 1664 1278 1699 falsum
1296 1663 1494 1699 testimonium?
1524 1662 1630 1690 Rursus
1648 1662 1674 1689 in
1688 1661 1847 1699 _Evangelio

209 1698 336 1734 mandata
349 1698 470 1734 quadam
483 1699 581 1733 scripta
595 1696 679 1731 sunt;
688 1699 721 1725 de
736 1696 834 1733 quibus
852 1696 910 1726 non.
921 1699 1051 1734 quazritur
1070 1699 1124 1726 sint
1144 1696 1228 1727 ne'ad
1245 1699 1364 1727 litteram
1380 1698 1661 1734 observandainccrue.
1683 1696 1844 1734 Cttjusmodi

211 1732 276 1761 illud
286 1737 332 1769 est
344 1731 424 1768 {Ego
439 1737 527 1760 autem
537 1731 600 1769 :dieo
610 1734 683 1760 vobis
694 1754 701 1765 ,
713 1731 953 1769 quicunqueiratus
964 1733 1042 1768 fuerit
1056 1733 1135 1768 fratri
1146 1743 1194 1762 suo
1206 1735 1238 1766 ¹⁵,
1253 1739 1281 1762 et
1294 1741 1355 1769 quae
1376 1733 1585 1769 sequuntur.7Et
1595 1741 1605 1769 γε
1622 1731 1679 1769 Ego
1692 1733 1752 1769 dico
1772 1731 1844 1769 nobis

209 1775 262 1795 non
275 1768 369 1805 jurare
382 1767 516 1805 i’omnino.
535 1768 566 1805 Et
592 1767 798 1796 custodiendum
817 1767 861 1797 est
880 1769 946 1797 illud
965 1767 1087 1804 Apostoli
1109 1778 1116 1797 :
1133 1769 1262 1804 Corripite
1283 1767 1432 1805 inquietos,
1458 1767 1629 1796 consulamini
1648 1767 1846 1803 pusillanimes,

209 1804 334 1838 suscipite
344 1804 473 1837 inﬁrmos,
488 1804 615 1837 patientes
630 1808 711 1832 estate
724 1805 759 1832 ad
775 1812 873 1832 omnes.

245 1905 301 1952 (a3)
311 1904 474 1952 PAIIPHIDUS.
489 1904 528 1932 De
542 1905 660 1940 Epistola
673 1905 751 1934 Pauli
762 1906 795 1934 ad
804 1906 1000 1937 Philemonem.
1015 1923 1036 1952 ε
1052 1909 1139 1937 credit
1154 1912 1182 1936 et
1201 1908 1254 1936 hoc
1266 1928 1274 1941 ,
1299 1908 1370 1943 quod
1390 1906 1607 1952 Adamiquiaetn
1628 1904 1736 1952 primus
1763 1905 1845 1933 homo

245 1951 389 1979 Omcssss.
411 1951 467 1987 (24)
487 1961 498 1978 ι
519 1951 573 1979 Sed
599 1956 626 1980 et
648 1952 681 1980 de
706 1953 819 1988 singulis
841 1959 999 1983 sanctorum

211 1999 258 2036 qui
281 1999 309 2026 in
330 1999 471 2034 Scriptura
492 2002 585 2026 sancta
607 1998 752 2034 conscripti
774 2004 858 2033 sunt,
876 2007 998 2036 quosque

209 2046 306 2080 lelOS,
321 2048 348 2071 et
360 2043 463 2072 electos
476 2043 524 2071 Dei
541 2050 602 2072 esse
618 2043 759 2079 Scriptura
775 2049 903 2079 testatur,
919 2047 998 2074 debet

210 2097 272 2118 esse
297 2089 364 2118 ﬁdes
389 2089 423 2117 ab
449 2090 491 2117 his
516 2090 561 2124 qui
582 2089 682 2118 salvari
703 2092 826 2126 cupiunt.
850 2091 908 2121 Non
925 2093 996 2121 enim

209 2141 299 2171 potest
312 2143 372 2164 esse
388 2135 507 2172 perfecta
523 2136 548 2163 in
563 2135 646 2163 Deum
661 2135 740 2169 ﬁdes,
752 2137 804 2164 nisi
820 2138 882 2172 quis
899 2139 998 2166 habeat

209 2187 237 2210 ct
254 2183 325 2210 hanc
351 2182 430 2210 ﬁdem
443 2202 451 2215 ,
475 2189 528 2217 qua
555 2181 588 2210 de
605 2182 709 2210 sanctis
729 2183 801 2218 quod
820 2184 909 2211 sancti
935 2189 998 2212 sunt

209 2228 341 2256 creditur.
356 2227 432 2262 Quod
451 2233 541 2255 autent
565 2228 680 2256 dicimus
695 2229 749 2256 tale
765 2233 817 2257 est.
842 2229 892 2263 Qui
910 2231 998 2258 credi-

210 2268 282 2302 derit
293 2274 321 2301 in
337 2274 432 2306 Deum,
441 2277 468 2302 et
478 2273 603 2309 dogmata
615 2274 673 2310 ejus
686 2281 748 2302 vera
762 2282 823 2303 esse
836 2277 998 2311 susceperit,

240 2366 252 2382 ⁹
266 2365 350 2394 Exod.
365 2373 412 2400 Xa.
429 2364 472 2392 12.
508 2366 529 2381 ¹⁰
548 2366 645 2400 Epltes.
662 2374 700 2398 vt,
713 2361 740 2394 ἕ.

781 2367 801 2382 ¹¹
817 2365 902 2395 Exod.
918 2375 964 2398 xx.
982 2367 1013 2394 13
1025 2371 1054 2395 et
1067 2373 1126 2401 seq.

1052 1955 1184 1982 formatus
1203 1958 1244 1982 est
1258 1953 1280 1970 ¹⁶
1293 1962 1301 1987 ;
1315 1953 1402 1981 credit
1427 1956 1455 1980 et
1476 1951 1510 1980 de
1533 1951 1608 1984 Eva.
1632 1951 1705 1986 quod
1722 1958 1807 1978 unam
1828 1957 1844 1977 e

1052 2001 1134 2028 costis
1147 2000 1232 2027 Adam
1250 2006 1360 2027 sumens
1372 1998 1454 2030 Deus.
1468 1997 1643 2026 aediﬁcaverit
1653 2003 1714 2024 eam
1725 2000 1757 2023 ut
1771 2001 1844 2024 esset

1048 2046 1109 2082 ejus
1125 2045 1261 2079 mulier";
1278 2044 1363 2073 credit
1373 2043 1430 2080 (25)
1442 2048 1469 2071 et
1482 2043 1553 2079 quod
1564 2043 1637 2071 Enos
1650 2049 1716 2070 vere
1730 2043 1843 2077 speravit

1052 2092 1172 2121 invocare
1185 2099 1278 2119 nomen
1287 2090 1394 2119 Domini
1407 2090 1456 2118 Dei
1467 2089 1489 2106 "
1503 2099 1509 2123 ;
1527 2094 1555 2117 et
1569 2089 1642 2124 quod
1655 2088 1762 2122 Enocb,
1780 2089 1844 2124 quia

1052 2139 1079 2167 in
1113 2139 1193 2167 annis
1228 2138 1352 2166 ducentis
1384 2137 1518 2173 placuerit
1554 2137 1630 2168 Deo,
1663 2141 1843 2171 posteaquam

1052 2183 1231 2212 Mathusalem
1246 2183 1340 2218 genuit
1351 2181 1498 2210 translatus
1508 2185 1550 2209 est
1561 2180 1599 2213 “;
1613 2185 1640 2208 et
1652 2180 1688 2208 de
1701 2179 1770 2212 Noe.
1781 2180 1845 2215 quia

1052 2237 1181 2264 responsa
1205 2229 1312 2264 accepit
1337 2232 1368 2256 ut
1396 2228 1576 2256 fabricaretur
1606 2234 1680 2260 arca,
1712 2231 1741 2253 et
1770 2225 1844 2254 Solus

1051 2275 1172 2303 salvatus
1200 2279 1243 2303 est
1273 2281 1308 2302 ex
1341 2274 1460 2308 diluvio,
1492 2280 1554 2301 cum
1587 2272 1629 2300 his
1655 2271 1843 2300 tantummodo

1167 2366 1188 2382 ¹¹
1198 2365 1291 2393 Matth.
1309 2373 1343 2397 ν,
1375 2363 1420 2391 28.
1471 2364 1492 2380 ’³
1505 2365 1569 2392 ibid.
1596 2365 1641 2393 28.
1682 2365 1840 2394 "lThess.
1864 2342 1868 2346 ι

209 2409 237 2435 v,
253 2401 295 2429 14.
331 2401 352 2417 ¹⁵
369 2399 462 2427 Matth.
478 2407 504 2433 v,
518 2399 577 2427 22f
597 2401 725 2429 “Gcnes.
743 2409 773 2435 ιι,
789 2402 815 2428 Ἰ.
861 2403 882 2418 ⁸⁷
897 2403 961 2429 ibid.
979 2402 1071 2430 22-24.
1106 2399 1132 2417 ’⁸³
1145 2401 1244 2429 Gentes.
1261 2408 1297 2434 tv,
1309 2400 1355 2428 26.
1393 2400 1415 2415 ¹⁹
1430 2399 1529 2428 Genes.
1542 2409 1568 2434 v,
1583 2400 1616 2428 2t
1632 2406 1660 2428 et
1675 2408 1734 2436 seq.

246 2480 302 2515 (20)
318 2479 456 2513 Merlinus,
465 2479 492 2506 in
503 2488 556 2515 qua
575 2483 744 2508 constitutum
756 2486 792 2509 est
807 2481 931 2515 templum
944 2481 997 2508 Do-

171 2533 174 2542 ς
210 2516 286 2547 mini.
300 2521 351 2551 etc.
365 2515 495 2551 Sedrmss.
505 2520 538 2542 ut
551 2515 577 2542 in
595 2521 666 2543 textu
679 2525 686 2549 ;
701 2517 751 2543 nisi
766 2517 836 2551 quod
856 2525 905 2544 ms.
919 2516 996 2544 Mon~

211 2553 247 2593 tis
262 2552 291 2593 δε
317 2550 456 2593 Michaelis
473 2550 598 2578 similiter
614 2552 695 2579 habet
717 2550 824 2579 Domini
837 2571 845 2584 .
858 2557 885 2580 et
906 2551 997 2580 Gene-
1016 2565 1037 2593 ο

210 2587 325 2614 brartlus
341 2586 406 2613 Deo.

246 2621 303 2657 (21)
317 2621 416 2649 Omnes
429 2628 495 2649 mss.
512 2622 615 2654 nostri,
635 2621 707 2648 Tum:
724 2622 837 2649 deinde:
861 2629 923 2649 mox
942 2621 998 2657 ple-

212 2657 290 2692 rique
303 2677 311 2689 ,
325 2665 376 2689 quo
394 2657 511 2690 prtecipit
531 2664 541 2684 :
558 2657 622 2684 editi
643 2658 712 2691 quod
719 2657 860 2691 prwcept‘t:
876 2657 937 2684 libri
959 2657 998 2684 De

210 2691 362 2726 principiis.
379 2691 453 2726 quod
476 2692 606 2726 praecipit.
626 2691 678 2720 Sed
695 2700 760 2720 mss.
780 2692 957 2725 Sorbonicus,
971 2697 1000 2719 et

212 2726 311 2754 Montis
331 2726 359 2754 S.
376 2725 518 2754 Michaelis
537 2727 563 2754 itt
578 2727 702 2756 Pericula
722 2728 822 2761 maris,
837 2735 888 2762 quo
905 2728 1001 2761 prwci~

156 2761 163 2765 ”
212 2762 293 2795 pitur.

249 2795 304 2865 (ἢ)
331 2796 378 2823 Sic
405 2801 479 2825 recte
500 2796 560 2825 libri
583 2797 622 2824 De
642 2797 790 2833 principiis.
812 2797 914 2825 Omnes
936 2803 1002 2825 vero

263 2833 294 2857 us
304 2831 440 2865 Apologia:
454 2839 517 2859 is.
534 2836 561 2860 et
578 2833 642 2860 editi
661 2840 801 2865 perperam
812 2851 820 2865 ,
835 2833 930 2865 inquit.
945 2840 1000 2860 eos.

213 2829 440 2892 ltujus‘Aglotogtaz
454 2839 517 2859 mss.
534 2836 561 2860 et
578 2829 647 2860 editi
661 2829 801 2867 perperam
812 2851 820 2866 ,
835 2833 930 2866 inquit.
945 2840 1000 2860 eos.

248 2864 305 2892 (2'5)
349 2871 510 2892 atlrutLus.
527 2867 563 2892 De
583 2866 701 2892 Eoistola
725 2866 807 2892 Pauli
832 2867 947 2892 anoatoli
965 2867 1000 2892 ad

248 2864 305 2901 (25)
329 2864 510 2894 Patunuttus.
527 2867 563 2894 De
583 2864 817 2902 Epistola'Pauli‘
832 2864 947 2902 apostoli
965 2867 1000 2895 ad

1052 2481 1242 2510 Philemonem.
1271 2481 1333 2510 Hac
1358 2483 1384 2510 in
1412 2481 1489 2510 libris
1516 2486 1594 2510 antea
1617 2483 1699 2511 editis
1727 2482 1840 2515 omissa.

1051 2517 1130 2556 quasi
1144 2517 1252 2556 reliqua
1269 2517 1361 2545 forent
1375 2518 1456 2546 etiam
1469 2525 1488 2556 e_
1506 2517 1574 2545 libro
1589 2524 1688 2556 quarto
1707 2518 1842 2556 Περὶ

1051 2553 1114 2586 χῶν
1126 2571 1134 2584 ,
1151 2554 1329 2580 restituuntur
1349 2561 1383 2581 ex
1406 2553 1532 2580 omnibus
1557 2560 1621 2581 mss.
1640 2553 1746 2581 Deinde
1764 2554 1838 2586 editi,

1051 2588 1125 2615 debet
1135 2595 1191 2614 esse
1200 2588 1320 2622 quintium
1331 2588 1408 2622 ﬁdes,
1422 2592 1488 2621 etc.,
1503 2588 1550 2616 sed
1564 2595 1659 2616 omnes
1673 2596 1740 2616 mss.
1756 2590 1839 2617 nostri

1051 2623 1180 2650 omittunt
1194 2623 1325 2657 quwdam.

1086 2657 1142 2693 (2t)
1159 2656 1205 2693 Es
1213 2658 1364 2685 Comment.
1382 2658 1407 2685 in
1424 2658 1510 2693 Epist.
1530 2658 1564 2685 ad
1577 2656 1772 2688 Philemonem.

1089 2692 1146 2728 (25)
1162 2692 1195 2728 Et
1216 2694 1286 2728 quod
1306 2693 1378 2721 Enos
1401 2702 1459 2721 uere
1479 2694 1590 2727 speravit
1610 2694 1734 2721 invocare
1748 2704 1837 2722 nomen

1051 2727 1159 2755 Domini
1182 2727 1240 2755 Dei.
1256 2727 1319 2755 Haec
1333 2729 1514 2763 praetermissa
1529 2733 1590 2756 sunt
1605 2728 1632 2755 itt
1645 2729 1738 2762 editis,
1754 2736 1782 2758 et
1796 2738 1836 2758 re-

1052 2764 1201 2800 stituuntur
1215 2770 1250 2800 ex
1271 2771 1343 2800 mss.
1366 2764 1411 2798 qui
1433 2771 1527 2791 omnes
1550 2763 1650 2800 habent
1673 2764 1766 2792 Enoclt
1791 2773 1837 2800 pro

1051 2797 1134 2825 Enos.
1157 2797 1257 2825 Deinde
1281 2799 1344 2826 editi
1369 2797 1469 2827 habent
1490 2799 1628 2832 trecentis;
1654 2807 1752 2827 onmes
1773 2797 1835 2828 nisa.

1051 2833 1282 2873 ducentisal‘aulo
1297 2838 1357 2868 post
1372 2834 1452 2873 iidem
1469 2834 1532 2873 editi
1557 2839 1585 2862 et
1610 2843 1662 2873 ms.
1683 2833 1794 2871 Regius,
1810 2840 1836 2862 ιι

1051 2867 1194 2902 fabricaret
1210 2867 1322 2896 arcani:
1337 2869 1386 2898 sed
1401 2869 1495 2898 caeteri
1511 2877 1576 2899 mss.
1591 2874 1621 2898 ut
1637 2871 1664 2899 in
1679 2867 1767 2900 texiu.
