1909 3080
82 151 136 178 595
680 141 863 188 {tremant
882 150 950 179 Ριιο
969 149 1128 180 ORIGENE.
1661 154 1713 183 sat

82 208 140 246 (26)
154 209 201 245 qui
217 216 311 238 secum
321 209 418 238 arcam~
428 209 536 238 fuerant
555 210 670 246 ingressi
686 214 721 238 ι’.
744 208 875 237 Similiter
888 209 913 240 Α
928 208 961 236 de
975 207 1174 235 resurrectione
1191 207 1300 242 scripsit
1311 227 1319 241 ,
1336 214 1417 242 quam
1433 215 1466 236 ex
1481 209 1586 237 ueteris
1599 210 1657 244 ejus
1673 211 1715 253 die

82 259 110 282 et
127 255 160 282 de
181 254 338 289 Abraham,
352 255 423 290 quod
435 255 564 284 meruerit
574 255 760 284 testimonium
770 255 833 288 Dei,
848 258 875 282 et
926 255 1011 283 versis
1031 254 1232 287 voluminibus,
1257 254 1467 289 approbabimus
1497 256 1578 284 etiam
1609 257 1635 284 in
1659 258 1711 286 hac

83 303 156 336 quod
172 304 325 337 susceperit
336 303 465 339 hospitio,
482 311 544 332 cum
556 308 628 332 esset
642 305 692 332 sub
706 303 766 332 ilice
785 303 874 331 Mam-

83 349 150 381 bre,
177 353 234 377 tres
248 350 322 378 viros
334 369 342 382 .
359 357 391 377 ex
413 350 511 385 quibus
526 357 596 378 unus
620 351 750 378 Dominus
768 354 828 378 erat
838 351 872 376 τι.
892 354 898 360 '

84 394 180 422 Credit
199 399 227 422 et
242 395 276 423 de
290 395 368 423 Isaac
385 396 427 424 vel
441 396 575 431 quomodo
590 400 670 424 natus
681 401 734 429 est,
753 396 794 425 vel
807 403 873 432 quo-

82 441 165 468 modo
181 441 289 469 oblatus
305 445 348 470 est
369 449 384 469 a
406 446 500 477 patre,
526 443 570 471 vcl
586 443 721 478 quomodo
744 449 873 477 responsa

84 485 133 513 Dei
155 486 250 514 audire
263 487 445 515 meruerit“:
459 488 506 516 sed
521 492 549 516 et
564 488 597 516 de
613 487 706 521 Jacob,
719 487 791 524 quod
811 495 872 515 mu—

83 537 144 560 tato
157 533 267 561 nomine
284 532 369 561 lsrael
390 541 405 561 a
421 533 478 561 Deo
495 533 703 569 cognominatus
726 537 769 561 est
786 533 828 560 ":
847 537 875 561 et

82 579 117 607 de
131 578 234 615 Moyse.
251 579 322 613 quod
338 586 385 614 per
407 579 484 615 signa
503 583 531 607 et
545 580 660 607 virtutes
681 579 874 607 ministraverit

82 625 140 652 Deo
155 625 189 652 ³⁸.
203 625 295 652 Credit
306 630 333 653 et
353 626 424 660 quod
439 625 518 654 Jesus
534 625 608 653 Nave
623 625 767 653 exauditus
781 632 796 653 a
818 626 873 653 Deo

82 674 159 698 stare
176 670 272 698 fecerit
288 670 373 698 solem
390 677 472 705 super
491 669 620 704 Gabaon,
635 674 663 698 et
678 670 769 698 lunam
792 677 874 705 super

81 716 180 744 vallem
200 716 287 744 llelon
299 717 333 742 ’⁸.
349 717 418 751 Quid
437 721 526 744 autem
543 716 688 744 dicendum
700 721 742 745 est
757 716 792 744 de
807 717 874 744 ﬁde-

82 762 156 790 libus
167 762 317 797 judicibus,
325 767 353 790 et
365 763 398 790 de
409 762 453 790 his
465 770 526 798 qua:
539 769 587 797 per
601 770 648 790 eos
660 766 734 798 gesta
750 762 873 790 referun-

81 813 128 836 tur
141 818 148 835 :
164 809 205 836 vel
222 809 248 836 in
264 808 418 844 Regnorum
430 808 509 836 libris
520 809 555 836 de
566 808 703 843 Samuele,
720 809 790 845 quod
805 816 873 837 mes-

81 855 152 883 sium
171 860 293 890 tempore
315 855 420 890 pluvias
435 863 450 883 a
473 855 528 883 Deo
542 856 708 891 poposcerit,
721 860 749 883 et
763 863 873 891 accepe-

79 901 118 929 rit
129 902 153 918 ¹⁶
162 901 176 929 1
187 906 215 929 et
228 902 262 929 de
276 902 359 930 David
373 909 453 936 quem
465 902 613 936 assumpsit
628 901 757 930 Dominus
769 902 825 938 (2'1)
841 902 874 930 ab

80 948 180 975 ovibus
190 948 224 980 ’⁷,
238 952 268 976 ιιι
293 953 403 983 regeret
419 947 504 975 Iacob
518 955 632 983 puerum
648 955 737 981 suum,
751 953 779 976 et
793 948 874 976 Israel

80 992 268 1021 haereditatern
281 1001 357 1021 suam
369 994 416 1021 ’νῖν
434 998 461 1022 et
474 994 507 1021 de
524 994 629 1021 Nathan
642 994 714 1029 quod
730 994 874 1029 propheta-

79 1039 152 1067 verit
171 1040 212 1067 ἐς
234 1047 338 1068 necnon
359 1044 386 1068 et
409 1040 468 1068 Gad
483 1041 525 1069 ":
546 1040 593 1068 sed
615 1045 642 1068 et
665 1040 698 1068 de
719 1039 873 1075 Salomone,

79 1085 152 1120 quod
168 1086 324 1120 apparuerit
336 1086 360 1114 ei
382 1086 408 1114 in
427 1087 487 1115 visu
510 1087 640 1114 Dominus
658 1086 680 1102 '°
702 1095 709 1115 :
725 1087 795 1115 etde
804 1086 872 1120 Elia,

78 1131 151 1164 quod
172 1137 331 1167 assumptus.
342 1137 384 1161 est
404 1140 452 1168 per
466 1134 651 1161 ascensionem
675 1133 702 1161 in
719 1133 816 1161 ctelum
837 1133 872 1167 ³¹,

78 1175 185 1204 eﬂ'ectis
206 1176 260 1204 illis
276 1177 417 1211 omnibus,
436 1186 496 1213 quae
517 1184 617 1214 scripta
633 1183 716 1213 sunt,
737 1179 822 1214 signis
846 1183 874 1206 et

77 1222 231 1258 prodigiis:
249 1224 296 1251 sed
312 1224 386 1252 etde
408 1224 525 1258 Elisazo,
554 1225 682 1261 quoniam
709 1233 762 1253 non
784 1225 871 1253 solum

79 1269 252 1296 resuscitavit
267 1270 351 1297 tilium
363 1271 523 1304 Sunamitis,
539 1272 586 1300 sed
598 1276 625 1300 et
642 1276 776 1299 mortuum
792 1279 873 1308 super

77 1321 138 1341 ossa
153 1322 202 1342 sua
220 1316 371 1351 projectum
388 1316 421 1343 ⁸³.
437 1316 551 1352 Oportet
564 1325 629 1351 ergo
649 1325 871 1354 unumquemque

77 1360 198 1388 ﬁdelium
215 1362 328 1390 credere
351 1367 378 1390 et
400 1364 526 1391 omnibus
549 1371 610 1400 qua:
631 1365 732 1400 scripta
752 1369 816 1393 sunt
839 1366 872 1393 de

77 1405 205 1439 Ezechia,
218 1409 289 1440 quod
305 1409 329 1436 in
347 1409 441 1437 diebus
454 1409 512 1443 ejus
524 1414 677 1438 retrorsum
701 1411 871 1447 repedaverit

76 1452 173 1480 umbra
190 1453 258 1481 solis
271 1454 304 1481 ³³.
318 1455 364 1483 Est
379 1463 445 1491 ergo
460 1454 526 1484 lldes
545 1461 637 1483 nostra
656 1457 744 1492 primo
761 1457 870 1492 quidem

75 1499 198 1526 omnium
228 1500 255 1527 in
278 1500 421 1529 Dominum
452 1508 576 1529 nostrum
600 1502 691 1529 Jesum
717 1503 868 1535 Christum.

924 305 1003 337 parte
1018 307 1099 336 quam
1117 299 1254 327 catholice
1267 300 1393 328 senserit.

971 355 1053 375 PRIMA
1072 354 1215 374 BESPONSIO
1234 354 1269 374 AD
1287 353 1424 387 ΕΕΡΤΙᾎΔΙ
1442 355 1664 377 (ΞΙΙΜΙΝΑΤΙΟΝΕΙ-

1223 393 1335 422 CAPUT
1354 393 1408 422 νιι.

1043 438 1180 473 Quomodo
1194 440 1322 467 sentiebat
1341 440 1372 468 de
1389 442 1588 469 resurrectione.

960 485 1106 514 Onrsenss.
1143 486 1209 522 (29)
1238 485 1402 520 «Quomodo
1425 487 1497 514 enim
1523 495 1576 515 non
1604 488 1711 516 videtur

925 532 1082 564 absurdum,
1101 537 1130 560 ut
1142 533 1194 560 hoc
1208 539 1317 566 corpus,
1329 533 1400 567 quod
1417 539 1465 568 pro
1476 533 1585 561 Christo
1601 535 1710 569 pertulit

925 578 1078 611 cicatrices,
1103 583 1132 606 et
1156 579 1259 613 pariter
1282 586 1344 606 cum
1361 579 1452 606 anima
1472 579 1528 614 (50)
1544 581 1710 614 persecutio-

923 632 989 652 num
1005 623 1131 653 toleravit
1147 631 1216 652 saeva
1233 628 1378 656 tormenta,
1400 632 1540 653 carcerum
1559 633 1666 661 quoque
1679 634 1711 654 ac

923 670 1095 698 vinculorum
1122 675 1150 698 et
1176 671 1319 698 verberum
1349 671 1482 706 supplicia
1510 671 1632 706 pertulit,
1649 672 1711 706 igne

923 716 1005 744 etiam
1024 716 1185 748 cruciatum,
1204 716 1278 744 ferro
1302 723 1400 744 ctesum
1420 722 1473 750 est,
1494 717 1604 752 insuper
1624 722 1651 745 et
1665 718 1712 746 be-

924 763 1038 791 stiarum
1061 767 1189 790 cruentos
1213 769 1338 796 morsus,
1366 763 1455 790 crucis
1475 763 1606 798 patibula,
1627 771 1658 792 ac
1672 764 1712 792 di-

923 815 1002 836 versa
1028 816 1171 844 pcenarum
1195 816 1295 844 genera
1322 815 1479 843 DCTPCSSUID
1493 813 1546 841 ESI,
1574 814 1709 838 tantorum

925 855 1107 883 certaminum
1130 855 1250 890 prtemiis
1276 854 1469 882 defraudetur?
1495 855 1600 890 Quippe
1614 856 1636 883 si
1654 856 1709 884 sola

890 888 912 916 Β
926 900 1028 934 anima,
1044 908 1104 936 qua:
1117 888 1170 928 non
1189 900 1246 928 sola
1263 900 1319 936 (51)
1336 901 1500 933 certaverit,
1516 888 1672 935 coronetur,
1684 906 1712 930 et

925 947 1047 982 corporis
1069 947 1110 974 sui
1128 945 1266 974 vasculum
1281 946 1352 981 quod
1368 947 1392 974 ei
1407 954 1468 974 cum
1493 954 1591 983 magno
1617 948 1710 976 labore

925 993 1047 1026 servivit,
1061 992 1133 1020 nulla
1148 993 1242 1026 agonis
1258 1000 1290 1020 ac
1302 992 1422 1020 victoriae
1435 993 1545 1028 praemia
1559 1000 1711 1028 consequa-

925 1042 979 1072 tur,
995 1038 1131 1074 qnomodo
1145 1046 1199 1066 non
1213 1043 1306 1066 contra
1323 1046 1431 1066 omnem
1451 1039 1582 1067 rationem
1603 1039 1710 1067 videtur

924 1089 954 1112 ut
970 1085 1138 1113 naturalibus
1151 1085 1226 1113 vitiis
1242 1090 1324 1121 atque
1337 1085 1464 1121 ingenita:
1479 1085 1583 1114 libidini
1598 1091 1711 1122 propter

923 1130 1060 1158 Christum
1084 1138 1148 1158 caro
1167 1133 1306 1165 resistens,
1323 1136 1352 1160 et
1373 1132 1555 1167 virginitatem
1581 1133 1710 1161 obtinens

923 1185 984 1205 cum
1006 1178 1108 1213 ingenti
1127 1178 1231 1212 labore,
1255 1178 1302 1213 qui
1326 1178 1501 1206 continentia:
1519 1177 1597 1207 labor
1615 1179 1710 1214 utique

923 1228 970 1251 aut
983 1224 1070 1260 major
1083 1225 1206 1259 corporis
1229 1225 1286 1261 (32)
1299 1232 1380 1260 quam
1400 1225 1497 1253 animat
1511 1230 1562 1259 est,
1576 1231 1622 1253 aut
1636 1229 1710 1254 certe

923 1270 1064 1305 utriusque
1087 1270 1199 1305 aequalis
1213 1275 1265 1305 est,
1289 1271 1463 1306 prtemiorum
1489 1275 1610 1306 tempore
1625 1271 1710 1300 altera

921 1316 995 1344 velut
1010 1317 1121 1352 indigna
1140 1317 1288 1351 rejiciatur,
1305 1317 1389 1345 altera
1409 1318 1500 1345 veniat
1513 1318 1547 1345 ad
1561 1317 1710 1346 coronam?

921 1363 986 1398 Quae
1002 1371 1046 1392 res
1067 1364 1127 1392 sine
1149 1364 1232 1392 dubio
1256 1368 1299 1392 aut
1322 1364 1459 1398 injustitia'
1483 1363 1598 1399 alicujus
1612 1364 1713 1399 Deum,

921 1415 967 1437 aut
983 1409 1206 1444 impossibilitatis
1221 1415 1343 1437 accusat.
1361 1418 1371 1436 ι

956 1455 1118 1484 ΡΑιιιιιιιιυε.
1136 1454 1184 1483 liis
1199 1455 1396 1483 assertionibus
1411 1456 1543 1491 incipiens
1566 1457 1605 1484 uti
1620 1457 1653 1485 de
1667 1463 1716 1485 re~

920 1503 1090 1531 surrectione
1109 1507 1289 1535 mortuorum,
1319 1509 1368 1537 per
1396 1507 1479 1530 totam
1499 1503 1645 1531 voluminis
1665 1504 1715 1531 sui

75 1549 279 1580 consequenter
292 1553 358 1576 vero
370 1548 452 1575 etiam
472 1548 498 1575 in
517 1556 612 1575 omnes
626 1553 735 1577 sanctos
751 1550 868 1584 patriar—
881 1560 902 1590 ο
920 1549 1019 1577 seriem
1042 1548 1253 1576 evidentissirnis
1269 1548 1509 1587 approbationibus
1523 1556 1589 1576 usus
1605 1553 1657 1577 est.
1674 1550 1706 1577 ln

74 1590 151 1623 chas,
166 1591 208 1618 vel
225 1592 382 1628 pr0phetas,
394 1594 437 1622 vel
452 1594 589 1629 apostolos
603 1594 716 1628 Christi,
729 1602 762 1623 eo
774 1595 869 1624 ordine
920 1594 1039 1624 secundo
1057 1601 1121 1622 vero
1139 1593 1210 1621 libro
1231 1594 1354 1629 ejusdem
1383 1593 1515 1627 materiae,
1532 1601 1593 1621 cum
1610 1595 1709 1630 praedi-

75 1642 130 1670 quo
143 1637 274 1671 superius
290 1638 419 1667 diximus.

105 1681 275 1711 Purntws.
292 1683 463 1713 Suﬂicienter
491 1686 543 1714 ista
565 1687 598 1714 ad
623 1687 807 1722 probationem
823 1695 869 1716 ca-

74 1727 186 1756 tholicae
201 1728 260 1763 ejus
276 1729 347 1762 ﬁdei.
360 1736 388 1758 ct
398 1732 518 1767 qualiter
528 1733 610 1760 etiam
628 1733 661 1761 de
679 1734 735 1768 ipsa
746 1733 869 1771 Scriptu-

70 1781 167 1800 rarum
183 1774 298 1803 historia
313 1777 441 1810 senserit,
458 1777 530 1806 dicta
546 1779 612 1806 sint.

107 1819 141 1845 Et
156 1820 287 1854 quoniam
303 1821 374 1849 inter
389 1827 505 1850 caeteras
516 1824 722 1852 criminationes
733 1824 790 1861 (28)
802 1832 869 1860 quas

70 1865 96 1892 ei
121 1863 262 1899 inferunt,
280 1867 363 1895 etiam
380 1875 462 1904 quam
492 1870 638 1898 maximam
654 1876 777 1905 ponunt,
795 1871 866 1906 quod

71 1911 305 1940 resurrectionem
321 1913 442 1941 futuram
460 1915 574 1951 deneget
589 1921 758 1945 mortuorum
769 1938 777 1950 ,
795 1918 868 1953 quod

71 1957 166 1992 utique
184 1959 305 1986 futurum
330 1961 474 1989 manifeste
495 1963 521 1989 in
535 1963 665 1991 Ecelesiis
690 1964 864 1999 przedicatur,

71 2009 245 2038 consequens
269 2009 312 2032 est
335 2006 416 2034 etiam
431 2007 464 2034 de
483 2007 535 2035 ltoc
550 2008 634 2043 ipsius
652 2016 701 2054 nos
713 2010 802 2037 verbis
819 2017 866 2037 ca-

69 2049 224 2078 lumrtiosos
231 2051 383 2084 ostendere,
396 2056 424 2080 et
440 2054 585 2082 mendaces
601 2049 741 2083 evidénter
752 2062 866 2091 arguere

70 2101 118 2122 eos
134 2095 182 2130 qui
208 2096 290 2123 etiam
307 2096 409 2132 scripta
432 2097 465 2125 de
489 2098 542 2126 hoc
556 2099 637 2127 edere
656 2100 787 2128 adversus
802 2108 863 2127 eum

70 2147 124 2166 non
150 2146 343 2175 pepercerunt.
370 2142 436 2170 Tam
455 2151 489 2172 ex
511 2145 578 2180 ipsis
597 2145 679 2180 igitur
696 2145 773 2174 libris
795 2153 864 2181 quos

104 2212 129 2227 ²⁹
148 2211 248 2253 Cenes.
269 2221 398 2253 ill-Vill.”
414 2216 557 2253 “hGenes.
575 2226 650 2252 xvrtr,
669 2218 697 2252 2,
712 2226 769 2253 seq.

69 2253 173 2289 tur-1x.”
192 2248 215 2263 ²¹
227 2248 308 2277 Jnsue
326 2250 412 2289 x,__lj2_,_
429 2251 474 2289 i5.
511 2253 534 2268 “
549 2253 558 2280 Ι
574 2248 709 2289 [κελαι.
723 2248 766 2286 ΓΪ,
784 2254 828 2282 18.

69 2282 91 2297 ²¹
107 2280 130 2308 ll
152 2282 219 2318 Reg.
232 2291 306 2312 xxiv.

917 1641 1002 1670 xisset
1015 1640 1072 1677 (55)
1089 1640 1152 1676 quia
1169 1640 1247 1675 quasi
1261 1640 1294 1667 ad
1305 1639 1421 1675 gentiles
1431 1639 1598 1674 loqueretur,
1615 1640 1709 1676 hujus-

918 1688 1021 1716 cemodi
1037 1694 1114 1715 suam
1133 1686 1298 1714 sententiam
1319 1685 1478 1713 declaravit.

953 1734 1098 1763 Omcznes.
1127 1732 1197 1769 (54)
1225 1742 1234 1758 ι
1254 1731 1308 1760 Nos
1337 1739 1401 1760 vero
1422 1735 1483 1767 post
1505 1732 1705 1767 corruptionem

919 1781 1014 1809 mundi
1029 1780 1137 1808 eosdem
1160 1780 1231 1814 ipsos
1247 1777 1353 1806 futuros
1365 1785 1427 1806 esse
1439 1778 1564 1806 homines
1579 1778 1707 1811 dicimus,

918 1827 983 1855 licet
998 1833 1051 1853 non
1075 1825 1102 1851 in
1118 1824 1214 1852 eodem
1239 1828 1322 1856 statu,
1346 1830 1433 1858 neque
1446 1822 1473 1850 in
1491 1822 1587 1850 iisdem
1602 1822 1708 1857 passio-

918 1872 1008 1900 nibus.
1021 1871 1079 1898 Non
1095 1870 1166 1898 enim
1183 1870 1282 1897 iterum
1297 1877 1329 1897 cx
1342 1869 1523 1897 conventione
1536 1869 1587 1897 viri
1603 1872 1630 1896 et
1645 1876 1707 1896 mu-

917 1918 992 1946 lieris
1006 1921 1097 1951 erunt,
1119 1917 1179 1949 sed,
1194 1916 1268 1944 verbi
1284 1916 1384 1951 gratia,
1399 1923 1431 1944 ea
1454 1915 1525 1944 ratio
1541 1923 1602 1951 quae
1616 1915 1707 1943 conti-

918 1969 966 1992 net
978 1963 1053 1990 Pauli
1070 1962 1250 1990 substantiam
1265 1961 1354 1996 (Pauli
1368 1966 1459 1988 autem
1486 1967 1556 1989 nunc
1570 1961 1630 1989 dico
1644 1967 1708 1988 cor-

919 2008 1030 2044 poralis)
1048 2008 1122 2037 salva
1148 2014 1298 2043 permanet,
1313 2013 1417 2035 etcum
1439 2007 1554 2035 voluerit
1575 2008 1646 2034 Deus
1662 2013 1706 2034 se-

920 2055 1038 2083 cundum
1053 2061 1084 2081 ea
1101 2061 1161 2088 quae
1176 2054 1248 2081 dicta
1273 2058 1348 2087 sunt,
1370 2060 1418 2088 per
1443 2058 1641 2080 sacramentum
1661 2056 1705 2080 tu-

919 2102 1013 2129 barum
1038 2100 1064 2128 in
1083 2099 1230 2128 novissima
1247 2100 1312 2127 tuba
1339 2099 1429 2127 facere
1444 2103 1472 2126 ut
1498 2098 1597 2127 mortui
1613 2106 1705 2126 resur-

918 2152 994 2183 gant,
1011 2154 1058 2182 per
1076 2146 1148 2173 illam
1172 2146 1255 2181 ipsam
1271 2146 1328 2182 (55)
1343 2145 1556 2181 substantialem_
1570 2146 1704 2174 rationem

812 2213 838 2235 '--
851 2218 864 2247 ε

926 2225 949 2245 s.
967 2225 1023 2249 xxi,
1039 2225 1096 2244 xxtt
1109 2222 1137 2244 et
1154 2224 1229 2244 xxvi.
1268 2217 1290 2232 ¹³
1307 2216 1375 2244 Gen.
1390 2224 1476 2250 xxxtt,
1493 2216 1538 2243 28.
1574 2215 1598 2232 “
1618 2216 1705 2244 Exod.

877 2253 899 2269 ³⁷
920 2253 928 2280 Ι
951 2253 1016 2287 Reg.
1037 2260 1094 2283 xvr,
1120 2252 1163 2279 Η.
1197 2252 1314 2279 "‘Psal.
1331 2259 1404 2283 Lxxt,
1421 2252 1464 2279 Ἠ.

351 2285 493 2322 "lillieg.
519 2295 569 2322 nt,
586 2285 628 2316 5.‘
653 2289 719 2317 ιιιν
736 2288 803 2326 Reg.
828 2297 858 2324 tt,

925 2296 939 2323 ς.
955 2285 1048 2322 tv,“
1061 2308 1068 2320 ,
1082 2287 1137 2320 55;
1152 2294 1201 2314 xttt
1214 2307 1222 2320 ,
1236 2288 1280 2314 2|.
1320 2287 1342 2303 "
1356 2287 1388 2315 IV
1408 2286 1473 2322 Reg.
1491 2294 1536 2320 xx,
1554 2285 1631 2314 9-H.

1503 2252 1525 2267 ³⁸
1541 2251 1560 2278 ll
1573 2251 1640 2286 Reg.
1653 2259 1702 2278 xu.

106 2349 167 2392 (26)
185 2349 232 2378 Sic
246 2358 340 2392 omnes
356 2353 512 2392 mss._Editi
533 2363 607 2390 vero,
622 2358 738 2392 quicum
753 2366 783 2384 eo
800 2359 858 2389 fue-
872 2358 895 2386 D
909 2360 918 2382 t
959 2355 1015 2392 (5t)
1030 2354 1113 2387 Editi,
1133 2360 1277 2392 certaverat
1291 2364 1298 2382 :
1311 2356 1406 2382 deinde
1418 2356 1623 2389 Cenehrardus,
1645 2365 1704 2384 con-

68 2389 132 2428 rarrt
147 2393 247 2428 arcam.
257 2387 368 2428 ingressi
379 2397 389 2416 :
408 2390 532 2428 similiter
548 2396 573 2418 et
594 2387 737 2420 Abraham.
757 2387 858 2421 Deinde

67 2427 137 2461 mss.
162 2423 249 2461 nostri
263 2423 420 2461 _ornittunt,
442 2425 482 2452 vel
504 2428 633 2461 quomodo
661 2428 763 2455 oblatus
781 2433 820 2455 est
843 2438 859 2455 ιι

68 2454 154 2492 Patre
165 2462 182 2492 :7
190 2456 238 2483 sed
262 2456 319 2485 ltmc
333 2454 442 2486 exstant
469 2461 495 2488 in
509 2454 603 2490 'editis.
628 2462 678 2489 Ms.
695 2454 861 2492 Surbonicus

65 2490 152 2517 habet
165 2491 278 2518 domitus
290 2498 328 2520 est
343 2501 481 2528 pronatus
496 2502 544 2524 est.

102 2533 430 2584 E’F'ZBESffﬂﬁifricﬂ’fi.
439 2541 471 2584 ‘3'!
482 2541 677 2584 mmmam
697 2543 731 2584 μθ
747 2544 860 2584 hemini-

66 2569 115 2597 bus
127 2578 137 2597 :
157 2571 204 2598 sed
221 2573 321 2600 rectius
334 2569 434 2602 habere
446 2576 570 2603 videntur
585 2569 708 2610 editiiab
723 2569 824 2606 ovibus.

102 2615 213 2658 (‘28).lta
224 2625 325 2660 ’omnes
345 2626 410 2647 mss.
420 2622 522 2660 nostri.
537 2622 608 2649 Editi
624 2631 689 2660 vero
704 2631 856 2660 perperam,

63 2659 137 2693 quas
150 2652 174 2678 ei
190 2652 319 2693 inferunt,
332 2660 370 2681 est
390 2655 481 2693 etiam.
496 2665 575 2691 quant
590 2652 733 2686 maximam
748 2652 858 2692 ponunt;

63 2687 137 2730 quod
149 2687 652 2730 resurrectionem.sncilieeeniotltuorum
666 2687 788 2729 deneget:
800 2687 859 2730 quas

65 2722 158 2765 utique
183 2723 275 2765 {utut-tt
302 2725 442 2765 manifeste
473 2727 509 2765 ἱιι⁸
530 2727 656 2765 [ςτειεεὶὶε
684 2722 856 2764 ριίἕάῑοαλιιν,

65 2763 230 2796 consequens
240 2760 320 2785 etiam
335 2764 372 2787 est
385 2760 433 2788 has
447 2768 480 2789 ex
501 2763 582 2795 ipsius
597 2772 642 2791 nos
657 2760 739 2793 verbis
758 2760 859 2793 catum;

66 2795 125 2818 tutas
139 2795 284 2828 ostendere,
301 2798 356 2823 etc.

101 2837 161 2874 (29)
173 2839 213 2866 Ex
228 2840 315 2874 primo
326 2841 395 2870 libro
412 2842 448 2870 De
463 2846 663 2874 resurrectione.

101 2873 159 2909 (50)
178 2873 259 2910 Editi,
275 2878 491 2913 persecutionem,
503 2880 582 2908 male.

920 2399 949 2418 ra
962 2391 1062 2418 Omnem
1089 2391 1218 2417 rationem
1234 2399 1289 2418 esse
1312 2391 1432 2418 videatur
1447 2401 1456 2419 :
1483 2393 1529 2419 sed
1556 2399 1621 2419 mss.
1632 2397 1662 2419 ut
1676 2393 1704 2419 in

914 2431 998 2454 textu.

950 2460 1006 2496 (52)
1029 2460 1093 2488 Mss.
1113 2461 1198 2488 nostri
1221 2460 1362 2494 omittunt,
1386 2469 1463 2496 quam
1489 2462 1596 2493 animm,
1629 2461 1702 2496 quod

915 2497 1061 2523 restituunt
1077 2496 1152 2522 editi.
1177 2496 1261 2522 Paulo
1283 2500 1343 2530 post
1356 2497 1420 2523 editi
1434 2497 1573 2530 omittunt,
1587 2505 1646 2531 qua:
1661 2504 1701 2525 res

914 2531 970 2566 sine
988 2531 1066 2557 dubio
1079 2536 1124 2557 aut
1138 2531 1277 2566 injustitt'tt:
1297 2531 1413 2565 alicujus
1427 2531 1522 2562 Deum,
1540 2537 1586 2558 aut
1603 2533 1701 2566 impos-

912 2562 1046 2593 sibilitatis
1063 2562 1180 2597 accusat,
1195 2566 1266 2600 quod
1282 2562 1427 2593 restituunt
1438 2574 1533 2593 ornttes
1546 2575 1613 2594 mss.

948 2600 1004 2636 (55)
1022 2601 1104 2634 Quia,
1128 2602 1300 2629 desideratur
1323 2602 1350 2628 in
1380 2601 1470 2632 editis,
1496 2605 1524 2628 et
1547 2601 1700 2629 restituitur

911 2644 944 2664 ex
962 2644 1027 2663 mss.

947 2671 1003 2707 (54)
1018 2671 1056 2698 Ex
1070 2671 1140 2698 libro
1157 2679 1175 2698 ιι
1193 2671 1231 2698 De
1243 2672 1444 2700 resurrectione.

947 2707 1005 2743 (55)
1020 2707 1100 2738 Ειιίιί,
1115 2707 1272 2743 substantite
1287 2708 1417 2733 rationem
1432 2716 1491 2743 qum
1505 2707 1579 2734 salt-tr
1593 2715 1699 2741 perma-

914 2748 966 2774 net,
981 2747 1009 2768 ut
1022 2742 1053 2769 de
1075 2747 1151 2768 terra:
1177 2742 1282 2776 pulvere
1296 2744 1485 2769 resuscitemur
1509 2751 1524 2768 a
1543 2744 1656 2770 mortuis
1669 2751 1702 2771 ea:

913 2778 1034 2816 omnibus
1057 2777 1120 2816 locis
1138 2777 1166 2804 in
1193 2778 1300 2816 quibus.
1323 2777 1424 2816 Deinde
1450 2777 1652 2816 Genelsrtrrdus,
1676 2784 1702 2816 εξ

913 2812 1005 2838 iterum
1021 2813 1222 2840 resusritanittr.
1235 2811 1276 2839 Ea:
1290 2812 1338 2839 hoc
1352 2813 1476 2843 arbitror.
1498 2818 1550 2840 etc.
1565 2812 1617 2840 Sed
1634 2811 1699 2842 ιιιδεῖ

914 2848 990 2909 uelit:
1011 2852 1109 2885 tcxtu,_
1125 2848 1176 2876 nisi
1196 2848 1267 2884 quod
1291 2848 1412 2884 plerique
1436 2848 1562 2877 omittunt
1585 2849 1616 2883 ii,
1637 2854 1707 2877 ante-

914 2890 954 2909 aut
975 2891 1013 2909 us.

911 2890 1013 2916 qutuus.
