1915 3079
228 143 281 172 595

827 140 858 167 S.
879 139 1040 168 PAMPHILI
1058 139 1238 167 MARTYRIS

1803 135 1849 164 596

230 211 289 237 qua:
304 202 378 230 salva
393 206 543 237 permanet,
568 201 602 228 de
628 204 707 227 terra:
723 200 835 234 pulvere
852 201 1019 228 suscitantur
1031 203 1056 232 Α
1070 202 1112 229 dis
1133 201 1185 228 hoc
1208 199 1365 228 ostendunt.
1382 197 1435 226 Sed
1452 202 1479 225 et
1502 197 1553 225 hoc
1574 197 1631 232 ipsa
1647 195 1756 225 Domini
1771 197 1848 223 nostri

228 256 244 276 a
264 249 376 276 mortuis
402 255 434 275 ex
458 247 584 274 omnibus
616 246 683 273 locis
706 246 722 272 ii
746 246 845 280 quibus
874 247 944 274 ratio
970 247 1014 274 illa

229 292 388 320 substantiae
399 290 548 326 corporalis
572 291 599 318 in
618 291 685 325 ipsis
699 291 859 326 c0rporibus
873 298 1015 326 permane-

229 338 286 371 bat,
301 345 360 371 quae
374 337 401 364 in
417 341 517 364 terram
542 337 668 372 prolapsa
689 337 735 365 Dei
761 338 900 366 voluntate
917 339 1013 366 iterum

228 384 407 411 suscitantur.
438 383 470 410 Et
496 383 549 411 hoc
575 384 695 411 arbitror
727 391 851 412 asserere
879 383 1014 411 volentem

226 428 384 464 Apostoluln
418 429 521 457 dixisse
547 429 573 456 in
598 429 687 463 prima
717 429 840 461 Epistola
862 431 895 457 ad
919 430 1015 458 Corin-

228 475 309 507 thios,
332 474 388 510 (56)
416 480 477 510 post
500 476 680 504 assertionem
705 476 914 504 resurrectionis
942 484 1014 503 mor-

228 525 345 548 tuorum.
361 519 429 548 Nam
442 529 502 548 cum
519 521 707 556 proposuisset
722 522 771 549 sibi
787 529 819 550 ea
832 529 892 557 quae
905 527 1015 557 possent

228 566 264 594 ab
291 566 351 593 aliis
377 567 458 600 objiei
482 568 516 595 de
543 568 743 596 resurrectione
767 574 947 599 mortuorum,
975 568 1015 594 sic

227 613 266 639 ait
282 621 288 639 :
306 611 358 639 Sed
372 613 437 639 dicit
450 612 546 646 aliquis
561 620 570 639 :
587 613 726 645 Quomodo
742 619 880 648 resurgunt
896 615 1015 641 mortui?

227 657 286 691 Quo
300 663 387 685 autem
405 667 511 693 corpore
524 659 649 686 veniunt?
664 658 761 690 Stulte,
777 665 804 686 tu
819 660 889 694 quod
901 661 1014 688 semina:

228 711 281 730 non
299 704 455 737 viviﬁcatur,
479 704 529 730 nisi
542 704 615 738 prius
635 705 765 731 moriatur
781 712 790 731 :
805 710 828 732 et
855 706 924 740 quod
936 707 1013 734 semi-

227 757 286 783 aas,
305 757 355 776 non
371 757 464 783 corpus
476 750 545 784 quod
564 750 684 784 futurum
705 755 742 777 ert
758 751 883 785 seminat,
896 753 940 779 sed
965 761 1012 779 nu-

228 795 291 822 dum
313 803 441 830 granum,
462 801 572 830 utputa,
593 797 690 828 tritici,
706 803 750 824 aut
772 798 886 833 alicujus
908 804 1015 826 cariem-

227 849 296 868 rum.
313 841 383 868 Deus
397 847 482 868 autent
499 843 545 868 dat
561 842 602 869 illi
617 851 712 877 corpus
727 843 751 859 “
760 849 837 877 prout
848 844 930 871 voluit
946 845 1013 880 (57).

1067 248 1131 276 Jesu
1142 247 1243 275 Christi
1259 245 1423 274 resurrectio
1449 244 1580 278 declarat,
1601 243 1647 279 qui
1664 243 1849 278 primogenita;

1068 303 1100 323 ea.
1112 295 1221 322 mortuis
1238 294 1260 310 "
1278 293 1386 321 dicitttr.
1406 301 1416 318 ι

1103 341 1266 368 Ptupuitus.
1282 339 1345 366 Post
1357 339 1425 371 haec,
1443 337 1603 373 quibusdam
1618 344 1666 372 per
1679 335 1800 364 medium
1813 335 1849 363 la-

1069 387 1121 414 tius
1133 385 1288 420 disputatis,
1305 385 1402 419 adjecit
1416 385 1496 411 etiam
1512 385 1572 411 ista.

1102 432 1246 460 Omcunss.
1266 440 1275 456 ι
1300 430 1376 458 Sicut
1395 429 1468 456 enim
1487 429 1546 463 plus
1573 428 1654 456 habet
1667 427 1757 455 omnis
1775 427 1851 455 ratio-

1068 477 1166 504 nabilis
1181 477 1271 504 anima
1287 476 1329 504 bis
1343 484 1402 510 quze
1417 475 1459 503 vel
1474 474 1626 506 crescendi,
1653 474 1693 501 vel
1708 473 1849 505 nutriendi,

1068 523 1109 550 vel
1123 528 1211 550 motus
1224 522 1307 550 solius
1319 521 1435 549 cilicium
1450 521 1580 548 exhibere
1596 520 1728 547 dicuntur
1743 528 1750 546 :
1768 520 1806 547 sic
1822 526 1852 546 ea

1069 569 1138 596 ratio
1153 576 1215 603 quae
1232 569 1259 596 in
1285 568 1404 596 ltumano
1427 573 1540 601 corpore
1563 570 1615 598 est,
1636 565 1723 592 multo
1741 564 1852 600 amplius

1068 613 1159 645 habet,
1177 620 1256 647 quam
1279 620 1339 647 quae
1354 614 1380 638 in
1397 611 1510 646 reliquis
1527 616 1569 638 est
1582 611 1764 645 corporibus,
1777 618 1808 638 ex
1823 619 1852 638 co

1068 660 1138 695 quod
1154 658 1209 695 (il)
1223 659 1303 686 etiam
1321 666 1381 686 cum
1405 663 1563 691 corruptum
1587 657 1668 684 fuerit
1691 664 1794 692 corpus
1807 657 1853 684 bu.

1068 714 1189 738 manum,
1213 705 1360 732 subsistere
1385 712 1492 731 rursum
1511 708 1600 738 potest
1616 703 1662 730 Dei
1681 703 1786 730 virtute
1798 711 1851 730 ser-

1068 756 1159 779 vatum
1175 756 1203 779 et
1225 750 1392 778 custoditum
1416 757 1501 784 usque
1521 751 1555 776 ad
1577 748 1791 776 resurrectionis
1802 756 1853 775 suae

1068 802 1183 831 tempus.
1198 796 1274 830 Quod
1289 800 1381 823 autem
1403 795 1559 830 ubicunque
1584 794 1665 821 fuerit
1680 793 1850 826 restituatur,

1070 844 1095 870 id
1118 848 1161 871 est
1178 842 1234 878 (42)
1260 843 1294 870 ab
1310 842 1384 870 omni
1412 844 1437 869 in
1455 849 1508 876 quo
1527 841 1644 875 jacuerit
1669 841 1742 872 loco,
1770 841 1803 868 ita
1816 840 1851 867 ait

227 887 294 913 Cum
315 887 386 914 cnim
412 887 556 914 manifeste
571 889 737 916 ostendisset
763 890 824 924 quia
847 891 945 922 mortui
973 898 1016 918 re-
1032 886 1052 913 B
1067 888 1186 917 Joannes
1198 889 1223 915 in
1236 887 1413 915 Revelalione
1424 895 1471 914 sua
1490 896 1496 913 ε
1511 885 1545 912 Ει
1563 886 1678 914 reddidit
1693 894 1772 912 mare
1791 893 1853 912 mor-

229 937 354 968 surgunt,
371 938 397 960 et
415 938 518 961 certum
536 939 608 961 esset
621 935 693 969 quod
709 935 834 963 Salvator
848 941 940 964 noster
955 945 1015 965 eum

224 978 287 1013 ipso
303 987 417 1014 corpore
435 981 585 1007 resurrexit
602 981 674 1015 quod
693 986 851 1016 susceperat
866 990 900 1010 ex
920 982 1013 1014 Maria.

226 1032 279 1052 non
297 1031 386 1053 autem
403 1026 471 1053 satis
485 1026 588 1053 clarum
605 1031 678 1054 esset
693 1028 829 1061 quomodo
847 1034 1016 1056 resurrectu-

225 1069 248 1097 ri
261 1075 352 1098 essent
363 1072 464 1103 caeleri,
478 1070 519 1098 vel
534 1070 614 1106 quale
629 1079 729 1106 corpus
744 1073 861 1100 habituri
879 1082 885 1099 :
903 1081 1015 1109 compa-

226 1120 271 1144 rat
295 1117 523 1145 resurrectionem
537 1117 694 1146 seminibus
720 1126 779 1153 qua:
798 1120 968 1147 seminantur
988 1120 1015 1147 iu

226 1166 340 1195 terram,
357 1168 463 1198 utputa,
481 1170 565 1197 grano
584 1163 726 1197 frumenti,
750 1166 895 1200 quodcum
909 1167 1015 1194 cecide-

226 1208 263 1235 rit
278 1207 305 1234 in
320 1213 430 1241 terram,
451 1209 635 1244 corrumpitur
652 1217 659 1236 :
676 1210 723 1237 sed
750 1210 862 1237 rationis
876 1210 947 1238 illius
961 1212 1028 1252 νίν-ι

227 1257 270 1279 tus
283 1252 338 1288 (58)
351 1260 410 1287 quae
425 1257 467 1280 est
486 1252 567 1280 insita
591 1253 617 1280 in
635 1253 809 1282 interioribus
833 1255 892 1290 ejus
911 1256 1014 1282 medul-

226 1296 270 1329 lis,
298 1298 355 1332 ipsa
371 1297 486 1326 rationis
499 1299 586 1326 virtus
603 1304 741 1335 assumpta
767 1300 935 1335 adjacentem
962 1301 1013 1329 sibi

226 1347 339 1375 terram,
357 1343 398 1371 vel
424 1351 499 1380 aqua:
514 1345 668 1379 humorem,
694 1346 741 1373 sed
758 1351 786 1374 et
803 1346 874 1373 aeris
894 1346 1014 1374 circnm-

227 1394 344 1416 stantem
373 1391 549 1425 temperiem,
580 1391 678 1420 caloris
706 1400 815 1427 quoque
836 1392 1013 1421 subicientem

225 1437 362 1470 recipiens
385 1436 518 1469 fomitem,
534 1437 589 1472 (59)
605 1445 653 1471 per
667 1438 784 1465 divinam
810 1440 959 1473 potentiam
987 1441 1013 1468 in

227 1489 326 1516 corpus
339 1482 419 1510 culmi
436 1483 477 1510 vel
496 1484 577 1518 spicae
590 1485 749 1519 consurgit;
774 1491 802 1512 et
818 1486 870 1513 hoc
883 1491 925 1514 est
942 1488 1013 1519 quod

227 1526 314 1553 dicit:
332 1526 370 1553 Tu
387 1528 458 1562 quod
473 1529 586 1555 semina:
609 1537 660 1555 non
686 1529 842 1564 uiviﬁcatur,
871 1531 922 1557 nisi
940 1531 1014 1565 prius

227 1573 358 1599 moriatur
372 1582 381 1600 :
395 1579 419 1601 et
433 1575 502 1609 quod
524 1575 649 1607 seminus,
665 1583 716 1602 non
737 1583 830 1610 corpus
854 1579 923 1611 quod
941 1564 1014 1612 futu-
1028 1564 1049 1592 ο

227 1627 287 1647 rum
305 1625 342 1646 est
356 1620 480 1647 seminat.
506 1620 577 1656 Ergo
603 1621 653 1648 hoc
669 1620 725 1656 (40)
744 1621 814 1656 quod
837 1623 910 1649 cadit
931 1627 960 1650 ut
972 1631 1014 1651 se-

228 1673 289 1692 tnen
310 1665 337 1692 in
355 1670 455 1693 terram
481 1674 580 1701 corpus
607 1670 742 1699 nostrum,
767 1675 953 1703 comparatum
973 1675 1014 1698 est

227 1718 311 1747 grano
325 1711 461 1740 frumenti.
482 1721 492 1738 ι

262 1757 425 1786 PAMPHILUS.
441 1759 476 1785 Et
491 1759 602 1786 assertis
617 1759 660 1787 his
677 1767 724 1794 per
747 1760 931 1794 hujuscemodi
949 1770 1014 1790 con-

225 1805 407 1838 sequentiam,
422 1810 482 1839 pust
498 1813 582 1840 pauca
601 1806 676 1833 addit
691 1806 772 1833 etiam
789 1807 857 1834 haec.

261 1850 407 1878 Ontceues.
425 1861 435 1877 ε
453 1851 529 1884 Quod
552 1857 642 1880 autem
666 1853 754 1880 omnis
769 1853 814 1880 illa
842 1855 1015 1888 repromissio

226 1897 436 1925 resurrectionis
452 1902 619 1925 mortuorum
642 1898 676 1925 de
696 1898 748 1926 hoc
765 1906 879 1933 corpore
894 1900 930 1926 sit
943 1901 1014 1934 quod

225 1945 361 1969 mortuum
376 1942 548 1978 relinquitur,
563 1948 664 1971 sanctae
683 1943 831 1978 Scriptum
847 1945 938 1972 multis
956 1953 1014 1972 mo-

261 1998 286 2015 “
302 1998 312 2025 l
326 1999 388 2026 Cor.
405 2008 451 2032 xv,
466 2000 559 2028 55-58.

226 2041 266 2067 ut,
281 2034 325 2062 l9.
364 2035 386 2051 ιν
399 2035 478 2063 Rom.
496 2043 541 2069 vn,
555 2036 602 2064 et.
640 2036 663 2052 ‘°
678 2037 686 2063 Ι
702 2037 765 2064 Cor.
782 2044 828 2070 xv,
844 2036 889 2064 59.

262 2091 319 2126 (56)
342 2093 424 2126 Editi,
447 2093 511 2121 Post
528 2095 696 2121 assertionem
718 2095 786 2122 enim
815 2094 1014 2122 resurrectionis

225 2132 400 2163 mortuorum,
421 2137 480 2155 cum
492 2130 681 2163 proposuisset,
695 2135 746 2157 etc.
767 2129 868 2158 Omnes
885 2138 951 2156 mss.
966 2138 1014 2155 no-

225 2162 416 2199 striAomittunt
432 2164 513 2195 enim,
529 2162 590 2199 post
609 2166 802 2192 assertionem:
823 2166 869 2192 sed
882 2172 944 2191 mox
962 2172 1011 2191 ms.
1052 2192 1055 2199 ε

227 2197 394 2233 Sorbonicus
415 2199 506 2230 habet.
529 2197 607 2226 'Nam
629 2209 687 2226 cum
711 2200 898 2233 proposuisset.
921 2200 1013 2226 Codex

598 2001 620 2017 ³⁸
631 2000 734 2028 Coloss.
751 2010 768 2031 t.
786 2000 837 2034 £8;
851 2002 964 2034 Apocal.
983 2011 1003 2036 ι,
1018 2004 1046 2031 5.

1067 941 1126 962 tuo:
1141 943 1205 970 quos
1218 934 1326 961 habebat
1342 933 1369 960 in
1392 941 1431 966 se,
1453 938 1478 960 et
1499 941 1570 960 mors
1584 937 1606 960 et
1621 932 1725 967 inferiis
1738 931 1851 959 reddide-

1069 986 1129 1008 runt
1143 986 1260 1008 mortuos
1273 988 1332 1007 suos
1344 980 1389 1015 qui
1404 984 1478 1006 erant
1494 979 1522 1006 in
1535 979 1572 1006 eis
1590 979 1622 1006 “.
1635 978 1719 1006 Forte
1734 978 1815 1011 enim,
1826 982 1852 1005 ut

1066 1034 1116 1062 ego
1136 1031 1210 1061 puto,
1235 1033 1311 1053 mare
1330 1024 1375 1052 hic
1397 1032 1444 1059 pro
1461 1024 1572 1052 humido
1598 1025 1672 1051 omni
1687 1024 1850 1060 appellatum

1067 1077 1109 1100 est
1120 1072 1266 1104 eletuento;
1294 1071 1349 1106 (45)
1374 1070 1453 1098 inferi
1479 1076 1570 1098 autem
1594 1077 1642 1105 pro
1665 1077 1751 1103 aere;
1784 1077 1851 1096 mors

1067 1125 1131 1145 vero
1144 1125 1193 1152 pro
1207 1121 1290 1144 terra.
1309 1116 1391 1149 Quasi
1412 1115 1558 1150 quamdam
1576 1122 1696 1150 namque
1719 1115 1851 1149 cognatic»

1067 1171 1127 1191 nem
1144 1163 1185 1191 his
1212 1163 1281 1190 inter
1297 1169 1326 1189 se
1348 1162 1463 1189 invicem
1488 1161 1661 1195 habentibus,
1685 1169 1789 1195 corpus
1811 1168 1851 1189 no-

1065 1215 1150 1238 strum
1178 1209 1309 1244 puluerem
1332 1209 1422 1235 martis
1436 1209 1457 1224 ²⁷
1474 1213 1554 1236 vocat
1575 1208 1730 1243 Scriptura,
1750 1208 1791 1234 vel
1805 1213 1850 1234 ter-

1067 1264 1123 1283 ram
1144 1256 1178 1289 ³⁸,
1205 1255 1247 1283 vel
1273 1263 1367 1290 corpus
1392 1255 1485 1282 mortis
1500 1254 1533 1282 ".
1560 1254 1631 1282 Sane
1661 1254 1753 1288 qualis
1778 1253 1851 1280 fuerit

1066 1302 1277 1337 uniuscujusque
1294 1301 1461 1337 praeparatio'
1476 1302 1501 1328 in
1522 1301 1574 1328 hac
1592 1301 1658 1334 vita,
1680 1300 1745 1328 talis
1767 1300 1851 1327 eritet

1067 1348 1232 1375 resurrectio
1256 1347 1323 1382 ejus.
1342 1347 1393 1381 Qui
1407 1347 1462 1382 (44)
1478 1347 1584 1374 beatius
1609 1346 1653 1373 hic
1667 1345 1780 1377 vixerit,
1798 1352 1851 1372 eor-

1065 1403 1116 1430 pus
1128 1394 1187 1429 ejus
1213 1395 1239 1422 in
1266 1394 1467 1422 resurrectione
1484 1393 1617 1421 diviniore
1641 1391 1791 1426 splendore
1807 1389 1850 1417 ial-

1066 1442 1148 1476 gebit,
1166 1447 1193 1468 et
1211 1445 1272 1476 apta
1291 1441 1315 1468 ei
1333 1441 1438 1468 mansio
1461 1441 1603 1468 beatorum
1630 1439 1770 1466 tribuetur
1786 1437 1851 1464 low-

1067 1495 1137 1515 rum.
1157 1486 1224 1513 Huic
1241 1494 1303 1514 vero
1323 1478 1369 1520 qui
1388 1486 1414 1512 in
1436 1485 1539 1512 malitia
1563 1483 1738 1517 consumpsit
1755 1487 1851 1516 tempus

1066 1533 1116 1560 sibi
1134 1533 1195 1560 vitae
1218 1532 1361 1567 praesentis
1387 1531 1531 1562 indultum,
1553 1529 1607 1557 tale
1632 1529 1744 1556 dabitur
1762 1534 1851 1561 corpus

1067 1580 1138 1614 quod
1151 1578 1275 1606 sullicere
1292 1583 1319 1605 et
1331 1578 1479 1612 perdurare
1495 1576 1550 1612 (45)
1569 1574 1760 1603 tantummodo
1775 1573 1852 1609 possit

1068 1625 1094 1652 in
1109 1625 1205 1660 poenis.
1231 1624 1265 1652 Et
1287 1625 1405 1651 arbitror
1429 1623 1501 1657 quod
1519 1623 1590 1650 hanc
1609 1621 1792 1648 ditiorentiam
1811 1627 1852 1646 vo-

1066 1672 1124 1699 lens
1148 1671 1292 1699 ostendere
1318 1670 1415 1697 Paulus
1434 1669 1591 1704 apostolus,
1613 1668 1678 1694 dicit
1694 1676 1700 1692 :
1719 1667 1781 1693 Alia
1796 1673 1851 1692 cara

1068 1717 1233 1748 animalium,
1251 1716 1304 1742 alia
1319 1715 1464 1747 uoluerunt,
1480 1714 1534 1741 alia
1545 1713 1655 1748 piscium
1667 1712 1702 1745 ‘°,
1718 1716 1746 1739 et
1761 1715 1850 1738 cetera

1065 1771 1125 1798 qua:
1139 1762 1308 1790 enumeravit
1329 1761 1486 1796 Apostolus.
1512 1760 1565 1787 Sed
1588 1759 1658 1787 sicut
1674 1765 1730 1784 non
1752 1760 1793 1785 est
1809 1763 1850 1790 pu-

1065 1809 1176 1836 tandum
1193 1808 1264 1842 quod
1278 1807 1436 1834 animalium
1452 1813 1551 1841 corpus
1567 1809 1731 1840 accepturus
1746 1804 1782 1832 sit
1795 1809 1851 1837 pec-

1066 1860 1151 1886 cator,
1168 1853 1225 1888 (46)
1243 1858 1290 1880 aut
1313 1853 1443 1885 volucris,
1469 1857 1516 1879 aut
1541 1851 1673 1886 piscium;
1702 1850 1744 1877 sic
1772 1854 1851 1882 neque

1066 1900 1143 1931 solis,
1159 1905 1205 1927 aut
1221 1900 1302 1932 lunae,
1323 1904 1370 1926 aut
1383 1899 1525 1926 stellarum
1550 1896 1716 1933 sperandum
1733 1901 1774 1923 est
1788 1894 1850 1922 acci-

1066 1954 1132 1981 pere
1147 1954 1193 1974 eos
1215 1946 1259 1981 qui
1284 1949 1429 1978 resurgunt
1454 1946 1480 1971 in
1507 1944 1641 1978 gloriam:
1671 1942 1720 1969 scd
1740 1939 1850 1974 exempli

1093 2005 1116 2020 "
1131 2003 1300 2039 ApocaLIX,
1330 2003 1375 2030 15.
1431 2001 1453 2018 ³⁷
1478 2001 1549 2029 Psal.
1579 2009 1637 2033 ut,
1661 1999 1705 2026 16.
1756 1997 1849 2025 “Gen.

1069 2101 1115 2128 per
1145 2093 1297 2128 hujusmodi
1320 2097 1548 2128 consequentiam,
1561 2095 1616 2126 post
1644 2099 1731 2124 pauca
1754 2087 1850 2117 addidi‘

1065 2126 1142 2156 etiam
1157 2126 1222 2154 hinc.
1239 2128 1291 2155 Sed
1308 2126 1482 2154 omncs’mss.
1501 2131 1528 2152 ut
1543 2126 1568 2153 in
1583 2131 1669 2153 textu.

1102 2163 1158 2199 (41)
1175 2164 1212 2190 Ita
1229 2171 1293 2199 mss.
1311 2163 1407 2189 nostri.
1422 2162 1492 2199 Editi
1510 2169 1573 2189 vero
1588 2169 1745 2196 perperam,
1766 2161 1851 2188 etiam-

1052 2197 1088 2225 ἐἰ
1105 2197 1258 2232 corruptum
1275 2198 1353 2232 fuerit
1373 2206 1453 2233 genus
1468 2197 1611 2224 humanum
1670 2201 1850 2224 conservatum

225 2231 412 2269 Vallis-Clarae
425 2253 432 2265 ,
449 2233 501 2265 Qui
531 2243 590 2261 cum
615 2231 812 2269 proposuisset:
830 2234 919 2261 caeteri
945 2242 1010 2261 tuss.
1029 2242 1049 2269 ο
1065 2239 1087 2260 et
1103 2231 1279 2266 custoditum,
1294 2240 1346 2260 etc.

225 2268 354 2302 omittunt
371 2267 453 2299 Nam,
470 2269 510 2295 vel
526 2269 588 2302 Qui.
604 2267 704 2297 Deinde
717 2278 782 2296 mss.
799 2269 964 2297 Sorbouicus
986 2273 1013 2296 et

225 2301 364 2340 Montiss.
383 2301 542 2340 Michaelis,
556 2304 606 2331 Sed
619 2306 688 2332 dicet
704 2306 810 2340 aliquis.
825 2305 921 2332 Caeteri
937 2312 1011 2337 vero,

226 2341 254 2365 et
269 2337 333 2363 editi
348 2342 378 2363 ut
390 2338 416 2364 in
431 2343 516 2364 textu.
747 2337 751 2340 ⁷
887 2343 893 2350 ⁸

262 2371 378 2410 ('57)_lta
402 2380 466 2410 mss.
483 2373 604 2410 plerique
620 2384 626 2401 :
640 2380 667 2402 et
692 2375 726 2402 ita
751 2375 892 2410 legendum
906 2375 1014 2401 videtur

224 2407 302 2446 juxta
313 2407 422 2446 Graecos
435 2407 580 2446 Scriptura:
594 2417 678 2446 sacra:
691 2407 809 2442 codices,
823 2418 938 2446 quorum
956 2410 1012 2444 ple-

227 2443 306 2479 rique
321 2442 420 2479 hab_ent
435 2442 570 2479 ﬁdelique,
581 2444 683 2479 VCa‘teri
698 2454 763 2473 mss.
785 2450 813 2472 et
826 2442 889 2472 editi
903 2454 910 2478 ;
935 2442 1013 2479 prout

226 2478 292 2513 uult,
309 2477 343 2504 al.
360 2477 453 2505 Graece
466 2477 547 2505 estet.
565 2478 625 2506 Mox
649 2481 731 2513 editi,
749 2480 815 2507 Cum
835 2481 904 2506 enim
926 2477 1013 2506 mani-

228 2511 401 2550 festiuime...
415 2518 437 2539 et
451 2518 550 2550 certum
561 2519 627 2542 esset
642 2511 739 2550 quia...
755 2524 813 2542 cum
837 2516 893 2548 ipso
907 2523 1014 2549 corpore

227 2548 422 2580 resurrexiuet,
437 2554 490 2576 etc.
507 2549 558 2576 Sed
573 2548 668 2577 omnes
684 2559 748 2578 mss.
764 2556 791 2578 ut
806 2550 832 2577 in
850 2555 936 2577 textu.

261 2582 318 2623 (5_8_)
337 2582 413 2617 Qum,
433 2584 569 2612 omittitur
595 2586 620 2612 in
646 2586 736 2618 editis,
761 2591 788 2613 et
813 2586 963 2613 restituitur
980 2593 1014 2612 ex

225 2620 351 2645 omnibus
367 2627 432 2646 mss.

260 2652 318 2713 (59)
339 2654 420 2686 Editi,
448 2663 495 2688 per
520 2655 635 2682 divinam
661 2656 805 2690 potentiam
833 2661 1014 2690 cooperantent

270 2689 357 2713 mich
373 2690 451 2713 enim:
466 2696 635 2713 εοῃειιινιηηιΔ
662 2691 708 2713 Me.
731 2691 848 2713 Rnoins.
877 2698 923 2713 περ·
948 2691 1014 2713 dini-

226 2689 306 2714 eulmi
318 2689 357 2714 vel
373 2690 451 2726 spica:
466 2696 636 2725 consurgunt.
659 2689 708 2718 Ms.
730 2691 848 2726 Regius,
877 2698 923 2724 per
948 2691 1015 2719 diui-

227 2731 287 2762 nam
300 2725 442 2756 potentiam
457 2726 640 2762 corpusculum
655 2728 694 2753 vel
707 2725 785 2759 spicae
799 2726 942 2760 consurgit.
958 2726 1015 2752 Ca:-

227 2761 277 2782 tert
293 2766 357 2784 mss.
374 2765 448 2786 recte
461 2764 490 2786 ut
508 2761 534 2786 in
554 2766 647 2788 nostro
664 2766 749 2789 textu.

231 2825 236 2830 _
263 2791 319 2825 (40)
336 2793 381 2819 Sic
399 2802 450 2821 ms.
473 2802 552 2822 unus.
571 2796 668 2822 Cteleri
688 2803 752 2823 vero
768 2804 846 2828 mss.,
860 2795 929 2830 quod
942 2796 1014 2822 cadit

227 2833 257 2855 ιη
270 2834 356 2853 semen
370 2836 463 2862 corpus
479 2835 607 2856 nostrum.
625 2831 708 2864 Editi,
726 2832 797 2864 quod
822 2832 891 2857 caJit
906 2831 933 2857 in
962 2836 1014 2857 ter-

229 2869 284 2887 ram
297 2869 389 2896 corpus
417 2868 546 2891 nostrum.
573 2866 672 2892 Deinde
699 2866 775 2898 editi,
806 2865 838 2893 Et
855 2867 960 2893 assertis
974 2867 1014 2894 his

1101 2269 1156 2304 (42)
1180 2265 1274 2300 Editi,
1302 2270 1334 2295 ab
1359 2269 1428 2296 ontni
1453 2268 1510 2295 loco
1534 2268 1561 2294 in
1585 2275 1742 2302 quocunque
1766 2265 1848 2301 fuerit.

1065 2301 1129 2332 Mss.
1147 2301 1173 2330 in
1190 2304 1215 2330 in
1230 2309 1313 2332 textu.

1101 2339 1157 2375 (45)
1179 2340 1324 2373 Pcrpcram
1347 2339 1424 2370 editi,
1450 2339 1568 2372 infernus
1596 2343 1681 2375 autem
1705 2345 1754 2372 pro
1772 2343 1847 2375 aere;

1064 2373 1135 2402 mors
1149 2373 1207 2401 uero
1231 2382 1277 2408 pro
1300 2378 1392 2400 terra:
1410 2375 1485 2408 quasi
1509 2374 1651 2408 quamdam
1672 2373 1847 2408 cognationem

1066 2409 1112 2446 [aL
1130 2407 1325 2446 cogitationem]
1349 2410 1390 2435 Itis
1413 2407 1527 2446 inter-se
1555 2409 1665 2446 invicem
1689 2407 1847 2434 habentibus.

1065 2443 1168 2478 Corpus
1177 2445 1245 2471 enim
1261 2443 1391 2477 pulverem
1414 2444 1520 2477 martis,
1543 2448 1597 2471 etc.
1613 2443 1666 2470 Sed
1680 2449 1775 2470 onmcs
1789 2448 1847 2468 mss.

1066 2481 1150 2507 nostri
1170 2485 1198 2507 ut.
1216 2480 1242 2506 in
1257 2484 1341 2506 textu.

1066 2550 1079 2576 ὁ
1101 2515 1157 2556 (liii)
1176 2515 1258 2547 Editi,
1285 2514 1388 2542 beatus.
1414 2513 1508 2541 Melius
1533 2521 1598 2541 mss.
1629 2514 1716 2541 nostri
1749 2519 1847 2543 omnes,

1082 2556 1174 2576 cattus.

1082 2551 1174 2577 eatius.

1101 2585 1157 2620 (45)
1172 2585 1363 2612 Tantummodo
1383 2585 1519 2612 omittitur
1535 2586 1561 2613 in
1585 2584 1675 2617 editis,
1691 2590 1718 2612 ct
1735 2581 1846 2612 restitui-

1066 2627 1110 2648 ὶ111¹
1121 2629 1152 2646 ex
1167 2629 1231 2647 MSS.

1101 2656 1157 2690 (46)
1177 2657 1258 2686 Editi,
1271 2660 1317 2682 aut
1338 2657 1482 2688 volucrum,
1504 2661 1548 2682 aut
1569 2656 1678 2690 piscium
1692 2663 1700 2682 :
1713 2655 1751 2682 sic
1774 2659 1847 2688 neque

1066 2692 1140 2723 solis,
1158 2698 1202 2717 aut
1225 2692 1305 2722 lunw,
1322 2697 1368 2717 aut
1389 2691 1527 2718 stellarum
1553 2691 1666 2724 formam
1694 2690 1844 2724 sperandum

1066 2732 1102 2753 cst
1116 2726 1232 2759 accipere
1247 2735 1289 2752 eos
1304 2726 1349 2759 qui
1373 2732 1505 2762 resurgent
1524 2727 1551 2752 iu
1570 2726 1654 2759 gloria
1671 2734 1680 2752 .'
1692 2727 1741 2762 sed
1770 2729 1845 2757 exem-

1066 2762 1102 2795 pli
1125 2769 1205 2787 causa
1228 2762 1297 2787 dicta
1313 2764 1368 2788 Ita'c
1395 2762 1427 2787 ub
1449 2760 1586 2795 Ἀμοδιοιο,
1604 2764 1657 2788 etc.
1689 2760 1740 2786 Sed
1759 2764 1844 2795 clintes

1068 2803 1132 2823 mss.
1150 2802 1178 2822 ut
1199 2796 1225 2823 in
1238 2801 1330 2823 nostro
1345 2801 1431 2826 textu.
1454 2794 1504 2824 nisi
1521 2797 1593 2830 quod
1621 2804 1673 2824 ms.
1693 2795 1789 2830 Regius
1800 2794 1844 2830 ha:

1068 2831 1147 2862 beat,
1166 2836 1211 2857 aut
1236 2832 1372 2859 stellarum
1385 2833 1543 2865 sperandum
1560 2837 1596 2858 est
1619 2831 1735 2866 accipere
1749 2836 1791 2857 eos
1804 2833 1842 2862 qm

1068 2867 1265 2894 resurrectionis
1278 2866 1388 2901 gloriam
1405 2868 1551 2895 attendunt.
