1915 3079
65 139 119 168 597

663 144 834 173 APOLOGIA
853 144 922 172 PRO
941 144 1100 172 ORIGENE.

1646 145 1700 174 59.

66 200 155 234 gratia
170 199 244 227 dicta
264 208 323 229 csse
336 201 394 229 haec
415 201 449 229 ab
462 201 593 237 Apostolo
610 204 781 231 sentiendum
807 208 858 234 est.
874 207 897 234 Α
912 203 1069 231 adversario
1088 206 1199 237 possent
1219 202 1362 229 adversum
1378 203 1527 231 contrarias
1549 207 1631 239 atque
1644 204 1696 232 ini-

67 251 100 273 ut
114 247 274 281 designetur
288 255 337 282 per
360 250 418 276 haec
446 249 518 284 quod
532 249 578 277 alii
608 257 657 284 pro
682 251 787 278 meritis
802 252 859 278 suis

67 291 290 321 honorabiliores
313 299 341 321 et.
364 294 497 322 clariores
511 300 602 328 erunt,
619 296 740 323 beatiora
753 303 859 331 quoque

69 339 225 366 habitacula
241 341 365 368 sortituri
382 349 389 368 :
406 341 520 369 aliorum
534 350 598 370 vero
614 343 818 378 indignissimus
832 348 859 371 et

67 384 272 418 abjectissimns
286 393 336 421 pro
354 392 491 420 gestorum
505 388 608 416 scelere
631 389 684 415 erit
697 393 792 420 status,
811 388 857 424 qui

68 430 152 458 etiam
166 432 250 459 mutis
267 433 430 460 animalibus
448 434 546 469 dignus
559 435 593 462 sit
606 435 768 469 comparari.
791 444 801 461 ι

102 475 268 505 ΡΑιιριιιιυε.
283 477 374 506 Pauca
395 480 452 507 haec
466 481 499 507 ad
522 480 705 507 testimonium
722 482 856 509 traximus

66 524 101 550 e‘x
119 523 213 550 multis
228 527 255 551 et
277 523 426 553 innumeris
439 533 498 560 quae
522 533 570 560 per
584 525 767 560 hujuscemodi
791 535 854 555 sen-

66 576 127 595 sum
154 569 180 596 in
195 570 260 604 ipsis
285 569 361 598 libris
391 578 459 605 quos
485 571 521 599 De
547 572 735 599 resurrectione
749 573 854 606 scribit,

63 615 200 650 exposuit.
214 615 271 643 Non
288 621 378 644 autem
392 618 498 645 videtur
511 617 657 645 absurdum
677 619 710 646 ad
725 619 854 654 majorem

63 660 281 688 satisfactionem
293 662 375 688 etiam
392 662 425 689 de
436 662 548 697 reliquis
563 663 621 697 ejus
632 664 708 691 libris
719 671 854 691 consonas

64 706 110 734 his
127 707 170 734 vel
194 713 296 742 paucas
324 707 452 737 adhibere
479 709 638 736 sententias.
663 709 690 736 lu
723 710 853 737 vicesimo

64 752 151 787 igitur
176 757 204 781 et
226 758 323 782 octavo
346 754 417 781 libro
441 755 473 782 de
501 755 567 782 lsaia
590 757 719 790 propheta
733 778 740 789 ,
757 757 790 783 de
808 757 852 784 illo

62 797 185 832 capitulo
197 799 331 832 scribens,
352 799 380 827 in
406 807 461 835 quo
475 801 575 827 dicitur
592 809 599 826 :
617 800 851 829 Resuscitabuutur

61 844 172 877 mortui,
194 850 218 872 et
239 851 375 879 resurgent
389 846 417 872 lii
429 847 474 882 qui
487 847 514 874 in
536 848 662 882 sepulcris
681 854 739 875 sunt
753 849 790 882 ";
812 849 848 876 ita

61 889 110 917 ait.

95 946 240 976 Onrcsnss.
273 948 329 984 (Π)
353 948 468 977 tlllelius
498 956 540 978 est
566 957 631 986 ergo
657 951 749 979 dicere
776 953 846 987 quod

59 999 153 1020 omnes
176 993 285 1028 quidem
304 1002 475 1030 resurgemus
490 995 525 1030 δ’,
544 1000 573 1023 ut
593 1002 620 1024 et
643 997 717 1032 impii
737 999 847 1024 veniant

60 1038 87 1064 in
109 1038 184 1065 illum
205 1039 292 1066 locum
311 1040 353 1068 tibi
366 1040 444 1069 ﬂetus
459 1046 501 1069 est
516 1046 542 1069 et
558 1043 659 1070 slridor
673 1043 793 1071 dentium
811 1044 843 1076 “,

58 1083 116 1118 (48)
130 1088 157 1111 et
172 1084 216 1112 ubi
238 1085 304 1120 justi
321 1087 450 1120 recipient
473 1088 659 1123 unusquisque
683 1089 709 1116 in
732 1097 781 1116 suo
796 1098 844 1117 or-

56 1129 120 1157 dine
134 1131 283 1158 secundum
311 1132 435 1159 meritum
460 1133 592 1161 bonorum
616 1139 753 1169 gestorum
782 1143 845 1164 suo-

57 1183 125 1208 rum,
148 1184 212 1203 eum
240 1177 480 1206 transformabitur
503 1187 601 1213 corpus
624 1181 785 1209 humilitatis
796 1189 843 1210 eo-

55 1229 126 1254 rum,
144 1227 174 1248 ut
198 1222 235 1249 sit
251 1223 390 1252 conforme
420 1226 542 1259 corporis
567 1226 659 1261 glorior
680 1227 838 1255 Christi“:

54 1267 110 1302 (49)
127 1269 199 1302 quod
222 1269 386 1298 seminatum
412 1272 521 1305 quidem
542 1277 585 1300 est
608 1273 634 1299 in
657 1273 842 1308 corruptione,

52 1318 143 1348 surget
158 1321 223 1341 vero
242 1315 268 1341 in
285 1316 488 1351 incorruptione
503 1326 509 1344 :
523 1318 594 1352 quod
616 1320 778 1347 seminatum
801 1325 843 1348 est

52 1359 78 1385 in
99 1359 261 1394 ignominia,
284 1367 378 1396 surget
400 1362 426 1389 in
445 1363 554 1398 gloria:
579 1365 650 1398 quod
677 1367 839 1394 seminatum

50 1411 91 1433 εει
106 1405 132 1432 in
147 1405 318 1439 inﬁrmitate,
334 1414 426 1442 surget
443 1409 469 1436 in
486 1409 588 1438 virtute
603 1411 637 1444 ",
660 1414 838 1440 resurrectio-

50 1452 91 1479 nis
113 1452 222 1480 scilicet
242 1457 383 1489 tempore:
399 1460 426 1482 et
447 1456 517 1490 quod
538 1457 700 1484 seminatum
716 1463 758 1486 est
779 1466 839 1486 cor-

49 1505 100 1532 pus
124 1498 256 1531 animale,
278 1505 370 1534 surget
385 1505 474 1528 autent
490 1510 587 1537 corpus
612 1504 745 1537 spiritale.
763 1504 839 1532 Licet

48 1551 113 1578 ergo
135 1552 232 1572 omnes
250 1551 402 1581 resurgant,
429 1552 455 1574 et
475 1549 655 1584 unusquisque
677 1550 704 1577 in
725 1559 772 1577 suo
792 1559 837 1577 or-

46 1590 110 1618 dine
126 1591 150 1606 “
165 1597 299 1626 resurgat,
318 1594 545 1622 considerandum
560 1600 601 1623 est
615 1601 704 1624 tamen
727 1602 837 1633 propter

46 1635 122 1663 illum
137 1644 292 1665 sermonem
308 1637 421 1666 Joannis
432 1659 439 1672 ,
456 1647 535 1674 quem
554 1641 579 1668 in
598 1641 774 1672 Revelatione
788 1652 836 1672 sua

47 1682 112 1709 dicit
127 1690 135 1708 :
157 1681 256 1710 Beatus
267 1684 311 1718 qui
327 1685 403 1711 habet
420 1691 520 1719 partem
534 1687 562 1715 in
583 1689 770 1717 resurrectione
783 1691 837 1724 pri—

46 1736 100 1761 ma,
118 1728 147 1755 in
168 1729 218 1755 hoc
234 1730 352 1756 secunda
368 1738 439 1758 mors
459 1740 510 1759 non
523 1733 599 1760 habet
620 1739 773 1768 potestatem
788 1737 810 1752 ⁵⁷
827 1745 834 1762 :

46 1782 80 1802 ne
94 1774 166 1802 forte
183 1775 266 1802 dividi
282 1777 367 1810 possit
380 1778 468 1805 omnis
495 1780 704 1808 resurrectionis
719 1781 788 1809 ratio
808 1782 835 1809 in

45 1820 113 1847 duas
127 1826 241 1854 partes:
256 1821 282 1848 id
296 1826 339 1849 est
364 1822 389 1849 in
406 1830 453 1850 eos
464 1824 510 1858 qui
522 1824 645 1853 salvandi
659 1833 724 1854 sunt
735 1827 833 1861 jnstos,

45 1871 72 1892 et
87 1866 173 1893 etiam
189 1867 216 1893 in
229 1874 277 1895 eos
291 1868 338 1902 qui
356 1870 496 1896 cruciandi
523 1876 587 1898 sunt
607 1877 764 1906 peccatores
782 1883 789 1901 :
806 1880 834 1901 ut

45 1913 80 1939 sit
95 1920 149 1939 una
176 1913 285 1947 quidem
303 1913 448 1947 bonorum,
467 1923 526 1950 quae
542 1917 644 1944 dicitur
664 1919 769 1953 prima;
789 1921 833 1947 illa

44 1965 108 1985 vero
123 1966 186 1993 quae
200 1962 244 1985 est
259 1958 431 1993 miserorum,
447 1962 564 1988 secunda
577 1962 684 1990 dicatur
697 1973 703 1991 :
720 1970 745 1992 et
759 1965 832 1994 illam

44 2005 154 2038 quidem
181 2004 209 2032 in
233 2006 360 2033 omnibus
380 2014 441 2034 esse
467 2015 573 2042 puram,
599 2009 723 2043 hilarem,
751 2012 832 2040 totius

44 2051 153 2084 plenam
171 2050 288 2085 latitia;
305 2052 377 2079 illam
395 2060 461 2079 vero
481 2053 593 2081 alteram
610 2059 693 2082 totam
714 2058 830 2091 tristem,

43 2101 127 2124 totam
151 2098 278 2125 maeroris
293 2098 409 2133 plenam,
434 2103 461 2126 et
481 2099 586 2127 actibus
613 2108 645 2128 ac
662 2102 721 2129 vita
737 2110 829 2131 eorum

42 2143 153 2178 dignam
171 2143 217 2177 qui
234 2143 260 2170 in
285 2144 409 2178 praesenti
427 2146 480 2172 vita
507 2145 553 2173 Dei
571 2148 696 2175 mandata
710 2153 830 2176 conteru—

42 2190 159 2222 pserint,
174 2192 202 2216 et
213 2188 308 2222 judicii
322 2188 379 2224 ejus
395 2190 492 2218 timore
508 2191 643 2227 neglecto,
666 2196 830 2230 semetipsos

43 2234 208 2261 tradiderint
223 2235 250 2262 in
278 2235 462 2269 operationem
490 2238 572 2265 totius
603 2239 781 2282 inimunditize
799 2247 826 2269 et
841 2244 866 2273 Ι)
879 2241 919 2270 est
927 2244 1113 2278 Itancspeciem
1121 2251 1256 2277 quaenunc

41 2280 174 2312 avaritiae,
189 2288 239 2308 nec
251 2289 280 2309 se
296 2289 449 2316 praeparare
464 2284 553 2311 conati
571 2280 639 2318 sint;
654 2291 682 2313 ut
701 2287 826 2316 resistere

342 2375 363 2390 "
377 2376 385 2402 Ι
397 2375 460 2403 Cor.
472 2384 515 2405 xv.
527 2375 570 2402 51.

71 2374 94 2392 υ
109 2374 165 2401 lsa.
176 2374 302 2407 xxvt,l9.
342 2375 363 2390 ι’
377 2376 385 2402 Ι
397 2375 460 2403 Cor.
472 2384 515 2405 xv.
527 2375 570 2402 51.
610 2375 633 2391 ⁸³
649 2375 713 2403 Luc.
730 2384 786 2407 xm.
799 2376 815 2403 Ξ

74 2410 163 2445 Apoc.
178 2418 224 2443 xx,
241 2410 267 2437 6.
304 2410 327 2426 ⁸⁸
342 2411 351 2437 l
367 2411 431 2439 Cor.
445 2419 489 2445 xv,
503 2411 549 2439 41.
586 2410 608 2426 ⁸³
625 2411 690 2438 ibid.
705 2411 740 2438 42
759 2419 815 2447 seq.

39 2409 61 2424 "
74 2410 163 2445 Apoc.
178 2418 224 2443 xx,
241 2410 267 2437 6.

71 2481 133 2516 (47)
153 2482 192 2510 Ex
206 2482 255 2509 lib.
271 2491 358 2510 xxvm
373 2484 402 2510 in
415 2483 527 2511 Isaiam.

82 2517 129 2551 48)
144 2517 228 2553 Εάῐιί,
242 2517 339 2553 etjusti
353 2519 396 2545 ubi
407 2519 543 2552 recipiant,
557 2522 608 2546 etc.

84 2553 132 2585 49)
147 2552 184 2578 lta
197 2552 278 2579 editi.
286 2554 318 2580 At
335 2561 401 2581 mss.
418 2554 521 2586 nostri,
533 2553 601 2588 quod
616 2554 760 2581 seminatur
768 2554 826 2588 qui-

40 2587 94 2615 dem
118 2588 150 2614 in
168 2589 348 2624 corruptione,
371 2589 455 2624 surgit
480 2589 506 2615 in
535 2587 778 2624 incorruptione
802 2593 826 2615 et

41 2623 104 2656 quod
121 2623 282 2659 geminatum
292 2628 335 2659 est
348 2625 474 2659 animate,
488 2628 576 2658 surget
591 2629 679 2651 autem
693 2623 741 2659 [aL
752 2624 828 2651 deest

34 2656 138 2692 gautem]
152 2665 246 2691 corpus
256 2658 385 2691 spiritale.

33 2676 138 2728 Γ“ξὲᾙ)¹
150 2676 385 2725 ἐᾘιῖἵεὲτιέἒὶἓῖἑΐ
394 2698 418 2720 et
443 2694 470 2720 in
484 2693 584 2720 multis.
604 2693 658 2721 Sed
671 2701 736 2721 mss.
753 2699 782 2721 ut
799 2694 825 2720 in

41 2731 124 2755 textu.
158 2728 326 2756 Sorbonicus
354 2734 441 2755 tamen
472 2729 572 2756 omittit
601 2734 627 2757 et
649 2729 783 2761 similiter,
800 2733 827 2756 et

40 2763 113 2790 sicut.

72 2798 131 2834 (51)
157 2797 208 2834 Ms.
233 2798 398 2834 Sorbonicus
415 2798 526 2831 omittit,
546 2807 628 2834 neque
648 2799 674 2826 in
698 2799 824 2834 sepulcris

42 2832 159 2867 depositi.
176 2833 228 2861 Ms.
239 2833 424 2866 Corbeicnsis,
445 2834 525 2861 hodie
539 2834 568 2862 S.
584 2832 746 2861 ‘Germani'a
761 2833 825 2861 Pra-

43 2868 72 2895 tis
87 2869 188 2902 habet,
216 2869 261 2904 qui
276 2877 437 2904 nequaquam
453 2874 512 2897 sunt
539 2869 678 2903 sepultum
694 2870 821 2903 mandati,

610 2375 633 2391 ⁸³
649 2375 713 2403 Luc.
730 2384 786 2407 xm.
799 2376 844 2405 ‘28.
892 2377 1001 2412 “Phili;

625 2411 690 2438 ibid.
705 2411 740 2438 42
759 2419 815 2440 seu.
854 2413 877 2428 “
891 2413 955 2440 ibid.
970 2413 1001 2440 44

913 249 997 275 micas
1011 249 1128 275 humano
1150 248 1241 283 generi
1267 252 1424 283 potestates.
1447 249 1577 284 Sepulcra
1604 255 1694 278 autem

912 299 1079 322 mortuorum
1091 295 1118 320 in
1131 295 1184 322 hoc
1198 293 1269 327 loco,
1285 293 1341 330 (50)
1354 294 1423 322 sicut
1434 299 1462 322 et
1474 295 1500 322 in
1513 295 1605 323 multis
1621 296 1693 330 aliis,

910 341 1057 369 secundum
1077 341 1222 376 certiorem
1247 340 1394 375 Seripturae
1413 349 1521 369 sensum
1539 342 1694 377 accipienda

909 391 983 420 sunt,
997 395 1050 415 non
1065 394 1097 414 ea
1110 388 1196 414 solum
1209 393 1270 421 qua:
1291 387 1324 413 ad
1349 387 1545 421 depositionem
1567 388 1694 416 humano-

908 441 967 460 rum
979 440 1123 467 corporum
1137 432 1261 459 videntur
1274 439 1336 459 esse
1346 437 1512 463 constructa.
1526 433 1567 460 vel
1581 434 1605 460 in
1618 435 1692 462 saxis

907 479 1011 512 excisa,
1034 484 1080 505 aut
1097 478 1122 505 in
1141 482 1240 505 terram
1255 478 1372 510 defossa,
1395 478 1443 505 sed
1460 479 1548 506 omnis
1575 479 1650 507 locus
1663 480 1690 507 in

907 532 1069 560 quocunque
1088 524 1130 551 vel
1145 524 1280 557 integrum
1296 523 1443 550 humanum
1460 531 1569 558 corpus,
1592 524 1635 552 vel
1655 532 1690 553 ex

905 575 982 607 parte
997 571 1086 606 aliqua
1109 570 1197 605 jacet;
1224 569 1329 596 etiamsi
1362 569 1470 596 accidat
1487 574 1516 596 ut
1531 577 1614 598 unum
1627 578 1690 598 cor-

905 625 956 652 pus
970 625 1018 652 per
1040 616 1099 644 loca
1125 616 1208 644 multa
1225 616 1377 650 dispersum
1401 616 1447 648 sit,
1469 615 1614 643 absurdum
1635 624 1688 644 non

904 663 955 691 erit
968 663 1059 690 omnia
1088 669 1118 689 ea
1141 662 1200 690 loca
1218 662 1244 688 in
1270 661 1368 696 quibus
1382 669 1446 696 pars
1461 662 1550 697 aliqua
1566 663 1690 697 corporis

899 709 982 743 jacet,
996 708 1120 743 sepulcra
1137 708 1260 742 corporis
1274 709 1332 743 ejus
1361 708 1424 735 dici.
1443 707 1472 735 Si
1486 709 1558 735 enim
1578 716 1630 736 non
1649 708 1688 736 ita

903 755 1066 790 accipiamus
1084 761 1225 790 resurgere
1240 755 1273 782 de
1285 754 1417 789 sepulcris
1441 754 1499 782 suis
1522 759 1629 782 tuortuo
1647 755 1687 782 di-

902 802 966 829 vina
981 801 1089 834 virtute,
1105 801 1150 835 qui
1173 807 1343 835 nequaquam
1365 805 1429 827 sunt
1442 800 1588 836 sepultum
1609 808 1685 828 man-

902 848 968 880 dati,
984 847 1040 883 (51)
1057 854 1144 881 neque
1160 847 1185 874 in
1199 846 1332 882 sepulcris
1349 846 1475 880 depositi,
1489 847 1536 874 sed
1550 846 1607 875 sive
1619 854 1686 874 nau-

864 882 885 910 Β
899 882 1003 929 fragiis,
1018 893 1076 921 sive
1090 894 1116 920 in
1128 893 1244 920 desertis
1256 892 1392 927 aliquibus
1418 893 1536 920 defuncti
1552 897 1615 920 sunt
1643 893 1684 920 lo-

898 940 948 972 cis,
974 940 1011 967 ita
1025 944 1054 967 ut
1069 940 1215 975 Sepulturae
1243 939 1365 966 mandari
1384 946 1436 966 non
1462 939 1609 974 potuerint,
1629 947 1684 977 non

897 986 1059 1014 videbuntur
1076 986 1249 1013 annumerari
1272 985 1342 1012 inter
1360 992 1407 1013 eos
1417 985 1463 1020 qui
1488 985 1521 1014 de
1549 984 1682 1020 sepulcris

896 1033 1073 1060 resuscitandi
1090 1032 1227 1059 dicuntur.
1245 1031 1321 1064 Quod
1337 1031 1430 1066 utique
1448 1030 1523 1059 valde
1534 1030 1681 1060 absurdum

895 1083 946 1106 est.
963 1088 973 1105 ι

929 1125 1091 1153 PAMPHILUS.
1116 1124 1294 1152 Nihilominus
1319 1124 1345 1150 in
1369 1131 1402 1151 eo
1425 1124 1483 1158 ipso
1502 1123 1582 1157 libro,
1598 1123 1681 1151 inter-

891 1171 972 1206 jectis
985 1171 1159 1206 quibusdam,
1174 1170 1239 1197 dicit
1256 1178 1263 1196 :

929 1218 1074 1246 ORIGENES.
1090 1226 1099 1242 (
1120 1216 1186 1243 Cum
1200 1224 1266 1251 ergo
1282 1216 1380 1244 Paulus
1398 1216 1504 1249 scribit,
1523 1216 1594 1251 quod
1611 1216 1677 1243 sicut

891 1265 968 1292 stella
988 1267 1020 1290 ab
1033 1263 1109 1290 stella
1125 1263 1214 1295 cii/fert
1229 1263 1256 1289 in
1269 1263 1364 1296 gloria,
1375 1262 1411 1289 ita
1425 1263 1473 1289 erit
1489 1267 1513 1289 et
1524 1263 1677 1289 resurrectio

891 1315 1055 1337 mortuorum
1069 1309 1091 1324 ⁸⁸
1106 1317 1112 1334 :
1127 1314 1154 1336 et
1175 1307 1244 1344 quod
1271 1308 1336 1335 dicit
1350 1317 1355 1333 :
1372 1307 1525 1336 Seminatur
1544 1309 1572 1334 in
1587 1316 1678 1335 corru-

890 1358 990 1390 ptione,
1012 1356 1096 1391 surgit
1117 1356 1145 1382 in
1163 1355 1360 1389 incorruptione
1377 1354 1410 1387 ‘9,
1423 1359 1451 1382 et
1471 1359 1570 1382 cratera
1589 1353 1678 1389 hujus-

891 1404 960 1430 modi
978 1411 985 1430 :
1002 1401 1145 1429 manifeste
1166 1401 1222 1428 haec
1235 1401 1268 1428 de
1293 1401 1351 1429 solo
1364 1408 1478 1436 corpore
1495 1401 1601 1428 scribit.
1619 1399 1677 1427 Non

889 1450 959 1477 enim
975 1448 1064 1475 anima
1078 1447 1210 1475 seminata
1228 1451 1270 1474 est
1286 1446 1313 1473 in
1330 1447 1516 1482 corruptione,
1530 1452 1577 1474 aut
1600 1447 1627 1474 in
1640 1447 1679 1473 in-

890 1495 1026 1527 ﬁrmitate,
1047 1499 1094 1521 aut
1112 1493 1138 1522 in
1153 1492 1309 1528 ignominia.
1335 1491 1457 1528 Denique
1471 1493 1612 1521 evidenter
1626 1494 1674 1520 atl—

887 1541 976 1575 juaxgit
992 1541 1034 1568 his
1048 1530 1184 1571 omnibus,
1200 1544 1227 1566 et
1244 1539 1308 1566 dicit
1321 1547 1327 1566 :
1342 1538 1494 1566 Sentinatur
1506 1547 1601 1573 corpus
1614 1540 1677 1566 ani-

851 1573 872 1602 C
888 1573 958 1615 male
973 1588 1012 1620 '°;
1033 1592 1061 1614 ιιι
1084 1595 1117 1615 ne
1138 1587 1199 1621 quis
1223 1590 1331 1620 putaret
1347 1586 1464 1613 animum
1480 1593 1543 1614 esse
1559 1593 1618 1621 quae
1631 1593 1678 1613 se-

889 1635 1008 1662 minatur
1027 1634 1052 1661 in
1076 1633 1261 1667 corruptione,
1283 1633 1324 1660 vel
1351 1633 1378 1660 in
1400 1632 1560 1667 ignominia,
1580 1632 1622 1660 vel
1645 1631 1677 1660 in

888 1678 1054 1706 inﬁrmitate.
1077 1687 1087 1704 ›

922 1723 1085 1752 PAMPHILUS.
1111 1723 1172 1751 llaec
1189 1722 1296 1756 quidem
1321 1730 1355 1750 ex
1379 1722 1420 1749 his
1445 1721 1522 1749 llbris
1535 1721 1590 1757 (52)
1603 1727 1674 1756 quos

886 1770 913 1797 in
928 1770 1035 1798 Esaiam
1049 1770 1169 1804 scripsit.
1192 1768 1251 1795 Non
1271 1768 1472 1803 prateribimus
1496 1775 1561 1795 vero
1585 1775 1672 1801 neque

886 1817 960 1843 illum
975 1816 1061 1843 locum
1072 1823 1151 1850 quem
1164 1816 1196 1843 de
1209 1816 1297 1849 primo
1312 1814 1413 1849 psalmo
1431 1813 1568 1846 disseruit,
1583 1814 1608 1840 in
1619 1820 1673 1848 quo

885 1863 965 1890 etiarn
980 1863 1012 1889 de
1026 1862 1225 1889 resurrectione
1240 1861 1275 1887 ita
1291 1859 1399 1894 scripsit
1412 1868 1419 1886 :

1330 1917 1386 1953 (55)
1400 1918 1504 1953 Ὥσπερ
1520 1918 1548 1945 δὲ
1561 1917 1592 1944 τὸ
1603 1916 1672 1950 εἶδός

1293 1966 1350 1993 ἐστι
1378 1966 1458 2002 μέχρι
1473 1966 1520 1992 τοῦ
1543 1966 1670 2002 πέρατος,

1292 2012 1344 2039 κᾶν
1356 2013 1380 2039 οἱ
1391 2013 1563 2048 χαρακτῆρες
1572 2013 1671 2040 δοκῶσι

1290 2058 1388 2094 πολλὴν
1404 2058 1474 2093 ἔχειν
1483 2058 1668 2095 παραλλαγήν·

1290 2105 1376 2137 οὕτως
1388 2105 1497 2141 νοητέον
1504 2107 1551 2133 καὶ
1565 2106 1612 2132 ἐπὶ
1622 2105 1674 2133 τοῦ

1292 2152 1425 2187 παρόντος
1440 2172 1446 2184 ,
1478 2150 1548 2184 εἶδος
1570 2153 1669 2179 ταυτὸν

1291 2198 1359 2226 εἶναι
1381 2199 1420 2235 τῷ
1443 2200 1576 2235 μέλλοντι,
1591 2200 1668 2226 πλε(-

1295 2255 1360 2282 στης
1379 2247 1445 2281 ὅσης
1468 2247 1600 2282 ἐσομένης
1618 2247 1668 2282 τῆς

879 2294 920 2316 est
939 2290 964 2315 in
987 2289 1073 2321 nobis,
1089 2290 1173 2323 ipsam
1190 2297 1251 2323 per—
1291 2290 1336 2316 ἐπὶ
1365 2290 1472 2317 κάλλιον
1504 2290 1666 2327 μεταϐολῆς.

919 1919 1031 1948 Οιιισιειι.
1060 1929 1069 1945 ι
1089 1919 1165 1947 Sicut
1185 1919 1256 1946 enim

883 1969 977 1996 eadem
1004 1967 1031 1994 in
1051 1967 1129 1994 nobis
1151 1967 1257 2001 species

882 2020 1025 2050 permanet
1039 2015 1073 2042 ab
1087 2013 1198 2041 infantia
1212 2022 1256 2041 us-

882 2068 935 2096 que
949 2061 983 2087 atl
1001 2065 1178 2092 senectutem,
1193 2060 1255 2086 licet

882 2106 1053 2134 characteres
1079 2106 1188 2133 multam
1215 2106 1255 2132 vi-

881 2154 976 2180 deatur
989 2153 1201 2181 immutationem
1214 2160 1256 2180 re-

881 2198 980 2231 cipere,
999 2199 1034 2225 ita
1053 2198 1255 2233 intelligendum

892 2377 1036 2419 fflihilipp.
1051 2379 1143 2411 ιιι,⁴21.
1182 2379 1221 2406 ⁸⁸1
1234 2379 1296 2411 Cor.
1313 2392 1356 2417 xv,
1367 2383 1402 2411 ΛΞ
1422 2391 1479 2419 seq.
1511 2385 1534 2400 “
1547 2384 1610 2413 ibid.
1621 2384 1665 2412 25.

879 2493 926 2512 nec
949 2486 975 2512 in
992 2485 1284 2527 scpulcriumanduli.»
1298 2489 1348 2517 Ms.
1375 2490 1484 2526 Regius,
1502 2492 1546 2527 qui
1571 2499 1667 2526 nequa-

878 2529 956 2560 quam
973 2526 1034 2548 sunt
1059 2522 1201 2560 sepultum
1216 2533 1261 2560 nec
1275 2525 1302 2551 in
1325 2522 1450 2560 sepulcFis
1466 2522 1596 2553 mandati.
1607 2522 1665 2555 'Sed

879 2556 1064 2592 editiretimss.
1078 2557 1182 2592 aliquot
1196 2559 1296 2587 rectius
1311 2565 1338 2587 ut
1352 2556 1380 2586 in
1394 2566 1479 2588 textu.

915 2591 971 2627 (52)
988 2591 1068 2625 Editi,
1091 2591 1156 2626 quos
1177 2594 1204 2620 in
1229 2593 1331 2621 Isaiam
1352 2595 1477 2622 scribit...
1493 2595 1525 2622 de
1547 2603 1666 2623 resurre-

879 2626 966 2664 ctione
986 2628 1023 2664 i_ta
1035 2628 1135 2664 scribit.
1152 2628 1204 2656 Sed
1219 2637 1285 2656 mss.
1299 2631 1452 2664 utrobique,
1467 2631 1581 2664 scripsit.

915 2662 971 2697 (55)
986 2662 1025 2689 Ex
1034 2662 1312 2700 (ἰοῃιιιιεηιηιηρδιιιηι.
1325 2662 1490 2700 ι,5.Ὦσπερ
1497 2662 1531 2691 δὲ
1543 2665 1577 2691 τὸ
1585 2666 1666 2700 εἶδός

880 2696 965 2737 ὲσζιί
987 2703 1040 2737 etc.
1061 2697 1154 2737 Grteca
1176 2696 1256 2737 hujus
1282 2699 1344 2737 loci
1359 2701 1445 2737 verba
1465 2696 1573 2737 essunt
1593 2696 1664 2737 apud

880 2732 1070 2770 Epiphanium,
1094 2733 1189 2770 lutei-es.
1205 2735 1248 2766 64,
1259 2742 1318 2769 cap.
1337 2735 1378 2763 ll.
1399 2735 1464 2764 Vide
1484 2736 1511 2763 in
1531 2732 1665 2770 psalnium

879 2768 1004 2828 plrimum,
1019 2772 1118 2809 nostra:
1136 2769 1215 2809 hujus
1226 2768 1350 2798 editionis
1362 2776 1425 2798 tom.
1441 2771 1508 2803 XIII,
1527 2768 1588 2806 pag.
1599 2772 1663 2800 500.

903 2804 946 2828 Ide
958 2809 1037 2828 etiam
1058 2803 1241 2828 0rtaemurmr.
1260 2805 1304 2828 lih.
1333 2813 1362 2828 ιι.
1387 2811 1482 2828 animi.
1497 2806 1522 2828 Ω.
1544 2814 1607 2828 num
1634 2806 1660 2828 ’1.

903 2802 946 2842 ide
958 2803 1043 2842 etiam
1058 2802 1241 2842 Origeniunar.
1260 2805 1305 2833 lib.
1333 2813 1364 2840 ιι,
1387 2811 1483 2842 quast.
1497 2802 1619 2840 9,-num.
1634 2806 1663 2841 7.,

879 2838 922 2866 ubi
938 2838 993 2866 haec
1008 2839 1089 2866 etiam
1105 2840 1265 2869 referuntur.
