1915 3079
242 129 295 160 599

244 192 399 217 mansuram
423 187 504 215 etiam
528 187 554 214 iu
574 186 619 213 tu-

244 240 317 268 turo,
333 234 446 270 plurima
464 238 552 261 tamen
570 233 621 260 im-

243 281 394 309 mutatione
422 280 448 306 in
469 279 566 307 melius
592 283 620 306 et

243 327 386 362 gloriosius
401 326 480 352 laeta.
503 325 620 353 Necesse

242 378 284 403 est
297 374 368 401 enim
381 374 500 400 animam
509 374 535 401 in
551 373 619 401 locis

241 422 383 457 corporeis
394 422 563 449 habitantem
579 422 618 448 uti

242 468 404 503 corporibus
436 467 533 495 talibus
559 474 619 502 qun

241 521 304 551 apta
310 516 363 544 sint
370 515 412 544 his
418 516 483 543 locis
490 516 515 542 in
523 516 619 550 quibus

242 563 327 598 deg‘t.
337 562 371 589 Et
385 562 463 593 sicut,
472 561 546 589 verbi
560 569 620 588 catt-

242 617 285 641 sa.
302 608 324 636 si
340 608 367 636 in
381 608 460 643 aquis
475 609 557 635 maris
572 615 620 635 nos

242 655 378 689 habitare,
394 655 437 682 vel
455 655 552 689 degere
570 662 618 689 po-

243 706 351 735 sceret,
376 701 436 729 sine
464 701 544 728 dubio
571 708 620 736 pro

243 747 390 775 habitaculi
417 747 546 782 qualitate
573 755 621 775 ne-

243 794 393 821 cessarium
420 795 556 822 videretur
569 794 619 820 ha-

244 841 310 869 ltere
333 841 413 869 talem
429 841 552 876 corporis
567 845 620 868 sta-

243 892 311 921 tum,
329 891 355 915 et
378 887 617 923 compositionem,

243 934 350 968 qualem
377 934 478 961 habent
494 933 539 961 illa
561 934 619 960 ani-

243 980 324 1007 malia
350 987 409 1014 quae
432 979 458 1006 in
483 979 561 1014 aquis
577 979 619 1006 vi-

242 1032 328 1055 Vunl:
347 1028 381 1055 ita
398 1035 468 1055 nunc
486 1035 547 1056 cum
564 1034 618 1055 cte-

242 1074 330 1102 lorum
350 1073 534 1102 habitaculum
558 1081 621 1109 pro-

243 1125 378 1158 mittatur,
387 1125 535 1153 seeuntlum
547 1124 620 1152 loco-

841 130 870 159 S.
890 129 1052 159 PAMPHILI
1074 129 1252 157 MARTYRIS

1824 131 1876 160 600

663 187 822 222 Ἀναγκαῖον
828 187 883 224 γὰρ
890 187 938 223 τὴν
945 187 1032 223 ψυχὴν

1121 186 1266 215 Omcenss.
1277 186 1334 222 (55)
1354 194 1364 212 ι
1377 185 1506 214 Dominus
1522 185 1600 214 Jesus
1609 187 1735 217 Christus
1757 189 1819 218 haec
1834 190 1875 218 di~

656 236 685 262 ὲν
698 235 791 268 τόποις
805 237 969 271 σωματικοῖς
980 236 1032 261 ὐπ-

657 282 740 317 άρχου
745 290 793 309 σαν
806 302 814 314 ,
882 281 1032 318 κεχρῆσθαι

657 328 764 364 σώμασι
781 328 957 365 καταλλήλοις
978 330 1033 361 τοῖς

654 376 753 409 τόποις.
770 377 824 404 Καὶ
838 377 932 413 ὥσπερ
946 378 974 404 ἐν
986 377 1034 405 θα-

653 424 739 460 λάσσῃ
756 424 806 460 ζῇν
817 425 894 460 ,ἡμᾶς
907 425 1033 460 ἐνύδρους

653 471 816 506 γενομένους
827 472 851 497 εὶ
858 471 953 507 ἐχρῆν,
967 471 1034 498 πάν-

653 524 708 547 τως
724 515 756 542 ἂν
773 515 825 542 ἔδει
840 515 1033 552 παραπλησίαν

655 562 726 598 ἔχειν
733 563 780 589 καὶ
786 563 836 598 τὴν
843 562 925 598 ἄλλην
935 562 1033 597 ἰχθύων

655 612 837 638 κατάστασιν*
861 610 947 642 οὕτως
969 609 1033 646 μὲλ-

655 657 751 689 λονταις
765 657 943 693 κληρονομεῖν
958 656 1034 691 βασι-

655 705 729 732 λείαν
744 703 876 739 οὐρανῶν,
887 704 934 730 καὶ
948 704 976 730 ἐν
991 703 1034 730 τό-

656 761 716 783 ποις
728 751 902 786 διαφέρουσιν
914 749 1033 782 ἔσεσθαι,

655 798 802 832 ἀναγκαῖον
815 796 931 833 χρῆσθαι
942 796 1036 832 σώμα-

657 853 682 871 σι
698 844 903 879 πνευματικοῖς,
916 843 975 878 οὐχὶ
987 843 1033 870 τοῦ

655 891 741 922 εἴδους
754 889 800 916 τοῦ
818 889 950 925 προτέρου
961 889 1033 923 ἁφα-

656 938 806 973 νιζομὲνου,
822 936 876 963 κᾶν
890 936 935 962 ἐπὶ
950 935 980 962 τὺ
992 935 1033 962 ὲν-

655 985 743 1017 δοξότε
748 992 793 1019 ρον
802 983 913 1018 γένηται
927 982 1008 1009 αὐτοῦ
1015 983 1032 1017 ἡ

655 1032 741 1067 τροπή
746 1051 752 1058 .
757 1031 842 1057 Ὦσπε
846 1038 861 1066 ρ
866 1027 899 1064 ἦν
907 1029 938 1056 τὸ
945 1029 963 1055 Ἰ
966 1038 981 1065 η
986 1028 1032 1056 σοῦ

657 1076 726 1110 εἶδος
737 1097 744 1110 ,
763 1077 810 1104 καὶ
830 1076 969 1107 Μωῡσέως
986 1075 1033 1102 καὶ

662 1124 763 1155 Ἠλίου,
778 1124 826 1158 οὐχ
842 1122 935 1158 ἕτερον
951 1122 980 1148 ὲν
999 1123 1031 1158 τῇ

242 1180 304 1200 rum
319 1172 431 1208 gloriam
452 1179 621 1206 consequens
658 1169 879 1207 pecapopzpdnst,
891 1168 974 1204 παρ’ὂ
987 1165 1031 1204 ἦν.

242 1223 286 1246 est
305 1219 437 1254 aptandas
458 1225 520 1246 esse
543 1219 623 1245 etiam
639 1224 780 1251 corporum
797 1216 954 1251 qualitates.
979 1214 1033 1242 Nec

243 1265 305 1292 ideo
326 1269 416 1292 tamen
432 1266 509 1300 prior
525 1264 583 1291 haec
601 1264 706 1298 species
722 1262 959 1294 exterminabitur,
972 1261 1033 1288 licet

244 1310 390 1345 gloriosior
405 1308 464 1344 ejus
481 1308 575 1337 eliecta
599 1309 635 1336 sit
661 1307 837 1343 permutatio.
859 1307 936 1334 Sicut
959 1306 1032 1333 enim

244 1356 330 1391 ipsius
343 1356 448 1383 Domini
465 1354 543 1388 Iesu,
557 1355 598 1382 vel
613 1354 709 1390 Moysi,
722 1354 764 1382 vel
776 1353 840 1381 Elia).
857 1352 961 1388 species
975 1352 1032 1389 (54)

246 1410 298 1429 non
313 1405 370 1429 erat
382 1402 434 1429 alia
447 1402 474 1429 in
494 1401 743 1434 transformatione,
765 1408 845 1436 quam
864 1399 953 1426 fuerat
969 1404 1033 1426 ante

246 1448 527 1480 htztnsformationem,
542 1448 580 1475 ita
595 1455 649 1475 non
661 1447 713 1474 erit
732 1447 785 1474 alia
803 1450 958 1474 sanctorum
973 1452 1034 1480 spe-

245 1495 311 1529 cies,
327 1493 434 1522 etiamsi
461 1494 547 1522 multo
565 1493 710 1531 gloriosior
726 1494 783 1521 tiat.
801 1502 811 1520 ›

527 1573 653 1594 ιΝτιῑιιριι.
670 1573 750 1593 ΝονΑ.

283 1623 320 1648 Ac
332 1621 553 1657 quemadmodum
575 1622 673 1656 specie:
686 1622 744 1656 ipsa
761 1621 795 1657 ad
811 1620 933 1648 ultimum
952 1628 1033 1656 usque

247 1655 342 1684 eadem
357 1661 407 1687 est,
420 1657 469 1684 etsi
483 1658 574 1692 ingens
592 1655 760 1692 propriarum
776 1655 933 1690 formarum,
958 1662 1034 1682 nota-

248 1699 358 1726 rumqite
380 1691 502 1719 uideatur
512 1691 567 1719 esse
579 1692 718 1719 diversitas
735 1699 744 1718 :
756 1692 793 1718 ita
806 1695 832 1718 et
848 1692 876 1717 in
888 1700 917 1718 eo
931 1692 962 1717 de
982 1699 1033 1725 quo

247 1727 362 1762 agimus,
379 1726 578 1762 intelligendum
605 1731 642 1754 est
662 1732 816 1761 prwsentem
832 1727 949 1760 corporis
975 1734 1034 1761 spe-

246 1763 312 1788 ciem
332 1763 451 1789 eamdem
467 1771 522 1789 esse
549 1770 608 1789 cum
633 1762 724 1796 futura
739 1770 746 1788 :
762 1770 821 1788 cum
836 1769 866 1788 eo
882 1767 980 1791 tamen.
1005 1766 1033 1788 ut

245 1797 408 1824 incredibilis
421 1797 448 1824 in
458 1798 551 1824 melius
563 1798 596 1824 sit
612 1797 705 1832 futura
718 1797 840 1824 mutatio.
860 1796 973 1824 Necesse
995 1801 1033 1824 est

246 1832 317 1858 enim
331 1833 450 1859 animum
462 1835 594 1865 corporeis
610 1834 636 1859 in
651 1833 716 1859 locis
731 1832 870 1859 Itan-erilem
892 1837 1033 1858 consenta-

247 1868 302 1893 neis
322 1867 371 1894 sibi
394 1867 433 1893 uti
460 1868 626 1903 corporibus.
643 1867 726 1900 Atque
742 1871 770 1894 ut
790 1868 812 1893 si
833 1867 860 1903 in
877 1867 1033 1900 aquatilium

247 1908 370 1928 naturam
385 1902 523 1930 conversos
536 1903 616 1930 uitam
633 1903 661 1929 in
677 1903 744 1929 mari
759 1910 805 1929 nos
820 1902 913 1936 degere
927 1906 1033 1935 oporte-

247 1942 298 1970 ret,
309 1938 486 1964 necessarium
499 1939 568 1972 foret
582 1946 628 1965 nos
641 1938 697 1964 alia
712 1945 852 1970 corporum
867 1937 1033 1964 constitutio-

247 1973 461 2008 ne,piaciumque
477 1973 559 2000 simili
570 1981 625 2000 esse
636 1973 760 2006 praedito;
775 1980 784 2004 ;
805 1973 841 1998 ita
855 1973 900 2008 qui
910 1972 1033 2008 (telorum

247 2007 321 2042 regni
340 2008 520 2035 hwreditalem
534 2008 633 2035 adituri
646 2012 718 2040 sunt,
731 2016 761 2034 ac
773 2008 881 2034 diversis
889 2007 916 2033 in
928 2007 1034 2034 aedibus

247 2043 407 2075 habitaturi,
423 2043 555 2076 spiritalia
568 2051 670 2078 quoque
684 2050 794 2077 corpora
805 2042 916 2069 habeant
932 2050 1034 2069 necesse

244 2082 285 2106 ut
298 2087 308 2107 :
320 2086 372 2104 non
385 2078 455 2113 quod
471 2079 545 2112 prior
561 2080 744 2113 exetinguatur
755 2078 864 2112 species,
886 2077 989 2113 tametsi
1006 2078 1034 2104 in

247 2112 380 2149 illustrius
392 2111 532 2149 quiddam
550 2111 750 2149 iglorioiiuaque
768 2111 914 2149 mutetur.
936 2111 1033 2143 Quent-

247 2148 389 2184 udmadum
405 2148 479 2180 Jesu,
498 2157 529 2175 at:
543 2148 655 2184 Moysis,
675 2154 698 2175 et
709 2148 776 2184 Elite
793 2148 891 2178 species
906 2148 933 2174 in
946 2152 1034 2184 trans-

247 2183 405 2216 formutiane
420 2191 473 2210 non
487 2184 540 2210 alia
566 2182 645 2219 quam
663 2192 722 2219 quia
735 2183 811 2210 initia
825 2189 894 2215 erat,
919 2182 1032 2209 exstitit.

1084 233 1133 266 rit,
1147 233 1204 269 (56)
1218 233 1294 268 cujus
1310 233 1426 269 primum
1437 240 1501 260 caro
1515 234 1651 266 requievit
1663 235 1690 262 in
1705 242 1766 270 spe.
1781 236 1875 265 Cruci-

1083 279 1155 307 iixus
1169 280 1244 307 enim
1257 284 1311 312 est,
1330 278 1528 314 primogenitus
1539 286 1572 306 ex
1591 281 1706 308 mortuis
1721 281 1831 315 tactus;
1847 289 1874 311 et

1082 330 1146 360 post.
1171 325 1399 352 resurrectionem
1413 329 1569 360 assumptus
1590 325 1617 352 in
1640 327 1756 358 omium,
1781 335 1872 355 secuto

1084 376 1221 399 terrenum
1230 379 1329 406 corpus
1338 371 1438 403 evexit,
1447 371 1482 398 ita
1495 376 1523 398 ut
1535 376 1702 400 terrerentur
1709 377 1738 400 et
1747 373 1873 409 obstupe-

1084 422 1193 446 scerent
1207 418 1323 445 virtutes
1337 418 1464 446 cmlestes
1487 419 1612 446 videntes
1635 426 1744 446 carnem
1761 419 1821 455 (57)
1833 427 1873 448 as-

1083 463 1242 490 cendentem
1257 463 1283 490 in
1303 463 1414 490 malum.
1431 463 1469 491 De
1489 463 1546 491 Elia
1563 465 1639 491 enim
1661 465 1798 499 scriptum
1822 471 1872 497 est,

1084 509 1145 544 quia
1157 509 1234 544 quasi
1250 509 1278 536 in
1293 508 1390 536 cmlum
1400 514 1554 545 assumptus
1568 514 1612 537 est
1623 510 1662 537 ":
1677 515 1704 537 et
1720 510 1754 537 de
1767 510 1872 546 Enoch,

1084 555 1146 589 quia
1163 555 1312 583 translatus
1329 561 1372 582 est
1386 555 1409 571 "
1425 564 1432 582 :
1450 563 1502 583 non
1523 560 1611 583 tamen
1633 556 1736 583 dictum
1754 561 1798 584 est
1812 558 1872 591 quia

1084 599 1207 627 ascendit
1231 600 1258 627 in
1274 600 1382 628 malum.
1407 599 1565 628 Oli‘endatur
1579 601 1624 635 qui
1648 600 1706 628 vult
1722 608 1756 628 ex
1781 606 1873 630 nostro

1084 653 1234 674 sermone:
1252 653 1303 681 ego
1324 651 1412 673 autem
1428 654 1490 674 cum
1513 647 1587 673 omni
1611 646 1709 674 ﬁducia
1728 654 1873 681 assevero,

1084 692 1146 728 quia
1164 693 1235 720 sicut
1261 693 1460 728 primogenitus
1484 701 1519 721 ex
1543 693 1659 720 mortuis
1675 699 1718 721 est
1735 694 1872 728 Christus,

1085 737 1122 765 ita
1140 738 1243 773 primus
1256 745 1367 765 carnem
1384 739 1475 766 evexit
1491 737 1524 765 ad
1554 738 1668 765 malum.
1686 738 1813 772 Denique
1828 746 1871 766 uo-

1085 783 1168 810 vitate
1183 783 1241 819 ipsa
1253 789 1440 818 perterrentur
1458 784 1582 812 caelestes
1598 784 1724 817 virtutes,
1745 784 1804 819 (58)
1813 785 1872 818 quia

1085 830 1157 865 quod
1175 838 1313 865 nunquam
1336 836 1400 858 ante
1416 831 1550 862 viderant,
1577 838 1650 858 nunc
1667 830 1801 858 videbant
1814 838 1871 857 car-

1087 883 1148 903 nem
1167 877 1322 904 ascendisse
1347 879 1374 904 in
1400 877 1499 904 caelum
1513 884 1522 904 :
1538 881 1566 904 et
1588 883 1730 912 propterea
1759 879 1872 905 dicunt:

1088 922 1153 955 Quis
1167 927 1204 950 est
1214 923 1262 949 iste
1277 923 1322 958 qui
1332 923 1402 950 venit
1417 931 1449 950 ea;
1462 922 1557 955 Etiam,
1572 923 1599 950 id
1614 928 1656 952 est
1670 931 1686 950 a
1712 924 1871 959 terrigenis!

1087 967 1177 996 Rubor
1194 969 1404 996 vestimentorum
1432 977 1490 1004 ejus
1517 977 1549 996 ex
1576 968 1660 996 Bosor
1678 969 1714 996 “.
1741 968 1872 997 Videbam

1087 1015 1158 1042 enim
1177 1016 1203 1042 in
1230 1023 1342 1049 corpore
1367 1015 1425 1050 ejus
1440 1015 1553 1051 vestigia
1571 1015 1713 1043 vulnerum
1726 1024 1761 1044 ex
1778 1016 1872 1050 Bosor,

1088 1061 1114 1088 id
1132 1064 1183 1094 est,
1202 1061 1229 1088 in
1244 1068 1326 1088 carne
1338 1066 1473 1095 suscepta.
1489 1071 1500 1089 ι

1122 1129 1285 1158 PAMPHILUS.
1298 1129 1331 1157 Et
1345 1135 1405 1165 post
1418 1136 1519 1165 pauca:

1121 1187 1266 1215 oanENES.
1289 1197 1298 1213 ε
1323 1187 1386 1215 [huc
1399 1191 1511 1222 propter
1524 1186 1589 1214 illud
1603 1187 1674 1221 quod
1692 1187 1798 1215 dictum
1823 1191 1872 1220 est,

1087 1234 1213 1268 Quoniam
1228 1242 1290 1260 caro
1303 1241 1360 1261 mea
1377 1234 1517 1269 requiescet
1532 1234 1558 1260 in
1583 1242 1626 1268 spe
1637 1233 1671 1261 ⁸³.
1688 1233 1716 1260 In
1736 1242 1789 1268 qua
1806 1233 1875 1268 spei

1087 1279 1145 1306 Non
1161 1279 1247 1307 solum
1260 1279 1323 1314 quia
1343 1287 1376 1307 ex
1396 1280 1510 1307 mortuis
1538 1280 1657 1315 resurgit
1679 1279 1789 1316 (parum
1803 1279 1874 1306 enim

1087 1325 1139 1353 hoc
1154 1326 1218 1360 est),
1239 1325 1286 1352 sed
1304 1325 1332 1352 in
1355 1333 1388 1353 ea
1402 1332 1449 1361 spe
1466 1326 1623 1361 requiescit,
1645 1325 1719 1361 quod
1737 1329 1874 1359 assumpta

1087 1374 1129 1399 est
1142 1371 1169 1398 in
1190 1371 1299 1399 caelum.
1316 1381 1326 1397 ι

1125 1438 1293 1467 Ptupuitus.
1309 1439 1379 1473 Quid
1406 1439 1458 1467 hoc
1484 1440 1638 1468 evidentius
1665 1444 1693 1468 et
1715 1439 1819 1468 clarius
1844 1439 1875 1468 ah

1087 1485 1179 1520 aliquo
1199 1487 1250 1514 dici
1273 1490 1362 1521 potest
1373 1486 1406 1513 de
1413 1486 1612 1514 resurrectione
1621 1485 1724 1518 carnis,
1740 1493 1823 1520 quam
1835 1492 1877 1512 as-

1087 1532 1210 1566 signavit
1223 1540 1277 1560 non
1289 1532 1376 1560 solum
1395 1536 1607 1559 resurrecturam
1617 1538 1632 1558 a
1641 1531 1769 1563 mortuis,
1783 1538 1875 1558 verum

1088 1578 1170 1605 etiam
1191 1578 1218 1605 in
1235 1578 1330 1610 caelos,
1356 1578 1378 1605 si
1403 1585 1456 1613 qua
1479 1583 1570 1605 tamen
1586 1577 1613 1604 id
1638 1577 1784 1608 meruerit,
1801 1583 1875 1604 assu-

1088 1626 1226 1657 mendam,
1245 1630 1402 1653 secuturam
1425 1624 1532 1653 scilicet
1544 1632 1606 1651 eum
1619 1623 1667 1659 qui
1681 1624 1875 1659 primogenitum

1087 1679 1120 1699 ex
1139 1671 1252 1698 mortuis
1264 1671 1361 1702 factus,
1387 1671 1491 1705 primus
1507 1671 1535 1698 in
1550 1670 1653 1698 omium
1671 1674 1800 1697 naturam
1814 1676 1874 1697 car-

1088 1719 1129 1746 nis
1144 1717 1267 1745 invexit?
1283 1716 1352 1750 Quid
1373 1721 1462 1743 tamen
1479 1717 1505 1743 in
1529 1721 1626 1743 octavo
1641 1715 1749 1743 decimo
1771 1714 1874 1749 psalmo

1088 1769 1226 1798 exponens
1243 1761 1318 1788 illum
1331 1760 1495 1788 versiculum
1512 1768 1518 1786 :
1535 1760 1569 1787 In
1580 1760 1636 1788 sole
1651 1760 1739 1796 posuit
1753 1760 1875 1787 taberna-

1088 1808 1175 1835 culum
1186 1815 1263 1834 suum
1274 1806 1308 1840 ",
1328 1805 1457 1838 senserit,
1474 1805 1627 1833 audiamus.

1123 1862 1268 1890 ORIGENES.
1287 1861 1344 1898 (59)
1362 1871 1371 1887 ι
1389 1862 1458 1895 Quid
1473 1866 1513 1889 est
1532 1861 1603 1897 quod
1619 1861 1704 1889 dicit:
1718 1860 1754 1888 In
1767 1861 1823 1889 sole
1831 1869 1875 1896 po-

1087 1910 1141 1937 suit
1161 1907 1361 1936 tabernaculum
1378 1915 1456 1934 suum
1469 1907 1481 1934 1’
1493 1907 1606 1941 Quidam
1626 1907 1735 1942 quidem
1752 1907 1874 1934 dicebant

1088 1954 1160 1990 quod
1174 1953 1302 1981 Salvator
1317 1957 1411 1980 noster
1425 1953 1575 1981 ascendens
1589 1960 1605 1980 e
1622 1953 1704 1980 terris
1721 1953 1750 1980 in
1765 1953 1872 1985 castum,

1089 2006 1116 2028 et
1134 2007 1234 2034 corpus
1250 2006 1330 2026 suum
1349 2005 1502 2032 assumens,
1517 1998 1640 2032 pervenit
1653 2006 1739 2033 usque
1759 1998 1794 2026 ad
1813 2006 1874 2026 eum

1089 2044 1220 2073 circulum
1245 2044 1292 2079 qui
1318 2043 1384 2071 solis
1399 2051 1467 2071 zona
1482 2043 1646 2078 nominatur,
1662 2048 1690 2071 et
1712 2044 1764 2078 ibi,
1787 2044 1872 2077 aiunt,

1088 2090 1178 2126 posuit
1193 2081 1397 2116 tabernaculum
1412 2089 1537 2124 corporis
1558 2089 1599 2116 sui
1616 2097 1623 2115 :
1641 2096 1695 2116 non
1713 2090 1786 2116 enim
1805 2090 1874 2117 ultra

1089 2141 1149 2163 erat
1166 2134 1296 2170 possibile
1313 2134 1340 2162 id
1355 2135 1492 2169 progredi.
1508 2134 1562 2162 Sed
1578 2134 1635 2162 haec
1648 2134 1685 2162 illi
1697 2135 1735 2162 ita
1744 2136 1873 2167 sentiunt,

1089 2191 1140 2218 pro
1163 2190 1196 2210 eo
1210 2182 1282 2217 quod
1303 2181 1463 2217 allegoriam
1480 2181 1576 2209 nolunt
1590 2182 1618 2209 in
1630 2182 1771 2217 Scriptura
1787 2183 1875 2210 divina

283 2227 447 2256 PAIIPEILUS.
462 2228 515 2256 Sed
531 2234 559 2257 et
575 2231 601 2257 in
615 2229 826 2265 quintodecimo
835 2227 940 2263 psalmo
951 2235 1035 2262 expo-
1051 2237 1072 2265 ι)
1090 2229 1213 2263 recipere
1231 2236 1238 2255 :
1259 2232 1285 2271 ei
1301 2228 1361 2255 ideo
1376 2235 1450 2262 pura:
1473 2227 1594 2255 historiae
1617 2228 1815 2262 deservientes,
1827 2230 1875 2256 hu-

247 2279 316 2300 nens
341 2274 415 2302 illum
443 2275 606 2304 versiculum
627 2287 632 2306 :
650 2276 762 2311 Insuper
776 2280 799 2303 et
816 2283 880 2302 caro
909 2283 967 2302 mea
992 2282 1035 2302 re-

248 2320 361 2352 quiescet
374 2320 401 2347 in
417 2328 461 2355 ape
475 2322 497 2338 ⁸¹
515 2330 521 2347 :
539 2322 573 2349 de
584 2330 667 2350 eunte
683 2322 789 2350 Domini
802 2322 860 2349 haec
873 2322 926 2348 ait:

284 2393 305 2408 ⁸¹
320 2392 393 2430 Psal.
415 2403 460 2429 xv,
477 2395 503 2424 9.
556 2396 579 2411 "
596 2395 627 2422 iV
648 2395 714 2430 Reg.
733 2403 764 2428 ll,
781 2394 824 2422 ιι.

251 2436 330 2461 xvtu,
346 2428 374 2456 6.

287 2499 420 2536 (δυ-Μεθ’).
433 2498 603 2536 εοντυοῑεῐιδίβ
618 2503 644 2525 et
657 2496 758 2536 Regius
770 2505 912 2536 perperam
923 2497 1036 2530 habent,

250 2534 303 2562 non
315 2534 371 2562 erat
389 2535 451 2562 talis
466 2535 494 2561 in
507 2534 752 2568 transformatione,
770 2534 858 2569 qualis
868 2534 967 2568 fuerat,
981 2538 1033 2560 etc.

250 2571 302 2598 Sed
316 2571 404 2598 caeteri
421 2577 488 2597 mss.
501 2575 529 2597 et
540 2569 606 2596 editi
618 2573 691 2596 recte
710 2573 738 2595 ut
755 2569 780 2595 in
800 2574 884 2596 textu.

286 2606 342 2641 (55)
354 2607 391 2633 Ex
406 2605 552 2641 Comment.
565 2604 592 2641 in
612 2604 705 2638 psalm.
725 2611 770 2636 xv,
782 2605 809 2641 9.

286 2637 342 2677 (50)
363 2640 531 2677 Etiiti,cujus
547 2640 631 2677 primo
645 2646 706 2666 caro
722 2639 844 2677 requievit
862 2639 889 2665 in
904 2646 957 2672 ape.
970 2637 1039 2664 Cru-

250 2673 346 2711 ci/itctts
358 2676 426 2703 enim
447 2675 649 2711 primogenitus,
664 2679 718 2700 etc.
741 2673 801 2711 Sctl_
814 2682 910 2711 omnes
930 2682 996 2700 mss.
1011 2679 1040 2700 ut

252 2709 280 2739 in
304 2717 396 2738 nostro
421 2715 507 2738 textu.
525 2709 610 2736 Paulo
624 2714 683 2744 p0st
700 2717 765 2736 mss.
786 2709 995 2744 Sorbonicuset
1009 2711 1039 2734 S.

253 2746 392 2773 Michaelis
409 2745 436 2772 in
454 2744 580 2772 Periculo
594 2743 680 2772 maris
692 2764 700 2776 ,
715 2750 738 2772 et
751 2750 806 2777 post
822 2743 1039 2770 resurrectionem

254 2787 404 2815 uuumptus
421 2781 449 2807 in
472 2779 548 2807 caelos
572 2779 706 2812 ctzlorum,
729 2787 815 2806 secum
828 2785 971 2815 terrenum,
985 2784 1038 2806 etc.

254 2813 350 2843 (ἐνδιετὶ
367 2823 432 2843 vero
447 2823 511 2843 mss.
525 2815 626 2842 habent
642 2814 811 2850 simpliciter,
826 2814 854 2841 in
868 2813 971 2846 ctutum,
985 2821 1038 2841 non

255 2852 282 2878 ia
297 2851 372 2877 calor
387 2850 521 2881 cistarum.

291 2884 347 2921 (57)
365 2885 464 2914 Omnes
477 2893 543 2918 mss.
565 2886 755 2915 ascendentem.
775 2884 855 2919 Editi,
878 2884 1033 2912 ascendisse.

875 2394 897 2409 "
920 2392 1017 2421 Cenes.
1040 2401 1068 2426 v,
1085 2392 1131 2420 24.

1088 2275 1205 2310 justnodi
1220 2273 1325 2302 fabulas
1349 2279 1377 2301 et
1400 2274 1526 2309 ﬁgmenta
1549 2280 1724 2310 componunt.
1741 2275 1796 2303 Nos
1813 2283 1876 2303 vero

1092 2321 1273 2356 deprecamur
1295 2319 1518 2354 onmipotcntiam
1545 2320 1603 2352 Dei,
1631 2326 1660 2348 ut
1687 2329 1738 2349 nos
1753 2321 1876 2357 dignetur

1183 2392 1206 2408 ⁵⁵
1231 2392 1281 2419 lsa.
1305 2399 1381 2424 unt,
1399 2390 1423 2418 i.
1485 2392 1507 2407 "
1521 2391 1592 2419 Psal.
1608 2399 1655 2425 xv,
1673 2390 1700 2419 9.
1771 2393 1794 2408 “
1807 2392 1876 2420 Psai.

1094 2498 1163 2534 Infra
1181 2507 1246 2526 mss.
1267 2498 1359 2533 plures
1371 2505 1522 2534 perperam,
1537 2496 1667 2525 Ostendat
1684 2497 1732 2534 Lai.
1753 2497 1876 2526 Ostendi-

1089 2533 1144 2568 tur}
1156 2534 1200 2568 qui
1214 2534 1277 2565 vnit,
1289 2539 1343 2562 etc.

1353 2569 1415 2604 quia
1430 2568 1731 2605 quondamaliquidtale
1743 2577 1873 2601 nunquam

1091 2605 1224 2637 uiderant,
1238 2605 1306 2631 sicut
1321 2612 1390 2630 nunc
1403 2605 1508 2638 quando
1525 2604 1643 2630 videbant
1658 2612 1768 2631 carnem
1788 2612 1861 2631 ascen

1092 2641 1152 2667 dere
1173 2642 1200 2666 in
1222 2640 1348 2668 omium...
1366 2639 1431 2671 Qui:
1455 2643 1493 2664 est
1519 2639 1566 2665 istc
1579 2639 1624 2673 qui
1642 2639 1710 2665 venit
1726 2641 1759 2666 de
1773 2639 1873 2666 Edom.‘

1093 2674 1284 2702 Genebrardus
1299 2694 1307 2707 ,
1331 2675 1394 2709 quia
1416 2674 1486 2709 quod
1508 2681 1640 2708 nunquam
1665 2674 1787 2701 viderant
1807 2680 1870 2704 ante,

1092 2718 1160 2736 nunc
1180 2711 1285 2736 tandem
1299 2708 1417 2736 videbant
1432 2716 1538 2735 carnem
1551 2708 1701 2736 ascendisse
1712 2709 1869 2737 incutiunt...

1092 2745 1157 2778 Quis
1174 2750 1211 2771 est
1233 2746 1281 2771 iste
1301 2745 1346 2780 qui
1358 2744 1430 2780 reniti
1446 2743 1478 2770 de
1495 2743 1600 2780 Etlom?
1616 2743 1669 2771 Sed
1686 2751 1785 2772 omnes
1810 2752 1860 2771 mss

1093 2786 1122 2807 ut
1137 2780 1163 2807 in
1182 2786 1275 2811 tcxtu;
1295 2778 1347 2806 nisi
1360 2779 1432 2813 quod
1452 2786 1521 2806 unus
1537 2778 1646 2811 habeat,
1673 2787 1745 2807 nunc
1772 2780 1858 2809 videon

1092 2823 1141 2850 pro
1160 2823 1229 2842 nunc
1240 2815 1372 2850 videbant.

1127 2849 1183 2888 (5!!)
1202 2851 1240 2878 Ex
1256 2848 1402 2878 Comment.
1418 2848 1444 2877 in
1461 2848 1529 2884 paul.
1545 2856 1622 2885 xvttt,
1635 2848 1663 2877 6.
