1915 3079
91 127 141 155 601

678 129 851 158 APOLOGIA
870 128 939 157 PRO
959 127 1119 156 ORIGENE.

1670 129 1723 158 602

59 184 68 237 ί
94 188 202 222 audire,
219 193 247 217 et
267 194 372 237 secreta
390 190 468 218 nobis
488 190 618 225 spiritalis
641 191 827 225 intelligentia:
842 191 884 218 di-
898 193 922 222 Α
939 192 1098 218 memoriam
1116 190 1264 225 recipiens,
1287 196 1401 225 quorum
1418 189 1445 217 in
1462 197 1491 218 se
1506 190 1581 236 signa
1597 190 1720 225 quaedam

61 254 66 286 ς

61 235 67 271 ᾗ
97 239 195 269 gnetur
210 235 329 270 aperire.
346 235 423 269 Quod
443 243 508 271 ergo
523 244 538 264 a
559 237 638 264 nobis
658 238 774 265 sentitur
793 237 819 264 in
832 237 884 264 hoc

59 281 66 322 ς
97 281 168 315 loco,
193 281 246 309 hoc
269 287 322 315 est,
345 281 379 308 In
400 283 456 310 sole
476 283 562 317 posuit
578 283 775 310 tabernaculum
792 291 881 315 suum,

60 327 67 361 ξ
96 334 190 361 quaero
207 327 273 362 quid
296 328 331 355 sit
355 327 559 356 tabernaculum
582 328 696 362 Christi,
722 332 750 356 et
766 335 827 363 qua:
849 329 885 356 sit

60 387 64 391 -
99 373 233 401 habitatio
245 374 273 400 in
289 381 342 409 qna
370 375 574 402 tabernaculum
595 375 697 403 Christi
725 375 882 403 collocatur.

98 419 236 446 Ilabilatio
260 420 425 449 tabernaculi
449 419 552 448 Christi
568 420 609 448 sol
630 428 690 449 esse
706 421 813 449 dicitur.
833 421 884 448 Ta-

97 465 278 492 bernaculuut
299 473 363 493 vero
378 465 480 493 Christi
497 465 648 494 Ecclesiam
670 474 732 494 esse
752 466 883 502 intelligo.

98 509 191 538 Solem
209 516 298 538 autem
314 519 394 546 quem
409 511 491 539 alium
508 512 610 540 sentire
626 512 726 544 debeo,
746 512 798 539 nisi
820 512 883 540 illud

95 557 185 584 lumen
198 564 298 590 verum,
313 558 382 592 quod
405 557 538 584 illuminat
562 566 665 585 omnem
695 559 826 585 hominem
842 567 886 586 ve-

96 603 213 630 nientem
225 603 252 630 in
266 603 336 631 hunc
347 603 472 630 mundum
481 604 523 631 ⁵τῖ
543 603 630 639 Ipsum
644 605 721 632 video
746 605 841 638 solem,
852 605 885 634 de

96 656 153 684 quo
163 648 265 676 dictum
275 653 316 676 est
332 656 340 675 :
354 647 423 681 Quia
437 649 588 676 timentibus
602 650 659 684 (60)
675 658 768 676 nomen
778 650 884 677 Domini

95 695 200 721 orietur
211 693 259 722 Sol
269 694 396 729 justitiaz,
407 699 431 721 et
446 694 547 722 sanitas
562 695 591 722 in
605 695 656 722 olis
670 696 727 730 ejus
738 695 772 723 ⁸⁸.
786 695 814 723 In
828 695 885 723 sole

95 747 164 776 ergo
177 740 267 775 posuit
280 740 481 768 tabernaculum
512 749 601 773 suum,
617 742 644 769 id
664 746 706 769 est
721 742 748 770 in
763 741 826 769 Sole
838 741 884 775 ju-

96 786 182 813 stitiae
194 785 343 813 Ecclesium
356 793 434 813 suam
461 786 613 814 collocavit.
629 786 657 813 In
670 786 716 813 illo
729 787 801 814 enim
828 786 884 815 sole

94 831 220 860 Ecclesia
244 832 376 860 collocata
401 838 454 866 est,
485 833 531 868 qui
560 833 633 861 diem
652 838 784 861 aeternum
807 833 882 866 facit,

93 879 169 906 sicut
184 879 287 907 dictum
304 883 346 907 est
363 889 369 906 :
385 879 444 906 Erit
463 880 511 907 tibi
527 879 654 908 Dominus
672 880 719 908 lus:
734 886 843 915 (eterna,
859 885 882 908 et

93 925 168 952 Deus
183 925 269 959 gloria
288 929 334 951 tua
344 924 378 952 ”.
398 934 408 950 ι

134 970 300 998 Ρλκιιιιιιυε.
329 970 499 999 Erubescant
519 972 601 1002 etiam
623 972 660 1000 illi
675 972 721 1007 qui
736 977 764 1000 et
777 973 828 1001 hoc
850 972 885 1001 de

92 1025 156 1053 Ipso
172 1025 226 1045 non
242 1017 435 1044 dubitaverunt
453 1018 620 1045 concinnare
645 1019 801 1053 ﬁgmentum
816 1018 882 1055 (6t),

93 1071 152 1099 quo
165 1063 289 1091 dicerent
305 1062 371 1098 quia
387 1071 486 1098 corpus
501 1064 543 1091 vel
557 1071 665 1092 carnem
680 1065 781 1092 Christi
799 1072 885 1100 usque

93 1110 132 1136 ad
155 1108 241 1136 solem
271 1108 338 1136 dicit
358 1113 492 1142 erectam,
518 1114 546 1137 et
569 1110 605 1137 ibi
630 1117 691 1138 esse
715 1110 882 1138 derelictam.

93 1153 154 1182 Hoc
168 1155 241 1182 enim
258 1154 303 1182 ille
328 1155 363 1182 ab
388 1154 449 1183 aliis
468 1155 584 1190 dictum,
599 1163 654 1183 non
683 1161 759 1184 recte
781 1157 884 1184 dictum

92 1209 157 1230 esse
177 1201 311 1230 eonfutat.
329 1201 383 1230 Sed
397 1203 576 1230 ostenderunt
600 1211 630 1231 se
655 1211 688 1231 ne
704 1204 761 1231 haec
775 1204 883 1239 quidem

94 1249 249 1285 intelligere
265 1249 388 1284 potuisse
415 1250 613 1278 obtrectatores
636 1250 694 1284 ejus
708 1258 768 1285 qua;
782 1250 826 1278 ille
850 1251 884 1279 ab

92 1297 159 1325 aliis
176 1305 229 1325 non
239 1301 313 1324 recte
327 1298 400 1325 dicta
412 1298 547 1332 coarguit,
565 1302 592 1325 et
606 1306 666 1332 quae
680 1303 742 1325 sunt
757 1304 816 1332 qua:
827 1298 884 1332 ipsa

92 1345 254 1372 coutirmat.
262 1344 329 1371 Tum
339 1343 438 1371 deinde
453 1344 536 1371 etiam
548 1344 588 1371 illi
601 1344 793 1379 impudentiam
808 1352 883 1372 suam

91 1390 253 1423 retundant,
269 1390 420 1425 quidicuot
431 1398 493 1417 eum
508 1397 607 1425 corpus
621 1390 730 1425 quidem
740 1398 884 1426 resurgere

92 1437 234 1467 confiteri,
247 1444 357 1464 carnem
371 1444 438 1464 vero
452 1444 565 1472 negare.
592 1436 722 1464 Desinant
740 1437 884 1472 aliquando

72 1493 74 1495 ι
92 1489 108 1508 a
129 1481 295 1515 maledictis,
316 1483 441 1510 videntes
462 1490 525 1510 eum
538 1490 648 1510 carnem
667 1482 744 1510 Verbi
759 1483 805 1511 Dei
821 1492 882 1511 eum

92 1528 156 1563 ipso
171 1527 262 1556 Verbo
276 1529 332 1557 Deo
347 1529 374 1556 in
393 1529 474 1562 cmlo,
489 1536 542 1564 quo
558 1528 674 1556 Verbum
692 1530 826 1563 ascendit,
837 1530 882 1557 im-

970 1533 1133 1560 PAII‘IIILUS.
1161 1530 1217 1567 (64)
1247 1530 1312 1558 Item
1329 1533 1392 1565 post
1418 1536 1504 1564 pauca
1519 1528 1622 1556 addidit
1642 1528 1724 1555 etiam

60 2758 85 2795 si

89 1580 164 1608 pone
168 1580 207 1601 re.

130 1618 181 1645 His
191 1619 335 1656 conjungit
352 1621 386 1648 de
401 1621 541 1656 suppliciis
556 1625 739 1655 peccatorum,
755 1628 816 1657 quae
835 1629 884 1648 nos

89 1672 204 1699 quoque
231 1671 434 1700 consequenter
449 1667 484 1694 ad
498 1674 529 1694 en
540 1674 601 1702 qua:
618 1675 699 1701 supra
723 1668 795 1694 dicta
809 1672 882 1701 sunt,

89 1709 297 1746 wujungimus,
315 1712 443 1746 quoniam
455 1712 484 1740 in
494 1712 588 1741 ordine
599 1713 818 1740 eriminatiouum
831 1713 884 1740 iste

91 1755 186 1784 fuerat
204 1757 271 1785 ordo
289 1757 420 1792 digestus.

387 1802 505 1832 CAPUT
520 1803 584 1832 VIII.

131 1856 238 1878 Διτιιιλ
254 1857 398 1879 RESPONSIO
416 1859 451 1878 AD
470 1859 604 1879 SEPTIMA!
624 1859 846 1880 CRIIINA'I‘IONEI.

328 1897 364 1924 De
380 1897 462 1931 poenis
475 1903 654 1932 peccatorum.

252 1941 303 1979 (Ex
314 1942 383 1970 libro
400 1943 521 1970 secundo
532 1943 602 1977 Περὶ
615 1943 737 1979 ἀρχῶν.)

129 1989 278 2018 οιιαειιεε.
296 1988 352 2025 (62)
370 1998 380 2014 σ
397 1988 453 2023 Ego
475 1989 595 2016 arbitror
609 1991 681 2024 quod
696 1990 766 2018 sicut
780 1990 806 2018 in
823 1997 885 2019 cor-

93 2043 163 2071 pore
189 2043 259 2064 esca:
287 2034 465 2068 abundantia,
493 2038 521 2062 et
544 2035 671 2069 qualitas,
699 2040 727 2064 et
746 2036 885 2071 quantitas

93 2083 150 2110 cibi
170 2081 320 2114 contraria,
347 2081 438 2109 febres
470 2085 591 2117 genuerat,
614 2085 641 2109 et
663 2081 753 2110 febres
781 2082 883 2111 diversi

93 2128 139 2156 vel
170 2127 255 2161 modi,
282 2127 324 2155 vel
347 2127 487 2162 temporis,
515 2128 662 2155 secundum
688 2136 747 2156 eam
778 2136 886 2157 mensu-

93 2182 156 2203 ram
184 2181 237 2210 qua
264 2174 441 2208 intemperies
469 2173 582 2202 collecta
605 2175 747 2201 materiam
764 2176 885 2211 suggerit

936 245 968 264 ac
983 237 1094 271 fortnas,
1109 244 1170 264 cum
1179 241 1314 272 peccaret,
1323 241 1506 271 expresserat,
1515 230 1721 272 et'singulorum

936 289 1073 318 gestorum
1089 289 1200 310 suorum
1210 289 1270 316 qua:
1278 281 1321 309 vel
1332 282 1404 309 ftede
1415 282 1457 309 vel
1469 283 1581 316 turpiter
1590 287 1722 317 gesserat,

936 329 979 355 vel
995 329 1076 355 etiam
1102 328 1184 362 itupie
1203 328 1390 360 commiserat.
1419 327 1559 355 historiam
1575 329 1721 362 quamdam

937 374 1070 402 scelerum
1086 382 1196 402 suorum
1222 379 1285 401 ante
1304 375 1398 402 oculos
1419 381 1482 401 suos
1498 373 1602 401 videbit
1616 375 1721 408 exposi-

938 424 1003 447 tam.
1013 419 1090 446 'I‘unc
1100 423 1128 446 et
1145 419 1201 454 ipsa
1213 419 1391 449 conscientia,
1405 418 1521 454 propriis
1536 418 1655 446 stimulis
1666 419 1723 454 agi-

937 469 1010 493 tatur
1023 470 1103 500 atque
1115 465 1315 501 compungitur,
1326 470 1352 492 et
1367 465 1424 492 suis
1438 464 1495 498 ipsa
1509 463 1625 491 eﬂicitur
1641 472 1724 492 accu-

937 514 1033 546 satrix,
1047 518 1075 541 et
1091 513 1177 540 testis.
1195 512 1271 546 Quod
1285 512 1322 540 ita
1336 512 1455 540 sensisse
1468 512 1550 540 etiam
1568 513 1720 547 apostolum

939 560 1050 588 Paulum
1066 565 1141 595 puto,
1155 567 1216 587 cum
1236 560 1301 587 dicit
1317 567 1324 587 :
1343 558 1420 586 Inter
1440 567 1468 586 se
1490 559 1599 585 invicem
1621 559 1723 594 cogita-

940 607 1058 633 tionibus
1075 605 1272 636 accusantibus,
1291 610 1336 632 aut
1361 605 1442 632 etiam
1463 605 1673 639 defendentibus,
1695 605 1723 632 in

937 653 989 684 die,
1004 660 1062 678 cum
1073 651 1206 686 judicabit
1219 651 1288 678 Deus
1300 650 1404 678 occulta
1416 650 1561 682 hominum,
1581 649 1723 677 secundum

937 696 1110 732 Eonngelium
1124 705 1219 728 meum,
1238 705 1283 729 per
1290 696 1382 723 Jesum
1393 695 1567 723 Christum“.
1583 704 1592 720 ι

971 743 1134 770 Purutws.
1152 743 1205 770 Sed
1216 747 1243 770 et
1258 743 1285 769 in
1303 742 1479 777 sequentibus
1493 749 1601 769 rursnm
1616 741 1650 769 de
1660 748 1723 777 pec-

935 793 1059 816 catorum
1078 788 1166 823 pinnis
1183 788 1234 814 hoc
1246 788 1326 815 modo
1338 788 1433 815 scribit
1450 797 1456 815 :
1547 785 1550 788 ⁴

973 833 1118 861 ΟκιςιιΝΕε.
1143 843 1152 858 ι
1174 827 1256 860 Multa
1271 838 1336 860 sunt
1366 838 1457 860 autem
1485 841 1546 868 qua:
1561 841 1610 861 nos
1628 833 1722 865 latent,

937 887 997 915 quae
1011 880 1049 907 illi
1063 880 1112 908 soli
1126 880 1232 915 cognita
1241 884 1304 907 sunt
1318 880 1364 914 qui
1378 883 1420 907 est
1436 880 1557 907 medicus
1572 880 1723 907 animarum

935 931 1100 954 nostrarum.
1120 926 1149 953 Si
1167 926 1239 953 enim
1257 925 1290 952 ad
1306 925 1430 960 corporis
1452 926 1598 952 sanitatem
1615 932 1664 960 pro
1681 925 1725 953 his

935 976 1009 1003 vitiis
1021 983 1081 1011 quae
1094 983 1142 1010 per
1157 982 1247 1003 escam
1271 980 1420 1010 potumque
1435 974 1605 1007 collegimus,
1626 981 1721 1003 neces-

936 1021 1036 1048 sariam
1054 1020 1185 1048 habemus
1214 1020 1351 1048 interdum
1372 1020 1531 1047 austerioris
1558 1027 1589 1047 ac
1616 1021 1723 1048 morda-

935 1068 1016 1095 cioris
1045 1067 1236 1094 medicamenti
1253 1074 1346 1094 curam
1360 1074 1368 1093 :
1384 1074 1578 1100 nonnunquam
1603 1073 1680 1099 vero,
1700 1070 1723 1094 sl

935 1115 961 1142 id
979 1114 1037 1142 vitii
1055 1114 1174 1148 qualitas
1200 1113 1404 1148 depoposcerit,
1425 1113 1514 1148 rigore
1538 1112 1605 1139 ferri
1629 1118 1657 1140 et
1681 1120 1724 1140 se-

934 1161 1032 1188 elionis
1044 1161 1191 1196 asperitate
1205 1160 1356 1195 indigemus
1371 1167 1378 1187 :
1396 1160 1467 1194 quod
1479 1161 1500 1186 si
1517 1164 1543 1186 et
1559 1159 1616 1186 haec
1630 1167 1724 1194 super-

934 1215 1043 1242 gressus
1058 1207 1138 1234 fuerit
1152 1206 1238 1233 morbi
1259 1206 1364 1238 modus,
1377 1206 1410 1232 ad
1423 1205 1546 1232 ultinuun
1563 1210 1722 1240 conceptum

934 1253 1028 1280 vitium
1058 1253 1128 1288 ignis
1157 1252 1271 1280 exurit:
1290 1255 1392 1286 quanto
1408 1251 1494 1286 magis
1520 1250 1722 1285 intelligendum

935 1305 985 1331 est,
1004 1299 1138 1327 medicum
1148 1303 1269 1326 nostrum
1285 1297 1369 1325 Deum
1384 1299 1518 1324 volentem
1536 1297 1642 1324 diluere
1657 1297 1723 1324 vitia

935 1347 1084 1373 animarum
1102 1351 1258 1373 nostrarum
1285 1344 1354 1380 (63),
1373 1351 1432 1379 qum
1452 1351 1484 1371 ex
1500 1348 1671 1378 peccatorum
1697 1348 1724 1371 et

935 1393 1067 1419 scelerum
1093 1391 1251 1418 diversitate
1279 1390 1465 1425 collegerant,
1501 1390 1538 1416 uti
1570 1389 1724 1423 huiusmodi

934 1437 1085 1473 poenalibus
1100 1437 1185 1470 curis,
1206 1437 1316 1472 insuper
1338 1436 1419 1464 etiam
1442 1436 1510 1470 ignis
1542 1435 1643 1462 inferre
1661 1443 1725 1471 sup-

935 1485 1042 1521 plicium
1057 1484 1098 1511 his
1114 1484 1159 1519 qui
1175 1484 1318 1510 sanitatem
1335 1482 1434 1510 animae
1448 1481 1644 1516 perdiderunt?
1660 1491 1669 1507 ι

937 1579 994 1606 haec
1010 1587 1017 1605 :

972 1622 1116 1651 Omcsuzs.
1131 1632 1140 1648 ι
1155 1621 1287 1655 Quoniam
1305 1627 1394 1648 autem
1424 1619 1627 1656 pernecessaria
1643 1626 1725 1654 paena

936 1675 977 1701 est
992 1677 1023 1696 ea
1035 1677 1095 1704 qua:
1108 1675 1155 1703 per
1167 1669 1257 1702 ignem
1270 1667 1367 1695 referri
1378 1668 1487 1698 dicitur.
1511 1666 1594 1693 Isaias
1610 1666 1724 1697 docens.

937 1717 970 1743 de
983 1715 1065 1743 Israel
1078 1715 1186 1750 quidem
1209 1714 1248 1741 sic
1264 1714 1347 1741 dicit:
1367 1713 1460 1741 Abluet
1481 1713 1609 1739 Dominus
1634 1712 1725 1738 sordes

936 1761 1052 1795 filiorum
1066 1768 1097 1787 at:
1108 1759 1226 1795 filiarum
1239 1759 1315 1790 Sion,
1336 1765 1360 1786 et
1374 1759 1528 1794 sanguinem
1544 1757 1697 1791 expurgabit
1711 1765 1724 1784 ε

936 1807 1022 1834 medio
1036 1807 1150 1840 ipsorum
1162 1805 1394 1840 spiritujudiciiet
1417 1805 1515 1836 spiritu
1530 1802 1678 1830 adustionis
1690 1802 1723 1829 ει.

937 1852 974 1880 De
987 1852 1121 1880 Chaldteis
1133 1855 1222 1879 autem
1241 1852 1283 1878 sic
1295 1851 1360 1878 dicit
1374 1859 1381 1878 :
1395 1850 1482 1878 Habes
1499 1850 1624 1877 carbones
1645 1849 1723 1883 ignis,

936 1899 1037 1927 sedebit
1047 1906 1174 1934 cuperent
1189 1898 1235 1924 :Iti
1246 1902 1321 1929 erunt
1335 1897 1382 1923 tibi
1396 1897 1530 1932 adjutorio
1538 1895 1570 1922 θ’.
1580 1895 1610 1921 Et
1623 1894 1648 1921 in
1664 1893 1725 1922 aliis

937 1946 1002 1974 dicit
1017 1954 1023 1973 :
1038 1944 1216 1979 Sunctiﬁcabit
1229 1952 1272 1970 eos
1284 1943 1413 1970 Dominus
1429 1943 1455 1969 in
1466 1943 1526 1977 igne
1537 1941 1638 1968 ardenti
1647 1940 1679 1967 ⁸³.
1694 1939 1725 1967 Et

938 1993 964 2020 in
982 1991 1112 2019 Malachia
1135 1991 1266 2026 propheta
1284 1990 1350 2017 dicit
1365 1998 1371 2016 :
1388 1988 1489 2017 Sedens
1506 1987 1634 2014 Dominus
1661 1993 1725 2012 con—

937 2039 1012 2074 ﬂabit
1041 2038 1110 2065 sicut
1135 2045 1230 2064 aurum
1253 2042 1277 2064 et
1305 2039 1442 2071 argentum
1468 2035 1593 2068 populant
1629 2039 1723 2064 suum,

938 2085 1062 2120 con/(abit
1081 2089 1105 2111 et
1125 2083 1319 2118 purgabiteos,
1345 2087 1368 2109 et
1390 2081 1480 2116 [undet
1503 2084 1629 2114 purgatos
1654 2078 1726 2113 ﬁlios

937 2131 953 2158 Ι
959 2132 1010 2158 uda
1021 2130 1054 2158 αθ.
1076 2139 1085 2157 ι

973 2177 1137 2205 Pauruttus.
1162 2176 1225 2204 Haec
1249 2174 1356 2210 quidem
1380 2181 1414 2201 ex
1435 2173 1512 2200 libris
1526 2172 1594 2206 Περὶ
1613 2170 1724 2206 ἀρχῶν.

93 2228 129 2249 ac
139 2220 262 2248 fomitem
277 2220 392 2248 febrium
410 2229 417 2247 :
438 2228 499 2255 qua:
523 2220 645 2248 materiae
658 2221 775 2256 qualitas
794 2230 828 2249 ex
845 2222 886 2250 di-
901 2220 924 2248 D
939 2225 1149 2252 Innumerabilia
1165 2231 1229 2252 vero
1245 2223 1366 2258 dispersa
1391 2225 1456 2249 sunt
1470 2228 1518 2255 per
1531 2227 1627 2247 omnes
1643 2219 1726 2246 libros

94 2274 180 2295 versa
196 2267 356 2301 intemperie
370 2271 547 2302 congregata,
575 2274 657 2294 causa
676 2267 717 2294 vel
734 2268 886 2296 acerbioris

95 2313 198 2344 tnorbi,
213 2312 255 2340 vel
284 2312 440 2347 prolixioris
459 2312 567 2340 exsistit
593 2320 601 2339 :
631 2312 668 2339 ita
691 2312 794 2346 anima,
824 2320 885 2340 cum

95 2359 302 2387 multitudinem
317 2359 450 2386 malorum
467 2365 580 2393 operum
601 2361 628 2385 et
643 2358 840 2386 abundantiam
859 2359 886 2386 in

93 2404 343 2441 secnngregaverit
366 2410 551 2441 peccatorum.
578 2405 748 2440 Competenti
766 2410 887 2441 tempore

93 2452 187 2480 omnis
203 2452 247 2480 illa
261 2452 393 2480 tnalorum
407 2451 583 2488 congregatio
597 2451 750 2479 concitatur
765 2452 798 2479 ad
821 2459 886 2486 sup-

95 2498 220 2533 plicium,
238 2502 319 2533 atque
340 2497 525 2525 inﬂammatur
546 2499 579 2525 ad
603 2503 716 2533 pinnas:
730 2505 791 2525 cum
808 2505 886 2526 mens

95 2545 155 2579 ipsa
173 2543 216 2571 vel
232 2544 398 2572 conscientia
417 2552 464 2577 per
477 2543 598 2571 divinam
611 2543 739 2570 virtutem
754 2543 884 2571 omniain

130 2592 155 2608 ⁸⁷
167 2591 246 2620 Joan.
266 2600 287 2624 ι.
305 2592 331 2620 9.
369 2592 393 2608 ⁸⁸
408 2592 522 2620 Malach.
537 2599 573 2623 tv,
590 2591 619 2621 2.
663 2591 686 2608 ⁸⁵
703 2590 754 2619 Isa.
772 2599 818 2626 ιιι,
835 2593 878 2622 I9.

96 2628 119 2644 ⁸³
133 2627 186 2655 Isa.
204 2635 231 2660 κ,
247 2628 293 2657 I7.
328 2627 351 2644 “
368 2627 481 2655 Malach.
501 2635 541 2659 III,
556 2627 582 2654 3.

131 2675 191 2712 (60)
212 2675 252 2712 Ita
272 2683 368 2712 omnes
386 2684 454 2712 mss.
465 2675 539 2712 Editi
556 2681 646 2712 vero,
663 2683 758 2712 nomen
772 2684 857 2703 meum
873 2685 883 2709 ;

96 2716 124 2739 et
138 2710 224 2742 infra.
241 2711 273 2738 In
283 2711 329 2738 illo
339 2712 408 2739 enim
422 2711 484 2739 Sole
493 2711 607 2745 justitiw
621 2710 753 2743 Ecclesia,
767 2717 820 2738 etc.

133 2747 192 2782 (61)
210 2746 296 2779 Edili,
310 2748 378 2781 quod
391 2747 488 2782 dixerit
503 2753 597 2778 corpus
605 2745 647 2782 uel
665 2753 770 2782 carnem
788 2746 886 2774 Christi

97 2779 187 2816 usque
196 2782 234 2818 ad
240 2779 321 2809 saleni
332 2787 434 2809 uectum
450 2781 497 2818 [aI.
514 2779 632 2816 vectari],
642 2785 693 2808 etc.
711 2779 811 2811 Omnes
823 2789 886 2811 vero

98 2826 165 2846 mss.
183 2821 213 2844 ut
229 2817 362 2845 innostro
378 2817 464 2845 textu.

145 2852 191 2890 €52)
202 2852 249 2890 _Ex
262 2852 312 2880 lib.
327 2860 344 2880 Il
363 2852 400 2880 De
415 2852 540 2888 princip.,
551 2860 612 2890 cap.
624 2852 667 2887 10,
684 2853 795 2882 ιιιιω.4.

146 2887 191 2924 65)
202 2887 275 2923 Lege
287 2892 374 2916 caute.

939 2270 998 2304 ejus
1013 2269 1172 2297 assertionis
1195 2269 1274 2302 hujus
1298 2266 1464 2297 testimonia,
1487 2273 1546 2300 qua:
1564 2272 1612 2291 uos
1636 2263 1727 2290 studio

939 2317 1079 2345 brevitatis
1093 2315 1256 2348 omittimus,
1270 2316 1516 2342 commemorantes
1525 2311 1557 2338 de
1570 2312 1612 2338 his
1627 2309 1727 2337 solum-

940 2363 1030 2396 modo,
1047 2369 1108 2397 quae
1132 2361 1160 2389 in
1175 2366 1252 2389 sexto
1265 2360 1369 2397 psalmo
1389 2359 1422 2387 de
1439 2358 1491 2386 hoc
1505 2358 1563 2393 ipso
1583 2363 1727 2392 poenarum

940 2416 1039 2445 genere
1049 2407 1208 2444 disputavit.
1582 2430 1588 2437 .

974 2455 1120 2483 Omcsues.
1135 2453 1180 2490 (65
1212 2461 1222 2479 ί
1240 2451 1370 2479 Possibile
1384 2455 1427 2479 est
1448 2449 1622 2478 considerare
1634 2456 1668 2476 ex
1683 2447 1726 2475 his

943 2501 1060 2528 maxime
1073 2498 1214 2527 doloribus
1228 2505 1298 2533 quos
1315 2497 1341 2524 in
1359 2497 1410 2524 hoc
1427 2502 1542 2529 corpore
1560 2493 1639 2528 positi
1665 2500 1727 2520 sett-

942 2547 1034 2578 timus,
1050 2545 1095 2579 qui
1122 2543 1248 2579 quamvis
1273 2542 1360 2577 magni
1378 2541 1444 2573 sint,
1461 2540 1551 2567 brevis
1575 2544 1649 2566 certe
1664 2542 1725 2565 sunt

916 2595 938 2612 °°
954 2594 1033 2623 Rom.
1050 2602 1081 2626 u,
1095 2592 1139 2625 15,
1156 2592 1201 2620 16.
1240 2591 1262 2607 ⁶¹
1278 2590 1329 2619 Isa.
1345 2597 1382 2623 IV,
1400 2589 1427 2617 4.
1467 2588 1490 2604 ⁸⁸
1510 2588 1561 2615 lsa.
1580 2593 1664 2619 xuvn,
1682 2585 1724 2612 ιι.

975 2676 1030 2711 (64)
1047 2675 1092 2702 Sic
1105 2681 1198 2711 omnes
1213 2679 1278 2711 mss.
1295 2670 1393 2711 nostri.
1409 2669 1506 2711 verum
1523 2667 1588 2711 editi
1601 2688 1608 2698 .
1622 2666 1726 2711 Et'rpagt

937 2700 1147 2747 pauc-al
1160 2700 1238 2747 etiam
1259 2708 1307 2735 hoc
1321 2706 1368 2743 [aL
1394 2705 1528 2744 omittitur
1553 2704 1632 2747 etiam
1647 2700 1725 2747 Abeo],

939 2742 1085 2776 Duremus.
1102 2744 1238 2778 Quomodo
1249 2742 1336 2778 autem
1347 2742 1542 2778 pernecessaria
1553 2746 1628 2778 paena
1641 2742 1678 2778 est
1693 2745 1726 2778 ea.

938 2771 1174 2843 ξιῖῖιιῇἷρῗῑᾷηεω
1188 2779 1267 2814 infert
1293 2771 1372 2810 Deus,
1382 2776 1469 2804 Isaias
1489 2771 1585 2803 docens
1595 2773 1627 2802 de
1639 2771 1726 2800 Israel

939 2819 984 2843 aui
1005 2826 1044 2843 ent
1072 2817 1126 2843 ictt.

939 2818 1044 2854 quidem
1052 2818 1126 2843 dicit.

979 2850 1031 2888 (65)
1046 2851 1085 2881 Ex
1097 2851 1242 2880 Comment.
1259 2849 1287 2878 in
1299 2847 1367 2884 psal.
1384 2855 1421 2876 vr.
