1915 3079
185 97 238 126 605

784 94 811 122 S.
830 91 993 121 PAMPHIL!
1012 91 1188 119 MARTYRIS

1769 85 1826 116 60L

188 155 330 191 temporis.
347 162 396 190 pro
413 160 446 181 eo
463 154 534 188 quod
554 152 576 179 si
591 152 672 187 paulo
691 153 910 180 vehementiores
933 160 982 180 ex-
995 154 1017 181 A
1033 152 1142 178 maximi
1166 150 1234 185 signi
1262 149 1423 177 reverentia:
1445 148 1504 185 ejus
1521 156 1553 176 ac
1569 147 1676 176 timoris
1695 148 1722 174 in
1750 144 1827 176 divi'

190 203 323 230 stilerint.
352 200 480 228 continuo
506 199 589 226 etiam
617 199 681 225 vita:
711 199 825 226 celerem
854 198 975 225 inferunt

192 249 284 275 finem.
300 247 420 280 Denique
445 245 535 277 multi,
554 245 575 272 si
590 252 634 271 res
650 245 815 278 poposcerit,
831 252 880 278 pro
895 244 978 278 pieta-

190 295 226 320 tis
240 293 408 320 confessione
426 292 450 317 in
468 291 533 325 ipsis
551 291 692 317 tormentis
706 290 820 316 animam
838 290 895 324 (66)
915 289 977 316 red-

192 339 258 366 dunt
274 347 281 365 :
297 337 340 363 alii
366 344 432 363 vero
448 337 473 363 in
502 337 562 369 ipso
585 336 641 369 jam
667 342 775 362 corona:
800 335 873 361 aditu
898 334 977 367 positi

192 385 323 419 deneganl
335 383 427 414 fidem,
444 390 524 416 quam
542 389 628 416 usque
643 381 677 408 ad
693 387 806 408 mortem
829 388 977 415 proposue-

191 435 251 459 rant
266 431 401 458 confiteri.
420 430 454 457 Et
468 430 518 456 hoc
536 437 587 456 non
606 429 700 462 utique
725 428 904 455 diminutione
919 435 980 461 pro-

191 477 269 512 positi
283 477 434 511 patiuntur.
449 476 495 503 sed
509 476 532 502 vi
554 475 655 502 doloris
673 474 757 501 nimia
782 480 809 500 et
828 473 884 509 (67)
906 474 977 500 into-

191 522 299 549 lerabili
316 522 448 555 superati.
463 521 492 548 Si
506 529 570 555 ergo
585 521 610 547 in
631 520 682 547 hac
704 520 829 554 praesenti
844 519 897 545 vita
923 524 976 546 tam

193 567 378 594 intolerabiles
389 572 451 594 sunt
460 574 602 602 poenarum
615 566 734 597 dolores,
752 565 816 599 quid
827 564 976 600 putandum

193 619 235 642 est
253 619 316 642 tunc
331 621 390 640 cum
408 621 461 640 non
486 613 543 647 jam
564 612 701 640 crassiore
723 611 812 638 anima
834 615 924 637 utetur
941 611 979 637 in-

194 662 324 689 dumento
338 670 345 694 ;
365 661 413 688 sed
426 668 487 688 cum
506 661 530 687 id
556 659 679 694 spiritale
695 658 819 685 allectum
833 665 866 685 ex
888 665 978 684 resur-

195 707 318 735 rectione
343 707 463 740 recipiet,
493 711 520 733 et
543 713 575 733 eo
601 705 788 732 vehementius
802 703 905 737 utique,
924 710 978 738 quo

196 752 322 779 subtilius
336 755 386 782 est,
401 752 499 778 sentiet
518 751 571 777 vim
587 749 708 777 doloris?
723 749 790 776 Puto
817 749 889 776 enim
906 748 977 782 quod

195 802 295 831 quanta
308 797 458 824 differentia
473 802 515 823 est
524 796 549 823 in
565 795 690 830 prteseuti
701 795 798 821 sreculo
808 794 905 821 nudum
918 801 978 820 ver-

195 843 287 870 berari
300 850 380 877 quam
398 842 543 874 vestitum,
569 841 603 868 ad
624 840 844 876 persentiendum
871 839 977 867 scilicet

194 890 361 922 cruciatum,
388 897 420 916 eo
446 889 517 923 quod
542 887 729 915 vehementius
759 887 858 914 nudum
879 894 977 921 corpus

195 935 319 962 crucicnt
339 935 453 961 verbera
473 941 553 967 quam
573 932 701 959 vestitum
721 941 728 958 :
745 936 845 958 tantam
859 937 923 965 puto
938 931 979 957 fu-

195 984 283 1007 turam
297 978 475 1006 diﬂerentiam
490 979 602 1010 doloris,
628 986 690 1006 cum
703 985 802 1011 corpus
818 978 977 1010 humanum,

196 1024 385 1051 crassitudinis
404 1024 482 1057 hujus
504 1023 662 1049 indumento
692 1023 824 1057 deposito,
842 1022 915 1049 velut
928 1030 978 1048 nu-

198 1070 260 1097 dum
278 1069 391 1102 cceperit
406 1069 541 1096 sustinere
558 1071 703 1094 tormenta.
721 1076 730 1092 ι

232 1115 399 1142 PAMPHILUS.
416 1113 545 1140 Suflicere
558 1113 675 1140 arbitror
685 1113 766 1139 etiam
782 1113 814 1139 ad
829 1112 909 1145 hujus
924 1112 979 1139 cri-

198 1162 355 1188 minationis
376 1159 538 1187 calumniam
561 1158 785 1193 propulsandam,
815 1166 898 1192 pauca
924 1158 980 1185 haec

199 1207 232 1233 de
245 1205 303 1240 ejus
321 1204 397 1231 libris
414 1203 566 1230 testimonia
584 1203 737 1238 protulisse,
761 1211 820 1237 qua:
840 1203 979 1230 innumera

197 1250 311 1284 sparsim
328 1255 377 1283 per
402 1248 485 1275 libros
500 1247 558 1280 ejus
575 1247 747 1274 manifestum
770 1252 812 1273 est
834 1246 979 1274 contineri.

235 1295 310 1322 Nunc
324 1295 356 1321 ad
373 1301 404 1321 ea
421 1294 501 1320 etiam
525 1301 572 1327 per
587 1301 635 1320 nos
653 1294 724 1327 ipsos
748 1293 979 1328 respondebimus,

200 1347 260 1375 qua:
274 1340 299 1366 ei
315 1339 349 1366 de
369 1340 459 1366 anima
480 1339 623 1374 objiciunt,
643 1339 668 1366 id
689 1340 815 1372 estquod
831 1344 893 1366 ante
923 1347 982 1366 cor-

199 1393 251 1420 pus
268 1393 327 1412 eam
351 1384 449 1411 lactant
469 1385 543 1412 dicat
566 1385 710 1412 exsistere.
739 1385 833 1412 Sciens
868 1393 983 1419 namque

199 1432 280 1458 etiam
296 1431 365 1457 istud
377 1431 472 1465 dogma
490 1430 523 1457 de
541 1431 630 1456 anima
647 1438 698 1456 non
717 1435 809 1465 aperte
828 1438 913 1465 neque
924 1438 982 1457 ma-

199 1477 300 1503 nifeste
321 1477 415 1503 haberi
441 1476 467 1502 in
483 1475 658 1503 ecclesiastica
679 1476 874 1510 praedicatione,
896 1476 982 1504 sicubi

201 1523 371 1549 occasionem
386 1522 504 1555 aliquant
520 1521 561 1548 vel
577 1521 762 1556 suspicionem
780 1523 869 1556 potius
888 1516 980 1557 dispu-

203 1568 277 1594 tandi
296 1567 319 1594 ei
347 1567 495 1601 Scripturae
510 1574 601 1594 sermo
619 1567 765 1602 suggessit,
786 1567 932 1594 discutiens
955 1573 983 1595 et

202 1618 372 1648 pertractans
392 1620 423 1639 ea
439 1620 499 1646 quae
525 1613 616 1640 sensui
639 1613 697 1648 ejus
723 1603 911 1647 occurrerant,
926 1613 981 1641 dis-

202 1659 338 1686 cernenda
368 1659 426 1685 hate
454 1658 607 1692 legentibus
629 1660 753 1693 exposuit
776 1664 803 1686 et
825 1659 981 1693 probanda,

202 1713 256 1732 non
273 1704 417 1731 manifesto
429 1704 564 1739 dogmate,
581 1704 636 1739 (68)
649 1705 690 1732 vel
706 1704 906 1738 Scripturarum
921 1713 983 1733 sen-

202 1751 314 1777 tentiam
330 1758 408 1777 suam
427 1750 590 1777 auctoritate
612 1750 754 1782 definiens,
781 1750 940 1785 frequenter
956 1757 983 1779 et

203 1797 266 1823 illud
281 1796 383 1823 addens
399 1806 405 1823 :
434 1805 444 1822 ι
467 1796 495 1823 Si
514 1801 602 1823 tamen
616 1795 716 1823 habere
732 1796 838 1824 videtur
854 1802 901 1824 aut
919 1805 982 1831 pro-

202 1843 280 1869 batur
293 1842 394 1876 aliquid
406 1841 607 1875 consequentia?
620 1849 708 1868 sermo
723 1842 745 1868 is
756 1849 836 1876 quem
848 1843 880 1875 de
893 1844 982 1871 anima

201 1888 390 1915 tractavimus.
410 1897 418 1912 ι
445 1887 563 1921 Denique
589 1887 614 1913 in
635 1892 689 1913 tam
716 1887 808 1914 multis
822 1892 847 1914 et
862 1893 915 1915 tam
940 1889 982 1916 di-

200 1933 288 1960 versis
310 1934 369 1968 ejus
391 1933 469 1959 libris
493 1940 626 1966 nusquam
653 1933 763 1959 omnino
787 1933 924 1960 iuvenilur
949 1934 983 1962 ab

201 1985 236 2005 eo
253 1978 321 2005 liber
343 1978 453 2012 proprie
482 1977 517 2004 De
534 1977 623 2003 anima
640 1977 823 2012 conscriptus,
846 1978 915 2006 sicut
934 1980 982 2006 ha-

200 2022 247 2050 bet
262 2023 301 2049 vel
316 2022 353 2049 Dc
369 2023 506 2057 martyrio,
525 2022 569 2048 vel
589 2022 627 2048 De
639 2022 765 2055 oratione,
782 2023 825 2050 vel
847 2023 885 2050 De
897 2032 983 2050 resur-

202 2069 327 2097 rectione.
342 2068 478 2102 Nusquam
492 2075 602 2102 prorsus
617 2067 714 2094 librum
727 2070 835 2103 proprie
850 2070 883 2097 de
891 2070 980 2097 anima

201 2115 330 2150 scriptum
352 2113 458 2148 edidit;
484 2115 574 2141 sedain
603 2114 717 2141 diversis
743 2115 820 2148 locis,
847 2116 918 2143 sicut
935 2124 982 2143 su-

202 2160 295 2194 perius
310 2160 436 2191 diximus,
455 2160 624 2186 incurrentes
638 2160 688 2187 sibi
707 2160 848 2194 opiniones
864 2168 896 2188 ex
914 2161 983 2189 Scri-

202 2211 288 2241 pturm
313 2205 370 2240 (69)
389 2206 578 2233 occasionibus
601 2204 772 2233 disserebat:
798 2207 869 2240 quod
892 2208 981 2242 potius

238 2254 260 2270 "
281 2253 334 2280 Tit.
355 2260 400 2284 ιιι,
419 2252 462 2279 ll.
714 2255 717 2259 ’

240 2301 295 2336 (66)
312 2301 381 2327 Editi
392 2320 399 2332 ,
418 2301 648 2336 reddunt;ornnes
664 2308 728 2328 mss.
744 2302 847 2334 nostri,
863 2303 983 2330 reddide-

203 2341 275 2363 runt.
292 2335 352 2362 Mox
366 2343 428 2362 mss.
441 2335 528 2369 plures
538 2343 676 2370 perperam
685 2355 692 2368 ,
705 2337 733 2363 in
748 2337 803 2370 ipso
815 2338 868 2367 iam
880 2346 984 2366 corona:

204 2373 279 2398 aditu
290 2370 416 2404 propositi
431 2371 558 2404 denegant
573 2371 650 2403 ﬁdem
664 2380 673 2399 :
691 2371 738 2398 sed
754 2377 826 2399 recte
847 2374 936 2400 caeteri
957 2378 985 2401 et

205 2406 269 2433 editi
286 2406 385 2432 habent
404 2405 490 2438 positi.
506 2413 554 2439 pro
570 2406 704 2438 propositi.

241 2440 297 2476 (67)
315 2439 397 2476 Editi,
409 2439 577 2476 insuperabili
591 2441 715 2472 superati.
728 2441 786 2468 .‘lox
801 2440 938 2474 Merlinus,
955 2443 985 2470 Si

204 2474 313 2512 cram...
331 2474 507 2512 intolerabiles
533 2479 593 2500 sunt
621 2482 754 2512 pinnarum
782 2476 896 2510 dolores,
923 2478 984 2512 quid

205 2509 351 2545 putandum
367 2515 403 2535 est
420 2517 477 2545 cum
488 2509 546 2543 jam
558 2510 681 2535 crassiori
693 2511 781 2537 (mima
802 2513 884 2538 utitur
907 2509 986 2538 indu-

207 2550 303 2576 mento,
319 2545 362 2572 sed
376 2549 430 2570 tum
446 2544 474 2570 id
488 2544 673 2579 spirituum...
686 2553 736 2579 quo
758 2546 881 2573 subtilius
893 2548 985 2573 sentiet

207 2581 257 2607 vim
273 2580 382 2607 doloris.
407 2578 609 2609 Genebrardus.
631 2578 659 2606 Si
684 2588 789 2613 ergo....
810 2581 986 2608 intolerabiles

206 2619 266 2641 sunt
286 2622 420 2648 pomorum
440 2614 560 2645 dolores,
581 2622 640 2639 cum
661 2615 719 2648 jam
746 2617 870 2642 crassiori
897 2617 986 2642 anima

209 2649 293 2676 utitur
307 2649 469 2684 indumento,
491 2649 553 2683 quid
568 2653 714 2682 putandum
733 2654 769 2676 est
793 2659 851 2676 cum
867 2651 893 2677 id
912 2651 988 2684 spiri-

208 2684 306 2710 tale....
317 2692 367 2719 quo
380 2682 501 2710 subtilius
517 2684 609 2719 sentiet
623 2685 672 2711 vim
688 2685 796 2711 doloris.
811 2685 863 2712 Sed
882 2682 945 2711 mss.
959 2690 989 2711 ut

210 2719 237 2744 in
253 2723 339 2750 textu,
357 2719 408 2746 nisi
425 2719 495 2753 quod
511 2718 631 2753 plerique
648 2719 739 2746 itidem
760 2720 877 2747 habeant
904 2721 989 2746 utitur

210 2760 258 2787 pro
269 2758 361 2779 utetur.

248 2787 303 2821 (68)
322 2787 383 2814 Mss.
400 2787 535 2822 plerique,
550 2791 577 2814 et
598 2787 762 2815 Gcnebrardi
777 2789 870 2821 editio,
889 2789 927 2815 vel
944 2789 987 2816 ab-

211 2827 295 2857 rnptw
307 2823 439 2852 sententiw
454 2824 609 2850 auctoritate
619 2823 753 2856 deﬁniens.
769 2823 895 2852 Meriinus
909 2832 981 2855 vero,

1030 198 1071 224 nis
1085 197 1256 230 dogmatibus
1272 203 1332 222 esse
1346 195 1468 226 deberet.
1485 195 1556 228 quod
1568 195 1635 222 tanti
1652 202 1752 228 sensus
1767 195 1823 225 vir,

1029 248 1056 269 et
1074 248 1154 269 tantae
1169 241 1328 277 prudentiae,
1346 249 1406 268 cum
1425 240 1516 274 utique
1533 240 1662 275 magister
1675 245 1749 267 esset
1767 240 1824 267 Ec-

1030 289 1131 320 clesiae,
1151 293 1178 315 et
1197 292 1268 314 tanta
1282 288 1316 314 ab
1331 294 1362 314 eo
1377 286 1447 313 dicta
1468 286 1664 317 scriberentur,
1684 285 1742 321 (70)
1766 293 1823 312 non

1029 336 1072 358 est
1097 339 1179 358 ausus
1194 331 1220 357 id
1237 331 1287 358 sibi
1309 330 1481 357 auctoritatis
1496 337 1645 360 assumere.
1661 335 1691 356 ut
1707 331 1825 363 proprie

1030 379 1070 406 De
1082 380 1171 406 anima
1184 378 1283 405 librum
1300 377 1391 404 ederet
1404 377 1545 411 scriptum.
1560 375 1657 402 Procul
1668 375 1752 402 dubio
1764 377 1826 402 haec

1029 423 1186 450 observatio
1199 422 1259 456 ejus
1274 423 1339 449 illud
1356 422 1468 453 indicat,
1483 421 1553 454 quod
1570 420 1637 448 nihil
1652 420 1777 448 audebat
1788 420 1824 447 de

1029 469 1080 496 hac
1094 476 1122 496 re
1136 468 1280 496 manifesto
1298 468 1423 502 dogmate
1437 467 1611 498 conﬁrmare.

1066 515 1184 548 Denique
1201 514 1227 540 in
1249 521 1281 540 eo
1295 513 1364 539 libro
1379 519 1458 546 quem
1475 511 1502 538 in
1530 510 1677 545 Epistolam
1694 509 1823 545 Apostol't

1029 561 1062 587 ad
1078 561 1167 587 Titum
1184 559 1289 591 scribit,
1308 558 1462 585 haereticum
1477 557 1645 590 describens,
1667 561 1695 583 et
1718 555 1821 583 anima

1029 608 1130 635 faciens
1148 607 1323 638 mentionem,
1340 605 1398 632 haec
1412 605 1477 632 dicit
1493 613 1499 631 :

1330 650 1444 678 CAPUT
1466 650 1511 677 IX.

1140 706 1282 726 RESPONSIO
1300 707 1332 726 AD
1344 705 1466 725 οοτΑνΑιι
1484 702 1707 724 CRIIINATIONII.

1342 743 1379 770 De
1396 744 1494 770 anima.

1064 791 1207 820 ORIGENES.
1225 791 1280 826 (7i)
1297 799 1306 815 ‹
1326 791 1394 817 Sunt
1409 797 1474 816 vero
1499 793 1526 815 et
1551 787 1602 814 alia
1622 786 1746 822 quaedam
1771 786 1821 813 do-

994 827 1015 854 Β
1034 843 1137 873 gmata,
1153 845 1214 871 qutc
1232 837 1258 863 in
1272 835 1429 870 apostolicis
1443 834 1631 861 traditionibus
1647 840 1699 860 non
1715 831 1818 859 haben-

1032 887 1087 914 tur,
1109 883 1142 910 de
1169 883 1270 916 quibus
1294 882 1417 916 requires
1443 880 1465 907 si
1493 883 1601 915 oportet
1623 886 1669 906 eos
1692 878 1739 913 qui
1760 877 1818 912 (7‘2)

1031 930 1171 963 quodlibet
1186 929 1218 956 de
1236 928 1279 955 his
1298 928 1419 955 sentiunt
1438 926 1477 953 vel
1501 930 1680 960 pertractant,
1707 924 1817 952 haereti-

1031 982 1079 1002 cos
1112 974 1264 1010 putandos,
1286 978 1392 1008 utputa,
1427 973 1503 1000 verbi
1529 979 1611 998 causa
1638 971 1772 1003 dixerim,
1796 970 1818 998 si

1033 1021 1094 1055 quis
1109 1020 1242 1047 rationem
1266 1019 1390 1046 humanae
1418 1018 1516 1045 animae
1542 1017 1679 1052 inquirat,
1703 1024 1765 1043 cum
1788 1017 1820 1044 de

1032 1074 1062 1094 ea
1080 1073 1168 1100 neque
1190 1066 1262 1100 quod
1277 1073 1310 1092 ex
1326 1064 1438 1092 seminis
1450 1063 1562 1091 traduce
1584 1063 1709 1093 ducatur.
1728 1070 1819 1096 nequc

1033 1113 1104 1146 quod
1122 1111 1307 1139 honorabilior
1323 1115 1351 1138 et
1364 1110 1504 1144 antiquior
1521 1116 1666 1144 corporum
1687 1115 1821 1144 compage

1035 1159 1086 1190 sit.
1104 1158 1245 1185 tradiderit
1270 1156 1458 1184 Ecclesiastica
1489 1157 1588 1191 regula.
1614 1155 1730 1188 Propter
1749 1155 1819 1190 quod

1035 1204 1111 1231 multi
1129 1211 1179 1231 nec
1203 1203 1432 1238 comprehendere
1455 1206 1603 1237 potuerunt
1624 1201 1741 1236 qualiter
1758 1209 1820 1228 sen-

1036 1249 1080 1276 tiri
1095 1253 1233 1284 oporteret
1254 1249 1286 1276 de
1308 1249 1404 1275 anima
1431 1249 1556 1275 ratione:
1583 1248 1631 1275 sed
1654 1252 1683 1275 et
1706 1247 1752 1282 qui
1771 1246 1820 1274 ali-

1034 1296 1097 1330 quid
1117 1296 1221 1323 sentire
1235 1295 1278 1322 vel
1293 1295 1427 1322 disserere
1443 1294 1498 1329 (75)
1512 1294 1561 1321 visi
1577 1298 1650 1327 sunt,
1669 1301 1685 1320 a
1705 1292 1821 1320 nonnul-

1035 1341 1068 1367 lis
1093 1341 1119 1367 in
1143 1341 1296 1375 suspicione
1318 1340 1451 1368 habentur
1475 1340 1548 1367 velut
1572 1339 1633 1367 novi
1656 1339 1759 1374 aliquid
1778 1339 1821 1365 in-

1038 1386 1222 1417 troducentcs,
1244 1395 1253 1412 ι

1070 1430 1233 1458 PAMPHILUS.
1253 1430 1356 1457 Deinde
1368 1435 1429 1465 post
1445 1438 1530 1465 pauca
1547 1430 1585 1457 ait
1599 1439 1604 1457 :

1071 1476 1215 1504 (innocuas.
1232 1486 1241 1501 ι
1262 1475 1314 1503 Sed
1331 1481 1359 1503 et
1376 1482 1403 1502 tu
1414 1476 1470 1511 ipse
1493 1476 1561 1510 apud
1577 1475 1749 1510 temetipsum
1764 1475 1819 1503 dis-

1036 1522 1143 1549 culicns
1178 1521 1320 1548 considera
1354 1521 1377 1549 si
1402 1526 1508 1556 oportet
1540 1529 1601 1548 cum
1626 1521 1672 1556 qui
1701 1520 1822 1556 quolibet

1036 1567 1116 1595 modo
1131 1568 1164 1595 de
1177 1567 1218 1594 bis
1235 1567 1364 1603 opinatur
1379 1567 1421 1594 vel
1439 1567 1609 1599 litereticum,
1630 1567 1673 1594 vel
1689 1567 1820 1594 ecclesia-

1036 1612 1134 1639 sticum
1151 1617 1252 1640 temere
1266 1612 1384 1645 definiri,
1400 1618 1446 1640 aut
1462 1613 1484 1640 si
1507 1620 1560 1640 non
1577 1617 1619 1640 est
1634 1612 1821 1647 periculosum

1036 1654 1068 1685 de
1083 1665 1116 1685 eo
1133 1659 1320 1692 pr0uuntiare,
1342 1659 1469 1692 quoniam
1489 1663 1517 1685 et
1541 1658 1598 1693 ipse
1622 1666 1761 1693 peruersa:
1786 1658 1819 1685 sit

1035 1709 1062 1731 et
1073 1710 1178 1740 peccet.
1191 1709 1218 1731 et
1232 1705 1267 1731 sit
1281 1713 1297 1730 a
1311 1705 1446 1739 semetipso
1465 1705 1606 1732 damnatus
1620 1705 1658 1731 ‘5:
1677 1704 1732 1738 (74)
1747 1705 1820 1738 quod

1036 1751 1069 1778 de
1085 1749 1217 1777 htereticis
1234 1749 1342 1782 dicitur,
1355 1750 1376 1776 si
1391 1750 1452 1784 quis
1469 1749 1540 1777 forte
1552 1757 1585 1777 ex
1606 1749 1649 1776 his
1664 1756 1725 1782 quae
1739 1755 1818 1783 supra

1036 1796 1164 1828 diximus,
1179 1796 1327 1829 quamlibet
1338 1795 1492 1830 opinionem
1505 1796 1568 1822 licet
1581 1802 1676 1821 novam
1686 1800 1712 1822 et
1725 1801 1820 1829 quam-

1037 1842 1159 1877 plurimis
1180 1842 1361 1877 peregrinam,
1384 1841 1508 1868 videatur
1532 1841 1667 1868 inducere.
1684 1849 1693 1865 ι

1075 1887 1238 1915 PAMPHILUS.
1255 1887 1317 1914 ﬂmc
1332 1887 1442 1921 quidem
1461 1888 1517 1920 ipse
1541 1886 1568 1913 in
1591 1893 1624 1913 eo
1643 1886 1714 1912 libro
1739 1893 1818 1920 quem

1040 1941 1122 1967 supra
1151 1933 1269 1960 diximus
1286 1932 1391 1959 scribit.
1421 1931 1476 1959 Nos
1500 1939 1564 1958 vero
1589 1931 1631 1959 his
1649 1931 1819 1966 adiungimus

1038 1979 1119 2005 etiam
1145 1979 1195 2005 ista
1217 1985 1276 2013 quae
1304 1978 1380 2005 nobis
1399 1978 1455 2012 ipsa
1473 1978 1585 2012 mquitas
1607 1978 1714 2004 videtur
1735 1985 1818 2012 expo-

1040 2032 1126 2052 scere.
1144 2024 1171 2052 Si
1194 2024 1336 2051 manifeste
1356 2023 1476 2051 Ecclesia
1501 2024 1619 2050 traderet
1635 2023 1676 2050 vel
1689 2024 1817 2058 praedica-

1040 2076 1078 2098 ret
1095 2071 1230 2098 contraria
1246 2070 1288 2097 his
1301 2077 1360 2104 qtne
1376 2069 1421 2096 ille
1444 2070 1539 2101 sensit,
1561 2069 1620 2096 sine
1643 2070 1724 2096 dubio
1749 2069 1818 2097 velut

1036 2117 1188 2144 contrarius
1225 2120 1252 2144 et
1268 2116 1398 2143 resistens
1420 2115 1530 2142 statutis
1552 2115 1746 2142 ecclesiasticis
1762 2123 1816 2142 me-

1038 2165 1089 2191 rito
1104 2163 1267 2198 culparetur.
1289 2161 1365 2189 Nunc
1382 2169 1447 2189 vero
1460 2169 1520 2188 cum
1537 2161 1680 2189 diversitas
1696 2162 1730 2188 sit
1746 2161 1816 2196 apud

1036 2216 1129 2237 omnes
1145 2209 1357 2240 ecclesiasticos,
1373 2213 1400 2235 et
1414 2208 1459 2235 alii
1472 2208 1523 2234 alia
1540 2208 1572 2235 de
1587 2207 1675 2235 anima
1690 2208 1816 2240 sentiant,

1036 2309 1059 2331 et
1093 2304 1202 2337 abrupta
1228 2303 1383 2330 auctoritate
1406 2302 1542 2335 deﬁniens.
1563 2301 1626 2337 Mss.
1652 2301 1816 2337 Smbonicus

1036 2345 1063 2366 et
1077 2340 1106 2367 S.
1122 2335 1260 2366 Michaelis
1275 2339 1300 2364 in
1314 2337 1537 2368 Periculomaris,
1553 2337 1590 2363 vel
1608 2335 1656 2372 [ιιι.
1669 2336 1726 2371 sed]
1747 2336 1816 2363 Scri-

1037 2379 1174 2409 pturarum
1189 2373 1342 2400 sententiam
1362 2379 1437 2398 suam
1457 2372 1611 2398 auctoritate
1627 2371 1755 2406 deﬁniens
1766 2379 1775 2397 .'
1791 2376 1816 2398 et

1039 2411 1074 2437 ita
1093 2409 1235 2441 legendum
1255 2409 1368 2434 videtur.

1075 2444 1129 2479 (69)
1146 2445 1245 2472 Omnes
1261 2449 1326 2470 mss.
1342 2442 1426 2469 nostri
1438 2462 1445 2474 ,
1460 2441 1651 2468 occasionibus.
1675 2441 1759 2473 Editi,
1774 2449 1815 2468 oc-

1040 2487 1153 2506 canone.

1075 2514 1130 2550 (70)
1142 2513 1226 2550 Editi,
1242 2520 1293 2550 non
1307 2520 1386 2550 ausus
1402 2511 1525 2550 sit._Mss.
1540 2517 1576 2550 ιιι.-
1590 2511 1616 2550 i_n
1633 2515 1719 2550 textu.
1736 2509 1817 2538 Paulo

1039 2546 1099 2583 post
1115 2546 1179 2575 editi
1196 2548 1323 2583 omittunt
1338 2546 1535 2583 AportnjiApost
1555 2546 1710 2583 Epistolam.

1074 2583 1129 2617 (7|)
1147 2583 1185 2609 Ex
1206 2581 1348 2609 Comment.
1370 2582 1396 2608 in
1419 2581 1502 2615 Epist.
1518 2582 1552 2607 ad
1570 2581 1667 2608 Titum.

1075 2617 1131 2652 (72)
1152 2618 1198 2645 Sic
1215 2624 1279 2644 mss.
1297 2617 1367 2643 Editi
1384 2623 1457 2649 vero,
1477 2617 1716 2650 quomodolibet....
1731 2624 1764 2643 ea:
1775 2622 1813 2643 rt-

1039 2655 1107 2680 mine
1124 2652 1250 2679 traducis.

1077 2688 1133 2722 (75)
1155 2687 1222 2714 Editi
1233 2707 1240 2719 ,
1253 2687 1302 2712 nisi
1316 2691 1393 2718 sunt;
1409 2693 1472 2713 mss.
1489 2687 1584 2718 nostri,
1603 2686 1650 2713 uisi
1664 2690 1736 2713 sunt.

1076 2723 1134 2757 (74)
1151 2722 1187 2748 ita
1203 2729 1268 2748 mss.
1286 2722 1354 2748 Editi
1372 2726 1462 2748 autem
1479 2728 1631 2757 perperam,
1648 2721 1718 2756 quod
1732 2722 1813 2748 hars-

1042 2758 1109 2784 ticus
1127 2757 1224 2784 dicitur
1239 2775 1295 2785 ...,.
1313 2757 1372 2784 licet
1391 2763 1576 2791 nonnunquam
1596 2756 1716 2791 plurimis
1741 2762 1815 2790 perc-

1039 2794 1151 2826 grinam,
1165 2796 1218 2819 etc.
