1915 3079
62 137 115 166 605

663 138 833 166 APOLOGIA
853 136 921 167 rno
940 126 1101 167 ORlGENE.

1643 141 1696 169 606

63 201 88 223 et
102 204 203 225 omnes
219 197 338 231 diversa,
352 200 489 234 quomodo
504 200 548 228 hic
565 199 652 235 magis
664 207 744 234 quam
761 199 851 227 caeleri
868 202 888 230 A
905 205 1019 237 peccat;
1044 202 1156 236 insuper
1176 201 1259 229 etiam
1285 201 1356 237 quod
1378 204 1406 229 et
1429 201 1520 235 ptenis
1533 201 1536 202 ⁷
1549 201 1688 229 subdenda

64 243 232 271 inrusandus
254 249 307 278 est,
330 246 448 273 maxime
471 254 532 274 cum
560 255 590 274 ea
619 255 679 282 qum
706 255 719 273 a
742 247 853 281 reliquis

64 288 248 321 aﬂirmantur.
267 290 323 326 (75)
338 292 423 319 multo
439 291 525 326 magis
546 298 573 320 et
596 293 714 320 absurda
739 293 853 321 videan-

63 340 118 367 tur,
138 342 164 363 et
179 337 232 363 sibi
257 337 314 371 ipsa
330 338 491 365 contraria?
507 338 621 372 Quidam
644 340 715 366 enim
737 340 851 374 opinan-

63 387 106 407 tur
123 383 284 416 praeparatis
304 383 360 417 jam
381 383 408 410 in
430 389 526 412 ventre
549 385 691 412 mulierum
717 385 852 414 deforma-

63 427 154 462 tisque
179 429 353 463 corporibus,
369 434 433 457 tunc
447 431 480 458 ad
501 439 619 465 praesens
632 432 720 459 creari
735 433 851 466 animas,

61 478 88 500 et
105 474 191 500 inseri
207 474 427 509 deformatojam
442 476 561 511 corpori.
579 476 641 504 Hmc
656 484 720 505 vero
732 479 852 505 sentien-

63 524 114 552 tes,
141 525 242 554 praeter
267 521 318 549 hoc
343 523 415 556 quod
442 522 600 550 manifestas
619 523 792 558 probationes
818 532 850 552 ex

61 566 170 593 sanctis
194 566 345 601 Scripturis
367 568 496 596 adhibere
522 577 576 596 non
603 574 727 603 possunt,
744 570 852 605 insuper

60 612 146 638 etiam
172 612 334 647 injustitiam
360 615 562 649 quodammodo
588 615 741 644 Conditoris
769 624 850 645 accu-

60 663 137 690 sant,
151 659 223 692 quod
238 667 290 687 non
311 660 452 695 aequaliter
473 661 531 698 (76)
556 669 652 690 omnes
676 666 805 696 utantur,
825 664 851 691 id

59 709 122 736 est.
144 712 237 739 aequas
258 706 318 733 vita:
343 708 561 736 conversationes
584 708 686 736 tribuat
714 710 850 737 omnibus.

60 750 163 778 Statim
180 751 252 778 enim
268 757 297 779 ut
311 757 402 780 creata
425 753 506 781 fuerit
518 755 618 787 anima,
633 763 696 783 cum
717 756 783 783 nihil
799 757 851 784 uti-

59 804 114 832 que
135 798 226 825 adhuc
242 798 267 825 in
282 806 310 825 se
325 798 410 833 culpa:
427 801 604 834 commiserit,
622 802 752 829 inseritur
765 802 850 829 inter-

60 843 136 875 dum,
155 843 178 870 si
193 844 228 870 ita
251 844 382 872 acciderit
399 853 472 873 caeco
484 848 601 881 corpori.
615 848 656 874 vel
669 847 736 875 alias
749 848 847 875 debili:

61 889 121 916 aliae
142 897 209 917 vero
229 891 302 918 sanis
314 892 475 926 corporibus
498 898 524 919 et
550 893 735 921 firmioribus:
752 900 778 921 et
791 894 850 922 aliis

61 934 173 969 quidem
199 935 313 963 multum
332 937 392 964 vitae
415 942 521 973 tempus
547 939 683 972 tribuitur,
703 939 763 967 aliis
784 948 849 968 vero

59 980 255 1008 brevissimum
273 990 280 1008 :
304 983 340 1010 ita
359 988 386 1010 ut
410 983 546 1011 interdum
561 985 641 1011 simul
655 990 683 1012 ut
701 991 770 1012 natae
791 986 849 1014 fue-

60 1026 125 1057 rint.
153 1027 335 1055 exturbentur
357 1035 372 1055 e
395 1036 529 1063 corpore:
551 1033 577 1056 et
601 1031 660 1057 alia:
683 1032 790 1066 quidem
816 1033 849 1060 ad

60 1074 300 1101 conversationem
324 1081 458 1110 agrestem
482 1077 627 1110 quamdam
650 1082 678 1104 et
696 1078 848 1111 barbaram,

60 1119 115 1154 (77)
130 1123 159 1147 et
176 1119 222 1147 ubi
244 1129 277 1147 ex
299 1121 370 1148 nulla
395 1122 461 1148 nihil
478 1123 588 1149 humani
606 1128 651 1150 aut
672 1124 777 1151 honesti
798 1130 848 1156 est,

61 1168 88 1190 et
102 1172 187 1199 super
210 1165 300 1192 omnia
324 1166 369 1194 ubi
386 1171 506 1200 paterna:
528 1168 730 1203 superstitionis
752 1169 850 1204 impie-

59 1215 100 1237 tas
117 1211 235 1243 obtinet,
259 1211 434 1246 diriguntur:
458 1213 518 1241 alite
541 1221 605 1241 vero
630 1215 663 1241 ad
680 1215 752 1242 viros
767 1215 850 1242 honc-

60 1259 127 1287 stos,
142 1255 263 1286 sobrios.
281 1255 426 1289 humanos,
453 1258 497 1285 ubi
522 1264 549 1286 et
566 1259 744 1286 humanarum
760 1259 849 1296 legum

62 1301 218 1328 observatio
232 1302 324 1336 viget:
348 1303 484 1332 interdum
508 1304 590 1332 etiam
606 1306 638 1332 ad
664 1311 792 1341 parentes
808 1314 849 1334 re-

60 1346 183 1382 ligiosos.
198 1347 243 1374 ubi
258 1348 384 1377 educatio
409 1350 505 1378 nobilis
521 1356 548 1378 et
561 1351 684 1385 honesta,
701 1352 744 1379 ubi
769 1353 848 1379 etiam

60 1393 179 1420 eruditio
195 1395 380 1428 rationabilis,
396 1397 627 1426 transmittuntur.
640 1398 780 1431 Quomodo
793 1399 848 1435 (78)

61 1438 142 1474 igitur
166 1445 320 1468 assertores
340 1449 435 1468 eorum
460 1442 486 1469 in
504 1442 601 1471 talibus
618 1443 737 1471 divinam
753 1444 849 1472 Provi-

59 1486 182 1513 dentiam
200 1491 274 1513 recte
287 1487 378 1514 omnia
394 1488 605 1522 dispensantem,
628 1494 655 1516 et
675 1497 751 1524 aequa
774 1490 849 1518 lance

59 1533 261 1566 moderantem,
286 1539 414 1569 tanquam
435 1534 499 1562 boui
523 1535 627 1569 etjusti
652 1535 698 1563 Dei
724 1542 850 1572 poterunt

60 1579 224 1614 assignare?
244 1579 303 1609 Jam
324 1588 388 1608 vero
412 1581 451 1608 illi
476 1581 522 1616 qui
547 1589 580 1609 ex
608 1582 720 1609 traduce
744 1583 849 1612 animas

60 1626 158 1653 venire
184 1625 334 1659 allirmaut,
358 1631 385 1654 et
408 1627 488 1654 simul
511 1635 571 1654 cum
592 1629 724 1663 corporali
745 1637 791 1657 eas
809 1637 852 1657 se-

61 1672 136 1699 mine
150 1673 280 1699 seminari
297 1682 303 1699 :
323 1673 456 1707 siquidem
475 1673 515 1708 (ut
533 1674 643 1708 quidam
667 1675 786 1709 ipsorum
810 1676 850 1703 al"-

60 1717 174 1746 ﬁrmare
189 1718 289 1754 solent)
303 1718 359 1753 (79)
377 1727 430 1747 non
453 1719 525 1747 aliud
542 1720 638 1747 dicunt
659 1721 777 1748 animam
791 1722 854 1749 esse'

61 1773 143 1799 quam
171 1765 381 1792 insulllationcm
409 1766 527 1800 Spiritus
553 1766 622 1799 Dei,
651 1767 722 1794 illam
747 1768 851 1802 scilicet

61 1818 144 1846 quam
161 1811 240 1838 initio
263 1811 374 1838 factum:
391 1812 482 1839 mundi
498 1811 572 1839 Deus
586 1812 686 1840 dicitur
701 1813 851 1841 insulllasse

61 1857 88 1884 iu
101 1855 189 1882 Adam
208 1855 240 1889 ⁸⁸,
258 1855 316 1891 (80)
336 1856 368 1883 de
392 1856 449 1890 ipsa
471 1855 517 1882 Dei
541 1863 600 1883 esse
619 1863 679 1882 eam
699 1855 849 1883 substantia

61 1902 239 1937 proﬁtentes:
263 1901 399 1936 quomodo
418 1908 471 1928 non
490 1905 518 1928 et
537 1901 580 1927 isti
596 1900 760 1927 videbuntur
779 1908 848 1935 quo-

61 1948 207 1976 dammodo
232 1948 288 1974 haec
311 1952 408 1982 praeter
429 1946 578 1981 Scriptum
604 1946 740 1981 regulam,
760 1951 787 1974 et.
809 1953 851 1975 ra-

62 1994 165 2021 tionem
185 1993 297 2028 pietatis
319 2000 452 2025 asserere,
474 1993 546 2028 quod
569 1993 718 2020 substantia
738 1992 785 2019 Dei
808 1997 851 2020 est

60 2048 121 2076 qua:
141 2045 248 2075 peccat,
270 2041 292 2067 si
312 2040 402 2066 anima
424 2047 484 2074 qua:
502 2039 535 2066 de
556 2037 708 2066 substantia
732 2037 778 2066 Dei
796 2042 848 2072 est,

99 2110 122 2126 “
141 2109 210 2137 Gen.
226 2117 257 2142 ιι,
269 2109 294 2136 7.

96 2181 152 2217 (75)
171 2181 253 2213 Edili.
275 2181 357 2217 multo
379 2180 462 2215 magis
483 2181 537 2217 sint
556 2185 579 2206 et
602 2179 781 2217 absurda,”
801 2180 850 2217 sibi

60 2217 124 2247 ipsis
143 2215 292 2242 contraria.
313 2216 365 2241 ςρά
389 2224 453 2242 mss.
477 2221 506 2242 ut
529 2215 555 2242 in
580 2220 676 2248 textu;
701 2216 751 2243 nisi
777 2215 848 2249 quod

62 2252 230 2278 Surbonicus
258 2255 285 2279 et
306 2251 406 2286 Regius
431 2250 622 2285 habeant,let
651 2251 701 2277 sibi
721 2251 770 2285 ἰριὶ
787 2259 849 2278 con-

59 2288 156 2314 traria.

96 2322 154 2355 (76)
181 2321 276 2349 Omnes
301 2325 420 2348 utantur.
451 2320 513 2349 llam
545 2321 598 2348 duo
617 2321 698 2349 verba
717 2322 849 2349 omittun-

61 2363 105 2384 tur
122 2358 149 2384 iu
172 2357 267 2387 editis,
291 2361 318 2383 et
341 2356 522 2383 restituuntur
542 2357 567 2383 iu
589 2364 666 2389 mss.,
686 2357 729 2390 qui
748 2365 778 2384 ea
794 2357 850 2384 col-

60 2393 153 2420 locant
169 2397 228 2427 post
244 2392 342 2418 tribuat
361 2392 498 2424 omnibus;
520 2392 565 2419 sed
586 2392 741 2419 collocanda
759 2393 850 2419 viden-

61 2433 105 2454 tur
120 2433 187 2454 ante
201 2428 228 2454 id
241 2432 289 2454 est.
308 2427 377 2453 lulra
393 2434 457 2453 mss.
474 2427 582 2460 quidam
599 2427 729 2454 mendose
742 2427 845 2458 ferunt,

59 2463 100 2489 uel
114 2463 176 2489 alite
193 2463 283 2490 debiti.
303 2461 362 2488 Mox
379 2462 497 2494 pessime
516 2462 597 2494 cditi,
618 2462 679 2489 alite
696 2471 739 2489 uer
777 2462 849 2490 sanis

59 2498 226 2530 corporibus,
244 2502 269 2524 et
291 2497 351 2523 alite
373 2497 576 2529 inﬁrmioribus.

95 2533 152 2568 (77)
169 2532 215 2560 Sic
230 2541 327 2559 omnes
346 2539 411 2558 mss.
427 2531 496 2559 Editi
513 2540 590 2564 vero,
611 2538 636 2559 et
654 2533 697 2559 ubi
713 2542 738 2560 m
767 2532 784 2558 il
802 2532 850 2559 hu-

61 2569 133 2594 mani
148 2573 197 2595 aut
221 2568 322 2595 honesti
338 2572 394 2599 est,
417 2572 440 2594 et
461 2576 539 2603 super
555 2569 643 2595 omnia
665 2569 708 2596 ubi
728 2576 848 2601 pa.ernte

59 2603 246 2635 institutionis,
263 2608 316 2630 etc.

93 2639 152 2674 (78)
168 2638 269 2672 Igitur.
286 2638 426 2666 Omittitur
450 2638 476 2665 in
506 2639 631 2666 omnibus
654 2646 719 2666 mss.
735 2638 846 2669 nostris,

58 2677 105 2701 sed
120 2679 214 2701 exstat
238 2674 264 2700 in
289 2673 386 2704 editis.
407 2674 452 2708 qui
477 2674 555 2707 paulo
568 2679 627 2708 post
643 2682 783 2709 perperam
805 2675 848 2700 ha-

58 2709 133 2741 bent,
158 2714 285 2744 tanquam
302 2708 394 2735 bonum
409 2708 508 2743 etjusti
526 2709 585 2741 Dei,
597 2708 650 2736 etc.

92 2744 151 2780 (79)
170 2744 232 2771 Non
247 2744 321 2770 aliud
339 2745 439 2780 dicunt,
455 2750 507 2780 etc.
524 2744 562 2771 Ex
580 2745 621 2771 his
641 2744 731 2772 verbis
748 2744 846 2771 Hiero-

58 2779 155 2816 nymus
180 2780 228 2806 lib.
249 2787 265 2805 ιι
281 2780 405 2816 adversus
425 2779 548 2816 Ruﬁnum
570 2780 678 2807 videtur
704 2787 847 2807 accusasse

60 2814 205 2850 Urigeunm
224 2814 427 2850 quasiAdixerit
453 2814 582 2848 Spiritum
603 2820 726 2850 sanctum
742 2822 793 2841 non
815 2815 848 2841 de

57 2848 151 2878 eadem
174 2848 268 2878 Patiis
298 2848 412 2884 Filiiquc
437 2857 498 2876 csse
523 2850 684 2877 substantia.
710 2849 762 2877 Sed
789 2850 847 2877 vide

869 884 887 908 ll

863 1561 886 1591 C

904 248 940 275 sit
959 255 1007 282 pro
1027 247 1160 282 peccato?
1181 247 1238 282 (81)
1262 246 1314 274 Sed
1333 251 1361 274 et
1386 246 1452 287 illud
1471 254 1502 274 se
1523 247 1613 282 (quod
1633 254 1693 282 pcr-

904 294 1048 326 absurdum
1062 294 1121 328 est)
1141 294 1283 321 incurrere
1298 300 1354 320 non
1375 293 1478 325 vident,
1498 293 1560 327 quia
1580 301 1690 321 necesse

903 345 943 367 est
958 347 1017 367 eam
1030 339 1110 366 simul
1123 346 1184 366 cum
1198 346 1312 373 corpore
1327 339 1407 372 mori,
1421 343 1448 366 et
1460 346 1522 367 esse
1534 339 1689 371 mortalem,

903 383 924 411 si
941 383 1020 410 simul
1043 391 1104 410 cum
1128 390 1242 418 corpore
1262 383 1304 419 vel
1327 383 1474 415 seminata,
1498 384 1538 411 vel
1555 384 1690 416 formata,

902 430 943 457 vel
962 435 1024 457 nata
1042 435 1094 458 est.
1115 430 1183 457 Tum
1199 430 1295 457 deinde
1318 430 1355 457 illi
1374 431 1419 465 qui
1435 438 1514 457 unam
1529 431 1640 465 quidem
1656 439 1688 458 ex

903 476 984 503 nullis
1004 476 1192 503 substantibus
1206 483 1221 502 a
1237 476 1291 504 Deo
1308 476 1411 503 factam
1433 483 1492 503 esse
1515 477 1609 503 dicunt
1628 477 1682 504 ani~

890 529 986 552 ,mam.
1004 521 1031 548 id
1049 527 1092 548 est
1120 521 1192 548 illam
1209 529 1269 556 quae
1286 523 1373 556 prima
1393 521 1463 549 facta
1482 527 1522 549 est
1539 522 1564 549 in
1585 523 1669 549 Adam
1681 543 1688 555 ,

903 573 930 596 et
942 576 976 595 ex
992 575 1022 595 ea
1036 567 1092 602 jam
1109 568 1231 595 omnium
1253 568 1395 595 hominum
1415 569 1520 595 animas
1539 569 1670 596 exsistere
1681 589 1688 601 ,

902 618 930 641 et
948 615 1097 641 secundum
1117 614 1286 648 corporalem
1306 614 1366 641 sine
1388 613 1469 641 dubio
1485 614 1686 641 successionem

902 659 959 694 (82)
978 659 1118 686 traducem
1136 666 1243 693 quoque
1263 658 1320 686 ﬂeri
1340 659 1511 693 animarum,
1535 659 1616 686 etiam
1638 660 1688 694 ipsi

902 704 966 738 quid
987 704 1059 731 aliud
1075 704 1237 737 ostendunt,
1255 704 1307 731 nisi
1332 705 1436 732 animas
1454 712 1514 732 esse
1534 704 1690 732 mortales?

902 750 931 777 Si
946 749 1017 777 enim
1031 749 1101 777 sicut
1109 750 1237 777 animalia
1251 755 1350 778 caetera
1362 758 1396 778 ex
1407 751 1466 778 solo
1477 752 1580 778 semine
1596 751 1689 778 oriun-

903 800 954 828 tur,
971 796 1008 823 ita
1021 796 1102 823 etiam
1118 796 1152 824 de
1167 797 1322 825 hominibus
1335 798 1494 830 sentiamus,
1510 804 1540 825 ut
1554 806 1614 825 cum
1630 805 1690 826 cor-

901 852 966 879 pore
981 844 1061 871 simul
1082 844 1108 871 in
1126 844 1221 872 eodem
1245 845 1348 872 semine
1373 845 1454 872 etiam
1484 847 1573 872 anima
1590 845 1689 873 dill'uu-

901 890 990 921 datur,
1012 888 1078 923 quid
1101 888 1217 917 dicimus
1235 889 1268 917 de
1291 889 1334 916 his
1351 889 1397 924 qui
1425 890 1575 924 imperfecti
1599 891 1688 919 adhuc

901 939 928 962 et
955 935 988 962 de
1018 939 1114 963 ventre
1150 935 1238 964 aborsi
1261 941 1337 969 sunt,
1375 941 1402 963 et
1428 937 1472 971 qui
1497 944 1689 972 nonnunquam

901 981 983 1008 etiam
993 985 1137 1016 antequam
1147 981 1319 1010 vasculorum
1329 983 1493 1010 naturalium
1511 984 1689 1018 receptaculis

901 1029 1003 1055 semina
1024 1028 1079 1055 sint
1106 1033 1244 1064 suscepta,
1270 1029 1439 1064 depereunt?
1456 1030 1483 1057 In
1506 1031 1603 1065 quibus
1629 1031 1687 1058 sine

901 1074 984 1101 dubio
999 1073 1169 1108 invenieturl
1192 1075 1264 1109 quod
1284 1075 1366 1102 simul
1384 1076 1465 1103 etiam
1491 1076 1543 1103 illae
1563 1084 1624 1111 quae
1639 1084 1688 1103 na—

901 1119 979 1147 turali
1011 1120 1115 1148 ratione
1139 1121 1290 1149 seminibus
1315 1121 1425 1150 inserta‘.
1448 1123 1555 1149 inerant
1577 1123 1686 1158 anim,

900 1165 1042 1194 exstinctae
1063 1166 1116 1192 sint
1141 1166 1242 1200 pariter
1264 1171 1292 1193 et
1315 1171 1461 1202 corruptae.
1490 1167 1553 1194 Sive
1573 1175 1638 1203 ergo
1653 1176 1687 1196 ex

901 1212 1085 1240 insulilatione
1108 1212 1154 1239 Dei
1172 1212 1240 1244 sint,
1262 1213 1320 1240 sive
1333 1213 1367 1240 ab
1382 1221 1435 1240 una
1460 1214 1504 1240 illa
1525 1222 1585 1248 quae
1599 1215 1688 1249 prima

901 1258 972 1286 facta
987 1264 1038 1291 est,
1054 1259 1211 1286 necessario
1224 1259 1303 1287 simul
1318 1267 1379 1287 cum
1395 1260 1556 1294 corporibus
1568 1268 1688 1287 corrum-

900 1310 1012 1340 peutur,
1025 1305 1047 1333 si
1060 1305 1184 1334 eamdem
1199 1314 1261 1333 cum
1276 1306 1438 1341 corporibus
1457 1306 1537 1333 etiam
1555 1307 1686 1342 originem

902 1355 1014 1378 sumunt
1029 1352 1178 1379 secundum
1195 1352 1316 1386 ipsorum
1331 1352 1476 1379 rationem.
1493 1352 1546 1378 Aut
1561 1353 1633 1379 cnim
1651 1353 1689 1380 ui—

900 1397 936 1424 hil
951 1397 1062 1424 omnino
1073 1405 1105 1424 ex
1117 1397 1272 1425 rationabili
1284 1402 1364 1432 atque
1376 1397 1523 1424 immortali
1533 1398 1622 1425 anima
1632 1397 1687 1433 (83)

900 1443 1077 1478 participavit
1094 1442 1160 1470 illud
1175 1443 1245 1478 quod
1268 1443 1358 1470 adhuc
1375 1443 1402 1470 in
1421 1447 1515 1470 ventre
1530 1447 1686 1478 corruptum

900 1493 960 1522 est;
982 1493 1009 1516 et
1028 1488 1134 1523 repulsa
1150 1488 1196 1516 illa
1224 1489 1292 1516 ratio
1317 1494 1358 1516 est
1373 1497 1433 1524 quae
1448 1488 1563 1516 aﬂirmat
1578 1497 1637 1517 eam
1662 1490 1688 1516 in

902 1535 1013 1562 seminis
1030 1535 1142 1562 traduce
1157 1535 1236 1562 simul
1251 1543 1310 1562 cum
1327 1535 1489 1570 corporibus
1506 1536 1665 1562 seminatam
1680 1545 1686 1563 :

901 1584 947 1606 aut
963 1580 984 1607 si
1000 1580 1160 1615 participat,
1175 1580 1322 1607 necessitas
1338 1580 1461 1608 immittet
1475 1581 1596 1608 conlitcri
1614 1589 1686 1608 mor-

902 1626 982 1653 talem
998 1633 1059 1653 esse
1077 1626 1215 1653 animam:
1235 1626 1305 1660 quod
1323 1626 1389 1654 ﬁdes
1409 1627 1503 1661 utique
1524 1632 1617 1654 nostra
1636 1636 1688 1654 non

899 1672 1006 1707 recipit.
1024 1672 1217 1713 Verumtameq
1235 1675 1300 1706 quid
1327 1678 1368 1701 est
1387 1674 1458 1708 quod
1477 1681 1509 1700 ex
1529 1673 1571 1700 his
1596 1674 1688 1700 omni-

900 1718 950 1745 bus
962 1718 1068 1746 ostendi
1083 1719 1229 1746 volumus?
1244 1719 1309 1746 lllud
1323 1719 1457 1754 profecto.
1471 1719 1542 1754 quod
1557 1719 1627 1746 sicut
1641 1726 1687 1746 eos

900 1763 946 1797 qui
967 1771 1048 1791 unam
1065 1763 1214 1798 quamlibet
1239 1765 1273 1791 de
1296 1764 1339 1791 his
1358 1772 1426 1799 quas
1449 1772 1530 1798 supra
1558 1764 1687 1797 exposui-

901 1817 972 1839 mus.
991 1810 1146 1843 opinionem
1163 1817 1255 1837 veram
1275 1815 1389 1844 putant,
1417 1818 1469 1837 non
1491 1815 1563 1838 recta
1581 1811 1685 1838 ratione

902 1854 1044 1881 haereticos
1059 1855 1119 1889 quis
1139 1855 1267 1890 appellat,
1285 1863 1334 1890 pro
1351 1863 1384 1883 eo
1401 1856 1472 1891 quod
1493 1863 1580 1891 neque
1596 1864 1629 1883 ex
1644 1856 1686 1884 di—

903 1900 973 1927 vinis
988 1899 1137 1934 Scripturis
1154 1901 1221 1928 certi
1239 1901 1340 1936 aliquid
1364 1902 1396 1929 de
1421 1902 1464 1928 his
1481 1902 1524 1929 vel
1545 1902 1688 1930 manifeste

902 1946 1001 1973 dictum
1021 1954 1081 1974 esse
1104 1947 1244 1981 videatur,
1271 1955 1358 1983 neque
1379 1948 1405 1975 in
1431 1948 1621 1976 Prwdicatione
1646 1957 1688 1975 ec-

902 1991 1049 2019 clesiastica
1071 1992 1227 2020 contineri:
1252 1993 1287 2020 ita
1307 2000 1392 2028 neque
1417 1994 1489 2021 hunc
1511 1994 1599 2021 virum
1627 1994 1670 2022 cui

901 2039 958 2074 pari
981 2039 1083 2074 justum
1107 2043 1158 2072 est,
1174 2040 1353 2067 disserentem
1369 2040 1440 2075 quod
1457 2041 1510 2068 sibi
1527 2041 1614 2068 visum
1629 2045 1685 2074 est,

866 2171 887 2199 θ
902 2179 1121 2206 Admonitionem
1144 2183 1262 2207 nostram
1288 2179 1314 2205 in
1341 2178 1410 2206 hane
1429 2177 1560 2212 Pamphili
1587 2177 1687 2213 Apolo-

918 2215 981 2244 iam.
997 2222 1070 2241 num.
1089 2215 1114 2241 7.

901 2222 981 2249 gtum.
997 2222 1070 2241 num.
1094 2222 1114 2241 ι.

937 2249 992 2285 (80)
1012 2249 1076 2276 Mss.
1091 2250 1222 2284 plerique.
1237 2250 1269 2276 de
1286 2250 1344 2284 ipsa
1360 2249 1408 2275 Dei
1424 2257 1479 2276 esse
1492 2257 1549 2276 eam
1564 2248 1685 2276 substan-

901 2285 965 2311 tiam
982 2285 1143 2318 proﬁtentes,
1158 2285 1239 2312 male.

936 2319 990 2355 (8|)
1013 2317 1051 2346 lla
1067 2327 1161 2347 omnes
1182 2328 1247 2347 mss.
1273 2319 1369 2346 nostri.
1392 2319 1426 2346 At
1445 2326 1510 2347 vero
1531 2318 1610 2350 editi,
1633 2317 1686 2355 Sed

900 2360 924 2381 et
938 2354 1004 2381 illud
1023 2356 1092 2388 quod
1114 2355 1233 2389 sequitur
1251 2355 1336 2390 (quod
1357 2355 1547 2388 perabsurdum
1566 2356 1621 2389 est)
1646 2354 1687 2380 irt-

901 2397 1006 2416 currere
1022 2397 1072 2416 non
1087 2390 1229 2422 prwvident
1314 2398 1346 2416 ea:
1359 2390 1438 2417 nullis
1454 2390 1654 2417 subsistentibus
1673 2398 1689 2416 a

900 2423 955 2451 Deo
974 2424 1072 2459 factum
1087 2433 1152 2455 esse,
1173 2429 1227 2452 etc.

936 2459 992 2494 (δὲ)
1016 2459 1078 2486 Mss.
1096 2461 1180 2486 nostri
1201 2468 1297 2487 omnes
1315 2460 1426 2493 habent,
1440 2460 1468 2487 in
1484 2460 1631 2486 traducem.
1647 2458 1688 2486 ln-

901 2495 941 2522 ira
961 2495 1026 2521 editi
1038 2515 1044 2526 ,
1062 2495 1125 2529 quid
1142 2495 1259 2522 dicemus
1272 2505 1282 2523 :
1303 2503 1363 2521 mox
1380 2503 1445 2522 mss.
1465 2495 1631 2522 Sorhonicus
1656 2499 1684 2522 et

902 2530 930 2557 S.
950 2530 1106 2557 Michaelis.
1128 2532 1160 2556 de
1185 2530 1224 2558 his
1243 2531 1287 2565 qui
1311 2530 1442 2564 interfecti
1465 2531 1572 2556 adhuc:
1595 2535 1686 2564 postea

900 2573 994 2593 omnes
1007 2573 1083 2596 mss.,
1097 2570 1120 2592 et
1133 2566 1202 2600 quod
1217 2574 1401 2600 nonnunquam
1416 2566 1494 2592 etiam
1507 2565 1588 2599 (editi
1602 2564 1685 2600 omit-

902 2602 960 2628 ttuit
979 2599 1073 2635 etiam)
1092 2606 1231 2634 antequam
1247 2599 1422 2632 vasculorum,
1449 2605 1501 2628 etc.
1526 2600 1577 2627 Sed
1602 2599 1688 2634 legen-

901 2637 962 2663 dum
983 2635 1088 2662 videtur
1105 2641 1134 2662 ut
1154 2636 1180 2662 in
1203 2640 1296 2663 nostro
1316 2640 1401 2662 textu.

936 2671 992 2706 (85)
1017 2670 1097 2704 Editi,
1115 2671 1283 2705 participabit
1307 2671 1333 2697 id
1359 2671 1431 2705 quod
1447 2670 1532 2697 adhuc
1553 2671 1582 2697 in
1599 2673 1685 2706 oeutre

899 2704 1030 2740 receptum
1044 2711 1092 2738 est,
1112 2712 1136 2732 et
1151 2707 1253 2739 repulsa
1263 2711 1299 2733 est
1318 2705 1365 2732 illa
1381 2707 1447 2732 ratio
1463 2713 1532 2740 qum,
1549 2711 1603 2732 etc.
1618 2704 1684 2731 Mss.

901 2742 1067 2769 Sorbonicus
1080 2746 1107 2769 et
1122 2741 1151 2768 S.
1168 2741 1306 2768 Michaelis
1322 2741 1347 2767 in
1374 2740 1495 2767 Pericula
1515 2741 1608 2772 maris,
1623 2747 1687 2774 par-

899 2778 1016 2810 ticipavit
1035 2777 1062 2803 id
1090 2778 1160 2810 quod
1186 2777 1271 2803 adhuc
1292 2778 1318 2803 in
1342 2781 1428 2803 ventre
1449 2781 1571 2810 corrupto
1596 2780 1644 2805 est.
1661 2778 1688 2801 et

900 2813 1004 2847 repulsa
1024 2817 1061 2839 est
1080 2813 1129 2839 illa
1151 2812 1218 2840 ratio
1243 2819 1317 2848 quw,
1339 2817 1391 2840 etc.
1415 2811 1512 2840 Caneri
1533 2819 1598 2839 vero
1618 2817 1686 2838 mss.

903 2853 931 2876 ut
949 2848 975 2874 in
999 2852 1091 2875 nostro
1100 2881 1105 2885 η
1115 2852 1199 2876 textu.
