1915 3079
212 115 263 144 607

829 111 858 138 S.
879 111 1043 139 PAMPHILI
1063 110 1241 139 MAB'iYRIS

1790 111 1853 139 608

213 175 331 203 maxime
346 181 409 202 cum
423 173 489 200 illud
509 172 647 208 praecipue
662 172 818 200 servaverit
830 173 901 207 quod
914 173 942 201 in
954 173 1005 201 Ec—
1019 175 1042 204 Α
1055 172 1196 200 contrario
1211 171 1265 200 dici
1279 174 1417 207 poterunt,
1431 170 1604 206 disputentur
1617 177 1626 197 τ
1649 174 1678 198 et
1695 170 1765 198 hanc
1781 178 1852 198 esse

215 222 297 249 clesia
328 221 361 248 de
385 219 481 247 anima:
510 219 684 246 confessione
709 218 814 246 servari
840 220 1003 247 omnimodis

215 267 308 298 debet,
323 265 349 292 id
366 270 408 292 est
433 265 609 292 ne'diversas
624 271 738 292 naturas
751 271 811 292 esse
827 264 931 293 diceret
946 265 1004 292 ani-

218 320 346 341 marum:
366 312 489 346 quinimo
504 316 530 339 et
554 311 679 339 dicentes
699 312 858 347 redarguit,
873 316 901 340 et
921 312 1003 340 vebe-

219 358 301 386 menti
314 358 465 384 assertione
475 357 624 384 convincit.
641 356 700 392 Ipse
711 362 801 385 autem
814 357 915 385 fatetur
924 357 1005 386 unius

216 403 375 432 substantia:
394 410 490 431 omnes
515 410 576 430 esse
598 403 715 435 animas,
741 408 769 431 et
786 404 956 432 immortales
972 412 1004 431 ac

217 448 407 481 rationabiles,
424 448 502 476 liberi
520 449 627 476 arbitrii
644 457 677 477 ac
694 449 843 478 voluntatis
855 459 862 477 :
874 450 1004 484 judican-

217 495 266 523 das
276 502 384 530 quoque
395 503 456 523 esse
469 502 518 530 pro
534 495 575 523 liis
588 502 648 530 qua:
663 495 690 523 in
707 496 758 523 hac
774 496 829 524 vita
843 500 1004 531 gesserunt:

217 548 278 569 esse
292 546 383 569 tamen
401 548 448 569 eas
467 541 554 569 iactas
571 549 586 569 a
613 542 678 574 Deo,
694 542 739 577 qui
760 543 886 570 universa
904 542 1007 570 creavit

217 592 246 615 et
259 587 391 615 condidit.
407 587 520 621 Quando
536 593 626 616 autem
642 588 721 616 factm
742 589 807 621 sint,
825 589 890 616 olim
914 588 1005 620 simul.

218 638 267 660 aut
292 640 363 660 nunc
380 639 428 668 per
452 633 574 668 singulos
594 634 766 661 nascentium
780 654 787 667 ,
806 633 871 668 quid
894 633 1006 668 periculi

218 683 262 706 est
276 678 390 706 alterum
414 686 430 706 e
445 679 550 706 duobus
562 680 691 713 opinari?
714 678 769 715 (84)
792 679 845 707 Sed
868 679 948 707 aliter
963 687 1006 707 re-

220 724 355 758 spondere
374 724 503 758 possibile
519 728 571 756 est,
587 729 618 751 ut
639 725 728 751 omnis
751 725 859 760 penitus
882 724 1006 759 culpandi

221 768 311 795 aditus
323 767 494 796 excludatur.
509 767 585 795 Sicut
605 769 677 796 enim
696 769 730 797 de
746 769 927 797 lumlnaribus
947 769 1008 797 coeli

221 814 328 841 diversa
347 814 456 849 singuli,
482 815 562 843 etiam
587 815 640 850 ipsi
665 815 711 850 qui
730 820 794 843 sunt
817 816 844 842 in
861 815 1007 849 Ecclesiis,

1055 223 1142 246 artem
1159 218 1313 253 disputandi
1338 225 1392 245 nou
1409 217 1591 249 advertentcs,
1613 216 1747 251 objiciunt
1770 216 1795 244 ci
1813 217 1852 244 dc

1054 265 1107 292 hoc
1128 264 1263 298 dogmate,
1278 263 1351 299 quod
1365 263 1442 298 quasi
1463 262 1519 298 ipse
1537 262 1656 290 senserit
1675 269 1708 290 ea
1724 269 1786 297 quae
1812 270 1850 290 ex

1055 310 1227 338 adversantis
1240 317 1355 345 persona
1373 309 1512 338 disseruit.
1531 308 1652 343 Denique
1664 307 1738 344 quod
1752 308 1852 336 discu-

1057 356 1139 385 tiendi
1157 357 1216 384 haec
1230 360 1258 384 et
1281 363 1334 385 non
1355 356 1532 384 conﬁrmandi
1550 356 1650 383 dixerit
1675 362 1772 387 causa.
1788 355 1852 389 ipse

1055 411 1103 438 per
1121 410 1153 431 ea
1170 410 1231 437 quae
1253 407 1314 437 post
1331 407 1478 430 tractatum
1496 401 1535 430 rei
1554 402 1640 437 ipsius
1664 401 1775 437 adjecit,
1799 408 1851 429 os-

1057 449 1143 476 tendit
1167 448 1219 476 hoc
1241 448 1322 476 modo
1343 447 1458 476 dicens:

1091 495 1236 523 ORIGENES.
1258 495 1314 530 (88)
1332 504 1342 521 ε
1361 495 1414 523 Sed
1431 495 1499 526 lucc,
1522 498 1652 528 quantum
1669 493 1704 520 ad
1719 500 1769 520 nos
1783 501 1853 528 por-

1058 542 1142 574 tinct,
1163 549 1215 569 non
1243 542 1297 569 sint
1322 541 1466 577 dogmata;
1492 541 1538 568 sed
1557 539 1737 567 discussionis
1759 540 1851 574 gratia

1057 588 1129 616 dicta
1149 588 1214 620 sint,
1232 592 1259 615 et
1273 587 1446 622 abjiciantur.
1463 587 1516 615 Pro
1540 594 1572 615 eo
1588 591 1678 614 autent
1697 586 1758 613 solo
1776 586 1852 613 dicta

1057 640 1130 666 sunt,
1142 641 1175 661 ne
1188 634 1314 661 videatur
1324 633 1439 669 quaestio
1454 638 1537 666 mota,
1551 640 1601 660 non
1615 639 1674 660 esse
1687 633 1826 660 discussa.
1839 641 1849 658 ι

1092 681 1260 709 Paurnttus.
1277 681 1330 709 Sed
1346 681 1403 709 haec
1422 680 1449 708 in
1467 688 1499 708 eo
1517 680 1575 708 loco
1599 680 1680 713 dixit,
1701 679 1728 706 in
1749 687 1805 714 quo
1820 681 1853 707 de

1058 725 1201 754 animabus
1214 726 1376 754 animalium
1393 725 1559 760 requirebat.
1574 725 1630 760 (89)
1643 732 1696 752 non
1711 725 1745 752 de
1764 730 1854 752 trans-

1058 773 1209 801 mutatione
1234 773 1399 801 animarum.
1426 772 1466 800 De
1497 772 1647 799 animarum
1673 778 1739 798 vero
1764 776 1853 798 trans-

1061 819 1212 847 mutatione
1236 819 1263 846 in
1285 819 1401 854 septimo
1418 819 1489 847 libro
1512 818 1539 846 in
1565 817 1739 853 Evangeiium
1756 826 1855 845 secun-

223 861 343 889 sentiunt
358 869 366 894 ;
389 860 449 888 aliis
471 861 580 896 quidem
607 861 784 895 opinantibus
803 868 864 889 esse
882 862 1009 888 animan—
1024 851 1046 879 Β
1060 866 1121 893 dum
1138 865 1295 892 Μαιιιιωιιηι
1314 851 1351 892 ita
1368 865 1466 893 scribit
1487 871 1495 892 :

221 908 271 939 tia,
302 911 330 934 et
353 907 557 934 rationabilium
583 907 781 941 animantium;
801 907 862 935 aliis
882 915 947 935 vero
961 915 1010 942 pu-

224 952 345 980 tantibus
359 953 431 987 quod
457 952 657 980 irrationabilia
682 954 748 986 sint,
775 954 830 981 imo
850 961 916 981 vero
938 954 1010 989 quod

222 1004 276 1025 non
297 999 383 1024 solum
401 997 503 1030 anima,
529 997 578 1025 sed
602 1001 629 1024 et
652 997 725 1025 omni
743 1005 823 1025 sensu
842 997 949 1032 penitus
961 1004 1009 1024 ca-

222 1046 317 1074 reant,
335 1046 362 1069 et
377 1042 434 1069 sola
450 1043 508 1070 sine
529 1043 626 1077 spiritu
649 1051 681 1070 ac
705 1051 786 1071 senstt
805 1043 859 1071 sint
874 1050 1008 1077 corpora:

221 1096 302 1117 nemo
316 1093 406 1116 tamen
421 1089 519 1116 merito
539 1088 654 1116 alterum
668 1096 763 1117 eorum
780 1089 825 1124 qui
841 1089 899 1116 hare
918 1090 954 1116 ita
970 1089 1011 1116 di-

221 1143 301 1162 verse
320 1136 451 1168 sentiunt,
468 1136 626 1163 hmreticum
644 1136 759 1168 dixerit.
778 1140 921 1170 propterea
938 1136 1009 1170 quod

222 1188 276 1209 non
292 1185 385 1215 aperte
403 1182 435 1207 de
459 1181 501 1208 his
526 1181 654 1208 traditum
671 1186 715 1209 est
741 1181 797 1217 (85)
818 1181 845 1208 in
861 1182 1010 1215 apostolica

222 1228 413 1263 praedicatione
428 1236 434 1253 :
454 1228 490 1255 ita
512 1228 594 1255 etiam
607 1235 655 1256 eos
672 1228 718 1263 qui
736 1229 768 1256 de
788 1228 907 1255 humana
921 1228 1011 1256 anima

223 1274 357 1306 dubitant,
377 1280 405 1302 et
418 1275 450 1302 de
466 1274 542 1302 initio
556 1274 614 1310 ejus
634 1274 675 1302 vel
694 1274 799 1310 origine
821 1274 928 1302 diversa
946 1274 1007 1309 opi-

223 1324 333 1352 nantur,
355 1327 408 1347 non
424 1324 465 1347 est
481 1325 583 1347 rectum
596 1320 738 1348 haereticos
749 1320 938 1355 pronuntiare,
953 1327 1011 1346 ma-

223 1365 296 1393 xime
312 1373 374 1392 cum
392 1365 418 1392 in
439 1365 550 1400 reliquis
572 1365 768 1393 ecclesiastica:
783 1365 915 1393 doctrinae
931 1372 1012 1400 regu-

223 1409 258 1438 lis
274 1410 343 1444 quod
362 1416 464 1438 rectum
478 1417 520 1439 est
534 1415 561 1439 et
571 1411 734 1439 catholicum
751 1415 872 1439 teneant.

260 1453 412 1484 Novissima
429 1456 584 1484 criminatio
597 1461 640 1485 est
653 1457 708 1493 (86)
728 1457 1010 1493 μετενσωματώσεως,

223 1502 275 1530 hoc
289 1507 332 1530 est
354 1503 592 1531 transmutationis
607 1503 773 1531 animarum.
786 1504 826 1531 Ad
844 1503 928 1538 quod,
938 1503 1012 1530 sicut

1367 910 1482 938 CAPUT
1501 911 1536 938 Χ.

1183 965 1324 986 ιιιειιομειο
1343 965 1377 985 AD
1397 965 1486 985 NONA“
1505 964 1729 985 CRHIINATIOSEI.

1244 1003 1283 1031 De
1294 1004 1515 1031 transmutatione
1525 1004 1684 1030 animarum.

1095 1050 1241 1079 Ontdttuss.
1264 1060 1275 1077 ι
1291 1050 1348 1086 (90)
1364 1050 1478 1084 Quidam
1489 1050 1596 1084 quidem
1607 1049 1663 1085 (9i)
1674 1049 1781 1084 opinati
1792 1053 1854 1077 sunt

1062 1102 1095 1122 ex
1111 1102 1144 1122 eo
1161 1095 1233 1130 quod
1247 1095 1348 1122 dictum
1360 1099 1402 1122 est
1420 1102 1427 1121 :
1443 1095 1503 1129 Ipse
1515 1099 1554 1122 est
1569 1093 1644 1121 Elius
1657 1095 1702 1129 qui
1726 1099 1855 1122 venturus

1060 1145 1099 1168 est
1112 1141 1134 1156 "
1148 1149 1156 1168 :
1168 1141 1286 1168 animam
1301 1140 1368 1168 Elite
1391 1142 1512 1168 eamdem
1529 1139 1612 1168 fuisse
1627 1148 1707 1176 quam
1727 1140 1853 1168 Joannis.

1060 1184 1138 1219 Quod
1154 1186 1225 1214 enim
1239 1186 1307 1213 dixit
1328 1196 1335 1214 :
1349 1186 1411 1220 Ipse
1420 1191 1457 1214 est
1472 1185 1560 1220 Elius,
1583 1194 1637 1214 non
1657 1186 1689 1212 ad
1706 1186 1792 1219 aliud,
1807 1186 1855 1214 sed

1062 1229 1094 1257 ad
1108 1230 1228 1257 animam
1245 1230 1419 1258 referendum
1448 1235 1590 1265 putarunt,
1606 1235 1632 1258 et
1657 1238 1689 1258 ex
1710 1231 1765 1259 hoc
1787 1238 1855 1266 pene

1061 1275 1117 1304 solo
1128 1284 1256 1305 sermone
1275 1276 1373 1312 dogma
1398 1277 1605 1304 introduxerunt
1637 1278 1855 1313 μετενσωματὼ-

1062 1329 1141 1354 σεως,
1153 1321 1179 1348 id
1193 1327 1246 1354 est,
1260 1321 1496 1349 transmutationis
1506 1322 1669 1356 animarum,
1681 1323 1762 1357 quasi
1772 1323 1854 1350 etiam

1062 1365 1120 1400 ipso
1133 1365 1185 1393 hoc
1196 1365 1260 1394 Jesu
1279 1366 1469 1394 conﬁrmante.
1494 1366 1547 1394 Sed
1562 1371 1719 1402 oportuerat
1742 1368 1855 1400 intueri,

1061 1410 1125 1444 quia
1136 1410 1157 1437 si
1176 1410 1229 1438 hoc
1244 1418 1339 1438 verum
1351 1415 1435 1444 esset,
1454 1411 1481 1438 in
1507 1411 1599 1439 multis
1611 1412 1705 1448 utique
1733 1413 1856 1448 prophe-

1063 1459 1151 1483 tarum
1183 1456 1226 1483 vel
1256 1455 1465 1492 Evangeliorum
1493 1458 1601 1493 scriptis
1632 1458 1722 1486 simile
1750 1459 1857 1494 aliquid

1063 1501 1179 1529 inveniri
1189 1502 1308 1530 deberet.
1320 1502 1388 1529 Tum
1401 1503 1497 1531 deinde
1511 1504 1594 1531 etiam
1620 1505 1667 1532 ille
1692 1512 1785 1533 sermo
1812 1507 1856 1541 qui

224 1549 251 1576 in
265 1548 369 1576 caeteris
384 1548 506 1581 fecimus,
528 1549 614 1583 ipsius
632 1549 678 1584 qui
696 1553 839 1576 accusatur
853 1537 1008 1583 responde-
1024 1537 1045 1566 ο
1063 1548 1126 1575 huic
1139 1547 1305 1582 adjungitur,
1323 1547 1443 1576 ost‘imdit
1469 1551 1644 1578 secretiorem
1660 1537 1858 1586 quemdam'et

225 1594 314 1622 bimus
334 1594 443 1622 verbis:
465 1593 530 1622 illud
556 1595 644 1630 primo
669 1596 874 1631 pernecessario
892 1601 1011 1622 commo-

225 1645 328 1672 nentes,
343 1641 406 1676 quia
419 1644 594 1668 accusatores
605 1640 663 1674 ejus
681 1648 734 1668 nou
753 1640 934 1676 intelligentes
947 1647 1012 1676 qua-

225 1685 289 1714 liter
312 1687 347 1714 ab
366 1694 400 1714 eo
419 1687 453 1714 de
470 1687 520 1714 ista
548 1687 700 1722 quaestione
722 1691 865 1714 tractatqu
891 1686 943 1718 sit,
969 1685 1011 1713 vel

226 1733 298 1768 quod
315 1733 384 1760 ratio
397 1733 589 1768 disputationis
604 1733 640 1760 ita
656 1740 685 1761 se
704 1732 814 1764 habeat,
833 1732 889 1768 (87)
905 1736 934 1759 ut
956 1739 1010 1759 non

226 1786 334 1814 semper
353 1779 408 1807 sola
422 1779 496 1807 velut
518 1787 552 1807 ex
573 1786 689 1815 persona
711 1779 882 1814 pronuntiari
905 1778 1012 1806 videan-

225 1829 269 1853 tur
283 1833 344 1860 qua:
362 1826 500 1859 dicuntur,
524 1826 572 1854 sed
594 1825 730 1853 interdum
752 1826 836 1852 etiam
859 1832 891 1853 ea
915 1831 975 1860 quae
997 1832 1012 1852 e

261 1914 283 1929 ⁸⁷
295 1914 391 1942 Matth.
407 1923 445 1949 ιι,
463 1915 506 1942 id.
546 1914 568 1932 ⁸⁸
584 1915 649 1943 ibid.
665 1915 709 1944 15.

262 2016 318 2053 (84)
339 2017 404 2045 Mss.
424 2018 533 2053 quidam
545 2039 552 2049 ,
575 2017 629 2045 Sed
647 2018 724 2045 aliter
740 2016 893 2052 respondere
916 2016 1010 2051 impos—

227 2053 301 2079 sibile
319 2058 366 2080 est.
389 2053 484 2080 Caneri
508 2060 570 2081 vero
594 2061 658 2080 mss.
683 2059 711 2080 et
733 2053 797 2081 editi
817 2057 846 2080 ut
866 2053 892 2079 in
916 2057 1009 2086 textu,

227 2088 278 2115 nisi
298 2088 368 2121 quod
391 2089 455 2115 editi
476 2089 604 2116 omittunt
622 2088 710 2115 aliter.

265 2123 320 2158 (85')
341 2123 403 2150 Mss.
420 2124 483 2156 duo,
501 2123 600 2158 Regius
612 2124 716 2150 scilicet
736 2127 762 2150 et
780 2122 964 2154 Carbeiensis.
983 2123 1010 2149 in

228 2158 372 2192 apostolica
393 2157 554 2186 traditione."
578 2158 671 2186 czeteri
698 2165 764 2186 mss.
793 2163 821 2184 et
840 2158 906 2185 editi
931 2163 960 2185 ut
982 2157 1009 2184 in

229 2199 322 2221 HOSU'O
341 2198 425 2221 textu.

1063 1601 1192 1622 arcanum
1207 1602 1316 1622 sensum
1330 1595 1355 1622 in
1370 1595 1413 1623 his
1437 1603 1497 1631 qua:
1509 1597 1583 1624 dicta
1615 1602 1678 1625 sunt
1708 1598 1857 1632 requiren~

1064 1640 1138 1673 dum,
1150 1641 1235 1676 magis
1249 1641 1305 1677 (92)
1318 1649 1399 1677 quam
1413 1649 1444 1669 ea
1454 1650 1514 1677 qua}
1534 1643 1570 1670 illi
1590 1643 1741 1671 secundum
1759 1643 1859 1672 littera

1065 1686 1148 1714 solius
1163 1686 1367 1722 intelligentiam
1392 1694 1580 1723 susceperunt.
1595 1696 1656 1717 cum
1683 1689 1751 1716 dicit
1771 1697 1777 1715 :
1802 1690 1858 1723 Qui

1065 1733 1138 1761 habet
1157 1741 1234 1762 aures
1246 1734 1382 1766 audiendi,
1393 1735 1483 1761 audiat
1499 1735 1531 1762 ⁸⁸.
1547 1735 1706 1763 Addendum
1722 1741 1818 1763 autem
1831 1739 1858 1764 et

1066 1779 1141 1812 illud,
1158 1779 1183 1807 id
1198 1784 1251 1813 est,
1271 1781 1334 1815 quia
1353 1781 1375 1809 si
1391 1789 1439 1816 pro
1455 1781 1584 1816 peccatis,
1609 1781 1758 1809 secundum
1786 1782 1856 1817 quod

1067 1824 1116 1859 ipsi
1129 1825 1261 1860 sentiunt,
1277 1826 1469 1854 transmutatio
1486 1826 1534 1854 ﬁat
1555 1827 1720 1860 animarum,
1745 1832 1857 1863 propter

1062 2015 1173 2051 epistola
1186 2016 1224 2051 ad
1246 2015 1353 2043 Avitum
1365 2023 1372 2041 :
1384 2015 1424 2042 Ad
1436 2020 1580 2043 extremum
1593 2024 1624 2042 ne
1636 2020 1772 2042 teneretur
1781 2015 1853 2050 (Ori-

1062 2052 1160 2087 genes)
1177 2050 1346 2086 Pythagorici
1363 2051 1494 2087 dogmatis
1507 2059 1568 2087 reus
1580 2051 1625 2085 qui
1639 2052 1734 2077 asserit
1749 2059 1852 2086 μετεμ-

1062 2059 1160 2087 gettes;
1177 2059 1346 2086 rytnagortct
1363 2059 1396 2077 uo
1417 2059 1494 2078 matis
1507 2059 1568 2078 reus
1580 2059 1625 2085 qui
1639 2059 1734 2077 assem
1749 2059 1852 2086 μετεμ-

1061 2084 1183 2121 ψύχωσιν
1196 2091 1255 2119 post
1274 2091 1328 2112 tam
1355 2059 1496 2121 nefandum
1518 2086 1724 2118 disputationem
1741 2094 1796 2120 qua
1818 2088 1854 2113 te-

1063 2120 1141 2148 cta'r'is
1150 2122 1266 2148 animum
1275 2121 1430 2148 vulneravit.
1442 2130 1451 2145 ε
1460 2120 1534 2154 "rec,
1544 2121 1638 2156 inquit,
1647 2121 1725 2155 juxta
1736 2127 1854 2148 nostrain

1064 2157 1233 2186 sententiam.
1253 2164 1304 2182 non
1326 2157 1377 2182 sint
1397 2156 1532 2190 dogmata,
1552 2158 1597 2183 sed
1617 2157 1728 2191 qua’sita
1749 2161 1854 2183 tantum

1066 2196 1144 2226 atque
1163 2192 1292 2225 projecta,
1306 2199 1337 2218 ne
1349 2192 1452 2224 penitus
1472 2191 1572 2218 intacta
1591 2191 1752 2218 viderentur.
1769 2201 1780 2217 ι

265 2228 322 2263 (86)
343 2228 380 2255 Ita
400 2236 494 2256 omnes
514 2237 580 2258 mss.
595 2233 624 2256 et
642 2227 810 2256 Genebrardi
833 2227 926 2256 editio.
944 2227 1012 2255 Mer—
1029 2229 1050 2256 D
1099 2226 1156 2261 (89)
1169 2226 1239 2253 Editi
1257 2231 1317 2263 post
1333 2227 1391 2263 haec
1400 2226 1500 2263 verba,
1514 2227 1614 2263 nonde
1630 2226 1853 2263 transmutatione

229 2262 300 2303 linus
326 2271 408 2303 vero,
431 2263 683 2300 μεταμορφώσεως,
706 2264 754 2290 hoc
779 2267 816 2290 est
837 2263 1012 2299 transforma-

228 2298 306 2324 tionis
322 2298 481 2326 animarum.

265 2329 320 2366 (B7)
339 2332 408 2360 Editi
421 2353 428 2365 ,
447 2338 475 2360 ut
495 2343 547 2362 non
567 2343 668 2367 semper
689 2334 757 2361 velut
775 2341 806 2360 ea:
827 2341 880 2360 una
902 2342 1014 2368 persona

228 2368 399 2404 pronuntiari
483 2371 527 2396 sed
547 2370 679 2399 interdum
693 2370 771 2396 etiam
789 2377 819 2396 ea
834 2377 893 2404 quae
906 2374 1015 2396 contru-

230 2405 271 2429 ria
294 2403 346 2430 dici
359 2408 511 2440 potuerunt,
527 2405 702 2440 disputentur.
722 2404 786 2431 Mss.
803 2404 901 2440 nostri,
918 2409 945 2430 ut
963 2412 1014 2430 non

229 2446 331 2475 semper
343 2440 402 2475 sola
417 2438 500 2474 (mss.
523 2438 708 2472 Sorbonicus,
737 2439 841 2475 omnia)
863 2439 932 2466 velut
954 2447 1015 2473 pro-

230 2474 348 2500 nuntiari
362 2493 417 2502 ην..
433 2476 478 2502 sed
494 2476 625 2502 interdum
642 2476 720 2501 etiam
738 2483 768 2501 ea
783 2483 841 2509 qute
854 2482 867 2501 ε
880 2474 1014 2501 contraria

229 2509 283 2549 dici
301 2514 432 2545 poterunt,
450 2511 625 2546 disputentur.
643 2510 696 2538 Sed
707 2511 850 2545 legendum
867 2510 975 2537 videtur
986 2515 1014 2536 ut

229 2551 257 2571 tn
281 2549 367 2571 textu.

265 2579 327 2616 (88)”
341 2579 405 2607 Vide
425 2585 502 2608 notas
518 2581 564 2608 lib.
580 2589 586 2607 I
601 2580 637 2607 De
653 2581 776 2616 princip.,
792 2587 851 2615 cap.
870 2580 897 2614 8,
914 2580 1011 2616 notJ.

230 2611 293 2650 Haec
311 2611 435 2650 Origenis
456 2616 537 2643 verba
557 2611 679 2643 addenda
702 2611 774 2643 suiit'
788 2611 897 2643 ίηῚὶηὸ
919 2615 1015 2649 capitis

229 2649 256 2685 8.
279 2649 340 2677 libri
355 2649 374 2683 ιζ
394 2651 431 2677 De
454 2651 603 2685 principiis,
621 2651 664 2678 ubi
682 2652 845 2678 omittuntur
863 2655 890 2678 et
905 2651 948 2677 ubi
966 2657 1014 2683 pro

230 2684 273 2711 his
287 2686 426 2712 transtulit
447 2686 576 2713 liuliuus:
596 2687 668 2718 Quas
683 2694 729 2713 nos
744 2695 795 2713 non
804 2687 889 2714 solum
901 2694 952 2712 non
967 2693 1014 2712 su-

229 2720 366 2752 scipimus,
388 2721 432 2747 sed
445 2725 469 2747 et
484 2728 572 2748 omnes
586 2721 633 2748 ltus
646 2722 802 2748 assertiones
817 2729 908 2748 eorum
923 2727 1015 2747 contra

229 2754 308 2792 [idem
320 2759 442 2792 nostram
451 2755 585 2792 uenientes
603 2757 751 2791 refutamus
768 2762 844 2790 atque
858 2756 1012 2792 respuintus.

237 2788 299 2815 Vide
316 2790 527 2817 Observationes
545 2788 652 2819 nostras
672 2792 698 2818 in
709 2788 940 2822 liunclocumfet
952 2790 1015 2816 Uri-

230 2823 367 2856 geniunor.
384 2824 431 2851 lib.
449 2832 476 2857 ιι,
493 2831 588 2858 quaest.
605 2827 632 2857 6,
652 2834 726 2853 num.
745 2827 835 2857 17,18
853 2825 933 2853 etii).
953 2825 1015 2853 Haec

230 2859 323 2886 eadem
349 2859 473 2894 Origenis
490 2861 577 2896 ‘vcrba
607 2861 651 2895 sic,
672 2862 755 2890 refert
781 2861 963 2896 Hieronymus
987 2861 1013 2888 in

1066 2260 1225 2294 animarum,
1241 2261 1316 2296 quasi
1339 2261 1366 2287 in
1388 2261 1464 2288 titulo
1483 2269 1546 2288 mox
1564 2262 1674 2292 habent,
1695 2260 1728 2287 In
1743 2262 1854 2295 septima

1065 2297 1132 2324 libro
1148 2297 1175 2323 in
1188 2295 1359 2331 Euangelium
1377 2296 1520 2323 secundant
1537 2296 1691 2323 Matthmum
1708 2297 1744 2323 ita
1761 2296 1851 2323 scribit

1064 2333 1096 2359 de
1117 2332 1337 2359 transmutatione
1357 2332 1516 2358 animarum.
1540 2332 1593 2359 Sed
1615 2339 1682 2358 mss.
1705 2336 1735 2357 ut
1756 2332 1784 2358 in
1805 2339 1852 2358 no-

1065 2373 1121 2395 stro
1131 2372 1215 2400 textu,
1227 2367 1278 2394 nisi
1291 2366 1361 2401 quod
1374 2367 1482 2400 quidam
1495 2367 1622 2394 omittant
1634 2375 1703 2398 vero,
1716 2372 1745 2393 et
1757 2373 1852 2393 omnes

1066 2403 1194 2435 habt-ant,
1217 2403 1244 2429 in
1269 2401 1429 2436 Evangelia;
1452 2402 1499 2428 sed
1529 2402 1701 2429 scribendum
1722 2402 1852 2428 duximus

1065 2445 1126 2464 cum
1142 2438 1234 2470 editis,
1251 2437 1278 2463 in
1303 2437 1484 2472 Euangelium.
1505 2437 1605 2464 Deinde
1633 2437 1740 2463 titulum
1764 2437 1850 2472 liunc,

1066 2472 1207 2506 Responsio
1235 2473 1269 2499 ad
1293 2470 1390 2499 nouant
1413 2472 1635 2499 criminationem.
1657 2472 1740 2505 Caput
1757 2470 1796 2503 Χ.
1817 2471 1852 2498 De

1065 2508 1283 2534 transmutatione
1310 2509 1482 2540 animarum,
1512 2508 1544 2534 de
1571 2512 1666 2534 nostro
1699 2507 1852 2534 addidimus

1065 2544 1098 2570 ad
1116 2543 1257 2570 clariorem
1272 2542 1351 2569 libelli
1366 2543 1527 2570 divisionem
1544 2551 1551 2569 :
1569 2550 1619 2569 nec
1638 2542 1710 2570 enim
1727 2543 1755 2568 in
1769 2542 1848 2569 editis

1066 2585 1116 2606 nec
1141 2579 1165 2604 in
1186 2585 1250 2604 mss.
1273 2582 1420 2612 comparet.

1101 2613 1156 2648 (90)
1168 2613 1206 2640 Ex
1222 2613 1268 2640 lib.
1281 2619 1319 2639 VII
1335 2611 1479 2640 Comment.
1490 2613 1518 2640 in
1530 2612 1695 2640 Matthteum.

1100 2647 1156 2684 (9|)
1172 2649 1210 2675 lla
1228 2655 1327 2684 omnes
1338 2655 1403 2675 mss.
1419 2649 1515 2675 nostri.
1537 2648 1606 2675 Ε(ιίιί
1619 2653 1728 2684 autem,
1742 2647 1838 2682 opinati

1065 2681 1269 2710 turnsunimam
1285 2681 1351 2709 Elite
1365 2684 1482 2710 canitiem
1493 2691 1548 2710 esse
1558 2692 1617 2718 (μην
1628 2683 1752 2715 Joannis,
1771 2688 1824 2710 etc.

1101 2719 1156 2754 (92)
1171 2718 1253 2750 Editi,
1266 2726 1344 2754 quam
1359 2719 1428 2752 quod
1441 2719 1499 2750 illi;
1515 2724 1541 2746 et
1563 2719 1643 2753 paulo
1654 2723 1726 2753 post,
1747 2718 1850 2744 Adden-

1065 2753 1128 2780 dum
1144 2760 1231 2780 autem
1244 2758 1268 2779 et
1280 2753 1347 2788 illud
1363 2758 1412 2784 est,
1424 2755 1498 2788 quia,
1511 2759 1565 2781 etc.
1576 2754 1639 2780 Mss.
1652 2753 1755 2787 plures.
1771 2760 1846 2787 quam

1065 2797 1124 2828 quia
1139 2789 1180 2815 illi
1192 2789 1254 2822 (ms.
1273 2787 1449 2828 Sislﬂtjlllliﬂ'ti,
1466 2797 1543 2828 quam
1558 2797 1632 2828 quem
1645 2788 1847 2828 illi)....Adden-

1065 2826 1128 2850 dum
1141 2830 1227 2850 autem
1243 2829 1267 2850 et
1284 2823 1350 2850 illud
1366 2829 1413 2855 est,
1430 2823 1504 2858 quia,
1522 2829 1575 2852 etc.
1605 2823 1657 2852 Sed
1683 2824 1782 2852 melius
1802 2830 1852 2850 ms.

1067 2859 1233 2888 Sor-bonicus
1250 2863 1278 2887 ut
1295 2859 1320 2886 in
1341 2863 1428 2887 textu.
