1915 3079
234 128 284 156 ϐΗ

854 127 883 154 S.
903 125 1065 153 PAMPIIILI
1084 124 1264 153 MARTYRIS

1812 124 1866 152 612

267 187 430 216 Pupntws.
445 186 482 214 De
490 186 595 218 eodem,
615 193 647 213 ex
659 185 740 213 tertio
758 185 864 212 decimo
893 184 964 212 libro
988 191 1021 211 ex
1044 182 1189 218 Evangelia
1200 182 1340 209 secundum
1357 181 1522 210 Matlhwum.

267 245 487 282 (96‘)Ontcenes.
503 243 559 280 (9-7)
578 252 588 269 ι
602 243 631 270 in
643 232 686 271 his
701 243 844 276 Elias,non
856 242 945 270 anima
962 242 1024 269 Elia:
1038 234 1063 262 Α

231 293 282 320 dici
296 291 361 319 mihi
377 291 494 323 videtur,
511 290 550 317 uti
569 297 601 316 ne
617 289 789 316 incurratnus
802 290 828 316 in
844 289 939 323 dogma
952 287 1019 315 alie-

232 345 295 365 num
311 337 344 364 ab
359 335 479 363 Ecclesia
495 335 542 362 Dei
561 335 594 362 de
610 334 836 361 transmutatione
855 334 1017 364 animarum.

231 383 302 416 quod
318 389 366 409 nee
377 381 410 408 ab
422 380 551 416 apostolis
568 379 696 406 traditum
711 384 763 411 est,
778 386 827 406 nec
853 385 966 413 usquam
992 378 1018 404 in

230 427 379 462 Scripturis
390 427 498 454 cautum
512 431 563 453 est.
580 426 753 454 Contrarium
772 432 889 460 namque
911 429 953 451 est
976 425 1018 451 his

228 481 289 508 quae
305 473 374 499 dicta
390 476 454 499 sunt
471 472 504 498 ab
518 471 666 505 Apostolo:
687 470 817 503 Quoniam
827 478 885 504 quae
899 469 1019 496 videnlur

228 519 384 554 temporalia
396 523 455 545 sunt
468 519 491 534 ⁷⁸
501 539 508 552 ,
520 517 582 553 ῗ(98)
602 522 629 545 et.
643 518 686 545 ubi
707 522 747 545 est
764 518 815 544 hoc
828 517 899 551 quod
924 523 1017 544 omnes

228 567 378 602 Scriptura:
395 558 643 599 contirmant,quod
657 572 775 600 praesens
785 564 912 592 satculum
926 563 1018 590 ﬁnien-

229 613 292 640 dum
303 618 345 640 est
360 613 393 639 ⁷⁸.
409 612 461 640 Sed
477 620 524 639 nec
538 611 602 638 illud
622 611 719 645 poterit
731 616 805 638 stare
817 610 888 645 quod
914 610 1015 636 dictum

228 663 271 685 cst
288 667 295 685 :
311 657 410 685 Caelum
425 664 447 685 et
461 663 530 685 terra
545 657 693 684 transibunt
707 658 730 673 ⁷⁷
745 665 751 689 ;
767 665 854 692 neque
869 657 932 684 illud
945 657 1016 692 quod

228 704 296 730 dicit
309 704 453 738 Apostolus
469 713 475 730 ε
490 704 624 731 Transibit
634 704 704 731 enim
716 703 822 730 habitus
836 704 915 738 hujus
940 712 1017 731 mun-

228 750 255 776 di
265 750 289 766 ⁷⁵
304 759 311 783 ;
326 755 353 777 et
365 750 429 777 illud
444 757 450 776 :
471 750 534 777 (ἰωιί
547 751 669 784 peribunt
681 750 716 782 ⁷⁹,
727 754 755 777 et
769 757 801 776 ea
818 757 877 785 qum
898 757 1016 784 sequun-

228 799 283 822 tur.
310 794 339 821 Si
352 795 489 830 euim(ut
510 796 587 822 aiunt
612 800 736 822 auctores
761 795 841 829 hujus
864 795 1014 830 dogmatis)

228 847 308 867 nemo
322 844 408 874 pbtest
428 840 453 866 in
474 840 499 867 id
517 840 626 867 initiuut
639 841 757 872 restitui,
773 840 845 874 quod
865 840 952 875 primo
966 840 1014 867 fuit

228 879 262 912 ab
280 884 356 912 initio
369 885 459 911 mundi
481 892 567 919 usque
582 885 614 911 ad
632 885 723 919 liuetn,
751 893 803 920 qua
818 893 850 912 ex
867 893 946 912 causa
964 885 1015 912 im-

229 931 325 958 mutari
342 931 461 958 animam
482 931 525 957 vel
548 931 692 958 transferri
721 932 840 959 secundo
865 932 906 959 vel
935 932 1014 959 tertio

225 983 293 1011 opus
308 981 362 1010 est,
376 976 416 1003 vel
444 976 619 1011 frequenter?
649 977 705 1004 lloc
722 978 795 1004 enim
824 978 905 1005 modo
938 978 1013 1005 reddi

226 1023 324 1050 delicta
354 1024 566 1058 uniuscujusque
598 1024 751 1058 perhibent,
771 1028 797 1050 et
815 1031 908 1058 poenas
929 1024 976 1057 lui,
992 1025 1014 1052 si

229 1069 256 1097 in
276 1070 381 1097 diversa
395 1077 511 1104 corpora
526 1069 696 1103 frequentius
710 1069 766 1104 (99)
784 1069 1013 1098 transmittuntur.

226 1115 302 1149 Quod
318 1116 412 1150 utique
428 1113 565 1150 superﬂuo
579 1114 640 1146 fiet,
663 1115 684 1141 si
702 1115 762 1142 linis
778 1115 868 1142 nullus
891 1116 1016 1143 emenda-

227 1161 310 1190 tionis
325 1165 462 1194 occurrat,
479 1169 528 1188 nec
545 1161 598 1188 erit
612 1168 729 1194 unquam
739 1161 847 1196 quando
858 1169 910 1188 non
924 1162 1014 1189 anima

226 1207 419 1236 transferatur.
435 1207 468 1234 Et
482 1207 503 1234 si
521 1214 628 1240 semper
644 1215 692 1241 pro
700 1207 808 1234 delictis
827 1208 969 1235 animabus
981 1208 1014 1235 ad

227 1260 342 1288 corpora
357 1253 462 1280 diversa
472 1252 637 1279 redeundum
646 1257 697 1285 est,
712 1252 772 1287 quis
783 1261 900 1288 unquam
914 1254 1015 1281 mundo

226 1299 334 1325 dabitur
347 1298 419 1330 linis,
436 1301 466 1324 ut
482 1297 624 1331 impleatur
640 1297 705 1324 illud
730 1298 801 1332 quod
831 1298 932 1325 dictum
946 1305 989 1327 cst
1006 1308 1012 1325 :

226 1342 326 1369 Caium
341 1346 363 1369 ει
376 1347 445 1369 terra
457 1342 606 1368 transibunt
617 1341 659 1367 l‘°'!
676 1341 751 1374 Quod
766 1345 793 1368 et
800 1342 1016 1374 si‘concedatur;

227 1389 300 1416 verbi
317 1388 417 1423 gratia,
432 1393 461 1414 ut
476 1389 512 1415 sit
524 1387 621 1422 aliquis
634 1388 692 1414 sine
707 1392 819 1421 peccato
831 1407 838 1419 ,
862 1396 942 1422 quem
956 1388 1013 1422 jam

227 1439 279 1458 non
310 1431 345 1458 sit
372 1438 482 1458 necesse
510 1429 611 1457 revolvi
638 1429 665 1456 in
695 1437 803 1463 corpus,
820 1429 858 1464 (1)
876 1437 923 1464 per
950 1435 1015 1464 quot

226 1481 349 1511 tcmpora
365 1477 522 1512 putabimus
533 1475 647 1502 inveniri
664 1483 745 1501 unam
763 1475 878 1503 fortasse
894 1476 936 1502 vix
953 1476 1014 1502 ani-

227 1531 299 1550 mam
313 1530 374 1558 quae
389 1523 497 1557 penitus
513 1529 578 1557 pura
599 1522 644 1552 sit,
664 1529 714 1549 nec
728 1522 926 1561 permutatione
954 1529 1014 1548 cor-

227 1569 301 1605 poris
313 1568 450 1604 indigeat?
464 1568 540 1601 Quod
553 1573 581 1595 et
595 1568 682 1603 ipsum
695 1569 718 1595 si
751 1568 926 1599 concedatur.
947 1576 1014 1595 ,rur-

227 1623 287 1643 sum
305 1616 471 1642 contrarium
487 1623 566 1642 suum
584 1615 681 1650 dogma
698 1613 824 1641 efﬁcitur.
836 1613 864 1640 Si
877 1614 948 1641 enim
964 1614 1013 1641 de-

227 1669 288 1690 mus
316 1669 415 1695 paucas
429 1668 550 1696 quasque
565 1661 670 1688 animas
690 1667 739 1695 per
758 1661 878 1695 singulos
894 1661 926 1687 ad
950 1668 1012 1695 per-

225 1707 371 1735 fectionem
387 1715 465 1742 posse
484 1707 610 1738 restitui,
629 1707 665 1733 ita
695 1711 724 1733 ut
747 1707 815 1733 ultra
841 1707 866 1732 in
899 1714 1013 1740 corpora

225 1756 320 1782 venire
331 1762 383 1782 non
402 1755 550 1788 indigeant,
569 1744 680 1781 necesse
695 1758 736 1781 est
754 1753 830 1787 (licet
845 1761 891 1788 per
910 1753 1012 1780 infinita

203 1803 324 1830 ‘smcula
347 1806 373 1827 et
401 1801 533 1827 immensa
562 1799 696 1835 tempora)
723 1799 837 1833 singulis
862 1799 1012 1834 quibusque

1118 239 1161 265 Ἐν
1177 239 1280 271 τούτοις
1297 239 1399 272 Ἠλίας,
1412 240 1481 274 οὐχή
1490 239 1563 275 ψυχὴ
1574 239 1649 267 δοκεῖ
1666 249 1712 275 μοι
1723 239 1863 275 λέγεσθαι,

1071 284 1114 311 ἵνα
1134 284 1170 319 μὴ
1190 284 1318 319 ἐμπίπτω
1340 284 1380 316 εἰς
1407 284 1436 310 τὺ
1463 284 1601 320 ἀλλότριον
1629 286 1678 321 τῆς
1699 285 1865 320 Ἐκκλησὶας

1069 330 1115 357 τοῦ
1132 330 1200 357 Θεοῦ
1220 331 1283 365 περὶ
1308 330 1357 365 τῆς
1389 330 1660 366 μετενσωματώσεως
1675 332 1776 367 δόγμα,
1803 332 1863 358 οὔτε

1070 375 1283 411 παραδιδόμενον
1297 375 1350 402 ὑπὸ
1363 375 1417 402 τῶν
1429 375 1600 408 ἀποστόλων,
1615 376 1676 403 οὔτε
1696 377 1864 413 ἐμφαινόμε-

1069 422 1113 449 νόν
1128 429 1178 448 που
1190 421 1244 448 τῶν
1261 421 1377 457 Γραφῶν
1387 430 1393 436 ·
1412 422 1459 448 καὶ
1473 423 1527 458 γὰρ
1538 423 1657 450 ἐναντίον
1673 423 1731 450 ἐστὶ
1741 423 1781 458 τῷ
1791 443 1799 455 ,
1825 424 1863 451 Τὰ

1065 470 1240 504 βλεπόμενα
1253 470 1419 504 πρόσκαιρα
1432 468 1520 501 εἶναι,
1551 470 1598 496 καὶ
1619 470 1776 497 συντέλειαν
1801 471 1863 496 πεξ-

1069 514 1163 541 σεσθαι
1175 514 1221 541 τὸν
1238 515 1324 541 αἰῶνα
1341 515 1451 541 τοῦτον·
1470 515 1538 542 ἀλλὰ
1554 515 1601 541 καὶ
1622 515 1661 550 τῷ
1683 515 1863 551 πληρωθῆναι

1067 560 1097 586 τὸ
1107 580 1114 591 ,
1136 560 1162 586 Ὁ
1177 560 1306 594 οὐρανὸς
1322 559 1372 586 καὶ
1387 560 1405 592 ή
1419 560 1455 594 τῆ
1474 561 1726 595 παρελεύσονται·
1747 561 1796 587 καὶ
1814 561 1860 593 τὸ,

1067 606 1195 642 Παράτει
1212 606 1266 641 γὰρ
1279 606 1311 633 τὸ
1327 606 1430 641 σχῆμα
1447 606 1500 633 τοῦ
1523 607 1640 641 κόσμου
1663 608 1773 634 τούτου
1784 616 1790 622 ·
1814 609 1862 634 καὶ

1067 652 1114 685 τὸ,
1137 654 1170 679 Οἱ
1187 652 1307 686 οὐρανοὶ
1328 652 1521 685 ἀπολοῦνται,
1539 653 1608 688 μετὰ
1617 654 1671 680 τῶν
1683 653 1748 688 ἑξῆς
1767 653 1859 688 αὐτῷ.

1067 698 1170 733 Εξγὰρ,
1187 697 1246 724 καθ’
1264 697 1400 729 ὑπόθεσιν,
1414 697 1454 729 δὶς
1470 697 1579 725 δύναται
1591 698 1620 724 ἐν
1643 700 1675 734 τῇ
1702 699 1748 725 ἀπ’
1773 691 1861 735 ἀρχῆς

1068 744 1149 780 μέχρι
1177 744 1332 776 συντελείας
1357 744 1406 770 τοῦ
1431 744 1533 779 κόσμου
1557 745 1722 771 καταστάσει
1746 746 1762 780 ὴ
1791 745 1862 781 αὐτὴ

1066 789 1138 824 ψυχὴ
1155 789 1183 815 ὲν
1202 788 1242 824 τῷ
1256 788 1371 824 σώματι,
1383 788 1417 815 δι’
1443 789 1533 815 αἰτίαν
1547 789 1579 824 ἣν
1593 789 1626 816 ἂν
1643 789 1748 823 γένοιτο
1765 790 1795 816 ἐν
1818 791 1862 816 αὑ·

1065 834 1120 870 τῷ;
1136 835 1171 860 Ἢ
1189 834 1222 860 δι’
1238 834 1375 869 ἁμαρτίαν
1389 833 1523 868 γενομένη
1537 833 1576 865 δὶς
1591 835 1619 860 ὲν
1637 834 1756 869 σώματι,
1769 834 1815 861 διὰ
1834 835 1861 861 τί

1065 882 1126 916 οὐχὶ
1143 881 1188 907 καὶ
1199 881 1270 916 τρὶς,
1282 881 1328 907 καὶ
1344 879 1488 911 πλεονάκις
1502 879 1576 906 ἔσται
1590 882 1619 907 ἐν
1636 881 1708 915 αὐτῷ
1720 900 1727 911 ,
1745 881 1799 907 τῶν
1819 881 1862 908 διὰ

1068 926 1113 952 τὸν
1129 926 1185 962 βίον
1201 927 1294 952 τοῦτον
1307 927 1353 952 καὶ
1371 925 1405 953 τὰ
1424 926 1606 962 ἡμαρτημένα
1629 927 1657 952 ὲν
1682 926 1759 962 αὐτῷ
1783 926 1862 954 κολά-

1069 982 1138 999 σεων
1148 973 1234 1009 τούτῳ
1251 973 1492 1008 ἀποδοθησομένων
1519 973 1590 1009 μόνῳ
1609 973 1648 1008 τῷ
1672 974 1767 1009 τρόπῳ
1793 975 1862 1001 κατὰ

1067 1018 1116 1054 τὴν
1132 1020 1378 1054 μετενσωμάτωσιν
1389 1029 1396 1052 ;
1412 1019 1501 1055 Ὅπερ
1512 1020 1559 1046 ὲάν
1570 1019 1600 1052 ἐξ
1611 1020 1772 1052 ἁκολουῦἷας
1786 1020 1860 1055 δοθῇ,

1068 1065 1118 1091 οὐκ
1132 1065 1208 1091 ἔσται
1222 1065 1292 1101 τάχα
1313 1065 1357 1092 ὅτε
1380 1065 1453 1101 ψυχὴ
1473 1066 1502 1092 οὐ
1534 1066 1859 1101 μετενσωματωθὴσεται.

1075 1111 1130 1137 Ἀεὶ
1148 1111 1202 1147 γὰρ
1217 1110 1261 1137 διὰ
1275 1111 1310 1138 τὰ
1342 1111 1462 1147 πρότερα
1491 1112 1676 1147 ἁμαρτήματα
1694 1111 1860 1147 ἐπιδημήσει

1068 1157 1106 1194 τῷ
1120 1157 1235 1194 σώματι,
1253 1159 1299 1185 καὶ
1314 1158 1400 1190 οὕτως
1412 1159 1461 1193 οὐχ
1474 1158 1528 1190 ἕξει
1550 1158 1641 1194 χώραν
1655 1159 1672 1193 ἡ
1687 1158 1746 1184 τοῦη
1759 1159 1859 1193 κόσμου

1069 1205 1149 1248 φορᾶι,
1162 1205 1222 1232 καθ’
1235 1206 1267 1241 ἣν
1283 1207 1298 1231 ό
1314 1205 1440 1239 οὐρανὸς
1452 1206 1500 1232 καὶ
1515 1205 1533 1238 ἡ
1549 1205 1586 1241 τῆ
1611 1206 1858 1239 παρελεύσονται.

1069 1251 1128 1277 Ἵνα
1139 1250 1177 1284 δὲ,
1195 1250 1266 1276 κατὰ
1277 1250 1325 1286 τὴν
1343 1250 1469 1277 ὑπόθεσιν
1487 1250 1599 1285 ταύτην,
1612 1250 1721 1277 δίδωται
1739 1251 1787 1277 τὸν
1798 1250 1859 1277 πᾶν·

1067 1305 1100 1332 τη
1112 1296 1303 1334 ἀναμάρτητον
1323 1296 1421 1331 μηκέτι
1445 1296 1521 1331 ἥξειν
1541 1298 1581 1328 εἰς
1600 1297 1630 1323 τὺ
1659 1297 1703 1323 διὰ
1727 1297 1859 1330 γενέσεως

1047 1362 1050 1365 -
1068 1343 1158 1378 σῶμα,
1167 1343 1216 1378 διᾲ⁷
1229 1343 1318 1370 πόσων
1335 1343 1436 1378 χρόνων
1448 1343 1498 1369 οἴει
1514 1343 1577 1378 μίαν
1589 1343 1755 1378 εὑρήσεσθαι
1772 1343 1857 1378 πάντη

1059 1388 1274 1425 -καθαρεύσασαν
1285 1388 1383 1424 ψυχὴν,
1399 1389 1446 1415 καὶ
1469 1389 1505 1424 μὴ
1526 1389 1655 1424 δεομένην
1685 1398 1860 1425 μετενσωμα-

1067 1435 1190 1468 τώσεως;
1206 1435 1300 1470 Ὅμως
1313 1435 1341 1461 δὲ
1357 1436 1403 1462 καὶ
1412 1436 1498 1467 οὕτως
1518 1437 1580 1471 μιᾶς
1598 1437 1725 1467 τινος-ἀεὶ
1753 1438 1785 1463 ἐκ
1812 1437 1856 1463 τοῦ

1068 1481 1220 1516 ὡρισμένου
1247 1481 1301 1507 τῶν
1320 1481 1415 1516 ψυχῶν
1433 1480 1551 1517 ἀριθμοῦ
1579 1481 1790 1518 μεθισταμένης,
1811 1483 1858 1509 καὶ

1069 1527 1166 1563 μηκέτι
1178 1527 1218 1558 εις
1233 1527 1313 1562 σῶμα
1332 1527 1491 1562 ἐρχομένης,
1515 1527 1647 1562 ἐπιλείψει
1672 1528 1737 1554 ποτὲ
1761 1529 1799 1560 ὡς
1817 1528 1860 1556 διά

1067 1581 1147 1599 τινων
1161 1573 1281 1608 ὡσπερεὶ
1299 1573 1420 1608 ἀπείρων
1437 1573 1567 1609 χρόνωνή
1588 1574 1859 1609 γένεσιςμκαταντή-

1068 1618 1222 1651 σαντοςτοῦ
1237 1619 1340 1654 κόσμου
1351 1619 1397 1645 ἐπί
1412 1627 1473 1645 τινα
1490 1619 1548 1650 ἕνα,
1564 1619 1580 1654 ἢ
1595 1619 1732 1655 δεύτερον,
1748 1621 1765 1656 ἦ
1778 1621 1860 1655 ὀλίγῳ

1068 1665 1183 1697 πλείους,
1198 1665 1256 1700 μεθ’
1270 1665 1317 1696 οὒς
1328 1666 1375 1692 καὶ
1399 1666 1496 1697 αὐτοὺς
1508 1666 1709 1698 τελειωθέντας,
1721 1667 1735 1693 ὁ
1758 1667 1859 1702 κόσμος

1067 1710 1247 1746 φθαρήσεται,
1261 1711 1455 1737 ἐπιλειπόντων
1468 1711 1521 1738 τῶν
1541 1712 1582 1743 εἰς
1601 1711 1680 1746 σῶμα
1691 1713 1857 1748 ἐρχομένων·

1065 1757 1133 1792 ὅπερ
1143 1757 1193 1783 οὐκ
1208 1757 1321 1792 ἀρέσκει
1336 1759 1368 1793 τῇ
1382 1757 1477 1792 Γραφῇ
1489 1766 1495 1772 ·
1511 1757 1613 1792 πλῆθος
1627 1757 1680 1793 γὰρ
1691 1755 1762 1784 οἶδεν
1774 1759 1860 1795 ἁμαρ-

1065 1801 1158 1828 τωλῶν
1171 1802 1200 1827 ὲν
1215 1801 1254 1836 τῷ
1270 1801 1356 1837 χρόνῳ
1377 1802 1426 1837 τῆς
1448 1801 1495 1828 τοῦ
1521 1802 1624 1837 κόσμου
1649 1802 1767 1837 φθορᾶς·
1792 1803 1859 1839 ὅπερ

1065 1848 1122 1886 ἐστὶ
1136 1847 1215 1882 δῆλον
1229 1847 1470 1883 συνεξεταζομένου
1484 1847 1544 1881 τοῦ,
1555 1848 1641 1882 Πλὴν
1650 1848 1748 1875 ἐλθὼν
1765 1851 1782 1875 d
1796 1850 1859 1882 Υἱὸς

225 1848 366 1875 animabus
383 1847 415 1874 ad
433 1846 628 1881 perfectionem
654 1846 802 1877 restitutis,
827 1852 935 1872 cessare
955 1845 1009 1878 jam
1065 1848 1122 1886 ἐστὶ
1136 1847 1215 1882 δῆλον
1229 1855 1251 1888 σι

482 1898 484 1903 ·
596 1903 598 1905 ·
842 1892 1123 1922 lNTERPRETATlO
1144 1894 1272 1930 HUETll.

260 1942 289 1969 In
302 1943 345 1970 his
358 1950 405 1983 per
418 1943 502 1969 Eliam
519 1950 571 1969 non
588 1943 653 1983 mihi
666 1942 775 1970 videtur
789 1942 879 1983 anima
895 1942 1104 1983 signilicari.__ne
1115 1943 1219 1970 fortein
1231 1944 1352 1983 alienam
1367 1943 1401 1970 ab
1418 1943 1537 1983 Ecclesia
1550 1943 1601 1983 Dei.
1612 1943 1645 1970 de
1667 1943 1859 1983 tnigrationee

227 1985 345 2012 corpore
358 1978 384 2005 in
399 1986 497 2012 corpus
520 1979 694 2009 sententiam,
708 1985 796 2011 neque
812 1979 844 2004 ab
858 1978 989 2011 apostolis
1007 1978 1152 2010 traditam,
1174 1986 1260 2012 neque
1286 1979 1391 2013 uspiam
1419 1980 1445 2005 in
1470 1978 1617 2012 Scripturis
1630 1978 1765 2012 prolatam
1791 1979 1858 2006 inci-

225 2015 308 2040 dam:
327 2013 389 2040 huic
401 2014 472 2040 enim
486 2013 646 2039 adversatur
663 2013 733 2047 quod
749 2013 881 2046 scriptum
909 2017 964 2048 est,
982 2013 1083 2040 caduca
1100 2021 1130 2040 ea
1148 2021 1209 2040 esse
1224 2021 1283 2048 quae
1299 2012 1442 2044 videntur.
1463 2019 1490 2041 et.
1512 2012 1729 2040 consummatum
1755 2014 1788 2040 iri
1807 2021 1857 2040 sae-

223 2049 315 2075 culum
346 2050 446 2080 hocre',
463 2048 527 2082 quin
543 2053 569 2074 et
589 2055 682 2075 corum
707 2048 854 2082 peractioui
876 2056 882 2073 :
899 2047 998 2074 Ca’lnm
1014 2053 1037 2073 et
1050 2054 1120 2074 terra
1140 2047 1291 2075 transibunt
1308 2056 1317 2080 ;
1337 2053 1363 2076 et.
1390 2057 1395 2074 :
1422 2048 1546 2075 l’rwterit
1577 2049 1645 2075 enim
1661 2049 1750 2082 figura
1779 2049 1858 2082 hujus

225 2084 336 2115 mundi;
355 2089 405 2110 et:
429 2083 492 2110 Coeli
510 2083 631 2117 peribunt
645 2103 652 2115 ,
676 2090 736 2109 cum
759 2083 790 2109 iis
812 2089 871 2116 quae
895 2088 1054 2115 sequuntur.
1071 2083 1138 2109 Nam
1150 2084 1184 2116 si,
1201 2089 1229 2110 ut
1249 2084 1274 2110 id
1293 2092 1435 2118 ponamus,
1451 2084 1476 2110 iu
1502 2092 1535 2110 eo
1558 2092 1646 2110 rerum
1662 2089 1733 2110 statu
1758 2085 1804 2117 qui
1825 2086 1858 2110 ab

226 2119 302 2145 initio
313 2120 346 2145 ad
359 2119 619 2146 consunmtationem
636 2125 719 2151 usque
732 2118 823 2144 mundi
838 2118 981 2149 obtinebit,
995 2119 1089 2145 eadem
1107 2120 1198 2145 anima
1221 2119 1261 2145 bis
1273 2127 1372 2153 corpus
1387 2119 1477 2146 subire
1490 2125 1589 2153 potest,
1616 2126 1798 2153 coquaumam
1824 2119 1858 2145 ob

226 2161 335 2180 causam
350 2154 450 2181 subibit
465 2152 549 2180 illud?
563 2153 590 2179 Si
607 2157 717 2187 propter
733 2159 872 2186 peccatum
891 2153 932 2179 bis
948 2160 1045 2187 corpus
1059 2154 1140 2185 subit,
1154 2162 1202 2180 cur
1216 2162 1268 2180 nou
1287 2152 1339 2185 ter,
1358 2159 1384 2180 et
1399 2152 1498 2188 saepius
1512 2154 1622 2184 subibit,
1653 2162 1714 2180 cum
1729 2161 1779 2188 per
1808 2155 1858 2181 ιιιὶτ

226 2190 378 2224 grationt-ru
391 2189 560 2216 solummodo
572 2196 587 2215 e
600 2189 754 2224 corporein
768 2195 879 2224 corpus,
897 2194 946 2215 nec
962 2188 1014 2214 alia
1028 2189 1124 2221 quavis
1143 2189 1248 2216 ratione
1264 2189 1318 2215 vita
1333 2190 1401 2216 haec.
1416 2190 1442 2215 in
1457 2197 1543 2222 eaque
1557 2189 1674 2216 admisaa
1688 2188 1793 2222 ﬂagitia
1810 2197 1858 2223 pu-

225 2223 443 2256 niantur?Quod
460 2225 481 2250 si
497 2232 529 2250 ex
544 2223 777 2256 consequentibus
808 2223 890 2249 luerit
905 2230 1076 2255 concessum,
1093 2231 1230 2258 nunquam
1250 2232 1302 2251 non
1316 2224 1430 2251 fortasse
1447 2225 1537 2250 anima
1550 2231 1565 2251 e
1581 2231 1695 2258 corpore
1720 2225 1745 2250 in
1759 2231 1858 2258 corpus

225 2259 438 2290 transmigrabit.
453 2261 566 2292 Semper
578 2259 648 2285 enim
666 2263 774 2292 propter
790 2259 879 2291 priora
894 2258 1008 2284 crimina
1025 2258 1051 2293 in
1077 2266 1191 2292 corpore
1204 2259 1360 2286 versabitur
1374 2279 1382 2292 ,
1397 2265 1477 2293 atque
1493 2260 1528 2285 ita
1555 2259 1640 2286 lorum
1666 2266 1719 2285 non
1747 2260 1858 2286 habebit

225 2295 309 2321 motio
327 2294 371 2320 illa
386 2295 489 2324 mundi,
507 2302 559 2327 qua
589 2294 682 2319 coelum
702 2300 725 2319 et
751 2300 820 2319 terra
848 2293 1006 2319 transibunt.
1027 2292 1060 2320 Ut
1074 2298 1162 2320 autent
1176 2292 1440 2329 concedatur,juxta
1453 2296 1521 2320 hanc
1537 2295 1711 2328 positionem.
1732 2302 1797 2321 eum
1812 2295 1856 2327 qui

227 2328 325 2355 nullius
337 2329 440 2364 peccati
456 2337 517 2354 rcus
529 2331 591 2359 erit,
609 2336 661 2355 non
677 2328 793 2362 amplius
809 2336 856 2361 per
872 2334 962 2355 ortum
979 2329 1004 2354 in
1016 2335 1119 2364 corpus
1134 2329 1282 2356 rediturum
1298 2339 1304 2362 ;
1319 2328 1425 2356 auitoto
1439 2335 1590 2362 temporum
1607 2329 1723 2356 decursu
1742 2330 1857 2364 reperiri

224 2370 306 2398 posse.
319 2363 458 2390 existimas
476 2364 593 2389 animam
606 2364 694 2390 omnis
707 2372 801 2398 puram
814 2364 901 2390 labis:
919 2371 968 2390 nec
987 2363 1066 2390 ullius
1083 2364 1108 2390 in
1128 2364 1200 2390 aliud
1229 2372 1327 2398 corpus
1351 2365 1520 2398 migrationis
1544 2364 1690 2398 egentem?
1718 2363 1858 2391 Verumta-

226 2406 287 2434 men
300 2399 375 2425 etsic
386 2398 476 2433 aliqua
493 2406 598 2433 semper
612 2406 645 2425 ex
659 2400 790 2433 pra-linito
803 2399 954 2425 animarum
970 2406 1084 2426 numero
1101 2401 1262 2432 excedente,
1279 2408 1327 2427 nec
1337 2400 1452 2434 amplius
1467 2400 1596 2426 redeunte
1617 2400 1641 2425 in
1658 2406 1771 2432 corpus,
1783 2405 1858 2426 ortus

225 2433 382 2467 aliquando,
397 2439 456 2467 post
472 2433 631 2459 immensum
650 2439 711 2468 puta
729 2439 844 2468 tempus,
858 2434 975 2465 desinet,
1002 2434 1112 2461 redacto
1128 2434 1234 2460 Scilicet
1247 2435 1279 2462 ad
1294 2433 1390 2464 unum."
1403 2435 1446 2461 vel
1467 2435 1593 2465 alterum,
1606 2434 1648 2460 vel
1663 2434 1743 2468 paulo
1767 2435 1857 2468 plures

225 2470 336 2500 mundo,
354 2469 452 2502 quibus
463 2467 518 2501 jam
530 2469 724 2503 perfectionem
738 2467 854 2503 adeptis,
869 2469 984 2494 mundus
999 2469 1133 2502 interibit,
1156 2470 1345 2496 deﬁcientibus
1359 2470 1405 2504 qui
1421 2470 1447 2496 in
1473 2477 1573 2503 corpus
1597 2475 1659 2496 eant
1673 2467 1772 2503 ;quod
1783 2470 1857 2496 Scri-

223 2509 310 2538 ptura:
324 2504 435 2530 minime
448 2507 660 2531 consentaneum
673 2508 729 2536 est;
744 2503 947 2530 multitudinem
964 2504 1098 2537 siquidem
1112 2511 1285 2537 peccatorum
1299 2504 1415 2531 futuram
1435 2505 1510 2531 novit
1523 2524 1531 2536 ,
1558 2512 1612 2538 quo
1629 2509 1750 2538 tempore
1774 2505 1857 2530 inter-

223 2539 273 2566 ibit
287 2539 401 2565 mundus
417 2549 422 2566 :
436 2539 507 2574 quod
524 2547 556 2565 ex
569 2539 611 2566 his
624 2543 727 2566 attente
743 2539 922 2566 consideratis
932 2539 1105 2572 perspicuum
1118 2544 1159 2568 est
1176 2547 1182 2564 :
1207 2539 1391 2575 Verumtamen
1409 2539 1496 2566 Filius
1511 2539 1624 2566 hominis
1637 2540 1741 2566 venietis
1752 2559 1759 2571 ,
1779 2544 1856 2573 puta:

252 2609 275 2624 "
291 2608 382 2636 llCor.
400 2616 436 2640 tv,
451 2609 494 2636 18.
516 2608 538 2623 ⁷⁸
552 2608 648 2636 Matth.
664 2599 777 2640 xttl,59.
799 2608 821 2625 ’⁷
834 2607 928 2634 Matth.
940 2614 1013 2640 xxiv,

1089 2607 1128 2633 ⁷⁸1
1138 2607 1259 2651 (Ξοιχι-ιι,
1275 2608 1320 2635 31.
1340 2608 1362 2623 ¹¹⁹
1381 2607 1453 2635 Psal.
1466 2615 1503 2640 ιι,
1516 2607 1561 2634 27.
1589 2607 1611 2623 ⁸⁰
1621 2606 1715 2634 Matth.
1725 2607 1853 2640 xxrv,55.

258 2668 326 2702 (96‘)
349 2667 439 2694 Rufini
455 2667 652 2701 interpretatio.
737 2701 742 2702 γ
988 2700 994 2702 Α
1028 2666 1050 2693 D
1067 2671 1094 2692 ιη
1107 2666 1236 2702 intem].

256 2700 312 2738 (97)
330 2703 423 2730 Exlib.
443 2711 492 2738 ιιιιι
510 2700 665 2729 Comment.
681 2702 707 2729 in
719 2700 1008 2738 ΜιιιιΙιίειυη,ιιιιιιμ71Ἴ

222 2737 268 2764 Sic
288 2737 337 2765 ms.
352 2746 430 2765 unus.
447 2737 484 2764 lta
497 2739 576 2765 etiam
595 2745 659 2765 mss.
675 2737 797 2772 plerique
817 2743 844 2764 et
864 2737 940 2767 editi,
958 2737 1009 2772 nisi

221 2773 292 2806 quod
305 2774 430 2800 mnittant
446 2773 507 2800 dici.
522 2773 588 2800 Mss.
614 2781 680 2799 vero
705 2772 877 2799 Corbeieusis
904 2776 931 2798 et
957 2771 1009 2798 lte—

223 2808 292 2840 gius,
309 2807 426 2834 Joannes
438 2807 524 2837 Elius,
546 2816 597 2834 non
620 2808 708 2834 animo
722 2807 789 2833 Elite
804 2807 875 2839 ,milti
896 2806 1007 2833 videtur.

260 2843 316 2877 (98)
334 2842 412 2872 l'Lditi,
422 2842 454 2868 Et
471 2843 513 2868 ubi
527 2849 586 2868 sunt
600 2851 658 2876 qua:
670 2849 758 2868 ontnes
773 2842 927 2874 Scripturw,
943 2846 1007 2870 ωε..

224 2885 285 2905 cum
302 2884 325 2910 pi
338 2881 399 2903 ucto
415 2878 634 2911 interrogationis
647 2879 673 2905 iu
689 2878 750 2904 line.
771 2878 824 2904 Sed
836 2884 931 2904 omnes
943 2884 1006 2904 mss.

1113 2701 1157 2735 99)
1175 2701 1211 2728 lta
1229 2708 1292 2728 mss.
1314 2701 1384 2728 Editi
1401 2709 1474 2734 vero,
1486 2705 1703 2728 Iransmulenlnr.

1113 2702 1157 2735 99)
1175 2702 1211 2728 lta
1229 2708 1292 2728 mss.
1314 2702 1384 2728 Editi
1401 2709 1474 2734 vero,
1486 2705 1703 2728 Iransmulenlnr.

1101 2702 1139 2771 (Ι)
1154 2737 1225 2763 Alias
1241 2744 1394 2770 perperam,
1411 2745 1457 2770 per
1477 2738 1546 2770 quod
1563 2743 1609 2769 per
1623 2733 1854 2771 teniporatll‘aulo

1065 2769 1126 2804 poét
1138 2773 1214 2801 editi.
1230 2769 1336 2798 rursum
1353 2780 1400 2798 suo
1415 2769 1529 2806 dugntttll
1545 2772 1705 2806 contrarium
1732 2769 1853 2804 efﬁcitur.

1065 2806 1094 2833 Si
1110 2808 1178 2832 enim
1190 2809 1316 2833 demus...
1333 2815 1378 2841 per
1392 2805 1511 2841 singulas
1523 2807 1557 2832 ad
1572 2805 1759 2839 perfectionem
1780 2812 1855 2836 posse

1064 2842 1174 2874 restitui,
1190 2842 1334 2868 ttlltllt'atn
1351 2849 1472 2875 corpora,
1489 2846 1541 2869 etc.
1563 2842 1624 2868 Mss.
1654 2845 1743 2866 autem
1773 2844 1803 2866 ut
1829 2840 1854 2865 iu

1063 2880 1147 2904 textu.
