1915 3079
75 130 130 159 613

681 128 855 157 APOLOGIA
871 128 941 156 PRO
961 128 1123 157 ORIGENE.

1657 134 1710 162 6M

70 189 128 217 τοῦ
145 188 314 224 ἀνθρώπου,
330 188 453 223 εὑρήσει
465 189 521 223 τὴν
534 189 640 216 πίστιν
651 188 701 215 ἐπὶ
715 188 769 222 τῆς
793 187 850 223 γῆς

920 195 998 214 usum
1015 195 1170 223 corporum,
1186 192 1211 216 et
1226 195 1275 223 per
1284 189 1336 217 hoc
1350 189 1431 217 ﬂocm
1443 192 1571 219 mundum
1588 193 1710 228 recipere

70 235 110 266 ὡς
129 234 246 271 εὕρομεν
278 234 353 270 παρὰ
375 234 414 270 τῷ
436 234 570 270 Ματοαιῳ
599 233 685 265 οὕτως
703 234 864 270 εἰρημένον·

72 280 186 314 Ὥσπερ
201 280 236 307 δὲ
253 282 284 307 αἱ
308 280 413 315 ἡμέραι
438 280 493 307 τοῦ
518 280 600 311 Νῶε,
628 279 722 312 οὕτως
748 279 834 306 ἔσται
847 279 866 310 ἡ

70 328 223 361 παρουσιά
237 327 291 354 τοῦ
306 327 374 354 Υιοῦ
393 326 445 353 τσῦ
460 326 627 360 ἀνθρώπου.

70 374 208 402 indicatur
221 375 293 410 quod
326 376 352 402 in
381 374 528 409 Evangelio
557 375 689 409 scriptum
703 379 776 402 est:

920 240 953 261 ac
964 233 1075 261 resolvi.
1087 233 1145 260 Non
1162 238 1250 261 tamen
1266 235 1302 262 ita
1325 236 1432 262 videtur
1454 241 1554 264 sanctae
1584 238 1709 273 Scriptu-

922 287 968 311 ηε,
980 286 1041 314 quze
1056 279 1338 308 dicit-multitudinem
1365 283 1532 315 peccantium
1554 284 1709 318 relinquen-

923 325 983 352 dam
994 333 1056 353 esse
1072 325 1098 352 in
1115 325 1169 354 ﬁne
1183 326 1284 353 saeculi.
1300 327 1376 360 Quod
1389 335 1422 354 ex
1440 335 1472 355 eo
1488 330 1709 357 manifestissime

812 374 997 401 Verumtamen
1026 380 1103 407 putas
1132 374 1236 400 venient
1255 373 1342 401 Filius
1363 374 1476 402 homini:
1495 376 1604 403 inveniet
1630 376 1709 410 ﬁdem

69 428 150 456 super
160 426 256 448 terram
269 421 314 448 “?
329 421 404 449 Sicut
418 422 487 448 enim
497 421 526 447 in
537 420 630 447 diebus
645 419 713 451 Noe,
723 420 761 446 ita
774 420 825 446 erit
838 424 861 446 et
881 420 1006 446 adventus
1019 417 1083 445 Filii
1098 418 1212 445 hominis
1226 418 1266 445 9‘?
1281 427 1290 444 ι

687 476 968 505 INTERPRETATIO
988 476 1117 505 HUETll.

69 527 184 555 inveniet
200 526 277 560 fidem
292 526 318 552 in
334 532 404 552 terra
416 526 430 553 2
455 531 483 553 et
505 525 733 560 quemadmodum
756 524 826 559 apud
841 523 995 550 Matthmum
1017 525 1054 551 ita
1068 531 1227 558 expressum
1247 524 1402 553 invenimus
1424 533 1432 552 :

68 563 162 590 diebus
178 561 246 594 Noe,
260 562 299 588 ita
310 562 358 588 erit
369 567 391 588 et
408 561 534 588 adventus
549 560 616 588 Filii
634 560 760 588 hominis.

1469 526 1541 554 Sicut
1563 533 1649 555 autem
1676 529 1704 556 in

104 634 269 662 Pturmtus.
283 633 320 669 (-2)
334 634 365 660 Et
377 620 553 668 posteaquam
567 633 599 660 dc
610 632 759 668 Scriptnris
773 631 855 659 multa
866 632 1006 664 disseruit,
1021 630 1141 666 ipseiam
1154 639 1230 659 suam
1244 632 1407 660 sententiam
1418 632 1468 660 hoc
1481 634 1561 661 modo
1572 634 1701 663 declarat.

104 691 203 717 Ἔσται
217 690 245 717 δὲ
253 691 309 720 τοῖς
321 690 381 716 τότε
394 690 474 725 ἡτῶν
487 690 693 726 ἁμαρτημάτων
710 690 862 726 εἴσπραξις,

66 736 117 763 οὐκ
141 737 170 763 ὲν
201 736 460 772 μετενσωματώσει·
481 737 505 762 εἰ
525 736 580 772 γὰρ
605 736 643 763 ἔτι
664 737 863 772 ἁμαρτάνοντες

66 782 339 818 παραλαμϐάνονται,
364 784 424 819 ἦτοι
439 783 512 818 ἄλλῳ
537 783 630 818 τρόπῳ
647 782 783 814 κολάσεως
796 783 864 818 μετὰ

953 688 1003 724 (2‘)
1017 689 1162 717 ORIGENES.
1178 689 1217 725 (ὅ)
1234 699 1243 715 ι
1263 690 1322 717 Erit
1338 695 1426 717 autem
1439 691 1481 718 his
1489 691 1534 725 qui
1549 696 1613 720 tunc
1627 698 1707 721 erunt.

918 734 1094 770 vindicta,(i)
1113 742 1166 762 non
1181 742 1213 762 ex
1227 735 1453 763 transmutatione
1466 737 1617 765 animarum
1631 747 1638 765 :
1652 746 1706 766 non

916 779 987 807 enim
1002 780 1058 814 jam
1069 779 1102 806 ad
1115 780 1281 815 peccandum
1295 780 1371 808 locus
1389 781 1441 808 erit
1452 790 1458 808 :
1468 783 1515 809 sed
1533 783 1583 809 alia
1606 791 1705 819 genera

66 829 147 856 τοῦτο
162 828 385 864 κολασθήσονται,
402 829 448 855 καὶ
469 828 540 855 κατὰ
557 829 636 855 τοῦτο
649 829 708 864 ἤτοι
727 828 772 855 δύο
786 829 858 856 τόποι

916 830 992 854 erunt
1017 834 1113 861 preme.
1131 826 1336 855 Transmutatio
1352 835 1469 862 namque
1489 837 1632 865 corporum
1645 838 1705 866 pm-

67 875 206 902 κολάσεων
225 875 331 902 ἔσονται
343 875 481 909 γενικοί·ὁ
497 875 546 910 μὲν
559 876 587 901 ὲν
602 875 844 911 μετενσωματώσει
854 884 860 890 ·

67 921 120 948 ὁδὲ
134 920 187 953 ἔξω
206 921 252 947 τοῦ
268 921 388 948 τοιούτου
409 919 550 955 σώματος·
570 921 617 947 καὶ
642 921 794 955 λεγέτωσαν
813 921 863 953 τὰς

66 966 171 994 τοᾶτων
188 967 291 999 αἰτίας,
307 967 354 993 καὶ
373 966 505 1002 διαφοράς
517 975 523 981 ε
540 966 556 1001 ἢ
581 967 611 992 οὺ
638 966 861 1002 κολασθήσονται,

66 1012 103 1045 ὡς
118 1013 152 1040 ἁο
158 1014 225 1049 ρὸως
239 1013 420 1044 ἀποῦσιΜντες
433 1012 466 1038 τὰ
478 1013 662 1048 ἁμαρτήματα
677 1014 700 1039 οἱ
715 1013 761 1039 ἐπὶ
772 1021 863 1039 συντε-

67 1059 127 1095 λείᾳ
140 1059 365 1094 καταλειφθέντες
380 1068 386 1074 ·
407 1059 434 1096 ἢ,
453 1059 521 1094 ὅπερ
541 1058 654 1093 βέλτιον,
670 1057 709 1091 εἷς
729 1059 785 1085 ἐστι
798 1059 862 1094 τρό-

68 1114 118 1137 πος
140 1105 277 1137 κολάσεως
299 1106 354 1136 τοῖς
377 1104 565 1140 ἡμαρτηκόσιν
585 1104 614 1129 ἑν
637 1103 752 1139 σώματι,
768 1104 798 1130 τὸ
811 1103 863 1136 ἔξω

65 1151 149 1179 αὑτοῦ
162 1151 213 1186 τῆς
231 1150 426 1182 καταστάσεως
441 1149 486 1176 τοῦ
505 1149 562 1184 βίου
578 1149 673 1176 τούτου
687 1150 716 1175 τὺ
733 1149 862 1183 καταξίαν

63 1197 121 1224 τῶν
146 1196 349 1232 ἡμαρτημένων
376 1196 472 1223 παθεῖν
486 1204 492 1211 ⁸
510 1195 625 1222 ἕκαστον
646 1195 674 1221 δὲ
698 1195 800 1222 τούτων
824 1195 863 1231 τῷ

65 1243 162 1279 ὲνορᾷν
184 1242 326 1277 δυναμένῳ
345 1243 400 1274 τοῖς
419 1241 578 1278 πράγμασιν
597 1241 791 1276 ἀνατρεπτικόν
805 1242 863 1268 ἐστι

64 1287 411 1324 τῆςτμετενσωματὼσεως.
430 1288 461 1314 Εἰ
483 1287 511 1314 δὲ
521 1287 675 1321 ἀναγκαίως
691 1288 715 1313 οἱ
730 1288 779 1323 τὴν
801 1297 863 1323 μετ-

64 1333 259 1369 ενσωμὰτωσιν
275 1333 430 1367 εἰσάγοντες
446 1333 587 1369 Ἕλληνες,
611 1333 648 1364 ὡς
663 1333 796 1360 ἀκόλουθα
816 1334 863 1361 αὺ-

64 1381 122 1412 τοῖς
133 1380 265 1411 τιθέντες,
283 1380 343 1406 οὺδὲ
358 1379 517 1416 φθείρεσθαι
534 1379 672 1415 βούλονται
687 1380 732 1406 τὸν
750 1380 861 1416 κόσμον,

64 1426 124 1463 ὥρα
145 1427 192 1453 καὶ
219 1426 330 1457 τούτους
350 1426 563 1461 ἀντιϐλέψαντας
589 1427 649 1458 ταῖς
669 1426 862 1460 ὲκφαινούσαις

64 1472 188 1507 Γραῳαίς
203 1471 391 1508 φθαρήσεσθαι
405 1472 450 1498 τὸν
470 1472 586 1507 κόσμον,
610 1472 626 1508 ἢ
645 1472 793 1506 ἀπιστῆσαι
814 1472 862 1498 αὑ-

913 881 974 900 nain
991 881 1043 900 non
1058 872 1138 900 faciet
1151 879 1335 908 peccatorum,
1349 874 1384 902 ita
1404 875 1517 902 utnulla
1536 876 1706 905 extrinsecus

913 922 1041 955 putentur
1058 919 1152 947 inferri
1170 920 1303 955 supplicia
1315 941 1323 953 ,
1338 923 1403 955 quin
1420 921 1510 956 potius
1523 927 1563 948 cst
1579 926 1703 956 peceato—

915 966 989 991 ribus
1005 972 1147 1000 pnanarum
1161 966 1267 998 modus,
1283 966 1308 992 id
1324 970 1367 992 est
1381 970 1411 992 nt
1428 974 1477 1000 pro
1494 967 1535 993 his
1554 966 1592 1002 (5)
1606 975 1665 1002 qua:
1679 967 1706 996 in

913 1010 964 1038 hoc
978 1011 1076 1037 nmndo
1091 1015 1244 1046 gesserunt,
1266 1019 1373 1046 poenam
1388 1013 1521 1047 recipiant
1533 1013 1703 1041 delictorum.

913 1056 1084 1084 Manifestum
1097 1061 1186 1084 tamen
1199 1058 1322 1094 estquod
1338 1058 1397 1085 istic
1408 1058 1519 1094 singulae
1533 1059 1652 1087 rationes
1663 1059 1704 1087 his

913 1102 957 1137 qui
975 1107 1086 1136 possunt
1099 1103 1136 1130 rei
1151 1104 1374 1138 consequentiam
1388 1104 1533 1139 diligenter
1548 1105 1702 1140 advertere,

913 1149 1057 1176 contraria:
1076 1154 1139 1176 sunt
1162 1149 1226 1176 huic
1242 1150 1359 1185 dogmati
1380 1158 1434 1185 quo
1449 1150 1627 1185 perhibentur
1642 1152 1703 1178 ani-

915 1201 963 1221 mte
982 1195 1169 1222 transmutari.
1189 1195 1264 1228 Quod
1286 1196 1308 1222 si
1323 1196 1462 1231 gentilium
1482 1202 1606 1224 auctores
1627 1197 1703 1231 sequi

913 1240 1005 1267 volunt
1018 1241 1063 1274 qui
1076 1240 1230 1274 opinionem
1245 1241 1321 1268 istam
1333 1236 1366 1269 ei
1382 1242 1574 1276 principiorum
1589 1250 1701 1270 suorum

914 1287 1106 1322 consequentia
1121 1288 1254 1322 persecuti
1267 1293 1340 1320 sunt.
1350 1289 1470 1316 dicentes
1483 1296 1544 1317 cum
1559 1290 1615 1316 hare
1627 1290 1703 1322 fiant.

913 1332 972 1360 sine
988 1333 1069 1360 dubio
1094 1341 1231 1368 nunquam
1264 1335 1394 1362 mundum
1423 1335 1503 1362 istum
1522 1343 1600 1369 posse
1614 1335 1703 1369 finiri,

913 1386 1084 1414 consequens
1100 1384 1141 1407 est
1154 1388 1200 1408 eos
1212 1381 1250 1416 (6)
1270 1381 1316 1416 qui
1339 1381 1395 1408 haec
1411 1382 1542 1413 sentiunt,
1557 1381 1705 1416 Scriptura:

915 1428 1015 1451 nostra:
1042 1432 1095 1452 non
1121 1427 1250 1457 credere,
1267 1433 1328 1460 quae
1348 1426 1569 1453 manifestissime
1585 1434 1705 1461 pronun-

915 1471 964 1498 tiat
976 1470 1056 1498 linem
1073 1473 1164 1498 mundi
1183 1471 1315 1504 futurum,
1330 1477 1358 1499 et
1370 1480 1421 1499 non
1440 1472 1586 1506 exquirere
1597 1472 1623 1498 in
1640 1472 1705 1506 ipsis

63 1519 135 1550 ταῖς,
151 1517 167 1552 ἢ
189 1517 373 1553 εὑρεσιλογεῖν
393 1518 456 1553 περὶ
482 1518 635 1553 διηγήσεως
650 1517 704 1543 τῶν
721 1517 790 1544 κατὰ
812 1517 858 1552 τὴν

916 1517 1065 1552 Scripturis
1083 1518 1279 1552 expositiones,
1293 1519 1351 1545 sive
1367 1518 1533 1545 assertiones
1557 1518 1662 1552 ineptas
1677 1522 1705 1545 ct

65 1564 232 1596 συντέλειαν,
250 1564 299 1590 ὀπε

65 1618 144 1636 σοντα
149 1619 156 1636 ι
161 1632 167 1637 .

303 1572 319 1599 ρ
348 1563 398 1590 κᾶν
414 1564 561 1599 βούλωνται
582 1563 704 1599 ποιῆσαι,
730 1564 760 1590 οὐ
782 1563 860 1599 δυνή-

913 1562 1152 1598 inconsequentcs.
1169 1573 1201 1592 ex
1218 1565 1317 1599 quibus
1331 1565 1404 1592 nullo
1420 1571 1520 1599 genere
1530 1564 1637 1592 ostendi
1657 1572 1692 1598 po

911 1613 962 1637 test
984 1611 1054 1645 quod
1081 1611 1229 1638 secundum
1259 1611 1415 1646 Scripturas
1440 1616 1548 1639 nostras
1564 1618 1704 1646 nunquam

909 1655 1000 1683 saculi
1023 1656 1085 1683 linis
1109 1656 1217 1684 futurus
1240 1657 1285 1684 sit.
1305 1666 1314 1682 ι

687 1712 969 1741 ΙΝΤΕΒΡΒΕΤΔΤΙΟ
990 1713 1119 1741 HUETII.

99 1761 252 1789 Ponientur
268 1766 359 1789 autem
373 1769 467 1789 eorum
481 1765 590 1795 peccata
606 1762 651 1795 qui
665 1765 728 1787 tunc
740 1765 819 1787 erunt
836 1780 843 1791 ,
856 1767 908 1786 non
924 1767 971 1795 per
986 1760 1174 1795 migrationem
1192 1768 1206 1787 e
1218 1768 1331 1795 corpore
1347 1761 1373 1788 in
1389 1769 1487 1796 corpus
1507 1771 1515 1789 :
1532 1770 1592 1790 nam
1615 1763 1638 1790 si
1656 1764 1690 1790 ad

65 1798 118 1825 huc
130 1802 278 1831 peccantes
294 1796 600 1832 deprehenduntur,rvel
624 1795 679 1822 alio
698 1803 786 1832 poena:
809 1802 908 1830 genere
925 1800 1018 1832 postea
1046 1796 1260 1832 punienturrzac
1283 1797 1341 1823 duae
1362 1795 1474 1831 proinde
1494 1798 1636 1832 generales
1651 1806 1706 1832 pu-

63 1830 154 1859 niendi
176 1833 300 1859 rationes
316 1830 413 1864 erunt;
435 1832 479 1858 illa
494 1830 601 1865 quidem
619 1838 668 1865 per
683 1831 826 1866 transitum
839 1838 854 1857 e
869 1838 985 1864 corpore
1000 1830 1026 1856 in
1052 1838 1152 1864 corpus
1171 1838 1178 1862 ;
1196 1831 1240 1858 illa
1253 1839 1318 1858 vero
1332 1830 1409 1858 cntra
1435 1830 1519 1859 hocce
1538 1841 1635 1866 corpus
1646 1830 1659 1865 ;’
1671 1841 1704 1860 ac

64 1868 172 1894 illarum
189 1875 290 1895 causas
304 1873 331 1894 et
355 1867 527 1902 dilferentias
561 1871 728 1902 exponant:
748 1865 791 1902 rel
813 1873 866 1891 non
886 1866 1053 1902 punientur,
1079 1866 1156 1899 quasi
1178 1873 1289 1900 peccata
1314 1875 1360 1893 sua
1386 1868 1527 1894 confestim
1553 1865 1705 1902 objecerint

64 1903 110 1936 qui
128 1904 154 1930 in
176 1904 413 1930 consummatione
425 1899 712 1938 fuerintdcprehensi
727 1909 734 1933 ;
752 1899 902 1938 χειῇ-(ιυοῶ
922 1900 1017 1938 melius
1031 1904 1160 1938 es_t._una
1179 1899 1286 1934 tantum
1311 1903 1417 1929 ratione
1433 1899 1597 1936 plectuntur;
1615 1904 1659 1938 qui
1675 1904 1702 1930 in

64 1935 178 1972 corpore
195 1942 390 1972 peccaverunt,
408 1944 504 1972 ptenas
522 1936 647 1972 videlicet
659 1940 737 1963 extra
751 1935 869 1972 illudhet
883 1939 967 1972 extra
979 1936 1042 1972 vitae
1058 1935 1138 1972 liuius
1159 1940 1258 1963 statum
1274 1944 1308 1963 ex
1331 1935 1507 1971 peccatorum
1523 1935 1633 1964 suorum
1649 1947 1705 1965 mc-

65 1970 117 2000 rito
131 1970 243 2000 dantes.
262 1970 480 2007 Unumquodque
491 1976 585 1998 autem
600 1971 720 2002 illorum,
739 1977 767 1997 ut
785 1970 865 2007 facile
879 1970 1010 2007 intelligit
1024 1971 1150 2007 quisquis
1164 1979 1207 1999 res
1223 1972 1404 2006 introspicere
1421 1978 1519 2006 potest,
1539 1974 1704 2000 sententiam

62 2009 97 2035 de
115 2008 281 2043 migratione
299 2005 450 2034 animarum
469 2015 488 2043 re
509 2014 626 2043 corpore
652 2007 678 2032 in
695 2013 794 2040 corpus
810 2005 932 2043 funditus
959 2005 1205 2043 labefactat.Quod
1225 2007 1247 2033 si
1273 2005 1318 2041 qui
1341 2005 1482 2034 transitum
1501 2008 1652 2034 animarum
1677 2009 1704 2035 in

63 2044 138 2070 varia
156 2041 275 2077 corpora
294 2043 425 2070 invehunt
439 2042 553 2073 ethnici,
580 2046 673 2076 utpote
696 2046 878 2077 consentanea
898 2041 1028 2077 doctrina:
1051 2042 1113 2068 huic
1137 2047 1301 2074 astruentes,
1324 2043 1416 2069 mundi
1442 2043 1579 2069 interitum
1607 2051 1703 2070 neces-

63 2081 134 2106 sario
148 2075 509 2111 non'adinittnnt,superest
526 2082 554 2103 ut
566 2075 710 2111 postquam
726 2075 878 2112 scripturis
895 2075 988 2102 mundi
1004 2082 1130 2112 occasum
1139 2078 1331 2107 ,aSserentibus
1343 2078 1430 2111 palam
1449 2078 1577 2112 refragati
1592 2078 1702 2109 fuerint,

62 2114 102 2140 vel
120 2114 205 2141 fidem
223 2114 263 2151 iis
276 2121 328 2151 non
347 2113 473 2151 habeant,
487 2112 528 2138 vel
553 2112 635 2138 verba
655 2111 793 2151 reperiant
805 2112 903 2151 quibus
925 2118 957 2138 ea
974 2118 1034 2146 quae
1057 2111 1092 2139 ad
1109 2113 1374 2151 consummationem
1403 2111 1556 2148 pertinent,
1569 2113 1705 2147 explicate

62 2151 177 2184 possint,
191 2149 265 2183 quod
280 2149 371 2176 facere
385 2148 543 2183 neutiquam
557 2152 695 2182 poterunt,
712 2147 821 2173 etiamsi
835 2146 931 2173 velint.

96 2206 267 2238 Paupertas.
283 2206 326 2240 De
335 2206 429 2234 eadem
455 2213 493 2239 re,
510 2213 550 2244 ex
563 2205 630 2234 libro
653 2205 691 2233 De
709 2205 858 2233 Prorerbiis
876 2207 897 2234 D
911 2209 998 2241 pturae
1011 2211 1113 2234 sancta:
1134 2206 1344 2239 occasionibus,
1365 2207 1419 2234 non
1439 2206 1621 2242 intelligentes
1638 2215 1706 2242 quo-

62 2251 229 2279 Sulomanis.
404 2270 406 2274 ι
540 2271 545 2279 ι
667 2277 671 2285 ,

96 2296 248 2326 Onfceses.
262 2297 301 2333 (7)
314 2306 323 2323 α
339 2298 451 2328 Videtur
460 2304 549 2333 autem
563 2298 628 2325 mihi
640 2302 667 2325 et
681 2298 725 2325 illa
742 2299 858 2326 assertio

61 2337 122 2378 quae
140 2336 453 2371 transformarianimas
468 2334 676 2378 decor-poribus
690 2344 715 2370 in
732 2344 783 2371 alia
796 2352 856 2371 cor-

61 2397 126 2423 pora
145 2393 294 2421 asseverat,
312 2387 568 2424 pe‘r-vcniSse'etiam
593 2389 620 2416 in
636 2389 740 2424 aliquos
760 2397 855 2417 corum

49 2435 106 2470 ‘qui
134 2435 247 2462 Christo
262 2434 375 2462 Credere
401 2434 537 2477 videntur,
552 2434 760 2468 cx-‘quibusdam
778 2435 855 2462 Scri-

95 2493 119 2508 ⁸¹
132 2492 201 2520 Luc.
216 2491 338 2524 xvm,.8.
377 2491 399 2523 '3
411 2491 506 2518 Matth.
521 2499 594 2522 xxiv,
611 2491 656 2518 '57.

98 2541 137 2576 (Ξ)
161 2540 194 2567 Et
209 2541 428 2576 posle'aquamrde
447 2540 592 2575 Srripturis
613 2539 707 2576 multo
719 2540 855 2576 disseruit,

61 2575 115 2604 etc.
136 2576 219 2604 Certe
242 2583 359 2610 sequens
381 2575 507 2611 Origcnis
536 2580 678 2611 contextus
703 2575 860 2603 immediate

63 2614 182 2646 priorem
196 2611 327 2645 sequitur
339 2611 364 2638 in
376 2610 485 2639 (ἂι-τέρος
499 2611 619 2644 adeoque
633 2610 704 2637 inter
717 2614 859 2646 utrumque

62 2645 131 2684 nihil
145 2646 346 2684 descripturis
362 2646 491 2684 disseruit
504 2645 643 2680 Origenes.
671 2661 673 2663 -

100 2682 152 2717 (Ξ)
174 2681 267 2708 Rufini
285 2681 487 2717 interpretatio.

111 2715 147 2747 ων
160 2717 200 2743 Ex
215 2717 263 2744 lib.
281 2723 332 2743 xui
344 2716 491 2744 Comment.
503 2717 529 2742 in
541 2715 714 2747 Matt/uvam,
731 2723 805 2744 num.
828 2716 853 2744 Ι.

111 2719 127 2744 5
160 2718 200 2743 Ex
215 2718 263 2744 lib.
281 2723 332 2743 xui
344 2718 491 2744 Comment.
503 2718 529 2742 in
541 2718 714 2747 illati/tivum,
731 2723 805 2744 num.
828 2718 853 2744 Ι.

110 2718 138 2787 ιζ
159 2751 206 2779 Sic
218 2758 315 2779 omnes
338 2759 403 2778 mss.
420 2753 454 2778 At
472 2759 536 2778 vero
549 2751 612 2778 editi
627 2757 634 2781 ;
655 2759 706 2777 non
721 2756 856 2777 lransmu-

64 2787 128 2814 latio
139 2788 293 2814 animarum
310 2794 320 2813 :
338 2794 389 2813 non
399 2787 469 2813 enim
482 2788 540 2821 jam
557 2787 591 2812 ad
606 2789 766 2820 peccantium
785 2788 857 2813 locus

64 2823 122 2855 erit.
134 2828 194 2850 ’ctc.
209 2822 332 2849 Nolandn
347 2822 435 2848 ltulini
452 2821 607 2855 interpretis
624 2821 734 2855 perﬁdia
751 2822 797 2855 qui
814 2822 858 2848 Inc

66 2859 198 2891 reddidit,
214 2865 266 2886 non
284 2859 351 2885 enim
382 2857 433 2887 iam
451 2857 484 2884 ad
504 2860 666 2891 peccandum
694 2862 766 2883 torus
793 2857 856 2891 erit,

915 2251 994 2283 modo
1007 2251 1119 2287 intelligi
1135 2252 1252 2285 debeant
1271 2259 1330 2287 qua:
1349 2253 1450 2287 scripta
1467 2257 1540 2279 sunt.
1556 2252 1614 2280 Non
1631 2254 1704 2280 enim

912 2297 1057 2323 advertunt
1070 2298 1206 2331 quomodo
1223 2298 1302 2324 homo
1327 2297 1461 2325 elliciatur
1475 2298 1513 2333 (8)
1530 2303 1577 2325 aut
1599 2298 1703 2333 pullus,

912 2345 958 2368 aut
978 2349 1073 2375 equus,
1097 2347 1143 2368 aut
1167 2343 1255 2370 mulus
1268 2336 1315 2376 {et
1339 2336 1504 2378 putaverunt
1529 2344 1706 2371 transmutari

910 2387 1056 2414 humanam
1071 2389 1190 2415 animam
1209 2389 1234 2415 in
1249 2390 1382 2423 pecudum
1398 2398 1524 2424 corpora,
1542 2395 1572 2417 ut
1586 2390 1705 2417 aestima-

909 2434 1053 2468 rent.quod
1068 2428 1214 2468 aliquando
1238 2436 1375 2470 serpentis
1393 2437 1508 2471 suscipit
1535 2444 1645 2471 corpus,
1663 2425 1707 2463 vel

912 2531 1120 2573 cum‘habeatur
1135 2542 1294 2575 in‘Graeco,
1316 2543 1340 2568 εἰ
1361 2541 1421 2576 γὰρ
1434 2533 1477 2568 ἔτι
1503 2540 1708 2577 ἁμαρτάνοντες

901 2577 1182 2612 παραλαμϐάνονται,
1201 2586 1261 2604 nam
1279 2579 1300 2604 si
1315 2579 1400 2604 adhuc
1410 2583 1547 2610 peccantes
1564 2577 1707 2603 denu/terr

912 2613 1087 2683 “(’éilfrltjditi,
1098 2632 1156 2683 qua:
1171 2648 1198 2675 in
1210 2647 1258 2674 Itoc
1272 2655 1366 2681 corpus
1384 2651 1530 2681 gesserunt.
1553 2645 1615 2673 Mss.
1632 2651 1661 2672 ut
1676 2646 1706 2673 in

912 2687 1042 2753 [etis-Ita
1058 2726 1124 2747 mss.
1135 2718 1235 2745 nostri.
1250 2717 1319 2745 Editi
1332 2724 1413 2748 vero,
1437 2716 1482 2753 qui
1496 2705 1550 2752 lia'c
1566 2703 1668 2753 uolunt.

946 2754 984 2788 (7)
1000 2754 1034 2780 Ex
1053 2754 1199 2780 Comment.
1224 2753 1251 2779 in
1277 2753 1418 2779 Proverbia
1435 2752 1596 2778 Salomonis.

945 2785 984 2823 (8)
1005 2789 1106 2816 Omnes
1124 2797 1189 2816 mss.
1203 2788 1288 2815 nostri
1302 2788 1411 2824 habent,
1424 2791 1470 2824 ait!
1483 2785 1644 2824 pulviyscd
1660 2790 1706 2814 tat-

912 2821 979 2851 men
992 2824 1134 2860 legendum
1146 2824 1258 2853 videtur
1274 2831 1337 2851 cuin
1348 2821 1501 2855 editis,"teut
1517 2821 1630 2861 pullus?
