1915 3079
223 107 277 138 615

844 101 873 128 S.
895 98 1056 127 PAMPRlLl
1076 97 1252 126 MARTYLIS

1803 95 1855 124 616

223 167 335 201 viperae,
350 161 496 199 aliquando
513 161 586 196 equi,
598 159 640 187 vel
657 159 821 194 reliquorttm
841 158 1009 185 animalium.
1026 161 1049 189 Α
1064 162 1117 184 tam
1130 157 1283 184 dasmonuru
1307 159 1521 201 naturamrquam
1534 154 1654 182 humano
1671 153 1780 201 generi,
1793 161 1856 188 pec-

224 212 284 240 .lam
295 219 358 246 ergo
373 214 543 242 consequens
554 211 598 234 est
617 210 645 234 et
661 205 711 233 hoc
723 205 783 233 illos
796 204 889 232 dicere
902 204 1011 237 debere,

224 258 295 294 quod
304 256 435 286 diabolus,
445 254 490 288 qui
499 253 540 280 leo
547 253 574 280 in
583 251 835 287 Scripturisdicitur
844 250 879 283 ⁸³,
886 256 1010 284 corpore,

225 303 309 333 leonis
323 306 425 331 utatur,
439 304 486 328 aut
499 299 624 327 draconis
636 298 775 329 carnibus,
794 304 854 324 cum
866 297 949 323 draco
961 303 1012 322 no-

224 350 341 377 minatur
355 348 388 374 “.
405 347 443 374 lla
464 346 517 374 erit
531 350 561 372 ut
575 344 722 372 secundum
742 343 801 371 illos
818 342 1011 370 transmutatio

225 395 275 422 ista
286 394 438 421 animarum
449 391 590 427 perveniat
596 395 624 418 et
636 391 661 417 in
675 390 825 417 daemonum
834 394 969 421 naturam,
982 393 1013 415 ut

223 439 413 474 sitaliquando
434 438 474 465 vel
499 437 541 464 leo
556 435 598 464 vel
615 436 697 464 draco
717 436 837 463 animam
855 434 960 463 habens
972 433 1011 470 (9)

221 485 370 513 diabolum.
393 493 403 510 ι

258 530 422 558 PAMPHILUS.
434 529 468 557 Et
485 528 565 564 paulo
580 533 657 563 post:

257 575 403 603 ORIGENES.
416 584 425 600 ε
445 574 497 601 Sed
509 574 650 608 superfluae
666 577 730 601 sunt
745 572 805 601 istae
819 578 914 599 omnes
931 570 1008 598 adin-

221 621 375 649 ventiones.
399 620 570 647 Manifestum
594 624 637 647 est
660 620 732 646 enim
750 619 822 654 quod
849 624 902 644 una
928 623 1010 651 poena

1066 207 1189 230 catorum
1208 209 1223 229 a
1239 201 1353 229 Domino
1364 200 1496 236 praefinita
1508 200 1555 234 sit,
1565 200 1610 227 illa
1628 207 1711 236 quam
1726 199 1856 228 Dominus

1065 248 1123 284 ipse
1139 255 1187 276 sua
1202 248 1339 276 sententia
1356 247 1509 282 designavit
1528 247 1621 274 dicens
1638 254 1645 274 :
1663 246 1707 273 Ite
1723 246 1751 272 in
1771 246 1855 280 ignem

1064 300 1203 326 wternum,
1219 294 1275 329 (l0)
1292 302 1368 329 quem
1380 294 1538 328 preparavit
1558 292 1629 320 Deus
1649 292 1756 319 diabolo
1768 297 1793 319 et
1807 300 1855 319 an-

1063 340 1127 375 gelis
1141 340 1198 375 ejus
1209 339 1272 360 35-“
1286 347 1293 365 :
1310 339 1456 366 ostendens
1470 338 1533 373 quia
1541 337 1634 365 eadem
1643 337 1752 372 species
1765 344 1857 371 plena-

1062 393 1121 413 rum
1139 385 1328 421 peccatoribus
1343 384 1510 417 hominibus,
1525 387 1553 411 et
1575 383 1694 415 diabolo,
1711 388 1740 409 et
1754 381 1856 417 angelis

1062 433 1121 467 eius
1136 436 1287 466 praeparata
1298 431 1345 463 sit,
1358 431 1420 457 licet
1434 430 1462 457 in
1485 430 1579 457 eadem
1599 436 1680 464 pmna
1698 429 1809 456 diversa
1825 428 1856 454 sit

1063 477 1201 512 quantitas
1215 483 1314 511 pmnaa.
1335 476 1413 503 Alius
1434 476 1506 503 enim
1531 475 1642 511 gravius
1661 482 1694 502 ac
1711 476 1856 502 vehemen-

1062 523 1116 550 tius
1139 522 1280 550 cruciatur
1303 529 1351 556 pro
1371 521 1556 557 magnitudine
1579 524 1774 555 peccatorum,
1790 519 1856 546 alius

1064 573 1153 597 autem
1168 569 1321 602 remissius,
1337 568 1393 603 (11)
1407 568 1485 603 cujus
1505 567 1605 599 leviora
1620 571 1647 594 et
1662 565 1791 594 faciliora
1801 573 1854 600 pec-

1063 621 1123 644 cata
1137 619 1209 643 sunt.
1229 624 1238 641 I

227 705 1846 732 ======_——_=—_——————_——_———=————-—=

756 797 973 843 RUFINI
1014 794 1316 841 EPILOGUS

525 895 561 923 IN
579 893 849 923 APOLOGETICUM
868 893 897 921 S.
916 891 1080 920 PAMPHlLl
1100 890 1279 919 MARTYRIS
1298 890 1343 918 AD
1362 889 1557 924 MACARIUM,

1016 979 1064 998 SEU

563 1051 673 1080 LIBER
695 1049 744 1078 DE
761 1047 1077 1078 ADULTERATIONE
1097 1046 1296 1075 LIBRORUM
1317 1046 1510 1075 ORIGENIS.

255 1198 285 1228 In
298 1199 341 1227 his
352 1206 412 1233 quae
427 1198 454 1225 in
474 1197 606 1232 superiori
618 1197 688 1225 libro
711 1198 858 1225 secundum
876 1197 1008 1233 Apologe-
1025 1201 1046 1230 Β
1061 1197 1202 1225 audientes
1218 1197 1246 1225 id
1274 1197 1346 1233 quod
1363 1204 1457 1225 verum
1480 1200 1541 1229 est,
1559 1201 1587 1225 et
1609 1196 1682 1232 quod
1707 1197 1768 1232 ipsa
1791 1197 1858 1225 ratio

220 1247 304 1274 ticum
317 1245 405 1273 sancti
419 1244 546 1280 martyris
561 1243 710 1278 Pamphili,
725 1251 804 1278 quem
828 1252 878 1279 pro
895 1244 1010 1279 Origene

221 1291 316 1319 Graeco
332 1297 459 1317 sermone
475 1289 570 1322 edidit,
587 1293 666 1324 prout
684 1290 830 1324 potuimus,
841 1290 882 1316 vel
905 1298 949 1317 res
963 1297 1010 1325 po~

220 1337 318 1372 poscit,
347 1335 442 1362 Latino
458 1342 584 1362 sermone
611 1335 780 1370 digessimus,
806 1335 862 1371 (12)
881 1335 944 1363 illud
969 1341 1011 1363 est

219 1381 292 1416 quod
305 1386 339 1412 te,
355 1380 550 1408 desideriorum
566 1379 618 1412 vir,
634 1379 747 1413 Macari,
764 1381 932 1408 admonitum
950 1388 1010 1409 esse

219 1427 292 1459 volo.
308 1432 338 1455 ut
362 1427 434 1454 scias
453 1427 525 1454 hanc
550 1426 658 1460 quidem
677 1426 738 1454 fidei
769 1426 907 1461 regulam,
928 1434 1008 1458 quam

220 1474 254 1500 de
266 1471 342 1500 libris
358 1471 417 1506 ejus
431 1478 513 1506 supra
541 1471 730 1506 exposuimus,
748 1478 809 1499 esse
826 1479 886 1506 quae
905 1476 934 1499 et
950 1479 1009 1499 am-

220 1518 364 1553 plectenda
379 1519 417 1546 sit
432 1522 461 1545 et
472 1518 598 1546 tenenda.
620 1517 649 1544 ln
665 1517 791 1545 omnibus
812 1518 884 1545 enim
902 1518 945 1545 his
964 1526 1010 1545 ca-

224 1563 350 1590 tholicum
361 1563 450 1591 inesse
464 1570 572 1591 sensum
584 1562 724 1590 evidenter
740 1564 879 1597 probatur.
894 1562 1009 1591 lnveniri

219 1613 310 1636 tamen
323 1609 348 1635 in
369 1609 426 1642 ejus
441 1608 517 1636 libris
537 1608 660 1643 quaedam
676 1607 710 1635 ab
730 1607 772 1635 his
788 1615 841 1634 non
867 1607 954 1635 solum
970 1607 1010 1634 (li-

218 1661 308 1686 versa,
320 1654 366 1682 sed
378 1661 572 1688 nonnunquam
588 1653 669 1680 etiam
694 1653 844 1685 contraria,
857 1657 884 1680 et
899 1660 931 1679 ea
950 1660 1009 1688 qua:

218 1700 344 1729 veritatis
368 1700 461 1735 regula
488 1707 540 1727 non
568 1699 686 1727 admittit
705 1699 760 1734 (l5)
787 1705 920 1734 agnosce,
950 1706 1009 1733 qua:

219 1753 270 1774 nos
285 1753 392 1781 quoque
408 1753 458 1773 nec
471 1745 627 1781 recipimus,
646 1751 696 1772 nec
714 1745 870 1780 probamus.
885 1743 939 1771 Sed
959 1745 1009 1773 hoc

219 1794 290 1821 unde
313 1792 460 1825 acciderit,
477 1792 632 1828 opinionem
648 1799 708 1826 qua:
727 1793 760 1819 ad
777 1799 825 1820 nos
846 1799 932 1826 usque
946 1799 1007 1826 per-

222 1840 305 1873 venit,
321 1847 355 1867 ne
366 1847 381 1866 a
397 1844 422 1866 te
436 1839 556 1874 quidem,
573 1838 616 1865 vel
639 1839 673 1866 ab
696 1839 739 1866 his
762 1839 807 1874 qui
828 1839 897 1873 quod
915 1846 1007 1865 verum

1061 1243 1174 1276 indicat,
1191 1244 1379 1278 acquiescant,
1398 1248 1426 1271 et
1447 1243 1618 1271 obtrectandi
1632 1243 1724 1271 studio
1738 1243 1795 1279 (14)
1808 1251 1857 1270 non

1060 1290 1176 1325 quodvis
1201 1290 1296 1316 malint
1319 1297 1412 1316 verum
1434 1296 1495 1317 esse
1511 1297 1592 1324 quam
1617 1289 1643 1316 id
1659 1290 1731 1324 quod
1749 1290 1790 1316 eis
1813 1290 1858 1316 ob-

1060 1334 1193 1361 trectandi
1209 1335 1351 1362 materiam
1364 1335 1488 1370 perimat.
1502 1335 1622 1363 Dubitari
1640 1343 1694 1362 non
1707 1340 1774 1370 puto
1786 1334 1858 1370 quod

1061 1380 1112 1407 hoc
1132 1380 1205 1407 nullo
1219 1387 1320 1415 genere
1342 1381 1399 1407 fieri
1415 1381 1511 1415 potuit,
1535 1386 1564 1408 ut
1588 1382 1630 1408 vir
1647 1385 1702 1408 tam
1723 1381 1859 1414 eruditus,

1062 1430 1115 1453 tam
1135 1426 1263 1461 prudens,
1278 1430 1306 1454 et
1321 1430 1392 1454 certe
1411 1427 1492 1462 (quod
1519 1427 1661 1462 indulgere
1672 1428 1755 1455 etiam
1777 1435 1862 1454 accu-

1061 1476 1164 1499 satores
1184 1473 1242 1507 ejus
1265 1472 1387 1507 possunt)
1404 1474 1446 1499 vir
1470 1473 1514 1507 qui
1531 1480 1618 1507 neque
1634 1473 1750 1504 stultus.
1771 1480 1861 1507 neque

1061 1518 1173 1545 insanus
1203 1518 1294 1552 fuerit,
1313 1519 1370 1553 ipse
1393 1519 1446 1546 sibi
1471 1520 1606 1546 contraria
1623 1524 1649 1547 et
1678 1520 1860 1554 repugnantia

1061 1564 1117 1590 suis
1134 1564 1275 1592 sententiis
1300 1565 1442 1593 scriberet.
1461 1566 1516 1592 Aut
1537 1566 1618 1593 etiam
1642 1566 1665 1593 si
1685 1565 1738 1593 ullo
1757 1573 1861 1601 genere

1061 1611 1241 1639 concedamus
1265 1611 1314 1639 hoc
1349 1612 1474 1640 accidere
1504 1613 1626 1646 potuisse
1651 1611 1708 1648 (l5)
1734 1612 1862 1639 fortassis

1060 1656 1132 1683 enim
1146 1656 1211 1683 dicit
1226 1656 1334 1691 aliquis,
1350 1657 1412 1692 quia
1429 1664 1461 1684 ea
1476 1665 1536 1692 quae
1549 1658 1575 1684 in
1590 1657 1676 1691 prima
1691 1662 1773 1685 :etate
1791 1665 1860 1685 con-

1061 1702 1181 1736 scripsit,
1196 1707 1284 1737 potest
1299 1702 1356 1730 fieri
1378 1707 1407 1730 ut
1428 1703 1635 1730 oblivisceretur
1653 1703 1679 1730 in
1703 1708 1784 1730 aetate
1803 1710 1864 1731 vel-

1060 1749 1146 1781 genti,
1163 1752 1190 1775 et
1203 1748 1282 1775 aliter
1299 1756 1379 1782 quam
1395 1748 1540 1783 aliquando
1553 1753 1688 1781 senserat,
1707 1753 1770 1783 post
1798 1757 1861 1783 pro-

1061 1793 1155 1828 ferret)
1165 1794 1228 1828 quid
1240 1794 1370 1822 faciemus
1383 1795 1456 1829 quod
1472 1795 1606 1822 interdum
1618 1794 1646 1822 in
1659 1794 1764 1822 eisdem
1781 1794 1861 1827 locis,

1060 1844 1150 1874 atque,
1159 1845 1189 1866 ut
1200 1839 1236 1867 ita
1247 1840 1372 1873 dixerim,
1381 1842 1405 1868 in
1420 1841 1595 1876 consequenti
1607 1849 1675 1876 pene
1683 1841 1786 1875 capite,
1796 1849 1859 1869 sen~

219 1889 261 1913 est
274 1885 346 1913 scire
361 1885 484 1920 cupiunt,
499 1884 580 1912 celari
597 1884 667 1918 volo,
684 1884 706 1912 si
720 1884 766 1919 qui
780 1888 868 1911 tamen
882 1888 946 1911 sunt
963 1884 1008 1919 qni
1023 1881 1044 1909 C
1063 1886 1146 1913 tentia
1155 1886 1284 1914 contrarii
1292 1885 1724 1922 sensusinveniturinserta?(16)
1732 1885 1863 1922 Nunquid

255 1956 278 1973 ⁸³
294 1956 366 1984 Psal.
382 1963 427 1989 xc,
441 1955 492 1989 15;
508 1954 603 1984 lPetr.
620 1963 646 1990 ν,
663 1955 690 1984 8.
727 1955 750 1971 “
762 1955 833 1983 Psai.
848 1962 907 1987 cm,
926 1954 959 1982 16
977 1963 985 1988 ;
1003 1954 1087 1990 Apoc.
1109 1957 1181 1990 χιιῶ
1195 1961 1221 1985 et
1239 1964 1298 1992 seq.
1328 1957 1390 1978 ”¹-⁸⁶
1408 1956 1503 1985 Matth.
1517 1964 1580 1990 xxv,
1593 1956 1638 1984 11.

256 2016 295 2052 (9)
310 2014 361 2052 iis.
388 2013 560 2052 corbeiensis
575 2033 583 2045 ,
599 2017 626 2041 et
655 2013 735 2045 editi,
760 2013 894 2052 diabolunt
904 2018 957 2052 ;-_et
973 2014 1010 2040 ita

219 2049 363 2087 legendum
391 2050 496 2077 videtur
516 2057 524 2082 ;
543 2054 663 2077 attamen
687 2049 777 2076 caeteri
800 2055 864 2075 mss.
887 2049 1010 2081 habent,

219 2086 352 2113 diabolus.

256 2121 312 2157 (10)
333 2119 473 2155 Editi,qui
494 2124 605 2155 paratus
627 2123 665 2146 est
687 2117 805 2146 diabolo.
822 2117 887 2146 Mss.
904 2125 969 2146 vero
982 2123 1012 2145 ut

220 2156 248 2184 in
262 2156 352 2184 textu.

257 2191 313 2227 (11)
333 2190 404 2227 Mss.
417 2197 539 2226 quarunt,
558 2189 639 2227 male.

257 2223 313 2261 (12)
333 2225 405 2252 Illud
423 2223 465 2252 ἐει
495 2226 564 2260 quod
583 2231 624 2258 te,
645 2224 835 2261 desideriorum
846 2224 895 2256 uir,
914 2223 1010 2261 Maca-

221 2259 320 2295 ri,‘etc.
340 2259 519 2296 Hieronymus
535 2261 570 2287 lib
594 2261 750 2296 ttradversus
765 2259 891 2296 Rufinum
913 2260 1011 2296 inhaac

221 2296 304 2324 verba
330 2297 371 2323 sic
399 2294 553 2323 invehitur:
578 2305 587 2321 ι
606 2295 734 2329 Quamvis
756 2296 788 2322 de
813 2294 921 2322 Eusebii
943 2295 1011 2322 libro

224 2331 307 2359 multa
334 2331 511 2362 subtraxerit,
525 2336 551 2358 et
568 2331 593 2357 in
611 2331 707 2358 bonam
721 2336 824 2365 partem
846 2331 879 2357 de
899 2329 968 2357 Filio
985 2335 1012 2357 et

224 2367 325 2401 Spiritu
340 2370 434 2393 sancto
447 2366 522 2393 nisus
538 2366 572 2393 sit
587 2370 762 2397 commutare,
777 2370 867 2392 tamen
883 2366 966 2392 multa
985 2366 1013 2392 in

222 2402 268 2430 illo
276 2402 402 2429 scandala
413 2401 591 2435 reperiuntur,
600 2405 626 2428 et
635 2401 812 2434 apertissima!
826 2400 1011 2435 blasphemiae,

223 2445 283 2472 qua:
296 2439 346 2464 iste
357 2444 405 2463 sua
420 2443 517 2471 negare
531 2443 582 2463 non
596 2441 705 2471 poterit,
724 2436 932 2472 catholiea_esse
947 2444 1011 2472 pro—

222 2470 360 2500 nuntians.
378 2472 445 2498 Dicit
458 2470 610 2502 Eusebius,
623 2471 686 2503 imo,
703 2475 730 2498 ut
743 2477 769 2498 tu
785 2471 835 2502 vis,
859 2470 1013 2505 Pamphilus

224 2509 251 2534 in
268 2508 318 2535 isto
329 2507 473 2538 volumine,
485 2506 580 2533 Filium
592 2507 680 2533 Patris
692 2506 863 2539 ministrum;
880 2506 1012 2540 Spiritum

222 2548 346 2570 sanctum
367 2550 419 2568 non
436 2542 470 2569 de
489 2542 582 2568 eadem
600 2541 688 2568 Patris
704 2542 817 2576 Filiique
837 2542 986 2568 substantia
1003 2549 1010 2573 ;

223 2579 327 2605 animas
342 2579 480 2604 hominum
495 2577 584 2611 lapsas
597 2584 657 2603 esse
668 2577 699 2604 de
713 2577 793 2609 ctelo,
807 2581 833 2603 et
848 2577 873 2603 in
883 2577 1013 2610 hocquod

222 2621 315 2640 stttnus
326 2613 360 2639 de
369 2612 469 2646 angelis
483 2612 640 2638 comtnutati
651 2631 658 2643 ,
672 2612 699 2638 in
711 2612 882 2639 restitutione
893 2612 1011 2639 omnium

223 2650 339 2682 aequales
355 2653 382 2674 et
398 2647 507 2682 angelos
518 2667 524 2678 ,
541 2651 568 2672 et
587 2647 733 2679 daemones,
750 2651 777 2673 et
796 2647 917 2673 homines
935 2647 1011 2680 fore;

222 2688 248 2709 et
258 2681 341 2709 multa
360 2683 411 2709 alia
433 2681 485 2709 tam
504 2682 585 2715 impia
608 2687 636 2708 et
652 2681 772 2715 nefaria,
787 2689 846 2716 quae
867 2683 947 2708 etiam
966 2689 1010 2709 re-

225 2717 324 2751 plicare
340 2719 376 2745 sit
397 2717 529 2744 criminis.
547 2716 616 2749 Quid
643 2717 723 2744 faciet
747 2724 866 2744 assertor
885 2716 1010 2751 Origenis

224 2757 251 2778 et
267 2753 400 2786 interpres
424 2751 580 2786 Pamphili?
609 2752 637 2779 Si
659 2753 685 2779 in
711 2752 752 2779 his
774 2759 834 2786 quas
854 2756 1010 2779 emendavit

225 2791 297 2812 tanta
320 2787 484 2820 blasphemia
500 2792 551 2818 est,
568 2788 594 2814 in
612 2788 664 2814 illis
680 2794 739 2822 qua:
755 2787 788 2814 ab
808 2787 946 2822 haereticis,
960 2787 1012 2814 fal-

226 2825 283 2847 sata
301 2822 440 2855 contingit,
451 2828 551 2855 quanta
566 2821 709 2857 sacrilegia
724 2821 896 2849 continentur
909 2821 916 2848 !
931 2821 1013 2857 Cujus

1065 2014 1200 2048 opinionis
1215 2021 1326 2042 causam
1341 2015 1411 2042 hanc
1432 2015 1585 2049 suspicatur
1596 2035 1605 2048 ,
1623 2014 1695 2049 quod
1711 2013 1755 2041 vir
1772 2021 1864 2049 neque

1065 2050 1174 2082 stultus,
1193 2057 1281 2084 neque
1301 2051 1412 2077 insanus
1427 2051 1518 2077 dicere
1535 2050 1586 2078 sibi
1604 2050 1787 2085 repugnantia
1809 2057 1864 2077 non

1064 2085 1191 2118 poluerit.
1217 2085 1250 2112 Et
1269 2092 1303 2112 ne
1329 2085 1443 2112 forsitan
1473 2091 1631 2120 putaremus
1655 2086 1775 2112 diversis
1799 2093 1864 2112 eum

1065 2121 1141 2146 varia
1155 2120 1299 2155 scripsisse
1311 2121 1488 2154 temporibus,
1502 2126 1528 2148 et
1539 2128 1587 2155 pro
1598 2121 1724 2148 mtatibus
1740 2121 1864 2147 edidisse

1065 2158 1212 2187 contraria,
1235 2155 1358 2182 addidit:
1375 2156 1444 2188 Quid
1462 2156 1576 2190 [acinms
1594 2156 1664 2190 quod
1684 2156 1823 2182 interdum
1836 2156 1863 2181 in

1063 2190 1159 2216 eisdem
1183 2190 1260 2222 locis,
1273 2195 1360 2224 atque,
1376 2196 1404 2217 ut
1426 2191 1464 2216 ita
1489 2191 1601 2218 dixerim
1614 2209 1621 2221 ,
1641 2191 1668 2217 in
1690 2189 1863 2225 consequenti

1063 2232 1128 2258 perte
1147 2226 1247 2286 ?rapite,
1264 2226 1396 2252 sententia
1421 2227 1548 2253 contrarii
1571 2233 1648 2253 sensu
1668 2225 1806 2252 inuenitur
1821 2227 1864 2252 in-

1063 2265 1133 2286 serta
1181 2270 1191 2286 s

1063 2265 1133 2286 serta
1147 2265 1159 2286 1'
1181 2270 1191 2286 s

1101 2296 1157 2331 (15)
1177 2295 1304 2330 Agnosco.
1329 2296 1408 2324 Deest
1434 2297 1460 2324 in
1486 2296 1577 2329 editis,
1597 2300 1624 2324 et
1651 2295 1809 2323 restituitur
1829 2303 1864 2323 ex

1064 2339 1131 2359 mss.

1101 2366 1157 2402 (M)
1173 2365 1209 2393 lla
1222 2367 1297 2401 editi,
1307 2371 1333 2393 et
1346 2367 1384 2394 sic
1396 2366 1534 2401 legendum
1544 2367 1660 2394 videtur.
1673 2365 1738 2393 Mss.
1764 2371 1862 2393 tamen

1065 2403 1151 2430 nostri
1164 2403 1293 2429 omittunt
1307 2411 1369 2434 non,
1383 2408 1411 2429 et
1423 2403 1467 2429 alii
1480 2403 1580 2431 habent
1590 2402 1711 2436 quodvis,
1722 2401 1770 2428 alii
1785 2404 1865 2436 quid-

1064 2439 1113 2465 uis.
1133 2437 1216 2464 Paulo
1226 2442 1287 2472 post
1303 2445 1366 2464 mss.
1382 2439 1513 2472 plerique,
1528 2442 1556 2464 et
1579 2437 1642 2464 editi
1658 2445 1756 2464 otnnes
1777 2438 1863 2464 Olttii-

1067 2478 1125 2500 lunt
1137 2476 1161 2498 et
1175 2477 1237 2499 ante
1256 2478 1334 2503 certe,
1353 2474 1399 2500 sed
1416 2479 1490 2499 recte
1514 2473 1664 2500 restituitur
1679 2479 1712 2499 ex
1730 2480 1786 2499 uno
1805 2480 1861 2499 ms.

1101 2508 1157 2543 (15)
1179 2507 1242 2535 Mss.
1261 2508 1363 2540 nostri,
1381 2507 1502 2542 fortassis
1523 2509 1602 2534 etiam
1619 2516 1628 2535 :
1646 2508 1694 2543 sed
1712 2507 1860 2543 legendum

1062 2542 1171 2577 videtur
1186 2550 1246 2570 cum
1259 2544 1349 2575 editis,
1358 2543 1478 2577 fortassis
1493 2544 1573 2570 enim.
1586 2542 1670 2577 Paulo
1684 2548 1743 2577 post
1766 2542 1863 2569 lliero—

1067 2586 1164 2613 nymus
1191 2578 1237 2605 lib.
1257 2586 1276 2606 tt
1297 2580 1420 2605 adversus
1439 2579 1587 2612 lluftnum;
1604 2578 1667 2612 quid
1681 2578 1818 2611 facimus;
1835 2583 1862 2604 et

1067 2614 1136 2640 inira
1150 2613 1225 2644 editi,
1238 2615 1370 2641 sententiae
1384 2615 1510 2640 contrarii
1521 2622 1611 2640 seruus
1629 2613 1801 2639 inveniuntur
1814 2613 1860 2640 ir:-

1066 2649 1129 2675 serli
1146 2655 1155 2675 :
1171 2650 1216 2674 sed
1232 2656 1324 2675 omnes
1340 2657 1402 2676 mss.
1424 2654 1452 2675 ut
1466 2649 1492 2676 in
1511 2654 1594 2676 textu.

1102 2683 1157 2716 (16)
1179 2682 1306 2718 Nunquid
1321 2684 1348 2709 in
1362 2685 1449 2711 eodem
1472 2692 1559 2718 opere,
1571 2689 1637 2716 etc.,
1652 2691 1737 2718 usque
1753 2682 1785 2709 ad
1803 2683 1861 2710 ista.

1065 2718 1159 2750 verba,
1173 2726 1248 2752 quem
1272 2720 1350 2752 paulo
1377 2725 1437 2745 ante
1460 2721 1491 2745 de
1512 2719 1569 2751 ipsa
1587 2724 1684 2746 natura
1698 2719 1746 2745 Dei
1765 2718 1861 2745 Patri;

1063 2756 1286 2789 pronuntiaverat
1296 2759 1387 2780 nolunt
1405 2757 1417 2780 ζ’
1434 2755 1612 2789 Hieronymus
1628 2754 1676 2781 lib.
1692 2761 1712 2781 tt
1728 2754 1860 2782 adversus

1062 2788 1188 2821 lluﬁnum
1204 2795 1213 2814 .'
1231 2797 1240 2812 ε
1267 2787 1433 2824 llteciipsius
1456 2787 1569 2824 (liulini)
1592 2791 1673 2816 verba
1693 2796 1784 2822 sunt;
1804 2797 1858 2815 ut:—

1062 2830 1126 2857 gare
1142 2830 1196 2851 non
1219 2827 1318 2858 potest.
1331 2823 1396 2852 Nolo
1407 2823 1492 2856 dicas,
1502 2824 1577 2852 verbi
1589 2831 1687 2858 causa,
1705 2828 1734 2851 ut
1747 2824 1793 2859 qui
1805 2833 1856 2851 su-
