1915 3079
224 111 276 141 619

910 110 1026 140 RUFINI
1047 111 1147 140 LIBER

1801 114 1851 143 σευ

219 179 285 202 ctus
301 174 342 202 vel
361 179 469 202 creatus
486 173 707 207 esse‘diceretur,
718 173 775 210 (l7)
788 174 917 202 continuo
931 174 1016 208 subji-
1031 178 1054 206 Α
1068 176 1107 202 vit
1122 175 1261 210 angustias
1275 177 1282 203 i
1304 176 1347 204 Ait
1360 177 1431 204 cnim
1448 186 1454 204 :
1472 176 1541 210 Quid
1553 183 1591 205 ut
1607 178 1677 213 quod
1688 178 1756 204 dixit
1770 177 1851 211 Deus,

221 225 298 248 ceret
317 221 386 248 inter
398 225 509 248 caeteras
527 224 670 247 creaturas
685 219 789 248 factum
804 227 865 248 esse
879 220 1012 256 Spiritum

221 271 344 293 sanctum
356 265 368 292 ?
380 270 426 293 aut
441 266 538 292 iterum
559 265 605 300 qui
625 265 735 293 Patrem
759 271 789 293 et
815 266 914 293 Filium
929 268 1010 295 unius

221 311 387 343 substantiae,
401 311 472 345 quod
484 309 579 338 Griece
595 311 737 346 ὁμοούσιον
748 311 858 344 dicitur,
882 312 1011 346 designa—

219 357 270 390 vit,
284 357 311 384 in
323 357 553 391 consequentibus
569 358 662 384 statim
679 357 810 392 capitulis
827 357 939 385 alterius
951 365 1012 385 esse

217 402 388 436 substantiae,
409 407 438 430 et
464 407 585 430 creatum
602 407 710 438 poterat
733 403 826 431 dicere
849 410 911 430 eum
928 411 1010 438 quem

216 451 298 486 paulo
311 455 376 478 ante
387 450 421 477 de
436 450 493 484 ipsa
510 455 606 477 natura
619 450 663 477 Dei
677 450 766 478 Patris
785 450 1010 485 pronuntiaverat

216 497 335 525 natum?
361 496 411 524 Vel
427 496 525 523 iterum
549 495 583 523 de
616 496 819 523 resurrectione
840 496 942 529 carnis,
962 496 1008 531 qui

212 552 272 572 tam
292 543 434 571 evidenter
444 541 632 577 pronuntiavit
652 547 777 569 naturam
799 542 890 569 carnis
908 542 934 569 in
950 549 1008 569 cce-

215 590 270 617 lum
287 588 444 616 ascendisse
469 596 530 616 cum
550 586 636 615 Verbo
653 587 711 620 Dei,
740 591 820 622 atque
838 587 904 615 inibi
922 587 1008 615 ccele.

215 636 304 664 stibus
319 635 479 670 apparuisse
496 634 646 662 virtutibus
662 641 760 661 novum
771 638 799 662 et
818 634 1006 661 admirandum

211 682 258 710 eis
283 682 324 709 sui
349 682 434 708 visum
455 680 633 715 prtehentem,
656 679 712 716 (18)
736 680 864 716 possibile
891 684 950 708 erat
977 683 1007 708 ut

212 730 289 757 hanc
311 729 409 757 iterum
433 728 539 756 diceret
561 735 614 756 non
644 735 706 756 esse
738 728 914 756 salvandam?
937 728 1004 762 Quia

215 780 281 807 ergo
294 772 351 799 haec
366 771 488 800 incidere
503 779 538 799 ne
561 772 589 799 in
611 779 672 800 eum
688 773 798 808 quidem
818 777 944 808 poterant
958 773 1004 808 qui

214 818 258 845 vel
284 821 380 844 mente
400 821 499 851 motus,
518 817 560 844 vel
576 817 692 845 cerebro
709 822 782 845 esset
804 818 924 850 insanus,
940 818 1004 853 quid

1064 226 1092 248 ut
1110 230 1142 248 ea:
1156 223 1227 248 omni
1242 223 1314 256 ligno
1338 223 1456 257 paradisi
1482 232 1534 251 non
1559 226 1724 251 manducetis
1735 225 1778 252 "'f
1795 225 1853 258 Quo

1063 269 1167 295 scilicet
1186 276 1234 302 per
1255 269 1306 296 hoc
1324 277 1406 304 grave
1430 277 1491 296 esse
1517 277 1679 305 praeceptum
1706 271 1754 298 Dei
1783 272 1850 306 apud

1063 314 1200 342 hominem
1231 323 1413 350 conquerens,
1449 317 1699 350 praevaricationem
1727 319 1851 353 praecepti

1062 359 1170 387 facilius
1191 360 1381 393 persuaderet.
1406 361 1469 388 Haec
1487 362 1610 396 exempla
1635 362 1721 397 patris
1735 362 1790 395 sui,
1813 368 1852 390 at-

1061 412 1114 439 que
1130 405 1200 432 hanc
1212 409 1299 432 artem
1317 405 1439 441 magistri
1460 406 1502 434 sui
1517 406 1603 433 secuti
1619 406 1753 439 haeretici,
1770 413 1850 441 quos-

1060 457 1167 485 cunque
1182 455 1304 479 veterum
1325 451 1455 479 nobilium
1483 456 1660 479 tractatorum
1688 453 1851 480 invenerunt

1059 496 1093 523 de
1111 496 1162 530 his,
1177 504 1238 531 quae
1253 497 1286 524 ad
1303 496 1416 532 gloriam
1440 497 1487 525 Dei
1513 498 1662 532 pertinent,
1683 498 1766 533 plene
1779 503 1806 526 et
1824 499 1850 526 ﬁ-

1059 541 1155 569 deliter
1169 542 1332 576 disputasse,
1347 542 1384 570 ita
1396 547 1425 569 ut
1438 549 1471 569 ex
1489 542 1605 571 lectione
1625 543 1746 578 ipsorum
1766 552 1847 572 unus-

1058 587 1172 622 quisque
1188 587 1306 616 ﬁdelium
1319 588 1452 623 proﬁcere
1468 589 1555 623 possit
1567 593 1595 616 et
1607 589 1716 623 instrui,
1732 598 1787 617 nou
1803 598 1849 625 pe-

1058 638 1205 668 percerunt
1229 634 1341 667 scriptis
1364 641 1457 662 eorum
1481 634 1537 671 (i9)
1564 635 1720 668 dogmatum
1738 644 1848 664 suorum

1058 686 1220 708 venenatum
1237 680 1312 708 virus
1328 681 1481 714 infundere,
1504 682 1562 710 sive
1582 682 1774 717 interpulando
1790 691 1848 718 qua:

1057 727 1191 760 dixerant,
1206 727 1264 755 sive
1277 735 1337 762 quae
1352 735 1404 755 non
1420 729 1546 756 dixerant
1559 729 1713 760 inserendo.
1736 738 1794 765 quo
1808 729 1848 757 5a-

1056 772 1135 800 cilius
1152 772 1279 800 videlicet
1300 773 1351 800 sub
1378 773 1487 800 nomine
1512 774 1661 802 doctissimi
1677 774 1810 810 cujusque
1821 781 1847 804 et

1056 817 1154 845 nobilis
1173 817 1245 845 inter
1261 818 1408 853 scriptores
1431 819 1632 847 ecclesiasticos
1657 821 1709 847 viri
1735 822 1846 850 haeresis

215 863 252 890 sit
264 863 290 890 in
300 870 393 897 causa,
406 870 487 898 quam
498 869 608 897 possum
622 863 743 891 breviter
752 863 882 891 edocebo.
896 864 1001 897 Quanta
1020 851 1041 878 Β
1058 871 1114 891 suze
1136 867 1305 891 astrueretur
1324 865 1449 898 assertio,
1469 873 1502 892 ex
1519 873 1551 892 eo
1573 867 1643 903 quod
1665 866 1702 894 ita
1728 867 1846 896 sensisse

213 908 250 936 sit
266 908 458 936 imreticorum
482 909 635 942 temeritas,
655 915 737 943 quam
764 909 831 936 nihil
846 909 889 937 his
902 909 1001 942 sancti,

212 954 282 982 nihil
293 955 370 990 pensi
385 955 430 988 sit,
449 954 530 982 facile
549 954 661 990 intelligi
676 954 757 982 datur
771 962 805 982 ex
824 955 865 982 his
874 962 934 989 quae
945 954 1000 982 fre-

213 1006 329 1035 qttenter
344 1004 372 1028 et
391 1000 451 1028 ausi
468 1004 578 1028 suntet
596 1000 723 1027 COIiViCli.
748 999 814 1027 Nam
844 1000 915 1027 sicut
933 1000 1002 1035 patri

212 1047 333 1081 ipsorum
361 1046 465 1074 diabolo
490 1046 524 1074 ab
539 1046 617 1073 initio
638 1045 736 1073 falsare
760 1045 842 1073 verba
865 1046 930 1078 Dei,
957 1051 1000 1072 at-

207 1100 265 1127 quo
279 1091 415 1119 inﬂectere
429 1099 444 1119 a
459 1100 509 1119 sun
522 1092 627 1124 ordine,
651 1097 678 1119 et
698 1091 740 1119 sui
764 1090 863 1118 veneni
880 1090 996 1117 interse-

210 1146 273 1166 rere
287 1139 362 1166 virus
375 1138 494 1165 studium
524 1138 574 1166 fuit
588 1147 596 1172 ;
625 1138 660 1165 ita
682 1143 710 1166 et
727 1138 785 1165 istis
797 1137 1001 1165 successoribus

210 1184 268 1211 suis
283 1184 354 1211 hanc
372 1191 427 1211 sua:
444 1184 511 1211 artis
524 1184 709 1212 heart-ditatem
738 1183 857 1218 reliquit.
880 1183 1001 1217 Denique

206 1237 271 1257 eum
286 1229 398 1256 dixisset
415 1229 484 1256 Deus
497 1230 530 1257 ad
551 1230 655 1257 Adam:
674 1229 717 1257 Ea:
738 1231 808 1256 omni
828 1229 900 1264 ligno
917 1237 999 1264 para-

209 1273 261 1302 disi
275 1276 468 1302 mamlucabitis
480 1275 501 1292 ⁸⁷
516 1285 522 1302 :
538 1275 583 1303 ille
594 1283 657 1303 cum
671 1275 753 1302 vellet
764 1275 847 1302 Evam
862 1274 995 1307 decipere,

207 1319 400 1350 liberalitatem
425 1321 469 1349 Dci
495 1322 585 1349 omnia
604 1321 684 1348 edere
708 1322 920 1356 permittentem,
945 1329 998 1348 una

208 1369 398 1396 tantummodo
418 1368 559 1404 interjecta
575 1368 688 1404 syllaba,
702 1369 728 1395 in
746 1374 861 1403 quantas
876 1372 999 1395 coarcta-

246 1430 268 1445 ‘"
282 1429 380 1457 Genes.
397 1437 427 1461 ιι,
442 1429 486 1456 l6.
524 1429 546 1445 ⁸⁸
560 1429 661 1457 Cenes.
675 1437 719 1462 tu,
734 1429 760 1456 i.

1054 910 1137 937 etiam
1154 909 1236 945 aliqui
1253 910 1286 938 de
1303 910 1384 938 claris
1401 911 1467 938 viris
1481 918 1508 939 et
1519 913 1662 941 catholicis
1674 913 1843 942 viderentur.

1055 956 1088 983 Et
1103 956 1200 984 horum
1215 955 1453 984 manifestissimas
1478 957 1550 984 inter
1574 957 1682 986 Graecos
1698 959 1844 993 Scriptores

1053 1001 1253 1029 ecclesiasticos
1279 1002 1457 1036 probationes
1489 1006 1621 1032 tenemus.
1656 1004 1690 1031 Et
1719 1006 1844 1039 quamvis

1054 1047 1247 1082 quamplurimi
1271 1047 1328 1074 sint
1351 1055 1383 1075 ex
1410 1049 1548 1077 veteribus
1575 1049 1601 1076 in
1632 1057 1750 1085 quorum
1769 1050 1843 1078 libris

1052 1093 1239 1127 hujuscemodi
1262 1093 1475 1128 deprehenditur
1501 1094 1675 1128 adulterium,
1694 1103 1842 1130 paucorum

1053 1144 1143 1166 tamen
1166 1138 1265 1167 auﬁicit
1282 1139 1412 1167 adhibere
1429 1139 1596 1173 testimonia,
1612 1148 1646 1168 ex
1661 1141 1762 1175 quibus
1779 1141 1842 1170 faei-

1051 1184 1103 1212 lius
1120 1185 1184 1220 quid
1198 1185 1279 1213 etiam
1295 1185 1420 1221 Origenis
1441 1186 1517 1215 libris
1545 1187 1686 1219 acciderit,
1707 1195 1841 1223 agnosce:

1051 1234 1101 1257 tur.

1089 1276 1146 1312 (20)
1172 1276 1297 1305 Clemens
1319 1277 1502 1313 apostolorum
1529 1279 1689 1313 discipulus,
1712 1280 1759 1315 qui
1787 1280 1840 1307 Ro-

1053 1330 1140 1350 mana:
1154 1323 1283 1351 Ecclesia:
1300 1329 1361 1358 post
1379 1325 1515 1360 apostolos
1528 1330 1556 1352 et
1570 1326 1713 1361 episcopus
1729 1331 1757 1354 et
1770 1335 1839 1354 mar-

1054 1373 1097 1404 tyr
1114 1368 1174 1403 fuit,
1190 1369 1376 1404 librosedidit,
1389 1371 1453 1406 quia
1463 1371 1557 1399 Graece
1568 1371 1743 1407 appellantur
1760 1373 1839 1401 'Am-

209 1489 241 1516 de
254 1487 407 1522 swgelorum
429 1487 519 1519 ruina,
533 1487 566 1513 de
579 1487 728 1522 animarum
745 1486 833 1519 lapsu,
857 1487 889 1514 de
907 1496 992 1514 resur-
1008 1490 1028 1519 ο
1045 1485 1168 1522 plurimis
1192 1488 1341 1522 expuuntur
1351 1490 1367 1522 ’ς
1435 1484 1567 1522 aliquibus
1586 1485 1624 1522 ita
1648 1484 1775 1522 Eunomii
1792 1487 1839 1513 da-

206 1521 332 1552 vectionis
343 1522 497 1558 progatigiis,
512 1522 545 1548 de
560 1523 669 1558 mundo,
682 1521 720 1548 uel
734 1522 911 1558 inter-munitis
927 1522 993 1558 Epi-

208 1567 278 1589 curi,
290 1558 322 1585 de
334 1557 497 1584 restitutione
514 1558 630 1584 omnium
646 1557 674 1584 in
694 1557 821 1591 aqualem
841 1563 952 1590 statum,
970 1563 994 1584 et

209 1594 292 1621 multo
308 1593 348 1619 Itis
366 1593 507 1627 deteriora,
520 1600 578 1627 qua:
592 1592 699 1626 longum
720 1599 786 1619 esset
809 1598 933 1625 retexere,
956 1592 995 1620 vel

207 1630 246 1655 ita
262 1629 336 1656 vertit
356 1633 381 1654 ut
399 1628 425 1654 in
441 1626 532 1654 (ξηιιού
549 1628 693 1659 invenerat,
713 1627 752 1653 vel
772 1627 803 1654 de
825 1627 996 1654 Commenta-

208 1664 286 1691 riolis
304 1663 420 1697 Didymi,
433 1664 478 1696 qui
495 1662 617 1697 Origenis
638 1662 820 1695 apertissima;
839 1671 993 1697 propugna-

209 1705 252 1726 tor
269 1703 321 1730 est,
342 1703 500 1733 exaggerata
524 1703 547 1724 et
564 1697 685 1731 ﬁrmiora
703 1698 803 1733 posuit.
822 1697 841 1724 E
857 1698 994 1725 contrario

208 1742 360 1769 anonymus
381 1732 476 1769 auctor
504 1733 639 1769 Apologia:
658 1738 713 1769 pro
735 1732 849 1768 Origene
877 1740 937 1768 qua:
961 1734 994 1769 de

207 1767 342 1796 Ti'ini't‘ate
370 1769 396 1795 in
420 1767 547 1803 Origenis
570 1768 679 1801 scriptis
695 1767 810 1802 legebat,
835 1775 866 1794 ea
892 1776 944 1795 non
959 1768 994 1795 ab

206 1805 344 1832 haireticis
372 1804 473 1830 inserta
504 1810 575 1835 esse,
600 1803 645 1830 sed
677 1803 841 1830 catholicum
873 1804 995 1838 recipere

205 1847 287 1875 posse
302 1846 411 1866 sensum
424 1838 622 1875 contendebat;
640 1843 736 1865 caetera
749 1843 839 1865 autem
861 1838 930 1875 ejus
947 1839 995 1875 do-

209 1873 300 1910 gmata
315 1875 359 1901 ubi
378 1874 503 1910 excusari
518 1881 571 1900 non
588 1878 723 1910 poterant,
735 1878 780 1900 aut
790 1873 995 1910 exercitationis

207 1908 289 1937 causa
314 1910 348 1937 ab
370 1917 403 1936 eo
426 1909 531 1944 prolata
558 1916 630 1942 esse,
650 1908 693 1944 vel
711 1915 792 1944 certe
810 1908 843 1935 ab
859 1908 994 1936 haereticis

207 1944 294 1972 fuisse
310 1945 410 1972 inserta
427 1943 633 1979 ’propugnabat.
661 1943 777 1979 Rufinus
800 1951 865 1978 ergo
884 1944 918 1970 ab
943 1944 995 1971 isto

210 1988 346 2016 anonymo
363 1978 493 2016 auctore,
506 1985 620 2013 uterque
637 1985 730 2016 veroa
747 1978 898 2016 Pamphilo,
908 1979 995 2006 Euse—

208 2016 264 2049 hi0,
278 2013 393 2050 Didyme
404 2020 431 2042 et
444 2014 610 2049 Hieronymo
627 2013 769 2050 refellitur,
787 2015 885 2048 quibus
905 2015 995 2041 htecce

205 2049 337 2079 librorum
350 2050 475 2085 Origenis
490 2049 654 2076 adulteratio
664 2056 697 2075 ne
712 2049 737 2076 in
751 2053 867 2085 tuentem
884 2050 994 2083 quidem

203 2087 292 2113 venit.
311 2086 388 2120 Quod
404 2084 455 2112 ait
480 2091 643 2120 anonytnus
659 2088 755 2120 auctor
782 2084 918 2120 Apologiw
945 2091 994 2118 pro

198 2118 331 2156 Origene,
341 2129 414 2154 eum,
424 2120 486 2147 dum
495 2118 610 2151 viveret,
621 2118 752 2156 ejusmodi
768 2119 993 2156 adulteratiouem

196 2154 335 2184 librorum
358 2163 469 2184 suorum
489 2155 709 2190 deprehendisse,
726 2154 900 2190 idrrespicere
916 2155 990 2190 vide-

201 2196 248 2219 tur
276 2191 402 2230 Origenis
416 2190 459 2230 ad
484 2189 587 2230 amicos
615 2189 819 2230 Alexandrinos
833 2224 839 2230 _
851 2189 991 2230 epistolam
1009 2203 1030 2230 Β

201 2234 283 2260 quam
309 2223 388 2261 paulo
416 2225 486 2253 infra
512 2225 615 2260 prol'ert
644 2223 944 2261 Rufinus.‘Vide’quid
965 2225 991 2252 ei

193 2259 366 2295 respondeat
379 2259 560 2294 Hieronymus
575 2266 631 2287 not.
647 2260 673 2286 in
690 2261 762 2286 hunc
777 2259 874 2286 locum.

238 2294 295 2331 (Π)
317 2298 353 2323 ita
377 2296 453 2327 editi,
473 2301 501 2322 et
526 2296 707 2330 Hieronymus
735 2295 783 2321 lib.
799 2303 829 2331 Διι
865 2294 990 2331 adversus

195 2329 339 2365 Ruﬁnum.
367 2332 435 2358 Mss.
459 2338 523 2359 vero
548 2331 644 2363 nostri,
669 2338 762 2357 ruraua
786 2329 895 2361 diceret,
921 2330 990 2357 alias

191 2368 317 2401 tproxime
330 2367 436 2393 diceret.

239 2401 295 2437 (18)
325 2401 388 2429 Mss.
412 2401 555 2436 plerique,
580 2400 743 2433 impossibile
767 2405 834 2432 erat,
859 2404 911 2427 etc.
935 2399 988 2427 Sed

200 2437 279 2468 editi,
298 2442 324 2464 et
339 2444 405 2464 mss.
419 2437 527 2470 quidam
545 2437 643 2462 rectius
658 2442 687 2462 ut
701 2436 726 2462 in
746 2440 830 2462 humu.

191 2481 192 2492 ι
235 2472 292 2508 (l9)
315 2472 471 2507 Dogmatum
497 2479 616 2497 suorum.
643 2470 706 2498 Haec
735 2472 816 2498 verba
841 2470 939 2499 desunt
960 2471 986 2498 in

195 2507 290 2540 editis,
305 2513 332 2535 ct
349 2507 530 2535 restituuntur
546 2513 579 2533 ex
596 2513 664 2533 mss.

233 2543 289 2579 (‘20)
311 2541 626 2579 Clemensinpostolorunt
642 2541 802 2579 discipulus.
815 2545 881 2574 etc.,
899 2549 986 2579 usque

195 2577 298 2606 ad‘ista
314 2588 321 2605 :
340 2586 372 2604 ne
382 2577 464 2604 simili
481 2584 569 2603 cauete
587 2577 683 2603 similis
703 2577 817 2610 sufﬁciat
838 2577 984 2603 excusatio.

195 2613 377 2649 Hieronymus
408 2613 456 2649 lib.
474 2620 494 2639 ιι
525 2612 648 2638 adversus
673 2610 830 2649 Rufinum:
854 2621 862 2637 ι
888 2611 985 2649 Vnde}!-

193 2657 256 2676 mus
283 2647 373 2676 tainieu
403 2648 501 2682 quibus
529 2647 694 2682 argumentis
737 2647 853 2681 probare
882 2647 983 2673 nitntur

193 2683 333 2718 (Ruﬁnus)
357 2683 483 2717 Origenis
504 2683 538 2710 ab
566 2683 703 2709 hmreticis
727 2683 830 2716 scripta
855 2682 949 2718 vitiata
974 2690 982 2709 :

194 2717 329 2751 Clemens,
353 2719 451 2753 inquit,
474 2718 654 2751 apostolorum
676 2718 833 2750 discipulus,
856 2718 900 2751 qui
930 2717 983 2742 lia-

194 2762 281 2780 manw
300 2755 425 2781 Ecclesia:
449 2759 505 2786 post
525 2753 658 2788 apostolos
671 2753 809 2788 episcopus
835 2757 857 2777 et
880 2757 983 2786 martyr

195 2788 259 2822 fuit,
291 2791 370 2816 libros
393 2790 487 2820 edidit.
518 2790 563 2823 qui
598 2787 767 2822 appellantur
801 2787 981 2821 Ἀναγνωρι-

194 2824 283 2859 ςμός,
296 2824 321 2848 id
340 2830 388 2859 est,
406 2823 564 2857 liecognitio
578 2832 584 2849 :
604 2824 631 2849 iu
643 2823 736 2855 quibus
749 2830 808 2859 cum
822 2830 857 2859 tto
869 2830 981 2855 persona

191 2854 270 2886 Petri
283 2855 394 2893 apostoli
405 2854 527 2886 doctrina
539 2858 613 2895 quasi
627 2854 682 2884 cere
692 2857 1002 2896 αρυδιυιὶεαγίιιμμιαηι-η
1017 2893 1023 2896 _

1047 1530 1107 1556 gnta
1122 1521 1257 1552 inseritur,
1279 1524 1307 1546 ut
1330 1520 1396 1556 nihil
1416 1521 1491 1556 aliud
1510 1528 1589 1555 quam
1611 1520 1666 1553 ipse
1689 1520 1839 1549 Eunomia:

1047 1553 1182 1589 disputare
1196 1556 1330 1586 credatur,
1344 1553 1446 1581 Filium
1461 1555 1507 1582 Dei
1517 1553 1641 1581 'crealum
1655 1556 1687 1582 de
1700 1555 1780 1582 nullis
1793 1565 1838 1583 e1-

1046 1591 1178 1619 stantibns
1207 1598 1370 1617 asseverans.
1392 1590 1425 1616 Et
1453 1595 1513 1624 post
1542 1590 1605 1623 alia,
1626 1597 1686 1624 quae
1700 1591 1837 1624 prolixum

1046 1631 1089 1653 est
1102 1626 1223 1652 scribere
1241 1635 1248 1652 :
1272 1624 1354 1657 Quid,
1371 1633 1470 1659 qnwso,
1492 1625 1542 1657 ait,
1568 1626 1600 1652 de
1615 1625 1656 1652 Itis
1672 1626 1837 1653 sentiendum

1046 1661 1105 1688 est?
1120 1660 1197 1694 Quod
1211 1661 1372 1694 apostolicus
1387 1661 1427 1687 vir
1443 1661 1567 1687 htcrett'ca
1581 1661 1740 1694 scripserit?
1754 1662 1796 1688 Αιι
1810 1662 1838 1688 id

1045 1697 1134 1731 potius
1148 1697 1317 1726 credendum,
1331 1696 1402 1730 quod
1421 1696 1536 1730 perversi
1558 1696 1678 1723 homines
1695 1696 1732 1722 ad
1747 1705 1836 1723 asser-

1047 1732 1143 1758 tionem
1162 1731 1325 1766 dogmatum
1339 1738 1448 1757 suorum
1468 1731 1515 1757 sub
1545 1731 1662 1766 t'irorum
1681 1736 1837 1758 sanctorum

1047 1767 1160 1796 nomine,
1175 1770 1299 1800 tanquam
1312 1765 1416 1799 faciliut
1431 1765 1573 1797 credenda,
1587 1765 1789 1793 interseruerint
1804 1775 1836 1794 ea

1046 1809 1105 1836 qute
1117 1801 1156 1828 illi
1171 1809 1217 1827 nec
1233 1801 1345 1827 sensisse
1371 1809 1417 1827 net
1440 1802 1585 1836 scripsisse,
1603 1801 1728 1828 credendi
1748 1807 1810 1829 sunt
1822 1803 1835 1829 ι

1046 1835 1211 1864 Clementem
1230 1835 1543 1872 quoqueAlexandrina:
1570 1835 1697 1872 Ecclesiae
1718 1838 1834 1872 presby-

1048 1877 1134 1899 terum
1149 1872 1234 1897 virtnn
1251 1871 1414 1898 catholicum
1434 1870 1532 1898 scribit
1548 1871 1574 1898 in
1586 1870 1662 1898 libris
1674 1870 1732 1898 suis
1749 1870 1835 1899 inter-

1048 1907 1110 1934 dum
1138 1907 1184 1933 Dei
1213 1906 1311 1942 Filium
1340 1907 1429 1942 dicere
1455 1911 1576 1933 creatum
1598 1915 1605 1933 :
1628 1912 1656 1934 et
1673 1907 1834 1942 Dionysium

1046 1942 1238 1969 Alexandrina:
1267 1941 1342 1968 urbis
1365 1941 1532 1975 episcopum,
1560 1941 1646 1968 virum
1677 1941 1834 1969 eruditissi-

1047 1985 1132 2011 mum,
1159 1982 1253 2004 contra
1281 1975 1427 2004 Sabellium
1443 1981 1564 2010 quatuor
1578 1976 1763 2004 voluminibus
1775 1978 1834 2005 dis-

1047 2018 1197 2048 putantem,
1210 2012 1251 2048 rin
1267 2012 1397 2048 Arianum
1420 2011 1527 2048 dogma,
1541 2011 1641 2048 delabi.
1665 2011 1698 2038 Et
1721 2013 1774 2039 sub
1789 2013 1833 2040 his

1046 2046 1176 2082 exemplis
1190 2047 1253 2073 illud
1269 2046 1332 2080 agit,
1351 2052 1378 2073 ut
1400 2054 1452 2073 non
1473 2046 1674 2074 ecclesiasticos
1690 2052 1718 2073 et
1732 2048 1832 2075 catho-

1045 2083 1113 2110 licos
1127 2081 1209 2109 ’viros
1232 2082 1301 2108 male
1318 2082 1448 2112 sensisse,
1473 2082 1520 2109 sed
1535 2084 1568 2108 ab
1583 2081 1718 2109 haereticis
1735 2090 1833 2110 eorum

1046 2118 1146 2152 scripta
1160 2121 1289 2151 corrupta
1307 2123 1366 2152 esse
1384 2122 1518 2150 testelur;
1533 2121 1561 2143 et
1577 2117 1721 2144 concludat
1733 2118 1767 2144 ad
1782 2126 1833 2144 ex-

1047 2151 1162 2180 tremum
1178 2152 1290 2179 dicens:
1309 2151 1347 2178 De
1363 2151 1475 2186 Origene
1490 2159 1602 2186 quoque,
1622 2153 1648 2179 in
1665 2160 1717 2184 quo
1735 2153 1833 2179 simili-

1046 2194 1094 2221 ter,
1109 2193 1138 2214 ut
1149 2188 1176 2214 in
1196 2187 1238 2214 ftis
1253 2195 1317 2222 quos
1337 2195 1418 2221 supra
1435 2187 1563 2220 diximus,
1578 2188 1699 2220 qutcdam
1715 2188 1831 2215 diversi-

1045 2228 1086 2250 tas
1110 2223 1251 2255 invenitur,
1277 2223 1346 2248 istud
1371 2231 1422 2248 non
1450 2223 1561 2257 suﬁicia‘l
1583 2224 1688 2254 sentire,
1710 2224 1782 2257 quod
1798 2225 1832 2250 de

1044 2257 1225 2293 prmjudicalis
1243 2257 1301 2292 jam
1322 2257 1457 2284 catholicis
1479 2258 1591 2284 sentitur
1607 2257 1649 2293 uel
1668 2258 1833 2292 intelligitur

1044 2295 1116 2326 viris,
1138 2301 1184 2319 nec
1203 2293 1297 2319 similia
1316 2300 1403 2319 cauare
1428 2292 1524 2319 similis
1554 2292 1665 2327 sufﬁciat
1678 2294 1830 2320 excusatio.

1044 2329 1072 2356 Si
1088 2328 1257 2360 conceditur,
1277 2332 1305 2354 ut
1323 2328 1453 2362 quidquid
1466 2327 1493 2354 ili
1510 2327 1586 2354 libris
1609 2328 1730 2354 omnium
1751 2336 1831 2362 repe-

1043 2365 1125 2396 ritur,
1149 2363 1183 2390 ab
1204 2363 1265 2390 aliis
1277 2367 1433 2397 corruptum
1447 2363 1491 2391 sit.
1504 2362 1570 2389 nihil
1581 2369 1674 2390 eorum
1687 2364 1740 2390 erit
1756 2371 1830 2397 quo-

1043 2407 1102 2426 rum
1116 2399 1203 2426 fertur
1218 2398 1372 2425 hominibus
1386 2405 1393 2430 ;
1410 2399 1458 2425 sed
1473 2399 1517 2425 his
1530 2398 1714 2432 deputabitur,
1731 2406 1746 2425 ι
1763 2400 1830 2433 qni-

1041 2434 1093 2461 bus
1115 2434 1216 2461 dicitur
1236 2441 1296 2461 esse
1318 2434 1451 2460 vitiatum.
1477 2434 1637 2467 Quanquam
1661 2439 1690 2460 et
1717 2433 1829 2461 illorum

1041 2477 1095 2496 non
1113 2469 1176 2502 erit,
1194 2476 1310 2503 quorum
1329 2469 1430 2495 incerta
1449 2473 1512 2495 sunt
1540 2468 1669 2495 nomina:
1688 2474 1773 2503 atque
1791 2470 1829 2496 ita

1041 2504 1097 2537 ﬁet,
1115 2510 1155 2537 ut,
1175 2504 1240 2539 dum
1263 2504 1382 2531 onmium
1399 2504 1489 2530 omnia
1510 2508 1584 2537 sunt,
1611 2503 1680 2530 nihil
1710 2504 1830 2539 alicujus

1040 2540 1085 2566 sit.
1110 2539 1168 2567 Hac
1194 2538 1359 2566 defensionis
1389 2539 1593 2573 perturbatione
1615 2546 1664 2566 nec
1691 2538 1827 2570 Marcion.

1039 2582 1090 2602 nec
1105 2574 1279 2606 Manichacus,
1296 2581 1345 2601 nec
1360 2574 1451 2607 Arius,
1468 2581 1519 2601 nec
1532 2573 1682 2601 Eunomius
1700 2575 1827 2602 accusari

1039 2615 1184 2644 poterunt;
1201 2610 1262 2644 quia
1280 2609 1410 2644 quidquid
1433 2616 1484 2635 nos
1500 2609 1533 2636 ab
1553 2610 1595 2636 his
1620 2609 1702 2644 impie
1720 2611 1826 2636 dictum

1038 2645 1229 2678 objecerimus,
1246 2644 1372 2678 discipuli
1401 2644 1613 2680 respondebunt,
1629 2652 1683 2671 non
1702 2653 1716 2671 a
1737 2645 1827 2680 magi-

1040 2681 1104 2708 stris
1117 2681 1173 2707 suis
1191 2681 1226 2707 ita
1238 2679 1406 2712 editum,sed
1423 2680 1456 2705 ab
1470 2679 1588 2711 inimicis
1601 2686 1663 2707 esse
1679 2679 1824 2706 \‘iolatuin.

1037 2715 1094 2743 iloc
1109 2723 1207 2750 genere
1229 2720 1257 2741 et
1274 2715 1331 2745 iste
1351 2715 1407 2748 ipse
1421 2718 1483 2741 tuus
1498 2715 1577 2746 liber,
1596 2720 1659 2742 tuus
1682 2723 1736 2742 non
1758 2716 1824 2748 erit,

1037 2752 1083 2778 sed
1098 2749 1210 2777 fursitan
1226 2757 1301 2777 meus
1315 2759 1322 2783 ;
1337 2755 1363 2777 et
1380 2756 1457 2776 meus
1468 2749 1549 2782 liber,
1566 2757 1621 2785 quo
1639 2750 1686 2776 tibi
1703 2758 1825 2777 accusa-

1037 2791 1081 2812 tus
1095 2787 1256 2820 reSpondeo,
1275 2785 1337 2812 si-in
1354 2785 1400 2812 illo
1414 2785 1516 2820 aliquid
1530 2785 1752 2819 reprehenderis,
1768 2792 1825 2813 non

1035 2822 1088 2848 erit
1105 2829 1191 2852 meus,
1213 2821 1261 2848 sed
1286 2825 1349 2848 tuus
1366 2827 1380 2847 a
1397 2827 1449 2855 quo
1464 2820 1681 2855 reprehenditur.
1704 2820 1738 2847 Et
1759 2820 1826 2847 dum

1035 2857 1126 2884 omnia
1142 2857 1182 2893 ad
1205 2856 1348 2885 haereticos
1364 2854 1463 2890 refers,
1481 2854 1548 2890 quid
1561 2855 1760 2885 ecclesiasticis
1778 2856 1829 2884 tri-
