1915 3079
83 147 130 175 621

521 146 567 174 DE
585 144 880 175 ADULTERATIONE
897 145 1076 174 LIBRORUM
1095 145 1264 174 ORIGENIS.

1650 145 1702 174 6'23

83 205 264 241 τνωρισμὸς,
290 205 317 234 id
337 210 389 238 est,
416 205 567 241 Recogm’tio
580 214 591 233 :
606 207 632 234 in
648 207 747 242 quibus
760 214 820 234 cum
836 214 867 233 ex
885 212 908 240 Α
924 209 1011 233 turam
1030 206 1106 234 dicit.
1133 205 1258 241 Nunquid
1277 205 1472 236 credibilelest
1486 205 1518 233 de
1534 209 1609 233 tanto
1633 205 1703 238 viro,

84 259 200 287 persona
216 251 290 280 Petri
304 251 421 287 apostoli
440 252 565 279 doctrina
581 253 658 287 quasi
676 260 739 280 vere
762 257 869 287 aposto-

83 298 136 326 lica
158 298 186 325 in
201 297 411 333 quamplurimis
432 303 596 333 exponatur,
621 299 647 326 in
675 299 809 334 aliquibus
831 299 869 326 ita

84 344 208 372 Eunomii
221 345 319 379 dagma
334 344 474 377 inseritur,
490 349 520 372 ut
536 345 602 372 nihil
629 344 702 372 aliud
731 353 812 380 quam
828 345 870 380 ip—

83 399 114 419 se
129 391 280 419 Eunomius
293 391 432 426 disputare
443 391 582 423 credatur,
599 390 699 418 Filium
723 391 771 418 Dei
791 398 869 419 crea-

83 441 143 465 tum
160 438 194 465 de
207 437 289 465 nullis
308 437 478 465 exstantibus
490 444 664 465 asseverans.
691 436 759 464 Tum
772 437 869 464 deinde

83 484 168 512 etiam
187 483 253 510 illud
278 483 405 510 adulterii
430 482 560 510 inseritur
588 489 683 518 genus,
698 487 728 510 ut
745 488 868 509 naturam

82 529 184 557 diaboli
200 534 414 564 caztemrumquc
438 529 591 557 daemonum
606 537 659 557 non
677 528 807 564 propositi
824 537 870 557 vo-

83 575 251 610 lnntatisque
266 574 379 607 malitia,
391 575 438 602 sed
457 580 570 610 excepta
593 582 625 603 ac
650 579 777 610 separata
792 582 870 603 crea-

83 626 154 649 tura:
175 621 335 656 produxerit
358 620 486 655 qualitas,
510 622 558 656 qui
582 622 677 657 utique
704 622 733 649 in
765 622 870 650 caeteris

82 675 195 696 omnem
208 667 399 695 rationabilem
417 671 570 694 creaturam
597 667 721 696 docuerit
737 667 813 695 liberi
827 675 870 694 ar-

83 714 161 742 bitrii
178 713 306 742 facultate
319 714 460 742 donatam.
477 714 547 742 Sunt
561 715 645 742 etiam
666 713 718 741 alia
737 714 869 741 nonnulla

83 760 163 787 libris
186 759 245 794 ejus
266 760 382 792 inserta,
404 767 465 795 qua:
488 759 673 788 ecclesiastica
700 759 792 795 regula
812 767 871 787 om-

83 806 151 834 nino
165 813 218 833 non
233 805 343 840 recipit.
357 805 438 840 Quid,
459 812 560 840 quaeso,
586 806 619 833 de
639 806 681 833 his
697 805 869 833 sentiendum

83 851 153 880 est?
173 851 250 885 Quod
273 851 438 886 apostolicus
461 852 513 883 vir.
541 851 597 879 imo
619 858 688 885 pene
715 851 870 885 Apostolus,

83 898 161 933 (nam
178 905 211 925 ea
228 897 324 925 scribit
352 905 412 932 qua:
433 896 548 931 apostoli
579 896 683 932 dicunt)
706 897 749 925 cui
773 896 873 925 Paulus
889 890 910 919 Β

83 943 223 978 apostolus
231 943 416 971 testimonium
430 943 513 975 dedit,
525 942 618 970 dicens
631 951 638 970 :
651 942 717 970 Cum
730 942 871 974 Clemente,

82 994 109 1016 et
123 989 224 1016 caeteris
247 989 416 1023 adjutoribus
439 989 514 1020 meis,
539 996 653 1023 quorum
676 989 782 1015 nomina
804 993 867 1015 sunt

84 1033 114 1059 in
137 1031 204 1059 libro
221 1033 283 1060 vitae
307 1032 349 1059 ":
376 1032 513 1059 scribebat
538 1032 590 1059 hoc
618 1031 690 1066 quod
711 1032 788 1060 libris
811 1033 873 1059 vita:

84 1078 255 1105 contrarium
271 1078 337 1106 est?
351 1078 393 1105 An
409 1078 436 1106 id
450 1078 541 1113 potius
561 1078 722 1106 credendum
743 1083 786 1106 est
801 1078 873 1113 quod

84 1131 170 1159 supra
183 1123 312 1157 diximus,
330 1125 401 1159 quod
414 1126 537 1160 perversi
550 1125 674 1152 homines
693 1125 727 1152 ad
741 1125 872 1152 assertio-

84 1178 149 1198 nem
177 1170 331 1206 dogmatum
356 1178 466 1198 suorum
489 1171 542 1198 sub
570 1172 691 1199 virorum
717 1177 873 1199 sanctorum

85 1215 208 1247 nomine,
228 1220 356 1251 tanquam
384 1215 491 1243 facilius
526 1216 681 1249 credenda,
709 1216 875 1245 interserue-

85 1267 152 1289 runt
175 1269 206 1289 ea
229 1269 290 1297 quae
312 1261 350 1289 illi
370 1269 421 1289 nec
442 1263 561 1291 sensisse
577 1269 628 1290 nec
650 1261 795 1297 scripsisse
813 1269 874 1290 cre-

85 1307 169 1335 dendi
186 1312 250 1334 sunt
259 1307 272 1334 ‘l

122 1352 250 1380 Clemens
263 1360 371 1388 quoque
390 1353 471 1386 alius,
494 1353 696 1382 Alexandrinus
720 1354 873 1389 presbyter,

84 1403 114 1426 et
134 1399 266 1434 magister
283 1398 355 1427 illius
369 1399 508 1432 Ecclesiae,
528 1399 556 1427 in
573 1399 700 1427 omnibus
718 1406 787 1434 pene
799 1399 875 1427 libris

86 1446 147 1474 suis
170 1446 315 1474 Trinitatis
336 1446 449 1481 gloriam
477 1452 558 1482 atque
582 1446 761 1474 :eternitatem
793 1453 874 1473 unam

87 1493 269 1527 eamdemque
281 1493 417 1528 designat,
431 1498 455 1520 et
467 1493 601 1520 interdum
619 1492 771 1521 invenimus
783 1492 875 1528 aliqua

87 1538 210 1566 inlibris
226 1537 285 1572 ejus
301 1538 431 1573 capitula,
454 1539 480 1565 in
498 1538 596 1573 quibus
620 1537 718 1565 Filium
736 1538 781 1565 Dei
798 1545 875 1566 crea-

125 1586 149 1602 "
165 1585 265 1621 Philip.
277 1585 350 1626 .IV,3.

86 1635 170 1664 bues,
179 1632 278 1667 quibus
288 1634 426 1668 proprium
438 1632 504 1660 nihil
523 1632 668 1667 relinquis?
683 1632 715 1668 Et
724 1633 871 1667 quomodo,

89 1668 208 1703 inquies,
230 1668 256 1694 in
270 1667 346 1696 libris
360 1676 454 1696 eorum
470 1668 567 1695 vitiosa
591 1667 717 1695 nonnulla
733 1668 819 1695 sunt?
843 1668 872 1695 Si

87 1711 133 1731 me
147 1710 245 1730 causas
258 1703 387 1730 vitiorum
403 1703 507 1730 nescire
524 1703 700 1737 respondero,
715 1710 767 1730 non
780 1704 871 1730 statim

87 1738 152 1765 illos
167 1738 311 1765 haereticos
325 1738 462 1771 iudicabo.
486 1737 558 1765 Fieri
573 1738 646 1765 enim
665 1742 765 1772 potest,
782 1744 810 1764 ut
828 1738 869 1765 vel

88 1772 253 1808 simpliciter
271 1773 433 1804 erraverint.
461 1773 501 1800 vel
527 1772 581 1800 alio
596 1780 678 1808 sensu
698 1773 870 1806 scripserint,

89 1808 132 1836 vel
147 1807 174 1834 'a
198 1807 320 1835 librariis
339 1808 471 1843 imperitis
495 1815 589 1836 eorum
617 1807 745 1843 paulatim
771 1807 871 1842 scripta

89 1847 220 1877 corrupta
236 1842 309 1875 sint;
332 1842 464 1871 vel'certe
495 1847 639 1877 antequam
657 1842 684 1870 in
709 1842 873 1870 Alexandria

89 1878 169 1913 quasi
194 1878 358 1905 daemonium
385 1878 566 1905 meridianum
590 1878 671 1905 Arius
695 1883 873 1909 nasceretur,

91 1912 256 1940 innocenter
270 1913 393 1948 quaedam
407 1918 435 1941 et
452 1914 541 1941 minus
565 1918 645 1940 caute
664 1912 750 1948 locuti
767 1913 831 1944 sint,
843 1917 874 1940 et

91 1955 153 1982 quae
167 1955 221 1975 non
239 1947 345 1982 possint
358 1955 546 1982 perversorum
558 1948 698 1975 hominum
710 1947 873 1975 calumniam

91 1983 244 2018 declinare.
263 1983 436 2017 Objiciuntur
456 1982 565 2018 Origeni
585 1983 712 2016 crimina,
731 1987 759 2018 et
775 1987 801 2009 tu
819 1990 873 2010 non

93 2018 171 2045 illum
183 2017 325 2050 defendis;
341 2020 388 2045 sed
402 2018 469 2046 alios
485 2017 596 2046 accusas
611 2026 617 2044 :
633 2025 682 2044 nec
698 2017 800 2044 crimen
827 2025 871 2044 re-

93 2053 166 2086 nuis,
176 2054 224 2080 sed
234 2053 441 2080 criminosorum
454 2052 561 2080 turbam
578 2052 705 2087 requiris.
721 2051 749 2079 Si
767 2052 814 2080 tibi
830 2052 872 2079 di-

92 2093 222 2116 ceretur:
237 2087 310 2121 Quos
330 2088 412 2115 habet
440 2088 570 2123 Origenes
593 2089 620 2115 in
648 2088 741 2115 haeresi
767 2087 873 2114 socios?

93 2129 170 2150 recte
184 2124 235 2150 ista
254 2123 399 2156 proferres.
419 2123 495 2150 Nunc
511 2131 526 2150 a
543 2129 568 2151 te
584 2123 725 2157 quaeritur,
742 2122 798 2150 haec
814 2130 874 2157 quae

95 2159 122 2185 in
137 2158 278 2193 Origenii
288 2158 364 2185 libris
387 2159 488 2193 scripta
513 2159 694 2192 reperiuntur,
722 2159 792 2185 bona
820 2158 874 2184 sint

94 2201 129 2233 an
146 2191 217 2233 maia
229 2191 353 2233 l‘jl‘accs,
369 2191 459 2233 etlpro
476 2194 518 2220 his
531 2191 584 2220 alia
602 2193 737 2233 loqueris;
750 2193 874 2233 Clemens

921 257 975 279 tam
989 252 1016 279 in
1031 252 1157 280 omnibus
1172 251 1319 285 catholico,
1336 256 1389 279 tam
1406 251 1524 284 erudito,
1549 257 1579 278 ut
1595 251 1637 279 vel
1652 251 1704 279 sibi

920 299 1057 326 contraria
1077 298 1205 331 senserit,
1223 297 1264 325 vel
1280 305 1313 326 ea
1327 305 1386 332 quae
1411 298 1445 324 de
1466 297 1533 330 Deo,
1548 305 1599 324 non
1613 297 1703 324 dicam

920 345 1042 378 credere,
1056 345 1102 372 sed
1121 343 1163 372 vel
1180 344 1276 372 audire
1287 344 1395 379 quidem
1411 343 1522 379 impium
1534 348 1586 376 est,
1603 344 1704 378 scripta

920 390 1078 424 reliquerit?

956 436 1101 471 Dionysius
1119 443 1227 471 quoque
1244 435 1445 463 Alexandrinus
1459 436 1612 471 episcopus,
1638 441 1703 462 eru-

921 482 1074 510 ditissimus
1097 487 1220 509 assertor
1248 481 1443 509 ecclesiasticaa
1476 482 1549 514 ﬁdei,
1583 489 1643 509 cum
1678 481 1706 508 in

921 528 1129 563 quamplurimis
1144 529 1171 556 in
1188 532 1292 555 tantum
1317 521 1448 555 unitatem
1470 533 1550 563 atque
1567 529 1706 564 aequalita-

921 579 974 601 tem
989 574 1130 602 Trinitatis
1152 574 1290 607 defendat,
1315 579 1346 601 ut
1364 573 1577 608 imperitioribus
1595 574 1706 609 quibus-

922 628 975 656 que
1001 620 1082 648 etiam
1107 621 1256 648 secundum
1290 620 1440 647 Sabellium
1472 620 1590 647 sensisse
1615 620 1706 647 videa-

921 672 968 694 tur
989 676 996 694 :
1023 666 1080 702 (2i)
1102 667 1129 694 in
1146 667 1189 694 his
1207 671 1297 694 tamen
1313 666 1390 694 libris
1408 665 1465 694 suis
1480 673 1548 700 quos
1564 667 1706 694 adversum

922 713 1034 741 Sabellii
1048 713 1170 740 bteresim
1183 713 1303 748 scripsit,
1322 712 1386 739 talia
1402 712 1577 740 inveniuntur
1591 712 1706 744 inserta,

921 764 952 787 ut
974 759 1132 794 frequenter
1150 758 1245 786 Ariani
1265 758 1429 786 auctoritate
1450 757 1534 793 ipsius
1559 765 1588 786 se
1612 758 1705 786 defen-

922 806 987 833 dere
1012 809 1156 833 conentur.
1179 803 1293 839 Propter
1309 804 1381 839 quod
1400 809 1428 831 et
1448 809 1558 832 sanctus
1566 804 1708 839 episcopus

922 851 1086 880 Athanasius
1101 850 1256 886 compulsus
1278 856 1319 878 est
1334 851 1532 886 Apologeticum
1559 858 1608 886 pro
1626 851 1706 878 libris

923 898 982 933 ejus
1002 897 1133 930 scribere,
1158 905 1208 932 pro
1224 905 1257 925 eo
1277 898 1348 932 quod
1369 902 1461 924 certus
1479 902 1538 924 erat
1554 905 1607 924 non
1633 897 1708 924 illum

922 944 1029 972 diverse
1054 944 1180 979 potuisse
1215 944 1330 975 sentire,
1356 944 1463 978 sibique
1491 944 1543 978 ipsi
1569 944 1707 971 contraria

923 990 1052 1023 scribere,
1075 989 1132 1025 (22)
1155 991 1202 1017 sed
1228 989 1300 1024 quod
1320 990 1421 1016 inserta
1445 989 1503 1017 haec
1526 997 1541 1016 a
1569 989 1709 1016 malevolis

923 1040 1023 1063 nosset.

958 1081 991 1108 Et
1005 1081 1062 1108 haec
1077 1080 1184 1115 quidem
1202 1087 1249 1107 nos
1263 1080 1336 1108 ducti
1347 1080 1385 1108 rei
1397 1080 1482 1115 ipsius
1500 1080 1706 1114 consequentia,

923 1127 957 1154 de
982 1126 1160 1155 sanctissimis
1177 1125 1242 1153 viris
1257 1131 1285 1153 et
1307 1125 1434 1153 Ecclesiae
1450 1126 1605 1153 doctoribus
1619 1125 1708 1153 sensi-

926 1179 997 1205 mus,
1022 1179 1075 1207 quo
1089 1172 1193 1199 scilicet
1208 1180 1260 1199 non
1281 1175 1406 1206 putemus
1420 1178 1466 1199 eos
1483 1175 1590 1208 sanctos
1606 1171 1651 1206 qui
1666 1179 1710 1199 re-

925 1222 996 1244 ctam
1007 1222 1034 1245 et
1048 1217 1257 1245 ecclesiasticam
1273 1217 1353 1244 fidem
1367 1217 1394 1244 in
1406 1217 1611 1251 quamplurimis
1625 1222 1710 1244 astru-

924 1269 1032 1295 xerunt.
1051 1264 1078 1292 in
1099 1265 1232 1300 aliquibus
1255 1264 1433 1299 sibimetipsis
1453 1264 1567 1292 adversa
1580 1265 1708 1292 sensisse.

925 1309 964 1337 De
988 1309 1103 1345 Origene
1125 1317 1200 1342 vero,
1228 1309 1254 1336 in
1267 1316 1321 1344 quo
1334 1307 1469 1342 similiter,
1490 1314 1519 1337 ut
1533 1310 1560 1337 in
1574 1310 1615 1337 his
1641 1317 1712 1344 quos

925 1363 1006 1390 supra
1016 1356 1143 1388 diximus,
1157 1355 1246 1390 aliqua
1261 1355 1403 1383 diversitas
1418 1356 1565 1388 invenitur,
1575 1356 1643 1383 istud
1658 1363 1713 1383 non

926 1400 1041 1428 subiciat
1056 1401 1157 1428 sentire
1173 1401 1244 1436 quod
1261 1400 1293 1428 de
1309 1397 1492 1436 prtejudicatis
1503 1402 1559 1436 jam
1571 1401 1712 1429 cathob‘cis

926 1447 1041 1474 sentitur
1063 1446 1105 1473 vel
1135 1446 1294 1482 intelligitur
1320 1447 1404 1479 viris;
1430 1454 1480 1474 nec
1502 1447 1598 1475 similis
1623 1455 1713 1475 causa:

927 1491 1023 1520 similis
1047 1492 1161 1519 sulliciat
1183 1493 1335 1525 excusatio,
1362 1492 1420 1528 (25)
1440 1493 1492 1520 nisi
1514 1498 1542 1520 et
1560 1493 1644 1528 ipsius
1661 1493 1713 1521 hoc

928 1538 1118 1572 conquerentis
1141 1542 1164 1564 el
1199 1537 1363 1571 deplorantis
1386 1538 1494 1573 scriptis
1523 1542 1604 1573 atque
1637 1539 1712 1566 voci-

889 1638 910 1666 c
927 1619 1006 1668 στὸλῇ
1028 1633 1074 1659 τὸν
1096 1633 1215 1668 μακαριτ
1236 1642 1250 1659 ν
1276 1632 1410 1659 Διονύσιον
1433 1633 1582 1673 εἰρηκέναι,
1609 1634 1714 1669 ποίημα.

926 1669 973 1694 καὶ
985 1668 1097 1694 γενητὸν
1122 1666 1191 1694 εἶναι
1212 1642 1258 1694 ἂν
1282 1668 1346 1694 Υἰὸν
1367 1668 1413 1694 τοῦ
1431 1668 1509 1694 Θεου.
1530 1670 1597 1694 μήτε
1614 1668 1642 1694 δὲ
1660 1669 1713 1694 ωὑ-

1218 1678 1258 1694 τον

926 1669 973 1694 καὶ
985 1666 1102 1702 γἺενητὸνἺ
1122 1666 1191 1694 εἷνάι
1212 1666 1258 1694 τὸν
1282 1668 1346 1695 Υἰὸν
1367 1668 1413 1694 τοῦ
1431 1666 1509 1700 Θέοῦ,
1529 1668 1642 1703 {11315753
1660 1666 1713 1703 go];—

926 1711 967 1729 σει
999 1703 1074 1734 ἴδιον,
1099 1703 1167 1730 ἀλλὰ
1190 1703 1265 1736 ξένον
1286 1704 1344 1729 κατ’
1358 1704 1449 1730 οὐσίαν
1478 1702 1565 1730 αὐτὸν
1581 1702 1650 1730 εἶναι
1666 1702 1713 1730 τοῦ

921 1738 1036 1774 Πατρὺς.
1054 1738 1148 1774 ὥσπερ
1163 1739 1236 1774 ἐστὶν
1249 1739 1263 1764 ὁ
1277 1739 1398 1773 γεωργὸς
1416 1738 1484 1774 πρὸς
1506 1738 1567 1774 τὴνν
1580 1738 1712 1774 ἄμπελον,

922 1774 970 1810 δαὶ
983 1773 1149 1810 ὁ-ναείπηγὺς
1170 1773 1239 1810 πρὸς
1256 1774 1285 1800 τὸ
1299 1773 1470 1810 σκάφος-νκγαὶ
1486 1773 1540 1809 γὰρ
1555 1773 1592 1805 ὡς
1604 1773 1714 1810 νποίῃμει

923 1807 972 1840 ὢν,
985 1808 1034 1834 οὐκ
1049 1806 1083 1843 ἦν
1093 1806 1159 1843 ῖπρὶν
1177 1806 1299 1844 γένηται.
1314 1806 1392 1835 Aiunt
1407 1806 1632 1835 beatte’m'emorite
1649 1806 1714 1836 Dio-

925 1843 1031 1878 nysium
1054 1845 1082 1869 in
1101 1844 1214 1878 epistola
1235 1843 1283 1870 sua
1303 1844 1400 1870 dixisse
1420 1851 1484 1877 opus
1500 1848 1525 1870 et
1546 1851 1600 1870 rem
1614 1843 1713 1876 factam

924 1877 980 1905 esse
1007 1877 1190 1909 Filium'Dei,
1216 1879 1261 1905 sed
1287 1878 1404 1905 alienum
1429 1887 1445 1905 a
1468 1878 1550 1905 Patre
1571 1878 1714 1905 secundum

925 1913 1111 1945 substantiam,
1131 1913 1217 1947 qualis
1237 1918 1274 1940 est
1298 1913 1415 1947 agricola
1439 1922 1456 1940 a
1477 1914 1537 1945 vite,
1563 1918 1589 1940 et
1609 1913 1684 1947 [uber
1697 1923 1714 1940 a

925 1949 1040 1982 stop/1a.;
1059 1947 1162 1975 Etenim
1187 1957 1246 1975 cum
1264 1949 1298 1975 sit
1320 1956 1360 1975 res
1379 1948 1461 1982 facta,
1484 1956 1537 1975 non
1558 1953 1613 1975 erat
1641 1953 1713 1975 ante-

944 1991 1003 2009 uam
1018 1983 1103 2016 ﬁeret.
1119 1983 1188 2016 Quid
1204 1983 1351 2016 respondet
1365 1983 1553 2018 Athanasius?
1568 1983 1622 2009 Ναὶ
1635 1983 1714 2018 ἔγρα-

944 1991 1003 2009 nam
1018 1991 1103 2016 fleret.
1119 1991 1188 2016 Quttl
1204 1991 1351 2016 respondet
1365 1991 1530 2010 Atnanastus
1543 1991 1553 2009 r
1568 1991 1622 2009 nat
1635 1991 1714 2018 εγρα-

924 1991 974 2053 ἷξεν
986 2026 992 2032 “
1018 2018 1201 2053 ὁμᾳλογοῦμεν
1224 2018 1272 2045 καὶ
1291 2018 1371 2052 ἡμεῖς
1389 2016 1457 2045 εἶναι
1466 2018 1593 2053 τοιαύτην
1606 2020 1715 2045 ἐπιστο-

924 2053 972 2088 λὴν
987 2052 1079 2079 αὑτοῦ·
1101 2052 1158 2080 ἀλλἱ
1181 2054 1274 2088 ὥσπερ
1296 2053 1397 2089 ταύτην
1412 2053 1542 2089 ἔγραψεν,
1560 2052 1645 2085 eam;
1666 2054 1714 2080 καὶ

924 2089 1021 2123 ἐτέρας
1051 2088 1181 2121 πλείστας
1212 2088 1356 2119 ἐπιστολὰς
1378 2088 1491 2124 ἔγραψε,
1517 2089 1565 2124 atat
1589 2089 1642 2114 ἔδει
1666 2089 1713 2115 καὶ

923 2123 1035 2155 ταύταις
1067 2124 1188 2159 ἐντυχεῖν
1213 2124 1322 2155 αὐτοὺς.
1353 2124 1395 2150 ἵνα
1413 2123 1457 2150 ⁷ὲκ⁷
1470 2123 1576 2153 πασῶν.
1603 2124 1650 2159 καὶ
1675 2124 1713 2158 μὴ

925 2159 1009 2194 μόνης
1037 2159 1070 2185 ἐκ
1101 2158 1151 2194 τῆξ
1173 2160 1238 2194 μιᾶς
1266 2159 1282 2194 ἡ
1311 2159 1401 2191 πίστις
1421 2159 1513 2194 δειχθῇ
1537 2159 1583 2185 τοῦ
1605 2158 1710 2193 ἀνδρός.

924 2193 1012 2220 Etiam
1027 2193 1133 2227 scripsit
1150 2193 1281 2228 ejusmodi
1296 2194 1369 2221 illius
1383 2193 1519 2229 epistolam
1535 2202 1599 2225 esse,
1621 2199 1645 2220 et
1666 2202 1713 2220 nos

95 2228 147 2273 hoc
163 2229 226 2269 ait;'
235 2228 378 2268 Dionysius
402 2228 429 2255 in
451 2229 502 2269 isto
518 2228 851 2273 rerrore._derI.‘.ehen‘ditur
865 2235 873 2255 :
893 2247 915 2273 Β
929 2230 1000 2269 ultro
1014 2229 1139 2269 [alemur_.
1163 2228 1214 2270 ᾷεά
1227 2235 1254 2269 ut
1268 2230 1335 2273 Itpne
1347 2228 1463 2270 scripsit,
1479 2231 1516 2256 ita
1530 2236 1554 2273 et
1564 2229 1643 2273 ptius.
1655 2228 1714 2261 plu-

93 2264 261 2290 Athanasius
288 2263 431 2298 episcopus
453 2264 494 2291 sic
518 2263 638 2298 Dionysii
661 2262 781 2290 defendit
801 2270 876 2290 erro-

95 2302 169 2331 rem;
186 2298 371 2333 apostolorum
387 2298 625 2334 scriptarsimiliter
636 2298 783 2332 depravata
796 2302 859 2325 sunt
872 2307 878 2324 :

94 2334 235 2367 quomodo
261 2338 287 2360 et
311 2341 383 2360 nunc
408 2333 449 2361 ab’
463 2333 526 2361 aliis
548 2333 596 2360 tibi
621 2334 755 2360 haereseos
777 2334 880 2362 crimen

94 2369 266 2403 impingitur,
275 2373 302 2395 et
315 2373 341 2394 lu
356 2376 404 2403 pro
417 2373 443 2396 te
460 2373 580 2400 laces,et
593 2375 642 2402 pro
650 2376 692 2394 me
703 2368 850 2400 conﬁteris,
865 2377 874 2394 ι

93 2409 148 2430 etc.
177 2404 311 2430 Cancrum
331 2403 470 2431 observari
494 2403 576 2430 velim
602 2403 684 2431 libros
704 2403 742 2430 De
766 2403 881 2437 recogni-

93 2439 211 2465 tiom’bus
226 2439 277 2465 sub
295 2439 403 2465 nomine
414 2438 559 2466 Clementis
580 2439 727 2466 etiamntun
742 2442 850 2465 exstare
864 2445 879 2464 a

95 2473 196 2500 ltulino
206 2473 304 2501 Latine
321 2474 531 2508 interpretatos;
549 2474 596 2501 sed
610 2472 742 2500 Clementi
759 2472 880 2499 Romano

94 2508 258 2542 abjntlicari.

130 2543 189 2577 (2i)
209 2543 273 2570 Mss.
290 2543 386 2576 nostri,
400 2544 428 2570 in
443 2543 483 2570 his
499 2548 585 2570 tamen
595 2543 669 2569 libris
682 2543 763 2576 ipsius
777 2550 878 2576 quos...

94 2579 214 2613 εενῑριίι.
231 2578 303 2605 Editi
320 2584 351 2606 ut
369 2579 396 2606 in
421 2584 505 2612 textu,
526 2583 624 2614 praeter
643 2578 734 2605 scribit
748 2585 797 2612 pro
813 2579 880 2604 scri-

93 2620 156 2647 pm.

131 2649 190 2684 (‘22)
208 2648 260 2677 Sed
272 2649 342 2685 quod
360 2649 458 2685 inserta
473 2649 529 2676 haec
543 2657 560 2676 a
580 2648 719 2685 malevolis
730 2653 826 2685 nosset.
851 2647 880 2675 ld

96 2683 283 2711 falsissimum
294 2689 344 2712 est.
360 2684 489 2718 Superest
505 2685 652 2712 etiatnnum
678 2683 793 2717 epistola
812 2690 879 2717 apo-

96 2719 212 2753 logeticn
227 2720 368 2747 Athanasii
381 2719 414 2747 de
428 2720 562 2747 sententia
581 2719 714 2753 Dionysii,
731 2719 759 2745 in
774 2726 826 2752 qua
845 2725 879 2745 ne

95 2755 149 2790 γρῦ
164 2755 274 2789 quidem
289 2754 323 2782 de
338 2755 469 2789 ejusmodi
484 2754 682 2782 adulteratioue
692 2761 740 2790 seu
757 2753 879 2790 interpo-

96 2788 200 2825 latioue
223 2788 358 2817 librorum
374 2790 493 2825 Dionysii
515 2790 548 2816 ab
563 2789 696 2825 haereticis
712 2789 783 2825 facta
797 2789 880 2825 ;im_o

95 2823 198 2852 fatetur
212 2826 379 2857 Athanasius
404 2823 571 2859 quiscunque
586 2831 619 2851 ex
634 2823 754 2859 Dionysii
770 2823 879 2857 scriptis

96 2859 279 2888 obtrudebant
294 2860 398 2893 Ariani,
414 2867 445 2887 ea
460 2860 535 2887 illum
550 2859 702 2893 scripsisse,
723 2864 750 2885 at
771 2866 824 2885 non
847 2865 879 2885 eo

98 2898 177 2923 stu
192 2903 274 2931 quem
297 2895 349 2929 ipsi
378 2895 547 2930 alﬁttgebant.
569 2894 636 2920 Φασὶ
658 2894 746 2920 τοίνυν
761 2894 799 2930 ἐν
819 2893 879 2920 ἐπι-

931 2264 1012 2290 νὶηιαι
1031 2265 1184 2297 conscripsit
1196 2263 1331 2298 epistolae,
1346 2272 1411 2299 quas
1425 2265 1502 2291 etiam
1516 2265 1547 2290 ab
1561 2264 1614 2290 illis
1635 2263 1715 2289 lectus

930 2299 1055 2332 oportuit,
1069 2305 1096 2324 ut
1111 2307 1142 2325 ea:
1153 2300 1283 2331 omnibus,
1300 2307 1351 2326 non
1367 2308 1398 2326 ea:
1420 2300 1499 2326 unica
1518 2300 1647 2325 duntaxat
1667 2306 1714 2324 ea:-

930 2334 1033 2367 plorata
1046 2334 1094 2360 viri
1112 2334 1177 2367 ﬁdes
1192 2339 1267 2360 esset.
1284 2333 1344 2360 Mox
1364 2335 1389 2361 in
1406 2334 1633 2368 cousequentilms
1651 2341 1714 2367 pro-

931 2368 977 2394 bat
999 2373 1054 2404 tum
1069 2376 1102 2395 ex
1118 2373 1278 2403 argumento
1299 2369 1422 2403 epistola:
1442 2368 1573 2404 Dionysii,
1593 2373 1652 2404 tum
1681 2375 1713 2395 ex

930 2403 1072 2430 occasione
1093 2402 1204 2437 qua’ad
1223 2403 1296 2430 illaut
1316 2402 1500 2432 scribendam
1512 2402 1648 2438 impulsus
1662 2409 1714 2435 est,

932 2442 986 2464 tum
1009 2445 1042 2464 ex
1065 2438 1179 2464 aliarum
1204 2438 1378 2472 epistularum
1398 2439 1553 2470 collatione,
1581 2439 1716 2472 catholica

930 2480 991 2499 esse
1006 2474 1085 2499 verba
1116 2480 1176 2506 quis.
1201 2474 1288 2507 prima
1314 2474 1404 2501 fronte
1420 2475 1522 2501 Ariauo
1541 2474 1659 2508 dogmati
1675 2474 1716 2499 la-

930 2513 993 2534 vere
1007 2508 1177 2536 videbantur.
1235 2514 1237 2516 '

966 2542 1024 2577 (25)
1045 2542 1105 2569 Nisi
1120 2547 1145 2569 et
1164 2543 1245 2576 ipsius
1261 2543 1315 2578 luet:
1342 2544 1532 2578 conquerentis,
1549 2547 1603 2570 etc.
1621 2543 1717 2570 lliero—

929 2584 1026 2612 nytnus
1038 2577 1106 2604 libro
1121 2585 1139 2605 ll
1152 2578 1276 2604 adversus
1292 2577 1437 2611 Rufinum:
1454 2588 1463 2603 ι
1477 2578 1620 2606 Prtemissa
1634 2578 1716 2604 falsa-

931 2613 1006 2640 tioue
1022 2613 1056 2639 ab
1070 2613 1205 2640 btet-elicis
1230 2613 1424 2647 apostolorum,
1448 2619 1475 2639 et
1498 2613 1640 2647 utriusque
1656 2612 1718 2640 Cle—

931 2648 1028 2675 mentis
1051 2652 1133 2682 atque
1154 2648 1288 2683 Dionysii,
1307 2648 1380 2683 venit
1393 2648 1427 2674 ad
1442 2647 1598 2683 Origenem,
1624 2653 1651 2674 et
1675 2648 1718 2675 his

930 2683 1021 2710 verbis
1044 2683 1184 2717 loquitur:
1206 2682 1292 2715 Ipsius
1315 2682 1363 2709 hoc
1380 2682 1560 2717 conquerenti:
1581 2687 1606 2708 et
1627 2683 1717 2716 deplo—

930 2719 1013 2745 rantis
1031 2718 1134 2752 scriptis
1144 2725 1175 2744 ac
1187 2718 1288 2744 vocibus
1298 2718 1473 2751 probavimus.
1490 2717 1559 2750 Quid
1578 2725 1646 2743 erum
1663 2725 1718 2750 ipse

929 2761 988 2780 cum
1003 2753 1088 2779 adhuc
1102 2753 1128 2779 in
1144 2760 1221 2779 carne
1242 2753 1334 2784 vivens,
1351 2754 1474 2784 sentietis,
1500 2753 1638 2786 vidensque
1657 2760 1717 2784 per-

929 2796 1018 2821 pessus
1029 2790 1063 2814 sit
1077 2790 1108 2814 de
1124 2789 1248 2814 librorum
1264 2795 1371 2814 suorum
1397 2789 1436 2814 vel
1455 2796 1604 2815 sermonum
1623 2795 1717 2813 corru-

930 2823 1069 2855 ptionibus,
1078 2823 1116 2850 vel
1128 2822 1283 2849 adulterinis
1292 2823 1459 2855 editionibus,
1468 2831 1500 2850 ea:
1510 2822 1591 2857 ipsius
1598 2823 1718 2855 epistola,

930 2865 1008 2891 quam
1024 2858 1113 2884 srribit
1133 2860 1166 2885 ad
1182 2858 1309 2893 quosdam
1326 2858 1418 2885 charos
1437 2866 1499 2885 suos
1518 2858 1717 2893 Alexandriam,

931 2894 1061 2920 evidenter
1075 2894 1187 2930 [docetur
1208 2895 1379 2929 :statimque
1405 2893 1558 2929 exemplum
1580 2892 1720 2926 subiungit
