1915 3079
80 153 128 182 533

508 150 551 177 DE
568 149 857 179 ADULTEllATIONE
876 149 1053 178 LIBRORUM
1073 149 1244 178 ORIGENlS.

1642 152 1692 181 626

81 212 169 245 aliquis
182 210 286 246 quidem
302 213 392 238 mente
406 213 507 243 motus,
520 214 548 237 et
558 210 701 238 manifeste
716 211 854 239 insaniens
868 214 892 242 Α
906 211 1024 238 nonnulli
1037 212 1200 238 conturbare
1223 210 1344 240 volentes
1367 211 1512 240 Ecclesiae.
1528 211 1649 247 Denique
1666 213 1692 240 in

81 258 163 285 dicere
173 261 271 290 potest.
280 256 333 283 Sed
346 255 413 283 nihil
424 255 521 282 minim
534 256 600 284 mihi
613 257 730 289 videtur,
746 258 768 286 si
781 257 853 285 adul-

82 309 173 333 trretnr
193 304 313 332 doctrina
328 311 387 331 mea
400 304 433 331 ab
450 303 569 332 inimicis
582 305 659 337 meis,
672 310 700 333 et
712 306 759 332 tali
775 305 851 332 adul—

82 351 140 377 terio
168 355 364 385 corrumpatur,
393 349 466 384 quali
495 350 629 378 adulterio
659 356 785 386 corrupta
812 355 853 378 est

81 396 187 430 Epistola
208 395 282 423 Pauli
313 396 436 430 IpOstoli.
449 396 562 429 Quidam
582 396 655 424 enitn
675 398 725 425 sub
744 397 853 425 nomine

80 441 145 468 Pauli
162 441 253 468 falsam
270 441 411 476 epistolatn
424 441 654 476 conscripserunt,
667 448 697 469 ιιι
707 443 853 470 contu-rha-

80 490 133 513 rent
150 485 411 518 Thessalonicenses,
432 487 510 522 quasi
534 487 647 515 instaret
663 487 721 514 dies
735 487 852 519 Domini,

80 538 103 560 et
111 534 264 559 seducerent
277 539 334 559 eos.
349 532 460 567 Propter
471 533 539 560 hanc
549 533 606 568 (‘36)
621 540 686 569 ergo
704 533 851 568 Epistulam

80 580 103 606 in
118 579 227 606 secunda
243 578 363 613 Epistula
379 586 459 613 quam
472 580 504 606 ad
517 579 773 607 Thessalonicenses
785 581 853 607 scri-

79 626 120 657 bit,
132 625 185 652 haec
196 625 263 651 dixit
276 634 284 650 :
299 624 431 659 Rogamus
442 630 529 652 autem
549 634 603 658 vos,
616 625 725 659 fratres,
741 633 788 660 per
803 626 853 652 ad-

79 677 168 701 ventum
183 670 287 697 Domini
305 671 387 696 nostri
399 670 462 697 lem
473 671 582 703 Christi.
595 677 617 698 et
632 677 727 698 nostra:
741 679 852 706 congre-

78 717 176 750 gationis
194 717 220 743 in
233 717 329 750 ipsum,
343 721 371 742 ut
384 724 437 743 non
455 718 609 745 moveamini
622 718 673 744 cito
686 726 701 744 a
717 726 794 744 senm
807 726 849 745 vc-

77 769 134 794 stro,
145 770 221 797 neque
231 762 395 795 terreamim',
405 771 487 798 neque
505 772 552 798 per
563 764 697 798 spiritum,
713 772 796 799 neque
805 772 851 798 per

79 809 179 840 verbum,
200 816 280 842 neque
297 816 342 842 per
360 809 496 843 epistolam
513 813 639 843 tauquam
657 818 703 844 per
721 818 768 836 nos
789 810 851 836 mi»

79 861 135 885 tam,
146 853 218 888 quasi
229 854 307 881 instet
319 854 374 881 die:
390 854 505 882 Domini.
523 855 607 882 Nemo
621 864 664 883 tvo»
675 856 781 885 seducet
796 856 848 883 ulto

904 257 1010 291 Epheso
1028 263 1090 283 cum
1108 256 1220 284 vidisset
1241 265 1283 284 me
1300 257 1410 292 quidam
1430 258 1583 291 haereticus,
1598 258 1655 294 (δίε)
1667 264 1695 286 et

903 301 1030 336 congredi
1045 301 1186 333 noluisset,
1204 309 1292 337 neque
1307 303 1418 331 omnino
1431 310 1462 330 os
1478 310 1556 330 suum
1570 304 1694 339 aperuis«

903 353 945 375 set
957 348 1027 383 apud
1043 355 1096 380 me,
1110 347 1156 375 sed
1170 349 1263 376 nescio
1280 357 1333 384 qua
1354 356 1387 376 ex
1401 355 1482 377 causa
1498 349 1524 376 id
1547 349 1638 378 facere
1651 349 1693 376 vl-

904 398 997 425 tasset,
1025 398 1119 429 postea
1138 402 1171 421 ex
1200 395 1310 422 nomine
1332 403 1392 423 meo
1414 400 1442 422 et
1457 403 1507 423 suo
1531 396 1693 430 conscripsit

903 439 1011 474 qualem
1028 440 1113 467 voluit
1128 440 1349 474 disputationem,
1368 445 1396 467 et
1413 441 1486 468 misit
1502 442 1534 468 ad
1547 442 1693 477 discipulos

903 493 976 518 suos,
991 490 1019 512 ut
1032 492 1082 520 ego
1095 485 1204 520 quidem
1217 485 1330 520 cognovi
1340 486 1431 514 ad‘eos
1445 487 1491 521 qui
1508 487 1601 515 Romte
1613 492 1693 515 erant

902 531 1056 566 pervenisse
1071 539 1079 558 :
1095 531 1142 558 sed
1158 539 1209 558 non
1229 531 1321 558 dubito
1331 532 1396 566 quin
1411 537 1440 559 ot
1450 533 1483 560 ad
1499 533 1567 561 alios
1579 534 1625 568 qui
1644 541 1692 569 per

902 575 1008 603 diversa
1021 575 1078 602 loca
1095 580 1169 603 sunt.
1188 575 1340 604 lnsultabat
1360 582 1451 604 autetn
1465 582 1493 605 et
1509 579 1580 614 apud
1597 579 1692 607 Antio-

902 620 1000 652 chiam,
1014 621 1170 656 priusquam
1192 629 1243 656 ego
1266 622 1331 650 illuc
1346 623 1468 650 venirem
1486 631 1493 650 :
1509 625 1545 652 ita
1568 630 1597 652 ut
1610 629 1637 652 et
1657 626 1692 653 ad

901 669 1115 704 quamplurimas
1126 674 1281 697 nostrorum
1301 671 1457 704 perveniret
1470 671 1528 705 ipsa
1542 671 1692 707 disputatio

900 723 980 750 qttam
993 715 1050 751 (52)
1064 717 1200 750 portabat.
1217 715 1270 743 Sed
1283 717 1327 744 ubi
1341 716 1425 751 adfui,
1442 717 1533 745 multis
1548 725 1610 745 eum
1625 726 1693 752 prte-

900 760 1021 788 sentibus
1035 760 1123 795 argui.
1143 760 1264 796 Cumque
1273 761 1330 795 jam
1353 762 1412 789 sine
1434 763 1488 790 ullo
1511 763 1614 797 pudore
1629 771 1691 799 per-

900 806 1022 832 tenderet
1037 805 1208 840 impudenter
1219 813 1340 835 asserere
1355 807 1514 841 falsitatem,
1542 809 1651 843 p0posci
1664 813 1693 836 ut

899 851 967 879 liber
979 851 1132 886 deferretur
1145 852 1171 879 in
1188 853 1315 884 medium,
1336 859 1364 880 et
1379 853 1464 889 stylus
1478 861 1555 882 meus
1562 861 1693 889 agnosce-

79 899 144 926 modo
156 900 187 927 ".
205 899 279 926 Talia
298 907 363 936 ergo
375 901 497 935 quaedam
514 901 592 928 video
605 901 686 928 etiam
712 903 789 929 nobis
802 909 850 929 ac.
866 895 888 926 Β
903 903 978 926 retur
998 905 1013 925 a
1036 898 1178 932 fratribus,
1196 899 1242 934 qui
1259 899 1354 934 utique
1366 905 1533 933 cognoscunt
1544 908 1603 935 qua:
1617 901 1692 929 soleo

78 947 165 973 cidere.
178 945 234 982 (97)
247 946 315 974 Nam
327 947 437 982 quidam
449 952 545 975 auctor
561 949 705 981 haereseos,
723 956 783 975 cum
801 948 851 975 sub

78 993 206 1026 pmseutia
232 993 379 1020 multorum
399 993 489 1020 habita
505 994 575 1020 inter
589 1002 637 1021 nos
651 993 744 1021 fuisset
760 994 851 1029 dispu-

79 1039 143 1070 tatio.
158 1043 186 1066 et
196 1039 341 1073 descripta,
354 1039 488 1073 accipiens
499 1039 532 1066 ab
542 1039 584 1066 his
593 1039 638 1073 qui
653 1040 850 1073 descripserant

76 1085 190 1116 cadicem,
209 1085 366 1120 qliaz,voluit
379 1085 491 1118 addidit,
505 1089 531 1112 et
550 1092 609 1119 qua:
620 1085 708 1113 voluit
726 1085 849 1118 abstulit,

77 1134 99 1157 et
112 1131 175 1165 quod
186 1131 208 1158 ei
230 1131 320 1159 visum
337 1135 378 1159 est
395 1130 567 1165 permutavit,
583 1131 779 1158 circumferens
791 1137 849 1158 tan-

77 1183 148 1210 quam
156 1184 187 1204 es
202 1178 312 1205 nomine
326 1182 430 1209 nostro,
453 1177 585 1204 insultans
607 1182 635 1204 et
652 1179 797 1205 ostendens
818 1186 850 1206 ea

77 1230 126 1256 qua:
139 1223 191 1257 ipse
203 1224 374 1258 conscripsit.
391 1222 442 1250 Pro
453 1223 550 1257 Quibus
564 1223 732 1259 indignantes
749 1224 850 1252 fratres

77 1269 114 1302 qui
130 1269 153 1296 in
166 1269 308 1296 Palaestina
325 1274 398 1303 sunt,
418 1269 550 1296 miserunt
563 1270 596 1297 ad
611 1277 654 1297 me
670 1270 788 1299 Athenas
802 1272 851 1298 ho-

77 1316 162 1342 minem
183 1316 227 1351 qui
241 1315 378 1351 acciperet
401 1324 415 1343 a
430 1324 471 1343 me
484 1316 541 1352 (‘28)
559 1316 644 1350 ipsum
664 1317 849 1344 authenticum

76 1361 210 1396 exetnplar,
222 1362 295 1395 quod
316 1369 350 1388 ne
366 1361 494 1389 relectum
509 1362 618 1396 quidem
634 1362 673 1389 vel
687 1363 850 1390 recensitum

76 1414 88 1432 ει
103 1415 140 1434 tne
149 1412 223 1434 antea
235 1408 335 1439 fuerat.
352 1408 397 1435 sed
413 1408 449 1435 ita
471 1409 620 1443 neglectum
632 1408 750 1442 jacebat,
763 1413 792 1436 ut
807 1409 851 1436 vix

76 1453 177 1481 inveniri
201 1455 330 1490 potuerit.
348 1455 406 1482 Misi
421 1459 521 1486 tamen,
544 1459 571 1482 et
590 1454 641 1482 sub
661 1455 714 1482 Deo
731 1460 798 1483 teste
813 1455 852 1482 lo-

75 1506 143 1533 quor,
165 1501 302 1534 quoniam,
319 1509 379 1528 cum
406 1500 675 1528 convenissemillum
695 1500 782 1535 ipsutn
800 1501 847 1536 qui

75 1544 259 1572 adulterarcrat
269 1545 438 1581 librum,(%9)
450 1553 564 1580 arguens
572 1553 654 1579 quare
664 1546 712 1572 hoc
721 1546 838 1578 Fecisset,

76 1590 314 1618 velutsatisfaciens
326 1591 389 1618 mihi
404 1592 557 1626 respondit:
570 1590 702 1624 Quoniam
713 1592 797 1626 magis
805 1598 849 1619 or-

76 1643 131 1662 nare
142 1637 206 1663 volui
218 1637 428 1670 disputationem
442 1636 609 1671 illain,atque
623 1636 848 1671 purgare.Videte

76 1681 136 1714 quali
154 1683 310 1717 purgatione
328 1682 538 1717 disputationem
565 1687 684 1709 nostram
711 1683 845 1717 purgavit.

76 1726 124 1753 Tali
140 1735 240 1762 nempe,
274 1728 344 1762 quali
374 1728 534 1763 purgatione
555 1728 611 1763 (50)
625 1728 741 1755 Marcion
760 1727 848 1755 Evan-

76 1773 133 1807 gelia
143 1774 272 1809 purgavit,
299 1774 339 1802 vel
363 1773 535 1809 Apostolum;
553 1773 595 1801 vel
615 1774 687 1809 quali
707 1781 848 1802 successor

76 1820 124 1853 eius
142 1825 198 1855 past
214 1822 301 1855 ipsum
324 1821 455 1856 Appelles.
479 1820 545 1848 Nam
567 1821 637 1848 sicut
661 1821 699 1848 illi
716 1822 853 1849 subverte—

77 1870 129 1893 runt
147 1866 344 1902 Stzripturarum
369 1867 508 1894 veritatem
525 1875 532 1894 :
551 1867 591 1894 sic
606 1870 634 1893 et
647 1867 709 1899 iste,
738 1866 852 1894 sublatis

76 1919 192 1945 citatiore
201 1913 271 1941 dicta
281 1916 355 1946 sunt,
367 1912 405 1940 ob
418 1913 503 1940 nostri
515 1912 730 1940 criminationem
740 1912 854 1940 inseruit

76 1963 127 1990 qua:
138 1957 199 1985 falsa
214 1963 289 1986 sunt.
304 1958 357 1986 Sed
380 1957 446 1986 licet
459 1958 583 1985 homines
597 1957 718 1985 haeretici
737 1964 763 1985 et
777 1958 852 1993 impii

76 2003 122 2030 sint
133 2005 173 2038 qui
200 2006 257 2033 haec
276 2006 365 2033 facere
389 2006 446 2032 ausi
463 2009 535 2038 sunt,
555 2009 645 2032 tamen
665 2005 803 2032 habebunt
824 2009 851 2032 et

77 2048 108 2075 illi
120 2049 232 2082 judicent
247 2052 342 2084 Deum,
360 2051 406 2086 qui
421 2050 520 2078 talibus
536 2051 679 2078 adversum
694 2058 742 2078 nos
757 2051 848 2078 crimi-

78 2095 215 2124 nationibus
226 2098 433 2125 accommodant
450 2097 541 2125 fidem.
555 2096 747 2125 Feceruntboc
761 2101 788 2124 ct
804 2097 848 2124 alii

105 2153 124 2168 ²¹
139 2153 158 2181 ll
171 2154 292 2184 Tliessal.
308 2163 339 2189 ll,
358 2156 416 2184 1-5.

901 943 1051 978 disputem,
1075 944 1116 971 vel
1141 944 1213 979 quali
1234 944 1310 972 soleo
1333 945 1371 972 uti
1394 945 1532 973 doctrina.
1559 946 1610 979 Qui
1628 954 1690 974 cum

901 997 984 1017 ausus
997 997 1049 1017 non
1064 994 1137 1018 esset
1154 990 1277 1025 proferre
1297 991 1406 1024 librum,
1427 993 1568 1020 convictus
1585 993 1619 1020 ab
1632 1001 1692 1021 om-

902 1037 981 1064 nibus
1000 1041 1028 1064 et
1048 1036 1203 1065 confutatus
1219 1042 1262 1065 est
1273 1037 1402 1065 falsitatis
1416 1046 1423 1064 :
1436 1042 1463 1066 et
1478 1038 1515 1065 ita
1532 1046 1690 1074 persuasum

901 1088 944 1110 est
968 1083 1097 1111 fratribus
1117 1090 1152 1111 ne
1164 1091 1257 1111 aurem
1278 1084 1513 1113 criminationibus
1530 1086 1689 1120 prmberent.

902 1129 931 1157 Si
948 1130 1008 1165 quis
1023 1137 1088 1165 ergo
1102 1130 1161 1157 vult
1175 1131 1287 1158 credere
1306 1131 1371 1158 mihi
1383 1131 1410 1158 in
1424 1136 1570 1165 conspectu
1586 1131 1633 1159 Dei
1648 1131 1690 1158 Io-

902 1177 1006 1210 quenti,
1033 1177 1114 1203 etiam
1131 1177 1164 1203 de
1180 1176 1221 1205 bis
1240 1184 1301 1211 quae
1320 1177 1346 1204 in
1364 1177 1478 1211 epistola
1499 1185 1558 1204 mea
1573 1177 1690 1206 conficta

902 1227 964 1249 sunt
983 1226 1010 1249 et
1033 1222 1133 1250 inserta
1157 1223 1260 1249 credat.
1280 1222 1330 1249 Sin
1341 1228 1430 1249 autem
1451 1223 1512 1258 quis
1523 1230 1575 1250 non
1593 1224 1690 1255 credit,

903 1267 950 1294 sed
966 1269 1021 1293 vult
1033 1267 1067 1294 de
1081 1274 1123 1293 me
1139 1267 1208 1294 male
1224 1267 1308 1302 loqui,
1321 1268 1385 1294 ntihi
1402 1268 1509 1302 quidem
1520 1267 1586 1295 nihil
1599 1269 1690 1295 damni

904 1314 1009 1342 confert
1027 1323 1033 1340 :
1054 1313 1106 1341 erit
1125 1319 1213 1341 autem
1238 1314 1293 1348 ipse
1308 1314 1391 1342 falsus
1410 1314 1487 1341 testis
1510 1314 1580 1348 apud
1594 1314 1689 1347 Deum,

903 1360 1032 1388 adversus
1053 1360 1204 1395 proximum
1228 1368 1307 1387 suum
1325 1360 1508 1388 testimonium
1525 1359 1622 1387 falsum
1649 1360 1690 1388 vel

901 1407 1003 1440 dicens,
1024 1406 1064 1434 vel
1082 1406 1234 1433 dicentibus
1251 1407 1377 1434 credens.
1397 1416 1407 1432 ι

937 1452 1066 1481 Rurtnus.
1085 1452 1146 1479 Haec
1160 1453 1217 1488 ipse
1233 1452 1321 1480 adhuc
1346 1457 1483 1488 superstes
1499 1453 1690 1488 conqueritur,

902 1505 961 1534 quae
984 1499 1087 1526 scilicet
1112 1506 1160 1533 per
1182 1499 1357 1534 semetipsum
1384 1500 1585 1534 deprehendere
1602 1501 1690 1535 potuit

903 1544 1053 1572 adulterata
1078 1553 1137 1572 esse
1153 1545 1178 1572 in
1194 1545 1270 1572 libris
1290 1545 1346 1573 suis
1369 1551 1451 1581 atque
1475 1547 1584 1574 falsata.
1597 1546 1690 1574 Menti-

903 1591 992 1618 nimus
1005 1598 1070 1618 sane
1086 1590 1168 1618 etiam
1185 1591 1212 1618 in
1227 1590 1280 1617 alia
1296 1591 1354 1626 ejus
1368 1592 1480 1626 epistola
1499 1592 1615 1620 similem
1641 1600 1690 1620 nos

903 1638 935 1664 de
947 1637 1077 1664 librorum
1095 1645 1205 1665 suorum
1219 1637 1338 1665 falsitate
1351 1637 1447 1673 legisse
1466 1639 1665 1673 querimoniam
1680 1647 1688 1666 :

901 1684 977 1717 cujus
987 1683 1107 1717 epistola:
1117 1683 1254 1718 exemplar
1265 1684 1290 1711 in
1307 1685 1431 1718 praesenti
1445 1685 1502 1720 (33)
1516 1693 1567 1713 non
1583 1685 1688 1720 habuit,

903 1731 1027 1758 utetiam
1046 1731 1131 1767 ipsius
1151 1733 1336 1760 testimonium
1358 1733 1408 1760 his
1428 1740 1476 1768 pro
1500 1732 1552 1761 fide
1567 1734 1690 1761 veritatis

902 1776 1084 1812 adjungerem.
1098 1777 1150 1805 Sed
1158 1777 1282 1805 sufﬁcere
1291 1778 1409 1806 arbitror
1423 1780 1456 1806 ad
1468 1778 1688 1807 satisfaciendum

904 1823 946 1850 his
960 1823 1005 1857 qui
1019 1831 1070 1851 non
1080 1824 1261 1851 contentionis
1273 1829 1353 1859 atque
1365 1825 1572 1853 obtrectationis
1584 1826 1687 1858 studio,

903 1870 949 1896 sed
966 1876 1057 1896 amore
1071 1870 1126 1896 veri
1144 1870 1258 1897 audittnt
1284 1878 1345 1905 qua;
1371 1871 1507 1899 dicuntur.
1525 1871 1593 1899 Nam
1617 1872 1688 1906 quod

903 1913 930 1940 in
947 1913 1081 1941 veteribus
1093 1913 1197 1941 sanctis
1208 1922 1239 1941 ac
1252 1914 1435 1949 prtejudicatis
1457 1916 1596 1945 catholicis
1611 1918 1687 1951 viris,

902 1966 1014 1993 quorum
1025 1960 1148 1994 superius
1157 1960 1270 1987 fecimus
1280 1961 1454 1994 mentionetn,
1463 1962 1519 1990 solo
1530 1967 1688 1996 argumento

903 2012 934 2032 cx
952 2012 1042 2032 rerum
1075 2006 1278 2040 consequentia,
1292 2006 1349 2041 (54)
1362 2015 1393 2035 ac
1410 2008 1476 2035 recti
1504 2013 1595 2036 tenore
1617 2016 1688 2044 pra:-

903 2056 1010 2087 sumpto
1020 2053 1172 2081 ostenditur
1181 2061 1212 2081 ac
1226 2054 1368 2088 probatur,
1380 2055 1452 2089 quod
1461 2055 1483 2083 si
1493 2055 1556 2090 quid
1573 2055 1599 2082 in
1613 2055 1689 2082 libris

902 2105 996 2125 eorum
1016 2102 1108 2126 contra
1122 2099 1334 2127 ecclesiasticam
1348 2100 1426 2156 fide.m
1445 2101 1589 2134 invenitur,
1605 2101 1632 2128 id
1646 2101 1688 2128 in-

105 2210 157 2248 (26)
174 2210 255 2246 Ergo.
279 2211 418 2240 Omittitur
432 2211 459 2238 in
482 2211 573 2244 editis,
589 2216 616 2238 et
638 2211 793 2248 restituitur
812 2219 846 2238 ex
864 2219 887 2245 ο
901 2212 983 2239 maris
1002 2213 1111 2243 habent,
1127 2219 1150 2239 et
1160 2213 1282 2248 caiigredi
1295 2213 1430 2246 voluisset,
1453 2213 1556 2248 reliqua
1575 2222 1639 2243 vero
1659 2221 1688 2243 ut

78 2255 134 2274 mss.
146 2246 225 2275 Paulo
241 2254 300 2281 post
315 2248 396 2280 editi,
410 2252 432 2273 ct
440 2254 486 2281 per
493 2251 600 2274 vestram
609 2247 845 2282 congregationem.

76 2282 120 2309 Sed
136 2290 226 2310 omnes
247 2291 312 2310 mss.
325 2288 353 2309 ut
367 2282 392 2308 in
406 2287 488 2308 textu.

106 2317 158 2352 (2Ἱὶ
175 2317 246 2344 Nam
258 2319 366 2352 quidam
386 2322 478 2344 auctor
493 2317 631 2348 hwrcseos,
651 2323 704 2344 etc.
723 2316 787 2343 Vide
801 2317 848 2342 atl-

77 2354 229 2379 notationetn
261 2351 374 2387 primatu
400 2353 432 2378 ad
461 2353 578 2378 Africani
603 2353 752 2386 epistolam.
777 2351 847 2378 Infra

76 2387 147 2418 editi,
171 2393 194 2414 et
219 2386 376 2422 descriptum
400 2387 539 2420 accipietis.
568 2386 627 2414 Mox
651 2396 716 2413 mss.
745 2387 846 2420 nostri,

76 2427 95 2448 et
105 2430 156 2456 quae
167 2423 190 2449 ei
210 2423 294 2450 visum
309 2428 347 2450 est
361 2423 527 2456 permutavit,
545 2427 569 2449 et
581 2422 743 2456 circumfert,
757 2427 810 2448 etc.

106 2458 157 2491 (ξε)
175 2457 212 2484 lla
227 2463 299 2485 recte
319 2457 393 2484 editi.
414 2457 476 2484 Mss.
497 2465 560 2484 vero
576 2458 661 2484 nostri
675 2478 681 2488 ,
702 2466 716 2483 α
733 2465 772 2483 me
793 2457 849 2489 ipso

77 2489 154 2530 [al._u
176 2501 214 2519 me
239 2493 307 2530 ipsa]
327 2492 480 2530 authentico
501 2494 671 2530 exemplaria,
692 2494 777 2530 quod,»
794 2497 847 2519 etc.

106 2527 451 2563 ($9)Arguem.’0uiittitur
475 2527 596 2563 inieditis
615 2533 642 2555 et
664 2529 690 2554 in
713 2527 850 2561 plerisque

76 2568 145 2595 mss,
159 2564 206 2590 sed
219 2564 370 2591 restituitur
387 2571 419 2588 cx
435 2570 484 2589 ins.
509 2562 603 2597 Regio,
625 2564 669 2598 qui
689 2563 848 2598 Itallettar-

76 2603 145 2629 gneus
159 2607 240 2632 quare
253 2599 300 2625 hoc
314 2598 414 2632 fecerit.
434 2598 610 2631 mtisfuriens,
631 2596 682 2624 etc.
702 2597 751 2623 Ms.
779 2596 848 2624 Cor-

78 2632 201 2668 beieusis,
218 2642 299 2668 quare
317 2633 469 2667 huvfeciue
489 2633 572 2664 vellet,
592 2633 772 2667 satisfaciens,
795 2638 847 2659 etc.

77 2666 160 2694 Cancri
181 2666 246 2696 mss.
267 2674 293 2696 et
318 2666 400 2700 editi,
422 2676 501 2702 quare
518 2668 566 2694 hoc
581 2666 693 2702 fecisset,
710 2667 776 2694 velut
803 2675 849 2694 stt-

77 2702 209 2738 tisf-itiens,
230 2709 294 2735 εις..
308 2705 409 2738 absque
423 2711 545 2738 arguens.

108 2737 158 2772 (50)
177 2738 302 2770 Marcion,
325 2743 377 2765 etc.
389 2737 546 2774 Viden-etas
559 2739 593 2765 ad
608 2738 748 2774 Dialogum
759 2743 850 2764 contra

80 2771 259 2807 litirciouiuus
274 2775 305 2800 de
325 2779 397 2800 recta
411 2780 438 2799 ιιι
457 2772 539 2800 Deum
553 2774 615 2804 litle,
627 2771 697 2800 secl:
710 2781 727 2800 I.
744 2781 770 2807 ρ.
785 2773 849 2803 806,

77 2806 130 2838 807.
143 2808 205 2838 808,
218 2813 245 2835 et
256 2809 318 2836 alibi
332 2808 446 2843 passim;
461 2813 487 2835 et
498 2809 531 2835 ad
545 2808 642 2836 librum
657 2817 676 2836 ιι
688 2806 778 2835 contra
789 2807 849 2834 Cel-

77 2849 136 2871 sum,
153 2851 224 2870 num.
237 2843 280 2870 ‘37.

110 2877 163 2913 (51)
180 2878 244 2906 Mss.
262 2878 423 2907 Sorbonicus
439 2883 463 2906 et
479 2878 506 2906 S.
530 2878 666 2907 Michaelis
687 2880 712 2907 in
727 2879 851 2909 Pct'iculo

900 2250 925 2273 in
947 2254 1039 2274 nostro
1056 2253 1140 2274 textu.
1155 2250 1189 2274 At
1202 2249 1290 2275 ueteri
1308 2255 1374 2276 mss.
1386 2254 1412 2275 et
1425 2249 1506 2282 editi,
1526 2255 1548 2276 ct
1565 2251 1689 2282 congredi

899 2282 1059 2320 uoluisset...
1080 2289 1106 2308 ut
1127 2291 1173 2318 ego
1185 2283 1291 2320 quidem
1313 2284 1420 2318 cognovi
1435 2284 1469 2311 ad
1484 2292 1527 2312 eos
1541 2286 1584 2320 qui
1599 2285 1688 2313 Romw

898 2323 970 2356 erunt
983 2325 991 2343 :
1006 2319 1049 2356 sed
1065 2326 1116 2356 non
1132 2319 1221 2344 dubito
1232 2320 1294 2353 quin
1308 2319 1384 2356 (mss.
1401 2327 1506 2356 omnes,
1525 2319 1603 2356 quod)
1615 2326 1638 2348 et
1654 2322 1688 2348 nd

899 2352 965 2391 alios
973 2354 1017 2386 qui
1032 2361 1078 2387 per
1087 2353 1189 2380 diversa
1203 2352 1280 2385 sunt;
1291 2355 1401 2383 utilissis
1413 2355 1523 2383 vocibus
1530 2352 1687 2391 pervenisse,

900 2393 925 2413 et
939 2388 1005 2414 tota.

936 2423 991 2458 (5:2)
1008 2422 1053 2449 Sic
1066 2431 1160 2460 omnes
1175 2431 1250 2460 rmss.
1273 2426 1343 2453 ΕιΙῘΙῘ
1365 2433 1439 2458 vero.
1456 2431 1606 2460 paraverat.
1627 2427 1687 2455 Mox

901 2467 968 2496 tnss.
982 2460 1026 2484 sed
1043 2457 1189 2496 ubi‘aalui,
1207 2465 1232 2485 et
1245 2462 1366 2496 multis...
1383 2469 1409 2487 ιιι
1424 2457 1490 2488 ιὶὗεν
1504 2462 1649 2496 deferretur
1660 2463 1687 2490 in

901 2494 1023 2532 medium,
1048 2493 1131 2528 alyltts
1155 2502 1227 2532 meus
1249 2495 1293 2531 [πὶ.
1321 2501 1357 2528 ιιι⁷
1382 2497 1416 2523 al.
1445 2502 1468 2524 et
1492 2493 1576 2532 styftts
1599 2506 1686 2530 meus;

900 2529 976 2560 editi,
991 2535 1017 2554 ut
1032 2532 1116 2556 scelus
1129 2530 1227 2566 meum]
1250 2529 1433 2566 agnosceretur
1447 2541 1463 2558 η
1483 2529 1621 2565 fratribus,
1642 2533 1685 2566 qui

900 2565 988 2601 utique
1000 2569 1159 2601 coquoscqu
1180 2563 1227 2600 (ηιξ
1254 2563 1442 2600 (Ignoscerem;
1463 2563 1537 2597 editi.
1550 2563 1687 2601 cognosce-

900 2599 967 2635 rent]
986 2608 1039 2634 qua
1067 2599 1167 2626 soleo...
1189 2599 1281 2634 quique
1296 2609 1355 2627 cum
1368 2610 1448 2629 ausus
1473 2610 1524 2628 non
1537 2599 1614 2635 esset,
1632 2607 1686 2631 etc.

902 2634 1114 2667 Scd'legeudunt
1130 2635 1234 2662 videtur
1248 2642 1276 2662 ut
1290 2637 1315 2662 in
1329 2641 1422 2663 IIOall‘u
1441 2642 1524 2664 leuu.

937 2670 992 2704 (55)
1005 2669 1069 2696 Mss.
1092 2669 1258 2698 Sorbonieus
1273 2676 1300 2698 et
1319 2670 1347 2697 S.
1361 2671 1508 2704 Michaelis,
1526 2681 1577 2699 non
1592 2673 1685 2700 habeo.

901 2704 997 2742 Castori
1017 2712 1083 2742 mss.
1104 2710 1131 2732 et
1154 2706 1228 2738 editi,
1248 2714 1299 2732 non
1322 2707 1412 2734 habui.
1440 2707 1522 2735 Paulo
1543 2714 1603 2742 post
1620 2716 1685 2735 tnss.

901 2740 1140 2778 nostriomittunl,
1158 2746 1233 2776 atque
1248 2742 1452 2773 obtrectationis,
1468 2750 1527 2778 quae
1542 2740 1622 2771 verba
1639 2751 1687 2770 ex~

901 2780 976 2802 stant
995 2775 1020 2802 iu
1035 2776 1115 2802 editis

939 2810 993 2848 (iii)
1008 2811 1093 2842 Alias,
1107 2819 1138 2836 ac
1156 2815 1224 2838 rma
1238 2817 1325 2839 tenore
1339 2819 1506 2847 prazsuuwto.
1529 2813 1612 2841 Paulo
1627 2817 1687 2848 post

902 2846 966 2906 etillili
979 2854 1129 2906 perlperatn,
1142 2855 1192 2873 non
1206 2846 1358 2883 argumento
1372 2849 1426 2876 solo
1439 2849 1518 2876 stmilt
1536 2849 1573 2876 uti
1589 2846 1635 2885 [ab
1646 2851 1692 2886 ut].

902 2890 909 2906 ι
934 2889 967 2906 ts.
985 2890 1017 2906 ω(
1032 2901 1038 2906 .
1059 2887 1111 2906 ctc.

902 2887 967 2913 una,
985 2887 1038 2914 seu,
1059 2887 1111 2908 ctc.
