1915 3079
239 142 290 172 627

921 145 1037 172 RUFINI
1055 144 1154 172 LIBER

1799 141 1852 169 628

241 208 341 230 sertum
363 201 396 228 ab
415 201 548 229 haereticis
571 202 660 236 potius
676 211 756 237 quam
774 204 807 231 ab
829 204 872 231 his
895 205 1022 239 scriptum
1038 207 1061 234 A
1075 211 1237 239 magnopere
1257 203 1414 238 poposcisti,
1439 210 1491 229 non
1513 202 1614 236 pigebit
1638 201 1721 228 etiam
1747 200 1852 228 Latinis

240 252 353 282 putetur
367 257 373 274 :
387 248 438 274 hoc
448 247 475 274 in
488 247 603 282 Origene
614 256 665 276 non
675 255 835 283 argumento
843 250 929 277 solum
941 250 1022 277 simili

241 298 270 320 ut
282 293 308 320 in
322 292 384 324 illis,
396 292 442 319 sed
460 293 616 330 testimonio
632 295 860 328 querimoniarum
875 302 1022 322 suarumex

240 339 297 365 suis
315 338 424 371 scriptis
447 339 563 373 prolato,
578 340 722 367 absurdum
743 348 795 367 non
810 345 875 375 puto
886 341 909 368 si
927 341 1023 368 creda-

239 388 293 415 tur,
309 391 343 410 ne
366 383 441 411 velut
459 384 557 411 stultus
574 385 673 420 aliquis
694 391 741 413 aut
758 386 869 414 insanus
884 387 1022 415 contraria

237 428 290 455 sibi
307 428 449 463 scripsisse
461 429 593 457 videatur.

274 474 313 501 De
330 474 518 502 hareticorum
534 483 600 503 vero
627 476 776 504 .emcritate
795 477 862 511 (35),
874 478 935 512 quia
949 477 1023 505 credi

239 519 312 547 istud
331 521 420 548 scelus
439 521 520 548 facile
532 521 630 556 possit,
646 521 691 548 illa
707 529 750 549 res
765 523 912 549 maximum
925 524 1023 550 credu-

241 565 326 593 litatis
351 571 462 601 praestat
484 567 650 601 exemplum,
672 569 743 602 quod
768 569 905 596 abstinere
926 568 1024 602 impias

241 620 337 639 manus
356 620 390 639 ne
402 620 416 639 a
432 613 612 640 sacrosanctis
633 614 740 648 quidem
762 614 900 649 Evangelii
916 615 1024 642 vocibus

239 663 394 693 potuerunt.
421 659 612 693 Apostolorum
636 668 700 687 vero
719 660 761 688 vel
784 661 878 692 Actus,
903 661 943 687 vel
968 661 1024 695 Epi-

238 705 324 733 stolas
354 705 471 740 qualiter
498 705 653 739 pollueriut,
685 707 804 741 qualiter
835 707 1022 740 corroserint,

239 752 356 786 qualiter
387 752 414 778 in
446 751 570 783 omnibus
600 752 806 784 maculaverint,
831 753 872 780 vel
899 754 1024 782 addendo

239 798 334 832 impia.
358 797 400 824 vel
425 797 571 825 auferendo
595 805 655 832 quae
678 799 721 833 pia
743 803 816 831 sunt,
834 799 856 826 si
881 800 941 833 quis
968 800 1024 827 vult

239 843 344 878 plenius
351 843 431 877 scire,
443 851 476 870 cx
490 843 532 870 his
541 843 618 871 libris
629 843 800 876 Tertulliani,
810 852 877 878 quos
889 845 1023 872 adversum

240 889 403 916 .‘llarcionem
422 890 544 925 scripsit,
563 890 719 925 plenissime
748 896 933 925 recognoscet.
955 891 1022 924 Quid

239 942 304 969 ergo
315 935 371 969 jam
389 934 441 962 erit
456 942 594 969 magnum,
610 935 631 961 si
649 935 773 970 Origenis
791 935 895 970 scripta
911 940 1023 963 temera-

239 983 303 1005 runt
320 979 358 1010 hi,
382 979 427 1013 qui
452 978 602 1006 Salvatoris
620 980 665 1007 Dei
684 980 771 1007 nostri
796 980 866 1007 dicta
883 980 941 1007 ausi
962 985 1024 1008 sunt

240 1024 394 1051 temerare?
418 1023 472 1051 Nec
496 1032 560 1052 sane
589 1025 732 1052 diversitas
755 1025 910 1060 dogmatum
943 1025 1023 1053 alicui

242 1071 398 1097 assertionis
417 1075 515 1097 nostrae
528 1070 639 1105 deneget
657 1070 747 1102 ﬁdem,
760 1071 831 1104 quod
846 1071 957 1098 alterius
969 1071 1023 1098 hae-

240 1115 310 1142 resis
325 1115 425 1142 fuerint
444 1115 480 1142 illi
496 1115 542 1150 qui
566 1115 710 1149 Evangelia
727 1115 920 1150 depravarunt;
940 1116 973 1142 ad
986 1115 1025 1142 al-

241 1165 326 1188 teram
344 1168 408 1187 vero
428 1161 553 1188 haeresim
583 1161 729 1194 respiciant
754 1161 805 1188 ista
829 1168 889 1196 quae
911 1161 1023 1189 dicimus

241 1205 366 1240 Origenis
381 1205 456 1233 libris
478 1206 591 1233 inserta.
610 1206 761 1240 Cognoscat
781 1205 826 1240 qui
843 1207 876 1233 dc
889 1205 931 1233 his
948 1205 1024 1233 dubi-

242 1256 289 1282 tat.
301 1252 371 1286 quod
384 1252 452 1278 sicut
463 1252 490 1277 in
505 1250 630 1278 omnibus
651 1251 754 1278 sanctis
769 1256 810 1278 est
826 1250 943 1285 Spiritus
965 1251 1023 1283 Dei,

240 1299 311 1325 sicut
331 1303 357 1324 et
378 1297 520 1331 Apostolus
538 1297 613 1330 dicit,
635 1297 697 1331 quia
718 1297 826 1331 spiritus
839 1297 1023 1331 prophetarum

242 1344 375 1379 prophetis
394 1343 523 1378 subjectus
546 1348 583 1370 est
600 1344 623 1359 ⁹¹
641 1351 648 1370 :
665 1343 709 1378 qui
728 1348 756 1370 et
771 1343 867 1370 iterum
880 1343 929 1375 ait,
954 1343 1024 1377 quod

243 1398 330 1416 omnes
346 1397 426 1416 unum
442 1390 562 1423 spiritum
575 1389 629 1426 (36)
643 1389 787 1423 putavimus
803 1396 812 1414 :
833 1390 868 1416 ita
884 1395 909 1416 el
925 1389 952 1415 in
968 1389 1024 1416 bte-

243 1436 334 1462 reticis
346 1443 413 1462 unus
427 1440 467 1463 est
486 1435 586 1463 diaboli
600 1435 723 1469 spiritus,
733 1436 780 1470 qui
798 1443 844 1463 eos
855 1435 979 1462 eamdem
992 1442 1024 1462 ac

243 1481 358 1509 similem
371 1488 478 1515 semper
493 1481 622 1508 malitiam
636 1482 723 1508 docet.

279 1527 377 1553 Verum
393 1534 427 1553 ne
441 1526 483 1554 cui
498 1526 566 1554 forte
582 1526 670 1554 minus
685 1526 717 1553 ad
732 1526 896 1553 credendum
914 1526 1024 1554 videan-

243 1577 289 1599 tur
308 1572 403 1599 idonea
416 1579 446 1600 ea
462 1580 521 1607 qum
537 1580 571 1600 ex
587 1572 665 1599 libris
684 1572 838 1599 Graecorum
864 1572 1023 1607 scriptorum

245 1617 367 1653 exempla
392 1618 550 1653 protulimus
561 1638 570 1651 ,
592 1618 715 1652 quamvis
732 1618 842 1646 Graecus
858 1618 973 1653 scriptor
986 1619 1022 1646 sit

246 1671 295 1698 pro
311 1671 364 1698 quo
379 1663 536 1691 satisfacere
558 1663 697 1698 videmur,
718 1664 774 1699 (37)
791 1668 879 1692 tamen
897 1664 1023 1698 quoniam

246 1709 442 1743 quodammodo
466 1710 492 1736 in
506 1709 628 1736 Latinam
643 1710 763 1745 linguam
779 1718 868 1738 sermo
883 1710 1024 1738 devolutus

244 1759 332 1786 est,et
346 1755 470 1782 satisﬁeri
487 1755 568 1783 etiam
584 1756 686 1783 Latinis
704 1756 855 1783 hominibus
871 1764 920 1790 pro
934 1757 976 1784 his
991 1765 1024 1784 ex

246 1800 344 1834 quibus
362 1800 536 1828 calumniosis
559 1801 829 1836 interpretationibus
850 1801 1026 1829 vulnerantur

279 1860 301 1875 “
316 1860 325 1886 l
341 1860 403 1887 Cor.
417 1868 474 1894 xtv,
486 1860 530 1888 52.
568 1860 592 1876 ⁸³
605 1861 614 1889 Ι
627 1861 689 1888 Cor.
708 1869 756 1893 xtl,
776 1861 822 1888 25.

245 1953 272 1979 ά.
282 1917 340 1979 (315)
365 1917 445 1950 Edilt,
473 1924 501 1945 ut
530 1919 608 1952 credi,
634 1923 687 1946 etc.
712 1918 777 1946 Mss.
803 1925 879 1951 vero,
894 1919 958 1954 quia
972 1927 1027 1946 cre-

265 1961 284 1979 t.
297 1961 310 1979 e
324 1962 348 1979 c.

265 1961 284 1984 t,
297 1958 348 1979 etc.

245 2022 253 2029 ⁸
285 1987 340 2029 (⁸56)
355 1987 436 2019 Editi,
449 1989 626 2022 portabimus;
647 1989 904 2023 alias,portavimua.
921 1988 983 2015 Mss.
999 1993 1028 2015 ut

245 2027 272 2050 in
290 2027 373 2048 textu.

282 2057 338 2092 (57)
360 2057 423 2084 Mss.
449 2057 513 2090 alii,
532 2062 617 2084 tamen
635 2058 759 2093 quoniam
771 2058 879 2090 quodin
893 2057 1025 2090 Latinam,

246 2097 312 2124 ctc.;
327 2093 388 2124 alii,
404 2097 491 2119 tamen
504 2094 627 2127 quoniam
640 2092 666 2120 in
677 2092 811 2124 Latinam,
829 2098 880 2119 etc.
897 2094 950 2120 Sed
982 2100 1025 2120 re«

246 2128 317 2154 ctius
330 2128 393 2154 editi
410 2132 436 2154 ut
452 2128 478 2153 in
495 2131 587 2160 textu;
603 2128 718 2162 quiedili
732 2128 869 2162 pauloposl
885 2135 1024 2162 perperam

246 2162 362 2194 habent,
379 2170 428 2195 pro
436 2162 476 2188 his
490 2162 534 2196 qui
549 2170 580 2189 ea:
597 2161 766 2190 calumniosis
780 2170 788 2195 ;
804 2167 831 2190 et
841 2161 928 2196 infra:
947 2161 981 2188 Et
995 2171 1026 2189 ne

246 2197 310 2230 quid
324 2198 445 2229 perfecta:
460 2197 620 2231 credulitati,
635 2202 689 2225 etc.

286 2231 343 2267 (58)
362 2231 482 2258 Hilarius
500 2231 672 2267 Pictqviensi:
685 2232 835 2266 episcopus,
851 2237 903 2267 etc.
928 2231 1022 2258 Hiero-

247 2266 344 2301 nymus
359 2267 404 2293 lib.
414 2274 444 2299 ιι,
453 2272 545 2293 contra
555 2266 679 2301 Ruﬁnum
691 2275 700 2294 :
717 2276 726 2292 ι
738 2267 795 2294 Non
807 2268 830 2294 ei
845 2266 940 2294 sufﬁcit
952 2267 1025 2294 Cra:-

249 2308 296 2327 cos
309 2306 336 2328 et
353 2301 479 2336 antiquos
491 2302 664 2335 calumniari,
676 2303 709 2329 de
722 2302 818 2336 quibus
832 2310 880 2336 pro
892 2306 1026 2329 vetustate

251 2341 401 2372 temporum
415 2335 650 2372 e>t_longinquitate
676 2335 814 2372 regionum
833 2335 918 2372 habet
941 2336 1024 2363 licen-

251 2370 314 2396 tiam
325 2369 453 2404 quidquid
466 2369 579 2397 vol’uerit
591 2369 736 2399 mentiendi
750 2381 757 2399 :
769 2371 843 2399 venit
857 2371 890 2398 ad
901 2371 1024 2403 Latinos,

250 2409 278 2441 et
293 2404 408 2441 primum
425 2405 500 2438 ponit
522 2405 651 2441 Hilarium
674 2406 868 2438 confessorem,
884 2407 954 2440 quod
967 2411 1027 2441 post

249 2440 447 2467 Ariminensem
460 2440 590 2475 synodum
603 2441 671 2468 liber
687 2441 759 2469 illius
769 2441 881 2468 falsatus
896 2441 930 2468 ab
942 2442 1027 2467 luere-

251 2474 311 2501 ticis
326 2475 362 2501 sit
376 2484 383 2501 :
403 2479 430 2501 et
445 2474 480 2502 ob
495 2475 564 2502 hanc
580 2482 690 2503 causam
708 2484 768 2503 curn
791 2478 817 2503 in
837 2476 951 2503 concilio
962 2476 1028 2510 lepi-

252 2517 395 2543 scoporum
410 2511 433 2537 ei
445 2510 558 2544 quaestio
575 2516 737 2544 moveretur,
752 2511 868 2545 proferri
882 2511 979 2537 librum
994 2512 1027 2537 de

251 2545 331 2572 domo
342 2544 527 2579 suajusserit;
552 2545 610 2580 qui,
639 2544 772 2573 nesciente
799 2554 838 2578 se,
868 2546 893 2572 in
921 2545 1027 2572 scriniis

251 2581 307 2607 suis
324 2581 466 2608 hmreticus
481 2581 623 2607 tenebatur
636 2589 643 2606 :
660 2588 773 2615 cumque
792 2581 910 2615 prolatus
921 2580 1026 2612 fuisset,

251 2615 322 2642 etab
335 2616 461 2643 omnibus
475 2615 617 2642 hatreticus
636 2615 782 2649 judicatus,
798 2620 891 2643 auctor
906 2615 966 2642 libri
981 2623 1028 2641 ex—

251 2651 480 2683 communicatus,
496 2651 528 2677 de
543 2650 647 2677 concilii
670 2651 846 2678 conventione
863 2649 1025 2677 discesserit.

250 2684 285 2711 Et
298 2689 379 2712 tanta:
388 2685 555 2714 auctoritatis
564 2693 592 2713 se
607 2691 690 2720 putat,
701 2691 807 2718 ut,cum
822 2686 872 2712 hoc
888 2685 1028 2720 familiari—

249 2720 302 2746 bus
320 2721 376 2747 suis
393 2724 484 2746 narrat
497 2722 640 2752 somnium,
653 2729 732 2748 nemo
743 2722 766 2749 ei
782 2727 874 2747 contra
892 2719 1029 2747 confesso—

251 2761 308 2780 rem
323 2755 373 2781 ista
394 2754 532 2782 simulanti
551 2756 647 2782 audeat
662 2756 858 2783 contradicere.
874 2754 1026 2789 Responde,

252 2794 342 2821 quaeso
359 2800 364 2824 ς
383 2790 519 2824 διηοόυς,
543 2797 559 2816 a
582 2798 634 2824 qua
657 2791 904 2818 excommunicatus
926 2794 978 2820 est,
1001 2790 1028 2817 in

251 2829 304 2854 qua
327 2823 391 2860 urbe
404 2823 482 2860 fuit?
505 2824 553 2851 Dic
567 2823 753 2860 episcoporum
768 2825 897 2851 vocabula
915 2834 921 2856 ;
937 2824 1028 2859 profer

252 2858 406 2885 sententias
431 2858 671 2894 subscriptionum,
697 2861 738 2888 vel
765 2860 957 2895 diversitatem,
983 2860 1024 2887 vel

1037 1553 1058 1581 C

1040 2203 1062 2230 Β

1073 252 1253 287 scriptoribus
1268 251 1329 279 talia
1350 251 1471 286 quaedam
1492 250 1623 278 accidisse
1646 255 1811 283 monstrare,
1827 255 1852 277 et

1075 297 1225 325 calumnias
1253 297 1399 324 immensas
1426 303 1458 323 ex
1491 295 1684 323 adulteratiene
1720 295 1854 323 librorum

1073 350 1183 370 suorum
1201 342 1303 370 sanctis
1317 347 1344 369 et
1358 341 1551 375 probatissimis
1573 341 1639 368 viris
1651 348 1711 368 esse
1729 348 1852 368 commo—

1073 393 1123 416 tas.
1149 388 1182 416 Et
1204 396 1237 416 ne
1258 388 1322 423 quid
1346 392 1444 422 apertae.
1461 387 1613 414 credulitati
1631 387 1711 418 desit,
1734 395 1779 414 res
1793 395 1854 421 qua

1074 440 1134 461 sunt
1151 435 1239 461 adhuc
1258 433 1392 461 memoriae
1407 438 1507 460 nostra
1520 438 1650 467 retexam,
1666 440 1722 468 quo
1737 437 1853 460 testimo-

1073 481 1110 507 nii
1127 480 1227 507 veritas
1239 480 1374 506 neminem
1390 480 1482 506 lateat.

1109 525 1166 560 (58)
1194 524 1312 552 Hilarius
1337 525 1516 552 Pictaviensis
1542 524 1684 560 episcopus
1710 524 1854 553 confessor

1075 571 1141 599 ﬁdei
1163 571 1302 598 catholica:
1330 570 1391 598 fuit.
1414 570 1464 598 Hic
1490 578 1550 598 cum
1578 571 1610 598 ad
1635 571 1853 597 emendationem

1073 624 1166 643 eorum
1181 617 1226 650 qui
1244 615 1408 642 Ariminensi
1433 615 1551 650 perﬁdiae
1570 615 1800 649 subscripserant,
1822 615 1853 641 li-

1074 663 1170 691 bellum
1201 662 1386 690 instructionis
1422 661 1583 696 plenissimae
1617 661 1850 695 conscripsisset,

1075 716 1189 743 eumque
1204 708 1312 736 libellus
1325 707 1381 742 ipse
1397 707 1423 734 in
1441 715 1538 734 manus
1554 707 1728 734 inimicorum
1751 711 1781 733 et
1797 714 1854 733 ma-

1078 753 1234 786 levolorum,
1253 757 1282 779 ut
1297 753 1409 788 quidam
1424 752 1559 784 dicebant,
1583 757 1711 786 corrupto
1733 752 1852 782 notario,

1075 799 1118 825 alii
1142 805 1206 826 vero
1229 797 1280 824 aiia
1305 797 1445 825 occasione
1462 797 1608 824 narrabant
1622 797 1697 831 (quid
1713 795 1852 831 interest),

1075 849 1163 871 tamen
1189 851 1249 871 cum
1276 843 1302 870 in
1324 850 1419 870 manus
1443 842 1612 870 inimicorum
1637 842 1696 876 ipso
1712 842 1855 877 ignorante

1074 891 1203 922 venisset,
1223 890 1260 916 ita
1280 888 1314 916 ab
1333 889 1372 916 eis
1392 893 1536 923 corruptus
1555 893 1606 920 est,
1622 888 1667 915 illo
1683 893 1779 915 sancto
1795 889 1856 916 viro

1074 934 1137 962 nihil
1150 934 1257 969 penitus
1272 933 1327 969 (39)
1342 934 1485 967 sentiente,
1499 939 1528 960 ut
1544 938 1646 968 postea,
1663 941 1725 961 cum
1741 934 1776 960 ad
1789 941 1854 961 con-

1075 980 1168 1007 cilium
1182 979 1382 1013 episc0porum,
1401 978 1548 1006 secundum
1564 986 1595 1005 ea
1608 985 1667 1012 quae
1679 986 1710 1006 se
1724 979 1751 1005 in
1761 978 1854 1005 libello

1074 1024 1159 1059 ipsius
1177 1030 1308 1053 noverant
1319 1024 1482 1058 corrupisse.
1495 1024 1651 1051 basreticum
1665 1031 1727 1051 eum
1746 1023 1851 1050 inimici

1076 1078 1189 1105 arguere
1205 1070 1364 1105 coepissent,
1385 1074 1412 1097 et
1428 1070 1485 1103 ipse
1499 1069 1581 1096 libelli
1596 1068 1637 1097 sui
1653 1069 1734 1096 ﬁdem
1748 1076 1799 1103 pro
1812 1070 1854 1096 sui

1074 1116 1227 1144 defensione
1243 1115 1389 1151 ﬂagitaret,
1401 1116 1433 1142 de
1448 1116 1526 1142 domo
1538 1122 1584 1142 sua
1603 1115 1726 1151 prolatus
1745 1115 1852 1143 libellus

1075 1163 1136 1190 talis
1150 1163 1275 1190 inventus
1294 1162 1348 1195 sit,
1374 1169 1452 1197 quem
1468 1162 1524 1196 ipse
1538 1169 1590 1188 non
1606 1167 1779 1197 agnosceret,
1797 1161 1851 1197 (ω)

1074 1208 1175 1236 faceret
1201 1213 1288 1236 tamen
1313 1215 1374 1235 eum
1399 1208 1661 1235 excommunicatum
1689 1208 1723 1235 de
1744 1207 1854 1235 concilii

1074 1252 1250 1280 conventione
1281 1253 1428 1280 discedere.
1454 1251 1553 1279 Verum
1583 1252 1647 1287 quia
1677 1253 1799 1286 viventi,
1826 1257 1853 1280 et

1074 1299 1161 1325 adhuc
1175 1299 1201 1325 in
1216 1305 1328 1332 corpore
1341 1299 1439 1332 posito,
1459 1306 1502 1326 res
1523 1298 1646 1332 quamvis
1672 1298 1802 1325 scelerata
1825 1303 1852 1325 et

1074 1343 1192 1371 inaudita
1213 1344 1381 1378 contigerat,
1397 1344 1450 1370 doli
1465 1343 1565 1379 cogniti
1580 1343 1661 1371 factio
1670 1344 1855 1377 deprehensa,

1074 1390 1177 1416 detecta
1196 1389 1326 1416 scelerum
1350 1389 1476 1417 machina
1491 1390 1578 1424 potuit
1601 1390 1754 1417 emendari.
1767 1390 1853 1417 Adhi-

1073 1435 1129 1462 bita
1154 1436 1225 1463 enim
1250 1436 1356 1463 curatio
1376 1441 1418 1463 est
1431 1437 1638 1470 assertionibus,
1658 1436 1855 1464 satisfactioni-

1073 1481 1134 1512 bus,
1150 1486 1179 1508 et
1195 1482 1320 1509 omnibus
1344 1482 1386 1509 bis
1410 1489 1472 1517 quae
1500 1482 1620 1510 viventes
1641 1490 1690 1517 pro
1715 1490 1746 1510 se
1765 1481 1853 1510 facere

1075 1531 1194 1560 possunt.
1208 1527 1274 1554 Nam
1289 1528 1386 1555 mortui
1405 1529 1459 1563 pati
1478 1528 1542 1555 nihil
1557 1529 1689 1556 refutant.

1110 1573 1167 1607 (41)
1187 1573 1278 1600 Sancti
1292 1573 1418 1608 Cypriani
1436 1574 1564 1609 martyris
1576 1575 1648 1601 solet
1661 1581 1745 1601 omne
1756 1575 1853 1609 episto-

1076 1619 1162 1646 larum
1188 1627 1286 1654 corpus
1310 1620 1338 1646 in
1361 1627 1413 1647 uno
1437 1620 1531 1648 codice
1555 1620 1649 1647 scribi.
1667 1619 1735 1647 Huic
1747 1619 1852 1654 corpori

1077 1665 1195 1692 haeretici
1215 1665 1322 1699 quidam
1339 1665 1384 1699 qui
1398 1665 1424 1691 in
1439 1665 1568 1699 Spiritum
1584 1669 1706 1692 sanctum
1729 1664 1853 1698 blasphe-

1075 1714 1163 1742 mant,
1178 1709 1337 1737 Tertulliani
1354 1710 1470 1738 libellum
1494 1711 1533 1737 De
1555 1711 1684 1737 Trinitatc
1707 1711 1853 1745 reprehen-

1075 1757 1188 1784 sibiliter
1205 1757 1345 1791 (quantum
1362 1758 1394 1784 ad
1420 1758 1559 1784 veritatem
1584 1757 1645 1785 ﬁdei
1671 1762 1772 1785 nostrae
1795 1765 1855 1792 per-

1075 1802 1159 1838 tinet).
1178 1803 1308 1837 scriptum
1334 1803 1497 1836 inserentes,
1523 1806 1550 1830 et
1575 1802 1789 1838 quamplurimos
1809 1809 1856 1830 eo!

1081 1917 1293 1944 consonantiam.
1310 1917 1380 1944 Dore
1399 1917 1443 1950 qui
1459 1923 1493 1944 eo
1506 1923 1576 1943 anno
1589 1915 1712 1943 consules
1729 1915 1829 1944 fuerint
1844 1926 1851 1944 :

1080 1954 1140 1985 quis
1155 1953 1301 1987 imperator
1316 1952 1385 1978 hanc
1402 1952 1530 1987 synodum
1544 1951 1655 1985 jusserit
1670 1952 1830 1987 congregari
1845 1960 1851 1977 :

1079 1985 1206 2015 Galliaene
1223 1991 1324 2014 tantum
1340 1985 1457 2020 episcopi
1485 1985 1594 2018 fuerint,
1618 1993 1650 2012 an
1677 1990 1705 2012 et
1719 1985 1804 2014 Italiae
1829 1991 1854 2014 et

1080 2022 1213 2056 Hispania:
1231 2031 1237 2048 :
1253 2027 1326 2048 certe
1340 2028 1419 2055 quam
1435 2021 1469 2047 ob
1482 2027 1588 2047 causam
1605 2021 1723 2056 synodus
1743 2029 1855 2056 congre-

1079 2055 1141 2091 gata
1157 2058 1200 2084 sit.
1214 2056 1285 2083 Nihil
1302 2057 1397 2082 horum
1416 2056 1546 2091 nominas,
1563 2056 1609 2083 sed
1621 2055 1713 2082 virum
1727 2055 1856 2090 eloquen-

1076 2090 1219 2123 tissimum,
1233 2096 1262 2118 et
1274 2096 1366 2118 contra
1382 2090 1497 2117 Arianos
1509 2090 1596 2117 Latini
1606 2091 1740 2117 sermonis
1753 2092 1855 2123 tubam,

1075 2126 1265 2167 ut_0_rigenem
1281 2125 1426 2158 defendas,
1444 2126 1707 2152 excommunicatum
1724 2133 1739 2152 a
1754 2127 1856 2161 synodo

1075 2168 1236 2188 cnmmarts.
1252 2170 1261 2186 Ι

1112 2195 1168 2232 (59)
1185 2195 1233 2222 Ms.
1250 2203 1329 2228 unus,
1343 2195 1457 2222 sciente:
1477 2194 1523 2221 sed
1546 2195 1640 2222 caeteri
1652 2202 1718 2222 mss.
1737 2200 1766 2222 et
1782 2196 1858 2230 editi,

1076 2232 1212 2258 sentiente.

1110 2265 1165 2300 (40)
1177 2265 1214 2291 Ita
1228 2273 1322 2292 omnes
1332 2272 1396 2292 mss.
1411 2265 1505 2292 nostri.
1516 2265 1584 2292 Editi
1600 2272 1689 2291 veram
1701 2273 1861 2300 perperam,

1075 2301 1172 2335 facere.
1195 2300 1278 2327 Paulo
1291 2305 1350 2334 post
1372 2300 1576 2335 mssaplerique
1587 2303 1614 2326 et
1637 2300 1712 2331 editi,
1737 2301 1801 2328 dolo
1817 2310 1859 2328 co-

1074 2334 1148 2370 gnito
1160 2335 1240 2369 factio
1254 2335 1423 2370 deprehensa.
1440 2334 1492 2361 Sed
1506 2335 1606 2361 rectius
1619 2335 1719 2370 habere
1730 2336 1860 2363 videntur

1075 2369 1143 2397 iuss.
1159 2370 1324 2397 Sorbonicus
1336 2374 1364 2396 et
1379 2369 1408 2396 S.
1430 2369 1568 2397 Michaelis
1583 2370 1609 2395 iu
1625 2369 1748 2397 Periculo
1764 2373 1858 2403 maris,

1076 2405 1130 2431 doti
1152 2405 1260 2440 cogniti.
1283 2404 1343 2440 M0;
1368 2412 1461 2432 onmes
1483 2412 1548 2431 mss.
1570 2405 1702 2440 omittunt
1715 2406 1787 2432 enim
1801 2411 1861 2439 post

1076 2439 1212 2468 Adhibita.
1230 2439 1312 2467 Solus
1325 2439 1424 2473 Regius
1440 2440 1538 2472 habet,
1567 2444 1593 2466 et
1616 2439 1733 2467 adhibita
1757 2442 1859 2468 curatio

1076 2480 1123 2507 est,
1136 2481 1186 2502 etc.

1115 2510 1171 2546 (4|)
1201 2510 1293 2546 sancti
1317 2509 1453 2544 Cypriani,
1472 2516 1525 2538 etc.
1552 2510 1732 2546 Hieronymus
1754 2511 1802 2538 lib.
1828 2519 1858 2543 tl,

1079 2546 1203 2572 adversus
1218 2545 1338 2579 Rufinum
1348 2552 1357 2571 :
1369 2554 1379 2570 ι
1391 2546 1442 2572 Sed
1452 2546 1614 2573 confessoris
1627 2545 1746 2580 (Hilarii)
1761 2546 1859 2573 calum-

1079 2580 1122 2606 nia
1142 2586 1276 2615 utcunque
1294 2580 1442 2607 toleranda.
1467 2580 1576 2608 Transit
1590 2581 1623 2607 ad
1643 2580 1773 2615 inclytum
1789 2589 1858 2608 mar-

1082 2619 1166 2651 tyrem
1193 2616 1366 2651 Cyprianmn,
1379 2620 1406 2642 et
1422 2616 1487 2643 dicit
1500 2615 1659 2651 Tertulliani
1683 2615 1793 2651 librum,
1816 2615 1857 2643 cui

1079 2650 1174 2677 titulus
1197 2649 1248 2682 est,
1263 2650 1300 2679 De
1316 2649 1454 2682 Triuitate,
1470 2651 1519 2678 sub
1531 2650 1639 2677 nomine
1651 2657 1710 2684 ejus
1725 2650 1857 2678 Conslan-

1080 2685 1189 2720 tinopoli
1208 2694 1221 2711 a
1238 2685 1433 2712 Macedoniam:
1447 2686 1531 2720 partis
1541 2686 1674 2713 haereticis
1689 2685 1816 2713 lectitari.
1831 2684 1859 2711 In

1079 2727 1132 2753 quo
1154 2721 1266 2747 crimine
1291 2720 1418 2747 mentitur
1443 2722 1506 2748 duo.
1537 2720 1602 2747 Nam
1623 2728 1672 2747 nec
1697 2720 1857 2747 Tertulliani

1080 2757 1148 2782 liber
1163 2760 1215 2788 est,
1228 2762 1278 2782 nec
1294 2754 1421 2790 Cypriani
1433 2756 1544 2786 dicitur,
1554 2755 1600 2782 sed
1614 2755 1769 2788 Novatiani,
1784 2755 1859 2787 cujus

1081 2795 1107 2816 et
1116 2790 1276 2827 inscribitur
1293 2789 1380 2823 titulo,
1397 2796 1425 2818 et
1437 2791 1556 2819 auctoris
1569 2790 1707 2826 eloquium
1722 2790 1787 2827 styli
1801 2796 1859 2825 pru-

1081 2824 1182 2858 prietas
1196 2825 1371 2853 demonstrat.
1390 2835 1399 2851 ι
