1915 3079
99 112 154 146 ῦὶθ

551 115 590 142 DE
609 113 905 144 ADULTERATIONE
922 112 1098 142 LIBRORUM
1118 113 1288 142 ORIGENfS.

1676 115 1728 143 630

99 176 177 204 dices
191 175 225 204 de
239 175 338 204 talibus
352 174 410 212 (42)
426 173 601 209 exemplariis
612 174 824 205 conscribentes,
843 181 891 208 per
905 176 928 205 Α
944 173 1008 208 ipsis
1022 173 1065 207 qui
1083 173 1229 200 novitatem
1247 172 1380 201 sermonis
1393 173 1587 206 causabantur,
1600 174 1728 201 ostende-

100 226 185 250 lotam
210 221 474 256 Constantinopolim
495 221 589 248 urbem
608 220 755 247 maximam
776 220 889 246 distrahi

99 265 190 299 pretio
206 264 294 292 vili‘ori
312 265 446 298 fecerunt,
462 269 492 292 ut
507 264 656 298 exiguitate
671 264 750 298 pretii
766 265 891 292 homines

98 309 184 337 illecti
210 310 316 345 ignotos
333 316 361 338 et
386 311 500 338 latentes
523 311 599 338 dolos
624 309 730 337 facilius
751 317 891 345 compara-

99 361 174 390 rent,
203 356 260 392 (45)
276 364 330 390 quo
342 364 391 391 per
408 358 459 384 hoc
472 356 625 384 invenirent
642 355 759 383 haeretici
772 356 890 391 perfidiae

97 410 158 429 sua:
171 392 253 430 tide'm
270 403 338 429 tanti
353 403 405 430 viri
421 403 583 431 auctoritate
596 402 766 436 conquirere.
783 402 890 430 Accidit

98 451 192 474 tamen
216 451 246 474 ut
267 448 370 475 recenti
389 449 478 476 adhuc
500 448 574 478 facto
596 449 706 485 quidam
734 456 769 476 ex
786 449 888 475 nostris

98 492 231 522 fratribus
259 494 401 522 catholicis
441 494 544 523 inventi
572 496 679 524 admissi
702 495 811 524 sceleris
831 495 887 530 (44)

97 544 255 568 commenta
270 545 434 575 relegerent,
461 545 488 568 et
512 548 545 569 ex
570 547 648 577 parte
663 541 764 576 aliqua,
781 540 804 568 si
819 547 888 575 quos

96 589 221 620 possent,
233 585 266 613 ab
281 586 383 614 erroris
393 585 474 621 hujus
485 587 588 622 laqueis
601 591 772 614 revocarent.
790 586 886 620 Quam-

96 631 224 665 plurimis
240 636 328 660 tamen
349 632 376 660 in
392 633 445 661 illis
455 633 578 668 partibus
593 639 715 661 sanctum
735 637 881 668 martyrem

96 676 265 712 Cyprianum
282 678 362 713 hujus
377 679 453 712 fidei,
467 687 527 714 quae
538 687 552 706 a
568 679 737 707 Tertulliano
749 686 801 706 non
814 682 887 705 recte

95 724 199 758 scripta
215 729 267 758 est,
285 725 381 758 fuisse,
396 733 557 761 persuasum
574 731 626 754 est.

133 769 268 803 Adjiciam
285 771 375 799 adhuc
394 771 476 800 unius
490 771 553 799 facti
564 772 624 799 talis
638 771 802 806 exemplum,
815 771 886 806 quod

95 815 240 844 memoria;
250 816 359 851 quidem
378 817 539 846 recentioris
558 822 600 845 est
615 818 778 853 (commissa:
794 823 884 844 autem

947 225 988 247 ret
1006 220 1061 256 (48)
1078 219 1104 246 in
1121 219 1211 246 libello
1230 219 1370 246 Athanasii
1386 219 1504 254 episcopi
1521 220 1651 254 scriptum
1667 227 1728 247 esse

942 273 1095 293 sermonem
1112 266 1146 292 de
1158 273 1212 300 quo
1230 265 1343 299 quaestio
1360 266 1517 293 habebatur.
1532 266 1612 298 Quasi
1630 273 1728 294 suasus

939 312 994 345 jam
1010 311 1054 338 ille
1073 311 1115 338 cui
1133 311 1184 338 hoc
1200 311 1342 345 probatum
1365 311 1464 342 fuerat,
1484 310 1587 345 rogavit
1601 311 1658 337 dari
1673 310 1725 337 sibi

941 357 1072 389 codicem,
1091 364 1145 391 quo
1157 362 1184 384 et
1197 357 1257 385 aliis
1271 356 1459 393 ignorantibus
1474 362 1501 384 et
1515 356 1726 384 contradicenti-

940 404 991 431 bus
1005 403 1185 431 satisfaceret.
1210 403 1331 438 Accepto
1355 403 1460 434 codice,
1475 403 1625 430 inauditum
1642 409 1725 430 exco-

941 450 1036 485 gitavit
1050 450 1256 477 adulterationis
1270 457 1364 485 genus.
1385 449 1487 477 Locum
1509 450 1595 482 ipsum
1619 449 1645 476 in
1671 457 1725 484 quo

942 504 1031 525 sermo
1047 497 1099 524 iste
1114 496 1232 532 scriptus
1243 501 1312 529 erat,
1328 497 1406 529 rasit,
1422 496 1478 531 (49)
1503 501 1530 524 et
1553 497 1639 531 ipsum
1653 495 1725 531 lser-

943 550 1048 569 monem
1069 550 1175 569 rursum
1193 541 1334 576 rescripsit
1346 547 1426 575 quem
1442 545 1556 567 raserat.
1565 540 1653 567 Codex
1664 540 1725 566 red-

939 588 1011 616 ditus
1026 588 1187 623 simpliciter
1202 591 1329 622 receptus
1343 590 1396 614 est.
1412 585 1538 613 Movetur
1552 585 1649 613 iterum
1675 593 1724 620 pro

937 635 1032 661 eodem
1061 641 1189 662 sermone
1211 633 1348 668 quastio:
1374 633 1407 660 ad
1430 631 1618 666 probationem
1636 631 1723 658 codex

937 680 1094 715 profertur;
1109 680 1245 707 invenitur
1260 686 1350 707 sermo
1364 679 1396 706 de
1411 685 1464 714 quo
1481 682 1543 720 erat
1554 678 1678 712 quaestio,
1689 685 1722 705 ex

938 725 1017 752 litura
1034 726 1060 753 in
1076 726 1169 754 codice
1181 726 1302 760 positus;
1319 724 1386 752 fides
1409 723 1556 760 prolerenti
1575 723 1655 750 talem
1674 731 1722 750 co.

937 772 1024 799 dicem
1043 773 1198 807 derogatur,
1218 779 1250 799 eo
1273 771 1344 806 quod
1369 770 1451 798 litura
1475 769 1519 797 illa
1537 770 1723 804 corruptionis

938 825 970 845 ac
983 817 1109 845 falsitatis
1133 817 1271 845 videretur
1297 816 1438 844 indicium.
1462 816 1515 844 Sed
1532 816 1659 851 qtmniam
1683 816 1724 852 (ut

94 862 226 896 nequitia
250 862 391 897 antiquum
411 863 501 899 satis),
520 869 547 892 et
559 864 631 899 quod
655 870 750 891 omnes
764 867 886 891 veterum
902 870 924 898 Β
938 864 1035 892 iterum
1054 865 1147 892 eadem
1161 862 1259 899 dicam)
1278 863 1379 890 viventi
1395 864 1451 890 haec
1466 863 1536 890 facta
1553 868 1617 891 sunt
1633 862 1690 898 (50)
1707 870 1722 890 a

95 907 202 936 fabulas
222 908 322 936 vincat.

130 953 189 989 (45)
209 954 343 983 Damasus
370 955 535 991 episcopus,
565 963 626 984 cum
660 956 694 984 de
723 956 885 991 recipiendis

94 999 309 1034 Apollinarianis
341 1000 500 1028 deliberatio
534 1001 706 1035 haberetur,
737 1001 884 1029 editionem

94 1045 289 1073 ecclesiastica
305 1045 377 1078 fidei,
391 1045 448 1082 (46)
460 1045 504 1074 cui
519 1046 600 1074 iidem
617 1047 740 1080 editioni,
753 1047 775 1075 si
792 1047 884 1076 Eccle-

93 1091 141 1118 siae
166 1090 245 1126 iungi
284 1091 377 1124 velint,
404 1092 577 1120 subscribere
601 1093 741 1126 deberent,
765 1093 886 1120 conscri-

93 1137 212 1163 bendam
239 1137 379 1164 mandavit
404 1138 492 1166 amico
517 1145 567 1165 Suo
593 1139 700 1166 cuidam
726 1139 885 1174 presbytero

93 1182 153 1210 viro
168 1182 360 1217 disertissimo,
372 1183 418 1218 qni
431 1184 481 1212 hoc
492 1183 529 1211 illi
543 1191 575 1211 ex
593 1191 667 1211 more
680 1184 814 1219 negotium
825 1191 885 1218 pro-

91 1229 217 1257 curabat.
245 1228 436 1259 Necesaarium
461 1231 549 1258 visum
569 1235 611 1258 est
631 1231 743 1258 dietanti
770 1231 796 1258 in
825 1231 882 1265 ipsa

91 1276 213 1305 editione
227 1275 266 1303 De
279 1275 470 1304 lncamatione
488 1276 605 1310 Domini,
635 1277 774 1305 hominem
793 1277 884 1304 Domi—

91 1321 187 1349 nicum
203 1321 268 1349 dici.
284 1320 385 1350 Offensi
408 1328 473 1350 sunt
487 1323 513 1350 in
531 1324 582 1351 hoc
598 1330 725 1351 sermone
740 1323 882 1358 Apollina-

91 1367 189 1395 ristaa:
216 1369 364 1396 novitatem
394 1371 531 1396 sermonis
567 1369 694 1397 incusare
727 1373 880 1403 cmperunt.

90 1413 196 1441 Adesse
211 1414 261 1441 sibi
276 1414 359 1449 coepit
371 1415 418 1450 qui
436 1414 603 1448 dictaverat,
626 1420 654 1442 et
674 1422 707 1442 ex
721 1414 883 1443 auctoritate

89 1459 150 1494 (47)
179 1465 300 1487 veterum
341 1460 506 1496 scriptorum
536 1461 735 1489 catholicorum
761 1461 881 1488 virorum

89 1505 236 1534 confutare
250 1514 298 1534 eos
310 1506 355 1541 qui
373 1507 578 1543 impugnabant.
595 1508 699 1536 Decidit
722 1513 751 1535 ut
776 1508 823 1535 nni
849 1515 881 1534 ex

124 1596 184 1632 (ΔΞ)
198 1596 386 1633 Ezemplaria's.
397 1598 480 1626 Deest
492 1598 518 1626 in
530 1599 622 1631 editis,
638 1603 666 1626 et
683 1599 837 1626 restituitur
850 1606 882 1626 ex
897 1603 917 1632 c

90 1639 157 1659 mss.

128 1667 187 1702 (45)
203 1667 284 1699 Editi,
298 1675 349 1702 quo
369 1676 415 1702 per
437 1668 486 1695 hoc
504 1673 677 1696 commentum
695 1669 812 1696 haeretici
825 1677 881 1703 per-

90 1701 166 1739 ﬁdiae
180 1710 236 1729 ruta
249 1701 328 1737 ﬁdem
346 1701 412 1739 tanti
428 1704 478 1730 viri
501 1705 658 1732 auctoritate
684 1701 877 1739 conquirerent.

90 1736 146 1764 Sed
158 1745 254 1765 omnes
271 1745 337 1766 mss.
353 1743 382 1765 ut
393 1738 420 1765 in
435 1743 528 1766 nostro
546 1743 631 1766 textu.

142 1772 189 1801 Η)
206 1771 370 1801 Commenta.
388 1773 469 1806 Editi,
488 1775 640 1806 commissa,
653 1775 733 1802 male.

142 1807 189 1845 65)
205 1807 338 1845 Damasus
353 1809 501 1845 episcopus,
514 1817 574 1836 cum
584 1810 616 1837 de
627 1807 783 1845 recipiendis
797 1809 879 1844 Apol—

90 1842 234 1879 linarianis
260 1843 415 1879 deliberatio
441 1844 593 1876 haberetur,
619 1842 879 1879 etcineronyinus

90 1878 140 1906 .ib.
157 1885 176 1915 ιι
192 1882 284 1915 contra
299 1877 424 1915 Ruﬁnum
435 1885 445 1905 :
464 1887 473 1904 ι
488 1879 520 1906 Ει
536 1880 700 1914 superﬂuum
720 1885 783 1915 puto
798 1877 878 1913 aper-

92 1917 136 1949 tas
158 1913 282 1949 ineptias
304 1913 455 1949 confutare,
478 1921 539 1941 cum
563 1913 628 1941 mihi
654 1913 878 1949 mea‘ingeratur

90 1947 230 1986 fab_ella._a
245 1949 347 1986 synodo
359 1948 495 1981 videlicet,
511 1954 537 1986 et
553 1951 602 1977 sub
609 1951 723 1986 nomine
738 1947 878 1985 cujusdam

90 1983 178 2020 amici
194 1982 311 2020 Dam‘asi
324 1983 452 2020 Romana:
476 1984 552 2020 urbis
573 1985 692 2020 episcopi
713 1982 880 2020 ego‘petar;

91 2019 136 2046 cui
152 2017 196 2056 ille
209 2018 415 2056 ecclesiasticas
440 2017 876 2056 epistolas?dictaiidas'tradiditl;

91 2052 378 2090 etrApoliinar-iorum
409 2052 535 2090 versutia
567 2055 776 2087 describantur;
806 2052 877 2090 quod

91 2088 234 2125 Athanasii
274 2089 374 2125 librum
400 2089 444 2116 ubi
475 2089 629 2119 Domim'cus
653 2091 731 2116 Itonia
759 2088 878 2125 scriptus

91 2129 147 2159 est,
165 2123 198 2159 ad
210 2123 358 2159 legendum
382 2128 532 2159 acceptum,
551 2126 587 2152 ita
600 2125 784 2159 corruperint,
801 2123 830 2152 ut
846 2125 872 2152 in

91 2158 177 2186 litura
192 2157 218 2185 id
235 2157 307 2194 quod
320 2157 454 2194 raserint;
469 2167 563 2187 rursus
579 2157 742 2192 scriberent,
758 2157 787 2187 ut
800 2159 874 2187 scili-

92 2198 138 2221 cet
153 2201 212 2230 non
222 2194 256 2220 ab
271 2193 324 2221 illis
347 2193 485 2230 falsatum,
505 2195 557 2222 sed
570 2203 584 2221 a
602 2203 645 2223 me
659 2196 780 2222 additum
799 2200 878 2230 puta-

92 2233 182 2256 retur.
195 2228 293 2261 Quaiso
305 2234 340 2260 te,
354 2229 441 2256 amice
461 2230 634 2262 charissime,
655 2235 684 2257 ut
700 2230 727 2257 in
746 2228 877 2257 ecclesia-

93 2264 173 2291 sticis
186 2264 355 2300 tractatibus,
373 2264 416 2291 ubi
431 2264 464 2292 de
480 2265 593 2292 veritate
605 2265 762 2300 dogmatum
776 2265 875 2300 quaeri-

93 2290 152 2335 iurr.
166 2303 194 2326 et-
203 2299 237 2325 de
249 2290 876 2335 sauicinarumminuam}iiiiiiijéiuin'tn-
892 2290 914 2318 1)

93 2334 198 2368 gilatur
211 2334 372 2366 auctoritas,
391 2335 576 2368 hujuscemodi
589 2334 763 2362 deliramenta
787 2335 876 2362 diruit-

94 2373 149 2400 tas,
163 2372 192 2397 et.
206 2369 379 2404 prandiorum
392 2377 585 2432 coenarumﬁue
601 2369 706 2397 fabulas
727 2378 775 2405 pro
796 2378 876 2404 argu-

94 2409 189 2431 mento
202 2411 254 2431 non
269 2409 361 2431 teneas
377 2410 510 2432 veritatis.
555 2406 603 2432 reri
626 2406 698 2432 enim
723 2409 811 2432 potest
836 2410 874 2432 ut.

93 2409 254 2440 mentonon
269 2409 361 2431 teneas
377 2405 510 2433 veritatis.
532 2405 603 2432 Fieri
626 2406 698 2432 enim
722 2409 811 2440 potest
836 2410 874 2438 ut,

92 2439 203 2475 etiamsi
220 2446 235 2465 a
253 2446 301 2475 me
313 2447 407 2467 verum
433 2440 542 2474 audisti,
571 2440 640 2467 alius
664 2442 708 2475 qui
723 2439 813 2474 hujus
837 2441 874 2467 rei

93 2474 207 2511 ignarus
223 2474 360 2511 e_st,r_t_lic‘at
378 2483 396 2511 ra
419 2480 445 2502 te
465 2482 530 2511 esse
544 2474 742 2510 compositum;
758 2481 785 2501 et
799 2476 875 2511 quasi

92 2509 208 2536 mimum
232 2509 409 2542 Philistionis,
430 2510 470 2537 vel
494 2509 614 2538 Lentuli’
634 2519 667 2538 ac
688 2511 792 2538 Marulli
806 2509 876 2538 stro-

93 2545 176 2580 pham
196 2544 310 2580 eleganti
327 2552 453 2573 sermone
474 2548 627 2573 confictam.
655 2556 664 2571 ι

129 2578 189 2614 (46)
219 2578 256 2607 Ita
284 2584 356 2614 recte
375 2581 452 2608 editi.
472 2580 539 2608 Mss.
567 2588 631 2609 vero
657 2581 752 2613 nostri,
778 2581 805 2608 id
830 2587 878 2614 ut,

91 2613 223 2647 cationi,
245 2615 267 2642 si
289 2613 414 2643 Ecclesia:
439 2614 486 2651 [aL
511 2616 554 2643 cui
578 2619 601 2643 rt
623 2615 763 2653 Ecclesiw]
784 2617 878 2653 jungi,

91 2655 148 2676 διε.

124 2684 184 2720 (47)
203 2683 322 2712 Veterum
351 2685 422 2712 Editi
450 2693 602 2720 perperam,
627 2696 697 2714 cera.
726 2686 788 2714 Mox
813 2695 879 2715 mss.

93 2718 262 2756 Sorbunicus
272 2725 299 2747 et
309 2720 340 2756 ξ.
353 2718 492 2748 Michaelis
501 2718 531 2749 in
541 2718 665 2750 Pericqu
674 2724 756 2750 maris
768 2723 880 2756 habent,

93 2755 169 2782 uisus
193 2761 230 2782 ut
255 2755 394 2790 confutare
416 2764 469 2788 eos,
492 2762 549 2785 etc._
571 2757 624 2784 Sed
649 2758 737 2785 ezeteri
764 2765 830 2785 mss.
854 2755 882 2785 et

92 2790 161 2816 editi
191 2791 321 2817 omittunt
349 2790 422 2826 nisus
448 2797 499 2820 est.
532 2792 634 2820 Deinde
662 2793 727 2820 cditi
743 2814 750 2826 ,
776 2793 879 2820 Accidit

94 2830 120 2850 ut
147 2830 172 2852 et
198 2833 212 2852 ι.
236 2841 255 2859 ι,
290 2830 343 2854 etc.
372 2825 427 2854 Sed
457 2834 553 2855 omnes
587 2835 652 2857 mss.
682 2828 765 2856 nostri
798 2833 826 2857 ut
854 2829 880 2856 in

96 2865 182 2888 κιιιι.

936 911 1052 944 vivente,
1078 910 1207 937 continuo
1231 910 1287 944 egit
1310 910 1400 937 omnia
1425 913 1454 937 ut
1480 909 1555 936 fratrs
1579 910 1720 936 commissi

936 955 1048 983 sceleris
1063 955 1221 986 nudaretur,
1237 960 1264 982 et
1279 954 1407 989 nequitia:
1435 954 1539 982 macula
1569 962 1620 981 non
1642 955 1721 982 inuno

935 1001 1007 1028 centi
1025 1001 1094 1034 viro,
1111 1000 1156 1034 qui
1173 1000 1241 1027 nihil
1267 1000 1320 1028 tale
1342 1005 1477 1035 gesserat,
1496 1001 1657 1033 adita-reret,
1674 1002 1720 1028 sed

936 1047 961 1073 in
974 1051 1112 1074 auctorem
1125 1046 1190 1074 facti
1215 1051 1295 1081 atque
1306 1047 1332 1074 in
1348 1047 1499 1075 uberiorem
1513 1046 1570 1081 ejus
1581 1048 1719 1075 infamiam

936 1092 1109 1119 redundaret.
1553 1086 1555 1089 ’

971 1137 999 1165 Si
1027 1144 1091 1173 ergo
1107 1141 1134 1163 et
1157 1136 1287 1173 Origenes
1311 1138 1371 1165 talia
1392 1139 1425 1166 ab
1443 1139 1578 1167 haereticis
1592 1144 1619 1166 et
1638 1140 1720 1167 male-

935 1183 1002 1210 volis
1016 1191 1044 1210 se
1056 1190 1116 1210 esse
1133 1190 1291 1218 perpessum
1307 1183 1333 1210 in
1348 1183 1459 1218 epistola
1468 1191 1515 1210 sua
1529 1184 1637 1218 propria
1655 1192 1720 1212 voce

933 1228 1119 1264 conqueritur,
1139 1233 1167 1256 et
1193 1228 1286 1256 multis
1317 1228 1379 1256 aliis
1404 1229 1469 1256 viris
1494 1229 1638 1257 catholicis
1665 1235 1720 1258 tam

933 1275 1004 1303 vivis
1026 1283 1106 1310 quam
1124 1275 1238 1303 mortuis
1253 1276 1347 1303 eadem
1366 1275 1535 1309 acciderunt,
1561 1277 1720 1312 similesque

933 1321 1042 1349 fraudes
1056 1322 1163 1356 scriptis
1179 1321 1235 1358 (5|)
1255 1322 1433 1357 quorumdam
1453 1322 1603 1358 probantur
1623 1322 1716 1355 illatae.

933 1375 993 1403 quae
1006 1367 1112 1395 tandem
1131 1368 1214 1395 animi
1233 1368 1381 1396 obstinatio
1400 1373 1451 1401 εει,
1475 1368 1501 1395 in
1524 1367 1621 1403 aequali
1638 1376 1719 1395 causa

933 1420 986 1440 non
1005 1413 1099 1448 mquali
1115 1414 1153 1440 nti
1170 1413 1267 1447 venia;
1288 1413 1334 1441 sed
1360 1420 1393 1441 ex
1416 1413 1510 1441 iisdem
1533 1413 1719 1441 accidentibus

934 1460 995 1489 aliis
1008 1460 1191 1488 excusationis
1215 1460 1394 1488 reverentiam
1407 1480 1415 1493 ,
1436 1459 1497 1487 aliis
1518 1460 1719 1490 criminationis

934 1506 1074 1534 infamiam
1092 1506 1254 1534 intendere?
1265 1505 1321 1542 (52)
1334 1505 1404 1539 Quin
1416 1506 1505 1541 potius
1519 1506 1664 1541 aperienda
1678 1511 1718 1534 est
1764 1508 1767 1510 '

972 1597 1029 1634 (48)
1042 1597 1344 1634 ΙιιιὶιιιιιιιιιηΑιΙιαξιίιιὶἰΣ
1352 1603 1404 1634 etc.
1434 1599 1474 1625 An
1491 1598 1600 1626 libellus
1616 1599 1668 1626 iste
1682 1599 1718 1628 sit

933 1632 1053 1667 ejusdem
1070 1633 1158 1660 Patris
1171 1633 1306 1666 Expositio
1326 1632 1473 1667 ﬁdei,:qnae
1495 1639 1583 1661 exstat
1607 1640 1672 1661 tom.
1696 1635 1717 1666 l’,

932 1673 1004 1702 part.
1023 1676 1042 1699 ι,
1057 1668 1116 1702 ejus
1130 1667 1312 1703 opertrtn,ubi
1334 1675 1395 1703 pag.
1415 1667 1467 1695 100
1479 1673 1506 1695 et
1521 1668 1583 1701 illi,
1600 1670 1717 1697 humana

931 1703 1032 1731 Christi
1047 1709 1143 1739 natura
1158 1702 1311 1739 Dominicus
1333 1702 1411 1739 homo
1424 1704 1523 1739 saepius
1547 1704 1716 1739 appellatur;

931 1746 965 1764 an
977 1745 1042 1765 vero
1055 1738 1106 1764 alia
1121 1737 1217 1773 major,
1230 1744 1264 1773 ex
1280 1745 1343 1773 qua;
1356 1737 1459 1772 aliquot
1473 1737 1626 1773 fragmenta
1639 1738 1717 1767 affert

931 1773 1118 1809 Theodoretus
1127 1771 1449 1809 Dialog_.§.ubiChristus
1457 1778 1484 1800 et
1501 1771 1591 1809 homo,
1613 1774 1716 1809 Κυρια-

930 1808 978 1840 κὸς
998 1807 1140 1843 ἄνθρωπος
1165 1806 1291 1835 similiter
1310 1807 1417 1843 dicitur,
1433 1812 1507 1836 certo
1518 1807 1645 1836 aﬂirmari
1659 1806 1716 1839 non

948 1848 1028 1871 otest.

929 1851 1121 1914 mamentis,
1143 1882 1166 1905 et
1180 1877 1260 1914 istum
1277 1885 1432 1914 temonem,
1448 1884 1501 1907 etc.

965 1912 1021 1948 (50)
1039 1913 1102 1940 Mss.
1117 1921 1148 1939 ac
1165 1912 1269 1947 vigenti.
1286 1913 1338 1941 Sed
1351 1914 1447 1942 melius
1467 1914 1572 1942 habere
1585 1914 1715 1942 videntur

928 1949 1006 1981 editi,
1026 1956 1042 1974 α
1065 1949 1174 1975 vivente.

965 1984 1021 2025 (3i)
1034 1984 1119 2025 Alias,
1136 1991 1260 2025 eorum...
1279 1991 1338 2018 qua:
1354 1983 1460 2025 tandem
1487 1985 1635 2012 animorum
1663 1984 1712 2021 [aL

928 2018 1022 2054 animi]
1039 2018 1171 2054 obstrictio
1187 2022 1224 2044 est
1242 2019 1268 2045 in
1288 2019 1382 2053 aquati
1399 2027 1474 2050 casu,
1489 2024 1542 2047 etc.

964 2053 1022 2090 (ΒΞ)
1035 2053 1104 2087 Quin
1115 2053 1200 2090 potius
1221 2054 1365 2090 aperienda
1381 2059 1418 2081 est
1439 2054 1486 2081 hac
1503 2055 1531 2082 in
1547 2054 1604 2090 loco
1617 2056 1714 2082 veritas

927 2088 1021 2121 latens,
1043 2094 1097 2116 etc.
1131 2088 1382 2124 Hieronymusrlib.
1405 2097 1424 2116 ιι
1449 2095 1540 2116 contra
1563 2089 1688 2124 Ruﬁnum
1703 2098 1714 2117 :
1744 2097 1746 2104 '

930 2134 939 2150 ι
954 2125 1011 2157 Quo
1024 2131 1076 2151 non
1090 2123 1715 2164 perveniat'semel'eflrenatatemeritasifPost

927 2158 1360 2195 excommunicationemiiilarii,
1389 2164 1451 2194 post
1473 2160 1604 2195 Cypriani
1630 2160 1712 2195 ψευδ-

927 2195 1081 2230 επίγραφον
1097 2194 1238 2230 haereseos
1249 2193 1356 2227 librum,
1368 2199 1428 2230 post
1441 2193 1582 2222 Athanasii
1592 2193 1713 2222 me'dor-

928 2229 1053 2265 mitante':
1063 2229 1189 2261 lituram,
1219 2229 1299 2256 simul
1320 2234 1352 2265 et
1370 2229 1596 2263 inscriptionem,
1622 2231 1712 2265 erupit

929 2264 1072 2298 aliquando
1096 2269 1189 2291 contra
1213 2271 1308 2299 papam
1335 2264 1526 2299 Epiphanium.
1545 2270 1572 2293 et
1589 2264 1712 2294 dolorem

929 2299 1048 2333 pectoris
1065 2298 1118 2330 sui,
1133 2299 1202 2333 quod
1211 2298 1271 2326 eum
1281 2300 1306 2325 in
1316 2298 1428 2333 epistola
1437 2308 1517 2335 quam
1528 2300 1560 2327 ad
1572 2299 1711 2328 Joannem

928 2335 1083 2371 cpiscppum
1096 2334 1254 2371 scripserat,
1268 2334 1425 2362 htereticum
1437 2334 1537 2371 arguit,
1550 2335 1577 2362 in
1585 2335 1712 2371 Apologia

929 2377 976 2402 pro
993 2368 1104 2402 Origene
1122 2369 1228 2402 digerit,
1245 2374 1271 2396 et
1286 2370 1328 2396 his
1343 2377 1373 2397 se
1392 2368 1563 2398 sermonibus
1588 2368 1712 2398 consola-

931 2409 973 2430 tur
990 2412 996 2430 :
1015 2404 1085 2436 Quin
1108 2406 1194 2437 potius
1212 2405 1352 2438 aperienda
1381 2411 1416 2432 est
1429 2406 1514 2432 hocin
1533 2405 1590 2433 loco
1616 2407 1711 2433 veritas

929 2439 1020 2476 luteus.
1037 2438 1256 2476 r_'l‘um~prolati_s
1278 2439 1320 2466 his
1335 2447 1394 2476 qua:
1410 2446 1558 2475 sequuntur
1574 2449 1661 2476 usque
1678 2441 1712 2468 ad

930 2474 980 2501 ista
1006 2473 1087 2500 verba
1103 2483 1109 2500 :
1125 2473 1262 2505 Quomodo
1289 2473 1359 2509 ergo
1375 2475 1424 2502 iste
1446 2473 1539 2502 merito
1562 2473 1711 2504 audiendus

931 2513 978 2540 est,
992 2517 1051 2545 cunt
1070 2517 1113 2535 eos
1128 2509 1216 2545 culpat
1235 2510 1279 2545 qui
1291 2509 1471 2537 instructioni:
1485 2518 1540 2537 ante
1555 2519 1635 2537 causa
1652 2520 1711 2544 per-

931 2552 1014 2578 pauca
1026 2544 1093 2580 eiur,
1112 2544 1261 2580 salvaﬁdei
1277 2544 1365 2579 regula
1381 2551 1458 2579 atque
1481 2546 1581 2580 integra
1603 2548 1709 2580 pietate,

931 2579 1165 2619 legeruutfpergit
1179 2578 1374 2619 Hieronymus:
1390 2589 1400 2619 ι
1476 2578 1606 2619 suntisti,
1619 2581 1664 2619 qui
1682 2581 1708 2619 in

932 2614 1050 2641 Ecclesia
1062 2614 1199 2649 disputare
1208 2615 1287 2642 latius
1296 2614 1401 2642 solent?
1412 2616 1462 2648 Qui
1476 2615 1559 2642 libros
1572 2614 1709 2643 scribere?

932 2649 983 2682 Qui
1002 2654 1085 2676 totum
1099 2651 1132 2677 de
1150 2650 1267 2685 Origene
1291 2650 1437 2684 loquuntur
1450 2655 1477 2677 et
1495 2651 1639 2677 scribunt?
1656 2650 1706 2683 Qui

932 2685 1056 2721 dumrsua
1074 2684 1167 2721 nolunt
1186 2684 1258 2712 furta
1273 2687 1410 2720 cognosci,
1426 2690 1454 2712 et
1469 2686 1566 2721 ingrati
1593 2690 1656 2712 sntit
1681 2687 1708 2712 in

933 2720 1102 2754 magistrum,
1119 2720 1222 2748 idcirco
1236 2721 1371 2754 simplices
1385 2722 1418 2748 ab
1440 2720 1511 2748 illius
1530 2721 1646 2748 lectione
1659 2724 1708 2748 de-

934 2756 1055 2782 terrent?
1065 2754 1226 2782 Nominatim
1241 2756 1322 2783 debes
1337 2756 1482 2790 dicere,,et
1496 2756 1568 2790 ipsos
1583 2756 1709 2785 homines

933 2790 1071 2818 denotare.
1084 2790 1154 2825 Ergo
1169 2792 1240 2818 beati
1254 2791 1371 2825 episcopi
1385 2792 1556 2823 Anastasms,
1574 2796 1600 2819 et
1616 2791 1706 2819 'l‘heo-

934 2824 1035 2858 philus,
1052 2831 1079 2852 et
1095 2824 1234 2858 venerias,
1250 2824 1277 2854 et
1290 2824 1473 2857 Chromatius,
1496 2831 1522 2852 et
1547 2827 1636 2854 omnis
1648 2832 1706 2854 tam

935 2859 1053 2889 Orientis
1069 2869 1149 2897 quam
1172 2861 1547 2899 OccidentisCatholicorum
1574 2863 1704 2899 synodus,
