1915 3079
204 78 254 107 651

519 78 636 107 RUFINI
654 77 756 107 LIBER
774 78 819 105 DE
838 77 989 106 ADULTEI

1046 75 1133 105 ἸΟΝΕ
1149 75 1328 104 ιιΒιιοιιυΜ
1346 69 1519 104 σιιιοΕΝιδ.

1779 76 1839 105 652

207 137 259 164 hoc
275 136 301 163 in
314 135 374 163 loco
389 134 490 162 veritas
512 134 613 164 latens.
631 133 689 161 Non
712 135 783 163 enim
807 135 936 170 possibile
952 139 992 162 est
1007 137 1030 165 Δ
1048 134 1106 168 ejus
1121 134 1195 162 salva
1209 133 1271 161 ﬁdei
1287 133 1390 169 regula,
1405 138 1485 170 atque
1500 134 1605 170 integra
1626 135 1729 170 pietate
1757 135 1836 171 lege-

206 188 260 210 tam
277 181 480 217 iniquojudicio
504 181 542 207 uti
564 188 728 216 quemquam
742 182 893 215 hominum,
912 186 941 208 ut
958 182 992 209 de

204 235 286 255 causa
301 226 396 261 aequali
413 233 465 253 non
480 226 622 261 mqualiter
640 227 751 254 sentiat.
779 227 831 254 Sed
847 227 918 261 quod
940 234 991 254 au-

205 279 294 300 ctores
310 273 525 300 obtrectatorum
540 272 598 308 ejus
614 273 632 301 ii
648 277 710 302 sunt
722 273 768 308 qui
782 273 857 301 velin
871 273 991 302 Ecclesia

205 319 342 354 disputare
364 317 445 346 latius
470 318 568 352 solent,
590 319 632 347 vel
651 319 734 346 etiam
750 319 833 347 libros
857 320 989 353 scribere,

206 365 252 400 qui
269 370 354 392 totum
369 365 403 393 de
419 364 536 400 Origene
560 365 603 392 vel
625 365 773 400 loquuntur
789 366 832 393 vel
855 367 989 399 scribunt,

206 409 263 446 (55)
286 418 319 438 ne
336 419 399 446 ergo
411 411 501 445 plures
516 411 635 446 ipsorum
661 410 731 439 furta
743 417 917 447 cognoscant.
930 420 991 448 qua:

204 455 308 490 "utique,
327 456 349 482 si
368 455 467 491 ingrati
481 456 507 482 in
524 455 683 491 magistrum
699 463 751 483 non
766 461 866 489 essent,
886 464 989 491 nequa-

204 509 285 536 quam
297 502 442 529 criminosa
455 501 620 534 viderentur,
634 502 813 537 simpliciores
825 509 945 538 quosque
956 502 990 530 ab

204 547 264 583 ejus
278 547 396 574 lectione
413 547 560 576 deterrent.

241 592 299 628 (54)
314 592 435 628 Denique
449 593 560 628 quidam
573 601 606 621 ex
622 593 698 629 ipsis,
716 595 761 629 qui
777 603 807 623 se
821 594 894 622 velut
906 602 988 622 evan-

205 637 350 673 gelizandi,
365 638 552 665 necessitatem
576 646 626 673 per
652 647 747 669 omnes
772 645 865 673 gentes
890 644 918 667 et
941 646 990 674 per

204 690 299 711 Omnes
317 683 420 718 linguas
436 683 536 710 habere
566 689 642 719 putat
658 685 692 713 de
710 685 826 721 Origene
841 685 912 713 male
925 686 985 722 (55)

205 729 342 764 loquendi,
356 737 402 756 sex
418 729 502 757 millia
517 729 648 758 librorum
664 730 722 765 ejus
732 739 761 759 se
773 731 881 767 legisse,
897 739 990 766 quam-

205 775 319 810 plurima
344 775 458 802 fratrum
485 775 661 804 multitudine
684 777 820 810 audicnte,
846 777 988 806 confessus

205 824 257 848 est.
275 820 325 854 Qtti
341 820 365 848 si
379 820 482 855 utique,
497 825 527 848 ut
551 821 609 856 ipse
631 821 721 849 dicere
734 822 812 854 solet,
828 829 877 857 pro
887 829 989 856 cogno-
1007 815 1028 842 Β

205 866 313 895 scendis
332 866 410 894 malis
424 866 482 901 ejus
501 866 617 902 legebat,
628 867 753 895 sufficere
769 872 892 903 poteram
904 867 927 894 ei
943 867 992 894 de-

204 920 262 940 cem
274 912 334 940 libri
351 913 384 940 ad
401 914 632 948 cognoscendum,
658 919 706 941 aut
729 914 825 949 viginti
841 919 927 948 certe,
948 914 991 941 vel

204 963 233 985 Il.
250 959 395 993 plurimum
423 961 542 994 triginta.
564 961 618 988 Sex
643 960 725 988 millia
743 966 835 988 autem
850 961 934 994 libros
951 961 990 988 le-

204 1011 279 1039 gere,
293 1004 348 1039 jam
365 1011 417 1032 non
435 1006 502 1033 velle
515 1013 682 1041 cognoscere
695 1010 748 1038 est,
761 1006 808 1033 sed
827 1009 910 1032 totam
923 1013 992 1039 pene

204 1050 286 1078 vitam
319 1058 395 1078 suam
420 1051 569 1086 disciplinis
601 1051 659 1087 ejus
697 1055 724 1078 et
759 1051 855 1079 studiis
881 1051 989 1078 dedere.

204 1095 342 1130 Quomodo
370 1104 435 1132 ergo
463 1097 560 1125 merito
582 1097 634 1125 iste
657 1097 808 1125 audiendus
838 1102 898 1130 est,
928 1104 990 1124 cum

204 1150 250 1170 eos
277 1143 368 1177 culpat
389 1143 434 1178 qui
460 1142 647 1171 iustructionis
675 1150 731 1171 suae
752 1150 832 1170 causa
855 1150 988 1178 perpauca

1042 179 1126 207 runt?

1079 225 1136 262 (56)
1149 225 1291 254 Suﬁiciant
1306 226 1363 253 hinc
1384 226 1418 253 ad
1439 226 1637 253 ostendendum
1660 226 1782 261 qualiter
1799 228 1835 256 de

1043 271 1169 306 Origenis
1182 272 1260 300 libris
1271 272 1441 300 sentiendum
1459 271 1504 300 sit.
1522 271 1555 299 Et
1567 277 1633 307 puto
1644 273 1720 307 quod
1739 273 1836 302 omnis

1042 319 1087 354 qui
1105 326 1158 346 non
1172 318 1366 352 contentionis,
1393 318 1440 346 sed
1460 317 1585 346 veritatis
1604 319 1723 347 studium
1748 320 1835 354 gerit,

1042 365 1122 393 facile
1136 365 1179 393 his
1195 370 1250 392 tam
1266 365 1434 393 evidentibus
1448 364 1646 393 assertionibus
1661 365 1834 400 acquiescat.

1042 410 1118 444 Quod
1135 411 1156 438 si
1177 411 1237 446 quis
1251 410 1277 438 in
1292 410 1466 438 contentione
1488 416 1536 437 sua
1558 415 1709 444 permanet,
1723 419 1776 439 nos
1793 416 1836 438 ta-

1041 457 1094 484 lem
1112 456 1342 485 consuetudinem
1356 463 1410 484 non
1425 456 1569 484 habemus.
1587 456 1732 484 Deﬁnitum
1757 457 1835 485 enim

1041 507 1083 530 est
1106 503 1176 537 apud
1199 509 1258 534 nos,
1283 501 1420 537 siquando
1440 509 1503 530 eum
1530 501 1655 537 legimus,
1680 503 1836 530 secundum

1041 549 1128 577 sancti
1144 549 1267 584 Apostoli
1287 548 1527 578 commonitionem
1557 554 1651 577 tenere
1676 557 1737 584 quae
1761 549 1834 577 bona

1041 595 1148 623 sunt”.
1166 595 1195 623 Si
1209 595 1272 630 quid
1290 600 1381 623 autem
1399 595 1538 623 inventum
1558 594 1642 622 fuerit
1662 595 1688 622 in
1705 595 1748 623 his
1761 596 1836 632 ιιιιού

1042 649 1103 668 cum
1120 641 1172 668 ﬁde
1186 641 1321 668 catholica
1338 648 1391 668 non
1403 645 1545 674 consonat,
1565 641 1617 668 hoc
1638 645 1666 668 et
1687 640 1723 668 ab
1744 640 1834 674 hare-

1043 686 1104 713 ticis
1117 681 1287 721 suspicamur
1305 687 1450 720 insertum,
1463 691 1490 714 et
1508 692 1561 714 tam
1589 686 1623 714 ab
1643 687 1717 714 illius
1734 694 1835 719 sensu.

1040 740 1120 767 quam
1139 741 1154 760 a
1172 737 1263 760 nostra
1275 732 1327 760 ﬁde
1344 732 1468 761 ducimus
1488 731 1620 760 alienutn.
1635 732 1663 759 lu
1678 740 1733 768 quo
1747 733 1836 760 etiam

1040 777 1061 804 si
1074 777 1201 810 fallimur,
1217 777 1303 810 nihil,
1318 783 1348 805 ut
1364 778 1470 813 opinor,
1493 778 1606 813 periculi
1628 778 1685 813 (57)
1706 778 1834 813 hujusce-

1043 822 1115 848 modi
1130 829 1222 849 errore
1235 821 1411 849 incurrimus.
1430 821 1497 849 Nam
1510 827 1536 849 et
1550 821 1613 857 ipsi,
1632 823 1686 849 Deo
1704 821 1834 856 juvante,

1043 875 1234 903 permanemus
1253 867 1344 900 illzesi,
1361 867 1472 895 vitando
1486 875 1518 895 ea
1532 875 1592 903 quae
1608 872 1733 902 suspecta
1749 867 1834 895 habe-

1043 922 1114 948 nius,
1126 918 1154 941 et
1170 913 1370 948 improbatnus,
1393 918 1420 941 et
1441 919 1615 942 accusatores
1635 913 1753 941 fratrum
1779 921 1834 942 non

1043 958 1213 986 inveniemur
1237 959 1308 994 apud
1334 958 1433 991 Deum,
1469 959 1531 993 quia
1557 959 1656 986 diaboli
1689 959 1833 994 proprium

1042 1004 1094 1032 hoc
1121 1012 1189 1039 opus
1217 1011 1277 1032 esse
1302 1004 1402 1032 dicitur
1429 1005 1579 1032 accusandi
1608 1004 1735 1033 fratres:
1762 1006 1833 1033 unde

1044 1056 1071 1078 et
1095 1051 1152 1086 (58)
1176 1050 1298 1078 diabolus
1317 1058 1333 1078 a
1356 1050 1527 1079 criminando
1543 1059 1642 1079 nomen
1667 1052 1831 1087 accepit”:

1043 1097 1122 1124 simul
1147 1101 1176 1124 et
1206 1096 1400 1125 maledicorum
1429 1096 1592 1124 sententiam
1619 1104 1680 1131 qua:
1704 1104 1720 1124 a
1748 1104 1836 1132 regno

1043 1142 1227 1183 Dciseparat
1255 1150 1302 1170 eos
1334 1143 1379 1178 qui
1420 1142 1488 1170 tales
1524 1147 1588 1170 sunt
1613 1143 1636 1158 "
1657 1162 1666 1175 ,
1699 1142 1831 1170 declina-

1042 1196 1112 1216 mus.

238 1237 261 1253 "
275 1237 285 1264 l
300 1236 395 1264 Thess.
409 1244 437 1270 v,
451 1237 496 1264 2i.
535 1238 557 1254 ’⁸
574 1238 657 1272 Apoc.
685 1245 737 1271 xu,
767 1238 808 1266 l0.
840 1224 869 1253 ’π
891 1238 898 1265 l
919 1237 981 1266 Cor.
997 1245 1033 1271 vt,
1052 1236 1096 1264 10.

204 1315 266 1350 quia
289 1316 348 1349 pari
369 1316 512 1348 sententia,
530 1316 591 1349 quia
615 1316 672 1349 pari
709 1320 734 1343 et
764 1316 877 1350 spiritu,
908 1315 987 1342 illttm

205 1351 362 1377 haereticum
377 1351 538 1378 denuntiant
551 1352 665 1385 populis.
680 1351 754 1378 fures
767 1351 895 1378 librorum
913 1351 986 1378 illius

205 1385 340 1419 iudicandi
357 1390 421 1412 sunt
437 1395 444 1412 :
469 1391 497 1414 et
520 1388 626 1421 quando
644 1388 669 1413 in
690 1386 812 1421 ecclesiis
831 1386 989 1421 pmditjant,

207 1429 261 1448 nou
290 1421 491 1456 Scripturarum
520 1422 664 1456 mysterla,
693 1423 741 1448 sed
767 1420 892 1455 Origenis
919 1420 989 1448 furta

207 1456 441 1482 commemorant?
455 1455 511 1483 Non
530 1455 578 1483 tibi
593 1456 688 1483 sutiicit
703 1457 803 1491 passim
819 1461 913 1483 contra
929 1463 987 1482 om-
1004 1455 1025 1483 C

207 1498 257 1518 nes
276 1491 448 1523 detrectatio,
469 1491 520 1519 nisi
543 1492 697 1526 specialiter
713 1496 807 1519 contra
830 1492 939 1518 beatutn
957 1496 985 1518 et

209 1527 342 1560 insignem
369 1526 497 1553 Ecclesiae
524 1527 691 1554 sacerdotem
711 1527 772 1561 styli
801 1528 838 1553 tui
866 1526 987 1553 lanceam

208 1561 328 1595 dirigas?
344 1561 409 1594 Quis
424 1566 466 1589 est
484 1561 538 1594 ille,
559 1562 605 1596 qui
619 1561 691 1588 velut
707 1561 897 1589 necessitatem
910 1569 989 1588 evan-

208 1596 342 1631 gelizandi
359 1604 409 1631 per
421 1604 516 1623 omnes
531 1601 624 1632 gentes
645 1601 672 1623 et
694 1604 743 1631 per
764 1604 860 1623 omnes
883 1596 988 1630 linguas

207 1631 309 1658 habere
324 1638 354 1658 se
369 1636 457 1666 putat,
486 1632 518 1659 de
540 1631 657 1666 Origene
682 1633 752 1658 male
778 1631 987 1666 loquendi?qui

207 1674 254 1702 sex
272 1667 353 1694 millia
371 1667 502 1694 librorum
516 1668 576 1701 ejus
598 1675 628 1694 se
654 1666 760 1702 legisse,
786 1667 985 1702 quamplurima

206 1700 322 1728 fratrum
348 1702 519 1730 multitudine
532 1700 692 1735 raudienle;
709 1703 850 1729 confessus
869 1700 933 1729 est?
956 1701 984 1728 In

207 1741 259 1797 qua
275 1737 446 1764 multitudine
464 1741 490 1764 et
507 1743 615 1765 caterva
629 1736 744 1764 fratrum
763 1743 790 1764 tu
807 1744 914 1772 quoque
929 1744 985 1764 me-

207 1771 267 1797 lius
282 1779 352 1797 eras.
369 1773 477 1797 attando
488 1772 533 1797 ille
545 1773 571 1797 in
582 1780 630 1797 sua
648 1772 764 1797 Enistola
782 1773 913 1797 queritur.
937 1780 985 1797 tiro

207 1771 267 1799 dius
282 1779 352 1803 eras,
369 1772 571 1806 quandoillein
582 1780 630 1799 sua
648 1772 764 1806 Epistola
782 1773 913 1807 queritur,
937 1780 986 1805 pro

207 1806 332 1842 Origenis
343 1807 439 1834 haeresi
454 1807 555 1835 nefaria
572 1815 587 1834 a
602 1813 627 1834 te
642 1807 766 1840 dogmata
782 1806 840 1834 esse
860 1806 987 1841 prolata?

206 1842 318 1869 Crimini
335 1843 358 1870 ei
375 1842 492 1869 dandum
512 1848 555 1870 est
577 1850 660 1876 quare
676 1843 808 1877 Graecam,
833 1842 940 1877 Syram,
961 1847 988 1869 et

208 1877 358 1913 llebraeam,
372 1882 400 1905 et
413 1877 600 1913 Egyptiacam
615 1878 745 1913 linguam,
756 1885 788 1905 ex
804 1884 881 1913 parte
895 1882 922 1904 et
935 1877 988 1905 La-

209 1912 292 1948 tinam
309 1912 435 1939 noverit?
451 1913 521 1948 Ergo
536 1918 562 1940 et
574 1912 700 1947 apostbli,
720 1917 748 1940 et
768 1912 906 1948 apostolici
924 1913 988 1945 viri,

207 1947 252 1981 qtti
278 1947 375 1982 linguis
399 1947 586 1982 loquebantur,
615 1948 641 1975 in
668 1947 884 1975 crimine’sunt:
904 1953 988 1975 etme

210 1982 376 2018 trilinguem,
393 1983 522 2018 bilinguis
538 1983 595 2018 ipse
614 1983 733 2010 ridebis?
753 1983 789 2010 De
805 1991 852 2011 sex
867 1983 988 2010 millibus

208 2022 297 2044 autem
314 2018 465 2051 librorum,
483 2026 550 2052 quos
567 2018 601 2045 ab
618 2026 650 2045 eo
670 2018 753 2046 lectos
769 2026 829 2046 eSse
845 2018 987 2052 contingis,

208 2052 268 2087 quis
280 2054 374 2079 credet
398 2058 443 2079 aut
466 2059 492 2080 te
513 2061 607 2080 verum
629 2053 758 2085 dicerem,
782 2059 827 2080 aut
847 2053 921 2080 illtttn
938 2062 988 2087 po-

208 2088 292 2115 tuisse
306 2087 481 2116 mentiri?$i
503 2089 572 2116 enim
589 2088 719 2123 Origenes
744 2096 791 2115 sex
813 2089 894 2115 millia
921 2088 992 2115 scri-

208 2123 305 2157 psisset
321 2123 463 2159 librorum,
472 2128 598 2159 potuerat
611 2124 669 2150 ﬁeri
686 2128 714 2150 ut
728 2124 768 2150 vir
781 2124 989 2155 eruditissimus,

208 2162 236 2185 et
251 2159 285 2185 ab
303 2158 415 2186 infantia
435 2158 521 2186 sacris
536 2159 633 2186 litteris
647 2159 798 2191 institutus,
815 2167 862 2193 pro
872 2159 991 2186 curiosi-

209 2197 265 2219 tate
279 2198 304 2220 et
322 2193 435 2221 scientia
452 2193 561 2228 legisset
574 2196 673 2221 aliena.
688 2193 764 2226 Quod
783 2201 846 2221 vero
871 2195 916 2221 ille
936 2202 988 2221 noti

208 2228 329 2264 scripsit,
354 2229 488 2262 quomodo
516 2230 565 2257 iste
580 2229 669 2264 legere
684 2228 788 2263 potuit?
811 2228 929 2256 Numera
949 2230 991 2255 in—

208 2262 284 2299 dices
296 2263 427 2290 librorum
440 2263 508 2297 ejus,
527 2265 572 2299 qui
588 2262 620 2291 iii
636 2262 715 2291 tertio
730 2264 866 2292 volumine
883 2264 991 2292 Eusebii

208 2297 235 2324 iu
259 2305 313 2334 quo
332 2299 443 2331 scripsit
466 2297 547 2326 vitam
573 2299 731 2334 Pamphili,
755 2299 948 2327 continentur:
965 2303 993 2326 et

209 2339 264 2369 non
281 2333 342 2369 dico
359 2340 408 2359 sex
423 2333 517 2366 millia,
530 2334 576 2361 sed
591 2333 697 2362 tertiam
713 2339 815 2368 partem
839 2343 891 2362 non
916 2342 992 2369 repe-

208 2367 278 2404 ries.»
300 2367 436 2404 Habemus
451 2369 598 2404 epistolam
615 2367 762 2404 supradicti
787 2369 922 2404 pontiﬁcis
934 2367 953 2402 ,’
967 2370 994 2397 in

208 2409 261 2436 qua
272 2402 334 2430 huic
341 2402 484 2431 calumniae
492 2409 554 2438 tute,
564 2405 626 2431 dum
637 2402 727 2432 adhuc
745 2402 820 2433 esses
833 2406 859 2432 in
868 2404 991 2436 Oriente,

208 2439 365 2475 respondet,
379 2443 406 2466 et
421 2438 621 2475 apertissimum
639 2440 808 2468 mendacium
825 2439 909 2468 libera
921 2441 991 2468 veri-

209 2473 272 2500 tatis
289 2473 377 2502 fronte
392 2473 524 2502 confutat.
540 2484 550 2500 ι

243 2507 300 2546 (55)
313 2509 442 2546 βιηιίιηε
454 2518 515 2545 ergo
528 2510 607 2545 plura
620 2518 712 2537 eorum
722 2510 796 2546 furta
807 2516 994 2546 cognoscantur

206 2553 264 2580 quae
281 2544 331 2582 [aL
349 2545 408 2582 qui]
424 2544 574 2581 utique..."
596 2544 762 2581 nequaquam
779 2544 920 2574 criminosa
945 2544 992 2582 [al.

1042 1313 1190 1351 criminosi]
1205 1315 1367 1347 viderentur,
1387 1322 1468 1351 neque
1481 1315 1654 1349 simpliciores
1666 1323 1786 1351 quosque
1797 1316 1829 1342 ab

1041 1350 1099 1385 ejus
1123 1350 1234 1377 lectione
1252 1351 1424 1377 deterrerent.
1448 1350 1502 1385 sed
1520 1357 1616 1378 omnes
1639 1358 1704 1377 mss.
1721 1356 1750 1377 et
1768 1351 1828 1378 Hie-

1045 1384 1175 1421 ronymus
1197 1386 1246 1413 tib.
1275 1393 1295 1413 ιι
1320 1386 1447 1413 adversus
1463 1384 1599 1419 Ruﬁnum,
1626 1390 1654 1412 ut
1680 1385 1708 1412 in
1738 1391 1832 1413 nostro

1047 1426 1131 1448 textu.

1078 1455 1135 1492 (5-5)
1154 1456 1271 1492 Denique
1283 1456 1391 1492 quidam
1407 1464 1440 1483 ex
1452 1455 1583 1492 ipsistqui
1595 1464 1622 1482 se
1635 1455 1828 1492 pelitg‘evange-

1042 1490 1153 1525 fimndi,
1183 1496 1236 1518 etc.
1258 1490 1449 1519 Genebrardus
1467 1491 1621 1518 crediderat
1634 1490 1677 1517 hic
1692 1490 1828 1526 Hierony-

1038 1534 1110 1552 mum
1131 1527 1216 1554 notari
1239 1535 1246 1553 :
1265 1534 1326 1561 quae
1340 1531 1430 1553 tamen
1446 1527 1527 1553 verba
1543 1526 1575 1552 ad
1591 1527 1698 1552 beatum
1712 1526 1828 1560 Epipha-

1038 1561 1112 1587 nium
1127 1566 1262 1596 spectant,
1287 1563 1358 1589 sicut
1373 1561 1399 1588 in
1420 1561 1554 1596 superiori
1581 1566 1645 1596 nota
1655 1595 1661 1596 γ
1671 1562 1827 1596 ostenditur

1037 1603 1068 1632 ex
1087 1594 1323 1632 ipso‘llieronymo
1337 1596 1390 1632 lib.
1416 1604 1434 1623 ιι
1455 1594 1584 1623 adversus
1601 1594 1739 1632 Rufinum.
1757 1595 1828 1632 Ideni

1036 1627 1217 1667 Hieronymus
1228 1627 1320 1659 eodem
1335 1631 1383 1658 lib.
1398 1639 1428 1667 tt,
1447 1631 1527 1666 paulo
1539 1638 1620 1667 supra
1632 1627 1757 1667 dixerat:
1772 1631 1829 1667 gNe

1039 1673 1084 1692 me
1097 1665 1187 1694 mittas
1202 1667 1235 1693 ad
1251 1674 1297 1694 sex
1314 1666 1397 1693 millia
1411 1665 1540 1694 librorum
1561 1665 1630 1700 ejus,
1642 1673 1712 1700 quos
1727 1666 1827 1701 legisse

1040 1701 1149 1728 beatum
1166 1702 1345 1737 Epiphanium
1363 1702 1532 1729 criminaris:
1556 1701 1603 1737 sed
1624 1701 1682 1736 ipsa
1699 1701 1758 1728 loca
1782 1709 1829 1729 no-

1041 1737 1125 1769 mina,
1140 1746 1150 1763 ›
1161 1736 1255 1765 ειεξΕι
1274 1737 1319 1764 lib.
1332 1744 1361 1764 ιιι
1375 1745 1403 1763 :t
1419 1737 1559 1771 Simulque
1570 1736 1654 1763 risutu
1667 1741 1760 1764 tenere
1773 1745 1825 1765 non

1060 1779 1162 1804 ossum,
1180 1773 1250 1806 quod
1275 1780 1290 1799 a
1303 1773 1422 1807 quodam
1442 1773 1574 1806 prudente
1590 1771 1785 1807 commonitus,
1800 1772 1827 1799 in

1052 1807 1136 1834 audes
1163 1806 1319 1843 Epiphanii’
1337 1814 1480 1841 persorras.
1512 1807 1628 1843 HicAest
1654 1806 1698 1843 ille
1727 1806 1830 1843 delirus

1041 1849 1123 1869 senex
1133 1851 1141 1872 ς
1152 1843 1196 1869 hic
1206 1841 1248 1870 est
1256 1842 1552 1877 anthropomorphites,
1568 1841 1613 1869 hic
1622 1842 1668 1875 qtti
1681 1849 1729 1869 sex
1745 1842 1828 1870 millia

1042 1876 1168 1911 Origenis
1186 1877 1270 1905 libros
1285 1882 1312 1905 te
1325 1876 1460 1912 pra-serite
1479 1878 1618 1910 cantavit;
1644 1877 1690 1911 qui
1705 1877 1828 1905 omnium

1042 1913 1161 1954 gentium
1179 1913 1276 1947 linguis
1294 1911 1514 1954 praedicationem
1539 1912 1707 1954 sibi‘contra
1733 1911 1829 1954 (ξι-ιμ-

1042 1947 1103 1974 tiem
1119 1948 1265 1982 injunctam
1287 1952 1380 1982 putat;
1402 1948 1448 1980 qui
1474 1947 1535 1975 ideo
1547 1955 1607 1974 eum
1621 1947 1672 1982 legi
1690 1948 1829 1982 prohibet,

1041 1991 1076 2010 tte
1090 1983 1134 2009 alii
1150 1985 1207 2014 ejus
1220 1983 1290 2010 furta
1305 1986 1481 2017 cognoscant.
1507 1991 1517 2008 ι
1533 1989 1585 2010 etc.

1078 2017 1133 2053 (55)
1150 2018 1233 2050 Editi,
1246 2017 1315 2044 male
1337 2018 1459 2052 loquens.
1475 2016 1559 2045 Paulo
1572 2021 1642 2052 post,
1665 2026 1713 2051 pro
1732 2026 1829 2053 cogno-

1045 2052 1149 2080 scendis
1166 2053 1243 2080 ntali:
1257 2054 1315 2088 ejus
1332 2053 1402 2087 ipsos
1421 2052 1567 2088 legebat....
1579 2060 1625 2079 sex
1640 2053 1724 2079 millia
1733 2052 1831 2088 autem

1043 2088 1170 2114 librorum
1185 2089 1278 2124 legere.
1291 2087 1392 2115 Omnes
1406 2087 1471 2124 vero
1491 2095 1556 2115 tnss.
1574 2088 1671 2124 nostri.
1688 2092 1715 2115 et
1731 2087 1828 2124 Hiero:

1045 2130 1143 2158 nymus
1160 2122 1239 2151 lib.‘tt
1257 2123 1381 2150 adversus
1404 2122 1540 2157 Ruﬁnum,
1558 2127 1587 2149 ιιι
1607 2122 1633 2149 in
1663 2127 1750 2156 textu,
1779 2123 1829 2150 nisi

1005 2159 1034 2189 Ι).
1044 2158 1116 2192 quod
1133 2158 1312 2193 Hieronymus
1328 2159 1427 2185 habeat
1440 2159 1539 2191 etiam,
1562 2165 1608 2184 sea:
1632 2158 1719 2184 millia
1743 2164 1829 2186 autent

1044 2193 1170 2220 librarum
1186 2193 1281 2228 legere.
1298 2194 1333 2220 At
1346 2193 1394 2220 lib.
1414 2201 1456 2225 ιιι,
1471 2194 1498 2220 in
1512 2197 1641 2221 contextu
1654 2200 1736 2228 quem
1749 2201 1828 2228 supra

1045 2228 1196 2262 attulimus,
1215 2229 1307 2260 habet,
1323 2236 1370 2255 sea:
1387 2228 1472 2256 millia
1492 2228 1583 2255 libros.

1079 2263 1135 2299 (56)
1150 2263 1188 2291 ita
1203 2272 1254 2291 ms.
1269 2263 1378 2298 Regius.
1391 2263 1486 2299 Cameri
1499 2271 1562 2290 vero
1577 2271 1643 2292 mss.
1655 2264 1737 2297 alius,
1756 2264 1828 2299 διιρ

1043 2304 1110 2325 ceret
1121 2300 1176 2326 lucc
1188 2300 1222 2326 ad
1236 2299 1459 2327 ostendendum...
1470 2298 1503 2325 Et
1514 2304 1576 2333 puto
1593 2300 1675 2334 quod,
1688 2305 1743 2327 etc.
1759 2298 1809 2327 Atti
1821 2321 1828 2333 ,

1044 2333 1167 2368 Sulﬁcere
1187 2336 1243 2361 luet:
1261 2335 1392 2370 credimus
1408 2335 1442 2360 ad
1458 2333 1705 2362 ostendendum...“
1722 2335 1756 2361 Et
1769 2341 1831 2370 puto

1043 2370 1124 2404 quod,
1140 2375 1193 2396 etc.
1208 2370 1277 2397 Editi
1289 2389 1297 2402 ,
1314 2368 1436 2405 Suﬂicere
1448 2372 1503 2396 Itan:
1527 2369 1561 2396 ad
1582 2368 1828 2399 ostendendum"...

1044 2408 1107 2440 puto
1124 2412 1133 2431 :
1150 2406 1233 2440 quod,
1248 2410 1301 2433 etc.

1075 2439 1135 2501 1(ΞΠ)
1149 2439 1213 2467 Mss.
1233 2440 1335 2473 nostri,
1349 2439 1529 2475 hujuscemodi
1543 2441 1642 2468 erroris
1652 2441 1828 2474 incurrinttu;

1108 2475 1250 2501 leuendum
1272 2476 1379 2501 videtur
1395 2483 1457 2501 cum
1473 2474 1555 2501 editis
1569 2481 1598 2501 ut
1612 2476 1640 2501 in
1657 2481 1747 2501 textu.

1045 2474 1250 2511 sedilegendum
1272 2474 1462 2511 videtur'cujn
1473 2474 1555 2511 editis
1569 2481 1598 2503 ut
1612 2476 1640 2503 in
1657 2481 1747 2504 textu.

1073 2509 1299 2550 ‘(58)‘At6.60).o;,
1327 2519 1344 2540 α
1370 2509 1532 2546 ωαὸἀλλω,
1559 2511 1705 2546 criminor,
1732 2512 1827 2540 catm-

1048 2553 1116 2573 mor.
