1915 3079
229 125 283 154 6ἷῆ

861 127 892 155 Ρ.
912 127 1069 155 DANIELIS
1087 126 1205 155 EUETII

1801 120 1856 148 656

232 183 439 211 administrante
461 182 608 210 Eleuthero
636 183 724 219 papal,
749 183 855 212 Triario
876 185 1016 218 Materno,
1032 187 1054 216 Α
1069 192 1129 212 rnm
1153 184 1204 211 deo
1223 183 1372 210 derivatam
1398 179 1605 215 appellationem
1624 178 1679 206 lilio
1701 178 1854 210 indidisse;

234 229 269 256 Μ.
285 227 365 257 Atilio
385 229 489 256 Bradua
508 237 577 256 coss.
599 228 666 257 Cant
682 230 754 256 enim
779 230 914 258 decimum
931 231 1015 265 septi-

234 282 308 302 mum
327 279 415 301 aetatis
437 281 537 300 annum
564 275 651 308 egisse
675 282 736 301 eum
763 276 865 302 scnibat
886 275 1016 304 Eusebius

235 319 306 347 Hist.
319 319 382 346 uel.
408 318 454 346 lib.
469 326 506 351 VI,
523 326 582 354 cap.
595 319 628 351 2,
645 327 699 353 quo
718 324 839 354 tempore
858 322 1017 356 martyrium

233 366 360 400 expetivit
385 369 461 399 pater
483 365 543 400 ejus
569 365 719 398 Leonides,
745 365 794 402 (2)
819 374 889 394 anno
921 375 1018 402 nempe

235 411 326 437 Severi
353 410 468 441 decimo,
484 410 562 444 plane
586 411 619 437 ab
638 417 682 444 eo,
702 418 780 445 quem
797 411 871 444 dixi,
896 413 1016 446 cardine,

233 456 296 483 vitae
330 456 435 483 initium
464 456 570 483 videtur
599 456 717 483 duxisse.
746 457 858 485 Biennio
884 457 1017 492 jnniorem

234 502 336 530 iaciunt
352 502 425 529 Fasti
444 502 543 536 Siculi,
569 503 677 538 aliique,
691 509 719 531 et
743 504 769 531 in
788 512 888 532 annum
904 506 948 540 qui
971 506 1020 534 fuit

234 547 328 574 Clodio
353 547 493 582 Crispino,
516 552 543 574 et
569 547 679 582 Papirio
703 548 813 577 Eliano
835 558 907 578 coss.
931 556 1019 578 ortum

234 593 293 628 ejus
309 593 460 620 conferunt.
475 593 574 621 Eadem
589 595 695 623 videtur
712 595 823 623 Mariani
842 597 914 625 Scoti
939 600 1019 632 ratio,

236 645 298 665 nam
316 639 342 665 in
364 646 463 665 annum
488 639 588 667 Christi
611 641 680 673 204,
706 640 834 669 Leonida:
860 644 1020 679 martyrium

235 685 357 719 conjicit.
376 685 444 713 Toto
467 694 531 714 vero
559 687 678 715 triennio
703 688 882 716 recentiorem
908 690 1023 717 credidit

236 731 379 766 Origenem
403 731 574 760 Hermannns
589 732 753 762 Contractus
768 741 775 761 :
793 735 913 762 nonnulli
940 736 1022 763 etiam

236 778 422 812 quadriennio.
448 778 503 807 Nos
527 779 638 807 Eusebii
659 781 796 815 sequimur
819 781 1022 817 ἐπιλογισμούς.

237 825 319 852 Pater
339 825 377 852 illi
393 825 443 852 fuit
458 825 492 859 is,
514 833 594 860 quem
612 826 684 860 dixi,
711 826 853 859 Leonides.
876 829 950 855 omni
969 829 1024 855 vir-

238 875 323 897 tutum
339 876 437 905 genere
452 871 574 906 insignis,
586 876 614 898 et
629 872 714 899 sacris
733 872 885 907 disciplinis
899 874 1022 908 apprime
1039 859 1060 888 θ

238 915 385 948 institutus,
401 915 440 950 ('5)
463 916 622 952 episcopatu
642 918 735 949 etiam,
757 922 785 944 ut
801 918 896 946 scribit
913 919 1021 952 Suidas,

237 960 375 994 praeditus.
395 960 488 989 Matris
506 969 605 990 nomen
635 962 745 990 silentio
767 968 893 992 auctores
914 972 1022 1000 presse-

237 1009 310 1033 runt.
653 1008 656 1011 '

274 1051 306 1078 ll.
327 1050 456 1087 Origenes
473 1053 620 1088 appellatus
641 1057 706 1081 est:
727 1054 805 1088 cujus
829 1055 948 1082 nominis
965 1061 1024 1091 ety-

240 1103 303 1123 mon
324 1103 339 1123 a
363 1097 453 1123 multis
479 1097 649 1132 disquisitnm
670 1102 722 1124 est.
746 1097 924 1132 Theophanes
941 1097 1025 1126 Cera—
1055 1099 1057 1102 ⁴

241 1149 317 1168 mens
337 1142 409 1169 hom.
422 1142 468 1172 2‘2,
489 1142 627 1178 Ὠριγένην
643 1142 692 1174 τῆς
713 1142 796 1179 ὀργῆς
817 1143 960 1179 ἐπώνυμον
979 1152 1026 1179 ap-

240 1186 342 1221 pellat:
359 1188 405 1214 sed
429 1195 484 1215 non
512 1193 584 1220 tarn,
601 1192 631 1215 ut
654 1188 771 1221 videtur,
793 1189 826 1216 ad
853 1189 1024 1217 indicandam

241 1232 358 1259 nominis
373 1233 515 1268 originem,
529 1240 609 1268 quam
623 1233 657 1259 ad
674 1233 868 1268 suggillandum
882 1234 1024 1270 Origenem

240 1279 352 1313 quaesita
366 1286 399 1306 ex
416 1279 490 1306 vocis
510 1287 578 1307 sono
603 1281 756 1308 occasione.
782 1281 922 1315 Erasmus,
946 1281 1025 1309 Cani-

241 1323 313 1356 nius,
338 1323 506 1352 llteschelius
532 1330 560 1352 et
576 1326 717 1359 Schottus,
735 1327 784 1353 viri
801 1326 904 1354 Graecis
927 1326 1028 1354 litteris

242 1369 391 1397 luculenter
405 1371 516 1403 exculti,
535 1373 709 1408 nonnullique
725 1379 866 1407 prmterea,
888 1374 1027 1409 Ὠριγένην

242 1415 343 1442 dictum
355 1420 460 1450 putant,
476 1418 553 1451 quasi
568 1418 656 1454 ὄρειον
668 1418 698 1445 τὸ
713 1418 800 1452 γένος,
821 1419 986 1454 Ὀρειγενὴν,
998 1419 1028 1446 ἐν

242 1460 301 1496 ὗρει
318 1462 489 1497 γεννηθέντα.
511 1463 628 1492 Joannes
644 1464 771 1497 Tarinus,
789 1468 816 1491 et
832 1464 888 1496 alii,
913 1465 948 1491 ita
967 1471 1026 1491 eum

243 1507 400 1534 existimant
425 1509 605 1543 appellatum,
631 1511 706 1545 quasi
732 1510 823 1546 ὥριον,
849 1518 895 1538 seu
924 1510 1029 1547 ὥριμον

244 1553 417 1589 γεννηθέντα,
439 1560 540 1582 mature
571 1557 696 1591 genitum.
724 1557 815 1591 Inepte
841 1557 955 1589 Badius,
982 1557 1028 1592 qui

245 1599 345 1626 dictum
361 1599 438 1636 lingit
452 1602 485 1628 sb
506 1602 580 1638 ὀρόν,
596 1603 666 1637 quod
682 1603 751 1629 idem
766 1607 807 1630 est
829 1610 861 1630 ac
884 1603 956 1638 ὅρον.
974 1603 1029 1638 Ego

246 1644 281 1671 ab
294 1645 358 1679 Oro,
381 1647 426 1680 qui
454 1647 641 1683 Egyptiorum
670 1649 735 1676 deus
758 1654 815 1682 est,
840 1640 937 1676 nomen
964 1650 1028 1677 illud

247 1689 407 1724 produxisse
432 1692 568 1724 existimo,
593 1692 818 1726 quemadmodum
844 1699 857 1719 a
873 1692 949 1725 Jove,
967 1693 1029 1720 Dio-

248 1742 361 1770 geriem;
377 1744 392 1763 a
407 1736 551 1770 Mercurio,
569 1737 778 1773 Hermogenem.
794 1738 886 1773 Ncqne
899 1746 963 1765 vero
979 1738 1030 1765 mi-

248 1787 324 1808 retur
344 1783 485 1818 quisquam
505 1784 677 1811 Christianos
701 1789 827 1819 pereuntes
850 1785 884 1813 ab
905 1786 1028 1813 ethnico-

311 1868 372 1892 Act.
387 1872 440 1892 xvu
450 1883 458 1896 ,
475 1864 519 1892 54.

286 1935 324 1969 (2)
343 1935 418 1961 Anno
438 1943 528 1968 nenipe
547 1935 635 1963 Severi
650 1936 759 1962 decimo.
783 1934 914 1961 Eusebius
937 1934 1031 1961 nullibi

250 1971 277 1999 in
295 1969 414 1996 Historia
434 1978 481 1997 sua
497 1971 671 1997 ecclesiastica
693 1970 759 1996 dicit
772 1977 841 1996 anno
865 1969 959 1996 Severi
984 1969 1031 1996 de-

1066 230 1093 258 id
1104 230 1176 257 enim
1192 233 1248 256 tum
1261 233 1322 255 erat
1337 235 1386 255 usu
1402 230 1585 262 pervagatum,
1598 225 1638 261 (ι)
1652 232 1703 252 nec
1718 224 1854 259 ejusmodi

1067 276 1177 304 nomina
1193 274 1357 310 abjiciebant
1372 272 1560 301 catcchumcni
1575 279 1635 299 cum
1649 271 1751 299 Christi
1773 271 1854 298 [idem

1068 321 1324 357 amplectebantur;
1351 324 1432 354 atque
1452 319 1515 346 hinc
1541 317 1684 353 Dionysius
1707 317 1754 344 ille
1768 316 1857 344 Areo-

1068 368 1158 403 pagita
1175 368 1196 400 ¹,
1213 367 1322 401 Apallos
1344 365 1543 393 Alexandrinus
1555 365 1576 395 ',
1590 363 1702 395 Phtebe,
1729 363 1856 394 Hermas,

1069 413 1181 441 Hermes
1195 413 1215 446 ³,
1231 412 1334 440 Nereus
1348 416 1360 432 ⁸
1373 416 1400 439 et
1418 411 1586 445 Diotrephes,
1602 409 1690 441 Lacte,
1723 408 1808 436 Paulo
1828 413 1857 435 et

1069 457 1166 485 Joanni
1191 458 1260 484 inter
1278 457 1447 484 Christianos
1469 455 1690 486 commemorati;
1709 454 1771 481 hinc
1790 454 1859 480 Am-

1070 503 1170 535 monii,
1194 503 1366 537 Serapiones,
1388 502 1578 535 Athenagora}.
1602 499 1780 534 Apollinarii,
1804 498 1858 525 De-

1071 549 1169 580 metrii,
1188 548 1281 576 lsidori
1295 555 1302 575 :
1319 547 1357 584 (5)
1373 547 1430 583 quis
1452 547 1537 579 enim,
1551 546 1588 573 ait
1603 545 1785 573 Tertullianus
1805 543 1857 578 (6),

1071 595 1205 621 nominum
1221 594 1330 621 reatus?
1345 594 1420 627 Quod
1445 597 1533 620 autem
1550 592 1630 627 objici
1647 596 1738 626 potest
1753 591 1788 618 ab
1802 589 1857 617 Oro

1071 638 1221 674 Orogenem
1250 639 1333 666 fuisse
1359 638 1520 669 dicendum,
1554 645 1607 665 non
1636 637 1798 672 Origenem,
1825 635 1859 663 de

1073 685 1156 712 nihilo
1173 689 1232 717 est;
1252 692 1314 711 nam
1332 685 1447 717 primum
1474 683 1630 717 responderi
1647 686 1736 716 potest
1753 681 1794 709 sic
1809 688 1858 716 pro

1073 731 1250 767 ἀργοφόνίέης,
1266 730 1426 758 Mercurium
1443 730 1624 767 ἀργειφόντην
1639 729 1723 756 fuisse
1739 728 1858 761 dictum;

1073 779 1113 806 sic
1137 777 1306 812 Cepltisidoro
1331 784 1430 804 nomen
1456 777 1539 804 fuisse
1572 775 1679 803 cuidam
1704 774 1861 801 Aristotelis

1074 824 1238 856 adversario,
1264 824 1309 858 qui
1334 822 1527 856 Cepltisodorus
1553 822 1640 849 fuerat
1665 820 1859 855 appellandus;

1075 877 1125 897 usu
1149 877 1255 905 quoque
1277 869 1493 904 receptissimnm
1510 875 1570 896 esse
1594 867 1664 902 apud
1688 867 1800 894 Latinos
1824 866 1863 892 ita

1076 915 1184 942 nomina
1199 914 1334 947 conﬂare;
1358 915 1398 942 sic
1421 913 1629 949 Dianyaipalitas
1653 912 1804 948 appellasse
1818 911 1863 939 Ci-

1076 969 1217 993 ceronem,
1239 968 1308 995 quos
1331 960 1375 987 alii
1399 959 1626 995 Dionysopolitas;
1653 959 1692 987 sic,
1718 959 1863 992 Demipho—

1077 1016 1136 1035 nem
1168 1012 1195 1034 et
1210 1007 1387 1040 Clitiphonem
1407 1013 1422 1032 a
1439 1005 1551 1032 comicis
1567 1005 1663 1036 dictos,
1679 1004 1723 1038 qui
1745 1003 1780 1030 ab
1803 1003 1868 1030 aliis

1077 1053 1243 1087 Demophoon
1272 1058 1299 1080 et
1322 1052 1476 1086 Clitopltou;
1503 1051 1542 1079 sic
1559 1050 1742 1086 Phwbigenam
1767 1058 1782 1077 a
1803 1049 1865 1077 Vir-

1078 1101 1150 1135 gilio.
1165 1100 1209 1134 qni
1231 1098 1393 1134 Pluebogena
1411 1099 1465 1125 dici
1480 1097 1630 1125 debuisset.
1646 1097 1679 1124 Et
1696 1101 1724 1123 ut
1744 1095 1864 1124 simile:

1078 1146 1216 1174 nominum
1231 1144 1489 1180 coagmentationem
1510 1143 1633 1178 proferre
1650 1142 1751 1177 nullam
1771 1149 1865 1177 posse-

1080 1199 1154 1225 mus,
1180 1191 1241 1226 quis
1269 1195 1423 1218 accuratam
1459 1189 1612 1216 hellenismi
1648 1189 1810 1216 munditiem
1837 1189 1864 1216 in

1078 1236 1259 1264 Alexandrina
1283 1235 1404 1270 requirat
1426 1234 1554 1266 Dialecto,
1570 1234 1608 1269 (7)
1631 1241 1691 1268 que
1709 1241 1723 1260 a
1741 1233 1865 1261 Macedo-

1079 1282 1137 1309 nica
1154 1281 1273 1316 profecta
1286 1286 1338 1314 est,
1353 1280 1469 1308 barbara
1487 1280 1544 1315 ipsa
1561 1277 1676 1314 primum
1695 1284 1723 1307 et
1746 1279 1865 1313 impura,

1079 1332 1107 1354 et
1128 1332 1205 1354 extra
1229 1326 1385 1354 Graecarum
1411 1333 1519 1354 censum
1537 1330 1689 1357 numerata,
1715 1330 1755 1352 tot
1771 1325 1868 1352 deinde

1079 1375 1198 1409 gentium
1224 1373 1386 1400 commercio
1407 1373 1556 1407 inquinata.
1570 1377 1597 1400 et
1616 1372 1649 1400 ab
1664 1371 1800 1407 Egyptiis
1823 1372 1866 1398 de-

1081 1427 1164 1451 latum,
1189 1420 1260 1447 inter
1282 1427 1349 1454 quos
1375 1419 1515 1451 consedit,
1538 1419 1651 1446 distorta
1667 1423 1695 1446 et
1718 1418 1866 1452 corrupta?

1082 1466 1144 1494 Inde
1169 1466 1199 1494 lit
1223 1471 1252 1493 ut
1275 1466 1519 1493 Alexandrinorum
1547 1465 1681 1500 loquelam
1711 1469 1767 1492 tam
1795 1471 1871 1498 sape

1081 1517 1192 1547 carpant
1217 1512 1305 1540 critici
1331 1511 1446 1544 antiqui,
1470 1511 1638 1547 Phrynicns,
1664 1511 1784 1538 Thomas
1807 1518 1866 1538 ma-

1082 1558 1166 1592 gister
1192 1563 1220 1585 et
1234 1557 1370 1585 Helladius
1386 1557 1573 1584 Besantinons.
1587 1557 1684 1584 Verum
1701 1557 1743 1584 his
1759 1556 1867 1584 omissis

1083 1605 1198 1639 genuina
1216 1605 1356 1640 responsio
1379 1613 1412 1633 ex
1437 1604 1614 1639 sequentibus
1639 1603 1718 1630 facile
1736 1602 1866 1630 exstabit.

1083 1649 1155 1677 Orus
1172 1649 1359 1686 Egyptiornm
1376 1651 1442 1678 deus
1463 1651 1486 1677 is
1507 1654 1549 1678 est
1569 1648 1683 1677 Osiridis
1697 1653 1725 1676 et
1742 1648 1822 1675 Isidis
1838 1648 1869 1674 ii-

1083 1696 1147 1730 lius,
1162 1705 1240 1731 quem
1254 1697 1402 1731 Apollinem
1417 1705 1478 1724 esse
1499 1701 1527 1724 et
1541 1696 1631 1723 Solem
1645 1700 1754 1722 veteres
1769 1700 1866 1729 magno

1084 1750 1216 1770 consensu
1245 1743 1422 1771 tradiderunt.
1445 1743 1528 1771 Orum
1559 1750 1606 1770 seu
1640 1741 1741 1769 Horum
1765 1741 1867 1768 dictum

1083 1788 1249 1815 existimavit
1266 1788 1353 1816 Horus
1367 1790 1474 1824 Apollo,
1488 1789 1560 1824 quod
1574 1789 1648 1816 horis
1661 1787 1772 1822 praesit;
1788 1787 1869 1814 horas

567 1865 578 1881 ¹
597 1865 658 1892 Act.
682 1872 765 1896 xvni,
781 1864 826 1892 2L
866 1863 876 1879 ³
892 1863 969 1891 llorn.
996 1871 1050 1896 xvt,
1071 1864 1096 1897 l,
1111 1864 1156 1897 Η,
1173 1865 1216 1892 15.
1257 1864 1267 1881 ⁸
1286 1864 1318 1892 lll
1336 1864 1414 1894 Joan.
1428 1865 1457 1892 9.

1078 1933 1195 1968 jecisse.
1220 1939 1246 1961 et
1275 1935 1467 1969 prophetarum
1497 1934 1605 1961 nomina
1635 1933 1716 1965 Eli:e,
1744 1933 1870 1963 Ieremia

1081 1976 1163 2003 atque
1187 1968 1280 2002 lsaize,’
1305 1975 1333 1996 et
1358 1968 1491 1996 Samuelis
1514 1977 1546 1996 ac
1574 1968 1692 1996 Danielis
1713 1969 1766 1997 sibi
1792 1970 1863 1997 asci-

250 2007 321 2033 cimo
344 2012 451 2039 passum
468 2012 533 2040 esse
557 2005 701 2032 Leonidem
722 2005 845 2040 Origenis
868 2009 980 2040 patrem.
1002 2003 1029 2040 Id
1082 2005 1165 2040 visse.

250 2038 445 2068 nnuminarrat
467 2039 512 2066 lib.
526 2048 563 2069 Vl,
579 2048 637 2073 cap.
650 2040 678 2070 2.
695 2038 823 2067 Severum
840 2046 910 2065 anno
925 2038 1030 2073 imperii

250 2077 292 2103 sui
308 2074 423 2104 decimo.
438 2074 511 2102 Lzelo
526 2075 693 2102 Alexandriae
705 2079 732 2102 et
749 2075 828 2101 totius
839 2073 946 2109 Egypti
962 2081 1031 2108 prte-

251 2111 319 2142 side,
334 2109 481 2136 Ecclesiam
514 2109 713 2137 Catholicorum
739 2110 765 2136 in
789 2117 820 2136 ea
845 2110 912 2136 urbe
932 2110 1030 2143 guber—

251 2150 333 2173 nante
354 2144 490 2172 Demetrio
513 2145 649 2179 episcopo.
671 2144 873 2172 acerbissimam
891 2144 1032 2179 excitasse

251 2179 467 2215 persecutionem
485 2179 512 2205 in
525 2177 576 2213 qua
591 2177 747 2214 martyrium
763 2179 877 2206 subierit
890 2177 1031 2215 Leonides.

1084 2178 1346 2220 reprensa“
1365 2179 1382 2214 ἢ
1405 2180 1460 2220 si?“

1120 2039 1158 2074 (5)
1176 2039 1240 2072 Quis
1253 2041 1335 2070 enim.
1350 2039 1386 2066 ait
1402 2038 1594 2072 Tertullianns,
1613 2039 1748 2066 nominum
1764 2041 1870 2068 reatus!

1085 2074 1132 2101 Sic
1159 2076 1346 2107 Athenagoms
1380 2074 1514 2107 Leqation.
1541 2082 1588 2107 pro
1617 2073 1792 2107 Christianis,
1818 2083 1869 2101 non

1084 2109 1162 2143 longe
1182 2110 1216 2135 ab
1240 2110 1334 2136 initio:
1353 2109 1436 2136 Οὐδὲν
1452 2109 1479 2135 δὲ
1503 2109 1587 2142 ὕνομα
1604 2109 1645 2142 ἐφ’
1658 2109 1756 2135 ἑαυτοῦ
1773 2110 1821 2136 καὶ
1837 2110 1872 2136 δι’

1084 2143 1166 2170 αὑτοῦ
1191 2144 1221 2170 οὑ
1239 2144 1366 2179 πονηρὸν,
1384 2144 1444 2170 οὐδὲ
1462 2144 1581 2205 Eme»;
1605 2143 1760 2179 νομίζεται·
1775 2144 1820 2171 διὰ
1842 2145 1870 2171 δὲ

1084 2178 1132 2205 τὰς
1149 2179 1346 2205 ὑποκειμένας.
1365 2179 1382 2205 ἢ
1406 2180 1460 2205 ἀγα
1497 2188 1510 2205 ς
1535 2179 1663 2205 πράξεις.
1679 2179 1695 2205 ἢ
1720 2179 1830 2205 ωλαυοὰ
1853 2180 1870 2205 ἢ

1497 2188 1510 2211 ς
1535 2179 1663 2214 πράξεις,
1679 2179 1696 2214 ἢ
1720 2179 1830 2215 φλαυρὰ
1853 2180 1870 2214 ἢ

252 2213 294 2242 An
316 2219 403 2241 autem
426 2214 514 2249 primo
536 2213 739 2249 persecutionis,
754 2221 835 2246 anno,
856 2221 889 2241 an
913 2214 1032 2249 secundo
1049 2235 1069 2249 η
1084 2214 1115 2248 ἀγ
1122 2213 1175 2240 aea
1189 2214 1271 2240 δοκεῖ.
1285 2213 1388 2241 Nomen
1402 2215 1485 2248 ipsum
1500 2222 1545 2247 per
1556 2213 1582 2240 se
1595 2218 1619 2240 et
1633 2213 1765 2248 quatenus
1779 2213 1870 2241 nomen

252 2257 349 2289 passus
363 2250 408 2289 sit.
419 2248 444 2275 id
459 2248 708 2289 silentio'prmterit.
718 2248 777 2289 μοι]
790 2256 854 2289 ergo
867 2248 1030 2289 in_l_listoria
1047 2248 1069 2262 ν
1083 2254 1145 2289 «εει,¹
1158 2250 1404 2289 bouumhmalumve
1422 2250 1589 2289 existimatur
1606 2248 1728 2289 nullum;
1745 2250 1793 2276 sed
1818 2250 1870 2289 tale

253 2284 440 2315 ecclesiastica,
456 2285 502 2310 sed
521 2285 546 2310 in
566 2284 695 2311 Chronico
708 2285 808 2312 diserte
824 2284 948 2311 Leonida:
962 2291 1031 2311 mar-

1083 2284 1197 2319 prufecto
1210 2284 1386 2319 judicandum
1407 2284 1621 2318 unumquodque,
1642 2284 1729 2319 qualis
1752 2292 1795 2312 res
1815 2284 1870 2319 ipsa

255 2319 353 2352 tyrinm
364 2326 435 2353 anno
448 2318 540 2345 Severi
554 2319 778 2347 decimo‘ascribit
793 2319 937 2351 Eusebius;
950 2326 1030 2353 quem
1084 2318 1131 2346 aut
1146 2319 1214 2345 actio
1229 2320 1261 2346 de
1275 2327 1326 2352 qua
1346 2319 1516 2353 praedicatur,
1530 2319 1620 2353 fuerit.

255 2354 376 2395 sequitur
392 2352 569 2395 Hieronymus
584 2355 610 2381 in
621 2353 737 2395 Catalog2
750 2354 839 2395 script.
849 2352 1030 2395 Διῗειειειτῖξιιρ.

254 2388 304 2418 54.
323 2388 367 2414 ubi
390 2389 449 2414 ait:
466 2388 589 2423 Origenes
610 2390 654 2423 qui
675 2395 699 2416 et
714 2388 912 2422 'Adantantius,
934 2389 1033 2415 decimo

255 2422 346 2450 Severi
362 2421 511 2449 Pertinacis
530 2431 599 2451 anno
618 2426 757 2452 aduersum
770 2424 934 2451 Christianos
948 2432 1035 2458 perse-

1122 2354 1162 2390 (6)
1182 2354 1285 2390 Tertul.
1299 2353 1429 2390 Apulup.
1441 2354 1488 2390 28.

1123 2388 1162 2425 (7)
1183 2389 1248 2422 Qua:
1270 2398 1286 2416 a
1307 2388 1478 2425 Macedonica
1502 2389 1692 2425 profectaeut.
1707 2388 1873 2417 Plutarchus

1085 2429 1113 2456 in
1128 2423 1252 2452 'Antonio
1273 2428 1366 2451 narrat
1391 2423 1560 2459 Cleopatram
1580 2424 1724 2451 multarum
1748 2425 1870 2459 gentium
1894 2427 1901 2432 '

256 2458 358 2485 cutione
380 2463 518 2490 commota,
532 2459 677 2495 aALeonide
697 2466 780 2495 patre,
795 2459 894 2486 Christi
906 2459 1024 2493 martyrit

1084 2459 1346 2495 linguasrdidicisse,
1362 2458 1416 2495 τῷν
1430 2459 1483 2494 πρὸ
1499 2459 1584 2495 αὑτῆς
1602 2459 1733 2495 βᾳσιλέων
1748 2458 1810 2486 esse
1823 2460 1870 2494 τὴν

256 2498 392 2530 coronato,
406 2501 464 2519 cunt
482 2502 527 2520 sex
544 2493 670 2528 fratribus
692 2493 715 2522 et
738 2500 822 2521 matre
839 2495 918 2521 vidua
936 2502 1024 2529 paupe:

1085 2493 1239 2530 Alfenein
1255 2494 1446 2530 ἀνασχομένων
1455 2493 1616 2530 περιλᾳὸεῑν
1630 2494 1781 2525 διάλεκτον,
1795 2495 1870 2521 ὲνίων

255 2528 411 2563 relinquitur
428 2535 510 2555 annos
527 2535 604 2556 natus
614 2530 715 2557 circiter
734 2531 820 2556 decem
835 2534 859 2556 et
876 2534 981 2563 septem.

291 2563 329 2598 (5)
349 2563 508 2598 Episcopatu
521 2564 611 2598 etiam,
627 2568 655 2590 ut
669 2565 758 2591 scribit
772 2564 882 2597 Suidas,
895 2564 1034 2598 prwditus.

257 2599 315 2625 Duo
335 2598 398 2625 item
418 2597 525 2626 cedices
542 2597 663 2626 Vaticani
679 2608 744 2626 mss.
759 2600 784 2626 in
806 2599 966 2634 Hieronymo
982 2599 1034 2625 Ca—

257 2633 342 2670 talogo
357 2634 479 2670 scriptor.
493 2634 595 2665 εοειεεη
614 2642 672 2669 cap.
685 2635 729 2666 54,
745 2635 854 2670 legunt:
873 2633 1032 2668 Origenes...

256 2677 273 2695 a
295 2668 408 2710 Romae
423 2669 640 2710 ερὶεεομρίριιηέε
648 2668 996 2710 ᾕιαηεῃγίῥ-οογοηαιοηεις.

1085 2534 1113 2561 δὲ
1133 2530 1180 2556 καὶ
1200 2530 1230 2556 τὸ
1249 2529 1442 2562 Μακεδονίζειν
1468 2529 1643 2556 ἐκλιπόντων.
1667 2529 1733 2556 Cum
1755 2535 1871 2556 anteces-

1085 2574 1155 2595 sores
1182 2565 1237 2599 ejus
1265 2573 1336 2599 reges
1362 2573 1392 2591 ne
1417 2564 1571 2599 zEgyptiam
1602 2564 1706 2599 quidem
1730 2564 1869 2591 dialectum

1084 2601 1224 2638 percipere
1246 2600 1448 2638 sustinuissent,
1471 2599 1601 2638 nonnulli_
1619 2599 1701 2638 etiam
1733 2600 1869 2638 desiisseut

1086 2633 1292 2665 Macedonicam.
1318 2634 1462 2661 Barbaram
1485 2639 1571 2661 autem
1589 2633 1673 2662 fuisse
1695 2633 1766 2661 hanc
1784 2641 1800 2661 e
1816 2633 1871 2661 Ala-

1086 2670 1214 2699 cedonica
1249 2673 1339 2696 natam
1368 2669 1578 2696 Alexandrinam
1605 2669 1750 2696 disiectum
1785 2668 1871 2696 innuit

295 2704 332 2738 tl)
352 2702 412 2744 II'VIec.
423 2703 553 2744 elusumlodi
570 2705 675 2744 nomina
688 2702 1033 2744 abjiciebantfatechumeni
1085 2707 1185 2744 _S_extu_s
1212 2704 1362 2744 Empir_i_cus
1383 2703 1520 2744 Adversus
1543 2703 1718 2744 Hlothentat.,_
1740 2711 1804 2744 pag.
1825 2702 1869 2730 42.

258 2737 327 2765 δυηι⁷
350 2737 448 2764 Christi
477 2738 554 2772 ﬁdem
586 2737 818 2774 amplectabantur.
846 2739 1033 2766 Verumtamen

258 2772 392 2813 Eusebius
406 2772 624 2813 De_martyribu_s
642 2774 808 2813 Paltesttmr,
832 2782 892 2808 cap.
907 2773 951 2805 ll.
972 2781 1033 2813 pag.

258 2807 322 2838 351,
338 2806 421 2847 refert
434 2806 577 2869 Egjptios
601 2809 698 2850 fratres
713 2810 746 2836 ad
769 2806 912 2849 tyrannum
931 2806 1034 2847 perdu-

259 2847 328 2869 ειυς.
342 2849 449 2869 nomtna
473 2850 480 2869 I
500 2843 602 2869 olomm
627 2844 676 2869 sibi
701 2845 734 2869 ab
759 2849 821 2869 ortu
842 2848 965 2869 nnnostta
985 2844 1033 2869 ab-

259 2847 328 2871 ctos.
342 2843 449 2869 nomina
473 2843 602 2871 idolorum
627 2844 676 2872 sibi
701 2845 734 2872 ab
759 2843 821 2872 ortu
842 2843 965 2878 imposita
985 2844 1033 2871 ab-

477 2738 554 2772 ﬁdem
571 2740 818 2776 (gampl‘ectabantur.
846 2739 1034 2776 Verumtamen
1085 2741 1152 2768 Vide
1170 2740 1277 2776 insuper
1292 2739 1373 2776 Alex;
1391 2738 1494 2776 M_oru_m
1516 2739 1541 2776 in
1560 2738 1648 2776 Causa
1670 2738 1728 2770 Dei.
1747 2743 1818 2776 part.
1832 2745 1870 2776 tt,

1085 2772 1303 2811 qttazstdifpag1
1401 2774 1437 2800 At
1460 2773 1720 2811 Ytgsiusﬁdversus
1744 2774 1805 2799 erit.

1085 2806 1258 2845 namnam.
1272 2806 1314 2841 1'6,
1332 2809 1448 2845 linguam
1466 2808 1710 2836 Alexandrinorum
1732 2806 1872 2843 pertudit

1086 2845 1168 2873 fuisse
1180 2844 1308 2873 Atticam.
