1915 3079
68 131 118 160 6317
586 135 868 166 οκιρΕΝιΑΝοιιυΜ

886 139 950 168 LIB.
970 139 992 173 1,
1009 140 1087 168 CAP.
1107 141 1128 168 I.
1619 144 1670 173 638
1700 176 1703 181 _

69 196 160 219 contra
176 199 273 220 nomen
289 193 323 220 ab
337 201 373 222 eo
386 195 512 228 traxisse,
527 201 554 223 et
567 202 683 231 quatuor
698 200 759 226 anni
778 205 843 226 tetn—
855 203 879 231 Α
893 200 1122 237 Elymologiarum
1154 207 1248 230 auctor
1280 202 1352 229 aliud
1384 210 1444 230 esse
1455 224 1462 236 ,
1498 203 1671 239 Ὀρειγενής,

69 241 182 271 pestates
202 236 278 272 ὥρας
300 238 418 266 indidem
434 240 537 273 .dictas,
558 245 586 268 et
602 249 712 276 annum,
727 249 754 270 et
770 244 843 271 Gras-

71 287 157 307 corum
179 281 300 313 annales.
322 287 350 309 et
373 290 466 310 eorum
485 284 630 320 scriptores
654 287 842 323 ὡρογράφους,

71 325 176 353 tradunt
193 326 347 355 Macrobius
363 328 409 356 lib.
424 337 432 356 1
449 329 571 362 Sanum,
587 339 646 366 cap.
661 332 712 364 2|;
731 338 757 359 et
773 333 843 361 Cen-
863 334 866 338 ”

71 372 172 399 sorinus
190 379 251 406 cap.
265 372 309 401 19.
325 373 427 409 .lnepte
446 374 535 403 Horus
560 376 656 410 Apollo
673 387 680 405 :
696 378 774 413 Ἐμοὶ
794 380 843 414 μὲν

71 415 114 444 οὖν
134 417 279 452 Αἰγύπτιον
315 420 455 454 φαίνεται,
479 422 524 448 καὶ
550 422 672 458 οὐδαμῶς
693 424 843 460 Ἑλληνικὺν

72 462 150 497 δνομσ.
162 461 245 499 Ὧρος
269 462 355 497 εἶναι,
382 466 468 500 inquit
493 466 640 495 Pausanias
665 468 691 495 in
719 469 841 498 Corinth.

72 514 139 534 vere.
163 507 329 541 Salmasius,
350 511 430 545 epist.
452 511 495 542 '18.
516 511 598 539 Orum
620 521 718 541 nomen
745 515 843 543 habere

72 557 156 580 censet
174 561 189 580 a
205 556 304 582 veteris
322 556 418 591 linguae
432 557 567 594 Egyptite
585 560 717 588 vocabulo
737 561 841 597 πιουρό,

71 599 108 625 vel
133 600 233 634 absque
250 601 365 629 articulo
387 603 460 638 οὐρά,
483 605 555 638 quod
582 613 665 639 regem
697 611 784 633 sonat.
804 609 841 633 lta

71 649 138 672 certe
158 646 269 680 quidem
290 655 360 682 sepe
382 650 493 682 exponit
520 649 585 677 Ibno
605 651 691 678 Cabar
715 651 741 678 in
763 651 842 679 Scala

70 697 169 724 magna,
186 698 268 725 quam
284 693 368 720 edidit
389 693 544 722 Kircherus.
569 695 638 723 Sunt
651 697 695 731 qui
721 698 842 725 derivent

71 740 162 768 δεῖτε,
179 736 204 763 id
224 741 268 764 est
294 737 357 770 Sol.
381 739 415 767 ad
436 748 504 775 quos
524 741 635 769 minime
653 742 760 777 quidem
782 751 842 777 pos-

71 788 124 807 sum
138 782 267 809 accedere
282 791 289 809 :
303 781 385 818 Ὧρος
401 785 472 811 enim
489 785 587 812 factum
603 792 643 814 est
666 795 698 814 ex
716 786 842 822 Egyptio

71 827 113 858 0r,
126 827 166 854 cui
184 835 199 854 a
217 827 321 856 Graecis
344 830 435 858 addita
458 832 611 859 terminatio
626 837 667 859 est
695 832 730 860 Or
745 841 840 860 nomen

892 246 975 279 aliud,
995 248 1145 283 Ὠριγένης.
1157 247 1196 284 (9)
1207 249 1245 276 Ae
1257 249 1309 277 alio
1322 249 1415 276 itidem
1426 249 1490 284 loco
1498 250 1605 277 nomina
1617 250 1672 282 illa,

899 293 1047 328 Ὠριγένης,
1059 299 1087 320 et
1104 293 1209 329 Ὠρίων,
1227 295 1411 331 patronymica
1429 302 1491 323 esse
1515 295 1602 328 docet,
1623 305 1672 323 nec

893 338 1004 372 proinde
1019 338 1130 366 ἀπὸτοῦ
1147 339 1243 375 ὥρους,
1261 341 1308 368 sed
1328 341 1383 368 ἀπὸ
1401 341 1447 368 τοῦ
1463 340 1534 377 ὢρου
1553 341 1584 368 τὸ
1603 342 1672 377 Ὠρι-

892 383 973 419 γὲνης
988 384 1114 412 derivari.
1134 386 1228 421 Ὠρίων
1243 392 1334 414 autem
1352 387 1480 414 usitatum
1504 387 1574 414 inter
1589 386 1672 421 Egy-

893 430 961 463 ptios
984 430 1125 457 multorum
1142 439 1239 458 nomen
1261 432 1321 460 fuit.
1337 431 1455 460 Duorum
1472 433 1529 465 eius
1554 433 1672 460 nominis

892 476 1127 510 grammaticorum
1152 478 1274 505 meminit
1290 478 1398 511 Suidas,
1421 478 1529 506 Thebani
1549 479 1674 510 alterius,

892 521 1002 548 alterius
1019 521 1205 550 Alexandrini.
1227 523 1268 550 Ab
1292 522 1345 551 Oro
1366 524 1484 558 scilicet,
1509 532 1564 559 quo
1589 525 1670 552 etiam

892 567 1000 594 nomine
1021 567 1184 603 complures,
1199 573 1227 595 ut
1249 569 1322 603 dixi,
1343 570 1427 604 gavisi
1450 574 1521 597 sunt.
1544 569 1604 605 Ipse
1624 577 1673 596 ve-

892 617 972 640 nator
986 612 1078 645 Orion,
1102 616 1147 649 qui
1166 615 1234 642 inter
1250 620 1322 642 astra
1339 616 1442 643 relatus
1456 620 1506 647 est,
1523 623 1575 643 non
1591 615 1673 649 quasi.

895 658 1010 694 Οὐρίων,
1033 659 1103 694 quod
1127 665 1236 695 etymon
1260 660 1361 688 Grato-ia
1385 661 1498 689 mendax
1521 661 1668 694 conﬁnxit,

892 704 937 730 sed
954 704 988 731 ab
1011 703 1123 731 Hebrato
1137 705 1225 739 potius
1244 710 1312 738 “ﬁet,
1338 707 1413 741 quasi
1436 707 1520 740 dicas,
1542 706 1669 739 Lucidus,

892 757 987 776 nomen
1013 750 1121 782 habuit;
1139 751 1182 777 hic
1197 755 1238 778 est
1258 752 1329 778 enim
1353 760 1422 780 unus
1438 753 1596 780 asterismus
1613 760 1673 780 om-

892 794 964 821 nium
992 795 1184 823 lncidissimus.
1209 796 1369 825 Hebraicum
1387 803 1476 826 autem
1502 806 1599 826 nomen
1622 799 1670 825 ha-

892 839 982 868 buisse
1004 841 1089 876 ipsum
1114 850 1146 870 eo
1168 843 1324 871 credibilius
1347 849 1403 877 est,
1417 845 1488 879 quod
1514 845 1541 872 in
1566 844 1675 872 Boeotia~

71 872 115 899 ("ll
138 873 237 907 Pas“)ri
261 875 367 901 cuidam
390 875 515 911 Εεγριίο
537 876 663 913 Telegoni
687 879 773 912 Pi'll'lv
795 880 840 913 (Ιυί
857 881 877 908 Β
894 872 1072 919 vixit,itidem
1089 892 1117 914 ut
1140 889 1257 916 Cadmus
1274 889 1382 917 Orionis
1396 872 1486 918 Ite-tate
1510 898 1565 917 non
1587 890 1675 917 multo.

71 919 189 952 septimus
204 919 239 946 ab
265 920 364 948 Inacho
381 921 488 957 Egypti
512 930 621 958 regnum
649 925 743 951 tenuit.
759 924 842 959 Hujus

70 965 181 991 meminit
206 964 390 1002 Hieronymus
414 968 439 994 in
465 969 587 996 Cltronici
608 969 750 997 Eusebianj
775 971 843 998 libro

71 1011 218 1044 posteriore,
232 1016 263 1039 et
278 1012 389 1040 alterius
402 1012 440 1040 Or
458 1014 484 1039 in
503 1014 615 1048 epistola
632 1015 664 1041 ad
682 1015 843 1050 Ctesiphon-

71 1060 118 1082 tem
137 1057 268 1084 adversus
283 1057 437 1094 Pelagium,
460 1067 518 1093 cap.
527 1059 566 1091 .2,
584 1059 772 1095 Egyptiornm
796 1063 844 1090 ab-

70 1101 152 1128 batum
171 1103 287 1129 duorum
300 1104 384 1130 vitam
410 1105 519 1139 scripsit
535 1105 669 1133 Palladius
686 1106 711 1133 in
728 1106 841 1134 Lauda-

71 1147 113 1179 tis,
125 1156 235 1182 quorum
254 1149 332 1177 alteri
349 1150 390 1178 Ott
404 1158 500 1178 nomen
517 1151 577 1184 fuit,
594 1152 671 1179 alteri
687 1153 760 1185 Pior,
778 1162 844 1188 prae

72 1192 118 1220 ﬁxo
131 1193 253 1221 nimirum
266 1194 393 1231 Egyptio
406 1197 519 1224 articulo
532 1198 690 1226 masculino.
705 1198 775 1226 Idem
790 1200 842 1227 alio

72 1237 123 1266 loco
148 1241 270 1268 meminit
302 1241 414 1277 virginis
439 1242 511 1269 Taor
545 1244 646 1271 nomini
672 1244 710 1272 Or
734 1246 843 1279 praeﬁxo

73 1284 155 1312 itidem
181 1287 297 1314 articulo
324 1287 452 1315 feminino
476 1288 611 1324 Egyptio.
634 1289 672 1317 01-
695 1291 840 1325 genuinum

73 1336 109 1358 est
127 1331 167 1359 dei
190 1332 272 1366 hujus
296 1332 445 1369 Egyptiaei
462 1341 570 1367 nomen,
586 1337 655 1362 unde
668 1333 751 1372 ’Ὥρας
772 1336 843 1363 Grat-

72 1383 135 1410 cum.
148 1378 251 1413 adjecta
275 1379 474 1408 terminatione.
498 1380 731 1413 Quemadmodum
752 1387 840 1409 autem

72 1422 97 1450 in
123 1422 249 1451 honorem
290 1425 332 1452 dei
364 1425 434 1452 illius
465 1434 518 1453 non
558 1434 627 1454 unus
666 1427 842 1462 appellatione

72 1467 215 1497 Gracanica
226 1467 310 1506 Ὦρος
323 1470 409 1498 dictus
421 1470 491 1505 fuit;
504 1471 539 1498 ita
551 1476 578 1499 et
591 1471 778 1507 Egyptiacum
789 1471 842 1510 Ὧρ

72 1514 141 1541 multi
163 1515 189 1542 in
203 1523 304 1543 nomen
321 1516 483 1543 asciverunt.
499 1517 574 1550 Quod
591 1518 614 1544 si
631 1512 691 1552 quis
720 1526 784 1553 ergo
805 1519 840 1546 ita

73 1560 150 1587 dictus
164 1561 324 1596 reperiatur,
340 1569 391 1589 non
414 1570 462 1597 per
477 1550 680 1597 metaplasmum
696 1571 744 1599 pro
752 1550 840 1600 ζΩρος
854 1550 875 1578 ε

73 1606 104 1632 ita
120 1612 223 1639 putetur
241 1613 422 1643 nuncupatus,
436 1612 465 1635 ut
486 1609 620 1643 conjectat
640 1609 774 1645 Scaliger;
793 1611 840 1638 sed

73 1648 145 1687 Ὧρος
156 1660 170 1679 e
188 1654 325 1680 contrario
338 1661 352 1680 a
372 1653 530 1689 primigenio
547 1654 597 1690 Ὤρ
611 1654 716 1682 inducta
736 1655 842 1683 (ξι-1111111-

74 1698 126 1725 nica
141 1697 223 1726 ferina
238 1699 374 1726 detortum
387 1699 566 1727 existimetur.
576 1700 627 1736 Ὠρ
639 1706 730 1728 autem
745 1709 841 1736 purum

74 1749 156 1776 putum
167 1743 330 1772 Hebraicum
345 1750 386 1773 est
401 1750 460 1779 ne,
470 1746 540 1781 quod
554 1746 636 1773 lucem
656 1747 799 1782 signiﬁcat,
814 1752 842 1775 et

74 1796 117 1823 pro
129 1790 182 1825 ipso
195 1791 278 1818 etiam
291 1791 347 1818 sole
362 1796 506 1826 usurpatur
518 1791 576 1819 Jobi
593 1800 669 1824 xxxi.
679 1793 724 1824 ‘26,
737 1801 840 1821 necnon

74 1839 110 1861 est
133 1835 188 1863 Jobi
212 1844 310 1869 xxxvt,
335 1836 387 1869 50;
411 1842 438 1864 et
461 1838 535 1865 Isaize
556 1846 582 1870 v,
599 1838 652 1870 50,
676 1840 751 1874 juxta
772 1847 841 1874 quo-

75 1881 185 1909 rumdam
199 1882 379 1917 interpretum
394 1883 601 1918 expositionem.
619 1883 677 1912 Iam
692 1892 756 1912 vero
772 1886 842 1912 unde

75 1927 180 1954 manarit
200 1927 325 1963 Origenis
348 1936 443 1956 nomen
469 1929 493 1956 in
513 1934 637 1964 promptu
653 1935 718 1964 est;
736 1931 769 1957 ab
792 1931 843 1967 Ὠρ

75 1971 191 2001 nimirum
224 1974 282 2001 ﬁeri
308 1975 577 2011 11θ111111Ὠριγένης,
604 1983 656 2003 non
682 1976 841 2012 Ὧρογένης,

75 2020 288 2051 quemadmodum
303 2020 336 2047 ab
355 2018 402 2056 ἦρ,
426 2021 565 2056 ἠριγένεια
583 2020 649 2056 ἠώς,
672 2029 723 2049 non
746 2023 843 2057 ὴρογέ-

76 2071 142 2090 νεια·
164 2072 178 2091 a
195 2065 261 2102 πῦρ,
292 2067 456 2102 πυριγενής,
483 2067 580 2094 Bacchi
610 2067 749 2102 epitheton
773 2069 842 2103 apud

77 2108 200 2139 Nomium.
221 2110 352 2146 Origenes
375 2112 455 2146 igitur
476 2112 546 2139 idem
568 2112 649 2140 fuerit
670 2114 740 2148 quod
765 2112 843 2141 Plue-

77 2154 166 2188 biqenu,
182 2163 234 2183 non
249 2157 319 2191 quod
335 2156 499 2192 Montigenn.
520 2157 671 2192 Erasmum,
687 2159 840 2193 Caninium,

77 2204 229 2236 ceterosque
252 2202 279 2229 in
302 2201 422 2230 fraudem
446 2203 589 2244 illexerunt
612 2205 668 2232 haec
695 2205 841 2240 Etymalogi
857 2221 878 2248 υ

77 2245 172 2273 verba:
196 2247 244 2282 (8)
276 2248 305 2274 Ei
335 2249 382 2283 μὲν
416 2250 520 2284 φωνῆεν
557 2250 735 2286 ἐπιφέρηται,
767 2251 783 2286 ἢ
813 2251 842 2279 ἓν

78 2289 168 2318 ἁπλοῦν
203 2293 361 2328 σύμφωνον,
397 2295 557 2329 φυλάττεται
584 2297 601 2331 ὴ
631 2304 657 2323 ει
689 2296 840 2331 δίφθογγος.

80 2333 142 2370 Οἶον,
159 2339 230 2373 ὄρει,
246 2339 393 2375 ὀρείαυλος,
409 2341 558 2376 ὄρειγενὴς,
575 2342 589 2368 ὁ
607 2342 636 2368 ὲν
651 2341 689 2378 τῷ
706 2342 763 2378 ὄρει
782 2351 843 2377 γενι-

78 2383 166 2417 νηθείς.
191 2385 253 2412 Ilaec
270 2386 368 2413 rectius
381 2386 576 2414 intellexissent
605 2388 735 2420 profecto,
761 2389 783 2416 si
808 2389 841 2416 ad

78 2431 204 2462 sequentia
222 2432 398 2460 attendissent
415 2441 422 2459 :
440 2433 476 2458 Τὸ
499 2433 551 2469 γὰρ
577 2433 668 2469 κύριον
691 2434 776 2470 ὄνομα
797 2435 844 2461 καὶ

79 2473 225 2509 βαρύνεται,
250 2478 296 2504 καὶ
315 2477 358 2504 διὰ
371 2477 418 2504 τοῦ
437 2487 459 2504 ω
482 2479 597 2513 μεγάλου
624 2480 773 2516 γράφεται,
798 2481 845 2507 καὶ

78 2521 115 2548 διὰ
138 2524 181 2553 τοῦ
204 2534 229 2551 ι·
249 2533 298 2552 nec
322 2525 393 2552 enim
419 2528 540 2562 apertius
566 2528 718 2562 signiﬁcare
741 2533 846 2563 poterat

156 2603 269 2641 Etymol.
282 2614 369 2640 magn.
387 2606 413 2632 in
433 2605 582 2641 Ὀρξγανον.

110 2637 229 2676 (ibidem
249 2640 275 2667 in
298 2637 444 2676 Ἀὶρειδηφ

110 2672 160 2707 (10)
191 2673 256 2700 Hinc
277 2672 561 2709 refellitur-Erasmus.
590 2675 719 2709 Equidem
743 2675 769 2702 in
793 2676 844 2704 hoc

79 2712 165 2747 errore
176 2710 345 2747 versabatur,
371 2719 432 2747 cum
455 2712 579 2747 Origenis
594 2711 676 2738 vitam
689 2711 841 2747 scribebat;

81 2743 120 2781 sed
134 2743 209 2781 aliud
229 2744 303 2781 docet
330 2745 356 2772 in
385 2743 621 2779 Αάααὶἱιιξάὶειωη
645 2753 741 2781 nempe
761 2746 843 2774 fuisse

81 2775 257 2806 Adamantium
279 2779 313 2806 oh
335 2775 520 2809 incredibilem
544 2788 686 2809 numerum
707 2775 841 2809 librorum

81 2818 139 2848 quos
152 2813 289 2848 scripsisse
301 2814 407 2843 dicitur.

101 2846 212 2883 (ll)8iré
223 2850 421 2886 συντακτήριος,
432 2851 482 2879 sive
494 2851 667 2884 συντακτικός
678 2851 729 2880 dici
739 2852 841 2880 meruit.

891 933 1023 967 superior,
1041 933 1086 968 qui
1109 933 1266 961 Phoenicum
1293 934 1411 969 linguam
1433 935 1459 962 in
1480 934 1611 963 Greciam
1627 935 1671 961 in-

891 977 961 1004 tulit.
973 978 1052 1005 Addit
1068 978 1234 1008 Haaschelius
1249 980 1274 1007 in
1289 979 1399 1016 Origen.
1421 986 1512 1008 contra
1525 980 1606 1013 Cels"
1622 980 1674 1008 lib.

891 1031 912 1055 1,
926 1031 974 1058 pro
994 1024 1132 1060 Ὀριγενής
1154 1024 1253 1052 factum
1276 1026 1424 1061 Ὠριγενής,
1446 1026 1669 1060 quemadmodum

891 1076 939 1103 pro
961 1070 1148 1105 Ὀρεσετροφος
1171 1075 1256 1104 poetae
1281 1072 1467 1107 Ὠρεσίτρτέθος
1489 1071 1625 1099 dixerunt.
1643 1072 1675 1099 Id.

892 1115 987 1142 nollem
1009 1117 1116 1143 erudito
1138 1117 1195 1144 viro
1217 1117 1368 1150 excidisse;
1395 1118 1465 1152 quod
1491 1117 1562 1145 enim
1589 1119 1669 1145 metri

891 1162 1050 1188 necessitate
1074 1161 1180 1189 adducti
1204 1163 1262 1190 ausi
1285 1168 1348 1190 sunt
1372 1169 1457 1197 poetae
1472 1163 1626 1198 aliquando,
1643 1163 1675 1191 id

892 1206 918 1234 in
942 1208 1027 1241 legem
1050 1212 1095 1234 aut
1111 1208 1263 1242 exemplum
1282 1209 1389 1236 trahere
1412 1217 1464 1236 non
1494 1209 1594 1237 debuit.
1614 1208 1670 1237 Nec

892 1252 995 1279 [elicior
1025 1253 1138 1280 aliorum
1169 1253 1340 1288 conjectura,
1365 1254 1410 1289 qui
1437 1254 1545 1289 Origeni
1570 1262 1669 1283 nomen

892 1298 989 1325 factum
1006 1299 1107 1331 volunt,
1131 1300 1202 1334 quod
1228 1300 1386 1335 tempestive
1402 1300 1507 1333 genitus
1531 1301 1582 1333 sit;
1607 1308 1669 1328 nam

891 1343 929 1370 sic
943 1345 1116 1376 scriberetur,
1135 1344 1292 1380 Harigenu,
1310 1353 1363 1372 non
1382 1345 1517 1380 Origenes.
1533 1345 1615 1374 Inane
1629 1349 1673 1373 cst.

891 1394 979 1416 autem
995 1391 1065 1424 quod
1080 1389 1137 1424 ejus
1152 1391 1293 1418 sententiae
1315 1391 1505 1419 conﬁrmanda:
1520 1391 1606 1426 gratia
1620 1392 1667 1418 ad-

888 1433 955 1470 iecit
971 1435 1012 1462 vir
1023 1435 1154 1469 eruditus,
1168 1443 1198 1463 se
1212 1436 1240 1462 in
1257 1437 1369 1464 vetustis
1392 1436 1530 1464 codicibus
1544 1437 1672 1472 Origenis

892 1488 988 1507 nomen
1006 1488 1066 1508 eum
1085 1481 1248 1516 aspiratione
1269 1483 1397 1517 scriptum
1412 1483 1559 1517 saepissime
1574 1491 1636 1518 repe
1658 1498 1671 1506 -

894 1525 962 1553 risse
977 1537 982 1553 :
996 1532 1098 1553 certum
1119 1528 1216 1561 quippe
1235 1532 1276 1555 est
1297 1527 1375 1563 longe
1398 1529 1479 1556 etiam
1503 1528 1671 1563 frequentius

892 1572 1053 1605 aspiratione
1066 1580 1158 1600 carere
1171 1582 1178 1600 :
1191 1573 1224 1600 ab
1236 1573 1306 1601 Horo
1321 1573 1447 1601 nimirum
1461 1574 1603 1609 appellatio
1617 1581 1670 1606 est,

892 1618 936 1651 qui
964 1618 1153 1652 aspirationem
1179 1618 1229 1646 sibi
1259 1619 1378 1646 vindicat
1403 1619 1557 1655 aliquando,
1574 1620 1674 1655 saepius

892 1664 972 1690 etiam
987 1663 1096 1697 respuit.

928 1708 968 1735 Il.
987 1708 1014 1735 Id
1029 1715 1093 1744 ergo
1110 1709 1225 1737 nominis
1239 1717 1252 1736 a
1271 1717 1353 1744 puero
1368 1710 1459 1737 habuit
1474 1711 1624 1746 Origenes;
1642 1716 1672 1738 at

891 1755 974 1782 annis.
986 1754 1098 1781 subinde
1117 1755 1310 1789 prodeuntiqu
1330 1755 1505 1783 Adamantius
1528 1757 1670 1791 cognomi-

892 1805 970 1826 natus
992 1805 1044 1830 est.
1071 1800 1111 1826 ὃτι
1143 1800 1342 1834 Ἀδαμαντῖνοις
1357 1801 1465 1836 δεσμοῖς
1481 1800 1601 1836 ἐῴκεσαν
1623 1801 1675 1835 οὓς

891 1845 924 1872 ἂν
938 1845 1024 1881 δήσειε
1041 1845 1143 1879 λόγους,
1160 1845 1246 1880 inquit
1258 1845 1370 1874 Photius
1385 1847 1446 1874 cod.
1461 1848 1523 1880 118,
1543 1847 1584 1874 vel
1607 1856 1670 1882 pro-

891 1895 950 1925 pter
968 1891 1064 1917 tnentis
1075 1890 1275 1917 adamantinum
1289 1892 1378 1923 robur,
1393 1899 1452 1925 qua:
1468 1891 1547 1919 nullis
1560 1892 1587 1919 in
1606 1892 1672 1918 illu—

892 1936 1000 1962 stranda
1017 1935 1169 1971 Scriptura,
1184 1941 1211 1964 et
1228 1936 1254 1963 in
1268 1936 1410 1964 scribendo
1422 1937 1558 1964 laboribus
1573 1937 1671 1964 defati-

892 1985 1009 2015 garetur,
1024 1981 1249 2015 quemadmodum
1271 1981 1296 2008 in
1323 1982 1436 2017 epistola
1460 1983 1492 2009 ad
1517 1982 1673 2010 Marcellam

892 2026 980 2061 prodit
1004 2025 1202 2061 Hieronymus;
1232 2026 1274 2054 vel
1294 2028 1374 2062 'quod
1399 2032 1528 2062 tanquam
1555 2028 1674 2056 invictus

892 2072 1001 2098 adamas
1014 2070 1121 2098 fortiter
1138 2079 1208 2099 vera:
1229 2071 1291 2099 ﬁdei
1313 2080 1390 2107 opem
1412 2072 1505 2104 ferret,
1524 2072 1673 2106 omniaque

892 2118 919 2144 in
932 2125 961 2145 se
973 2118 1057 2145 missa
1073 2118 1261 2145 hareticorum
1278 2118 1329 2146 tela
1345 2119 1460 2146 veritate
1475 2118 1531 2153 ipsa
1543 2119 1675 2146 retunde-

893 2167 941 2190 ret.
957 2163 1045 2198 Atque
1058 2163 1085 2190 id
1103 2169 1311 2198 cognomentum
1333 2164 1383 2191 sibi
1406 2164 1477 2191 ltunc
1496 2164 1670 2199 ipsunu;asci~

894 2209 963 2235 visse
985 2209 1066 2235 tradit
1081 2208 1244 2244 Epiphanius
1265 2209 1331 2237 hair.
1348 2209 1393 2242 64,
1415 2217 1440 2237 c.
1463 2209 1507 2237 75.
1523 2208 1579 2245 (1ο)
1603 2208 1671 2236 Hinc

894 2253 1026 2281 refellitur
1041 2254 1172 2281 Erasmus
1187 2255 1213 2282 in
1235 2254 1293 2282 Vita
1314 2255 1434 2290 Origenis
1446 2276 1454 2287 ,
1470 2255 1532 2282 illud
1554 2256 1602 2290 ipsi
1613 2255 1670 2289 jam

894 2305 908 2325 a
921 2299 982 2325 vitae
997 2304 1105 2330 exortu,
1122 2306 1173 2326 non
1189 2307 1223 2327 ex
1239 2301 1360 2327 moribus
1373 2301 1485 2327 inditum
1501 2300 1670 2327 existimans.

893 2343 934 2370 Ab
946 2344 1045 2377 ingenti
1060 2344 1142 2370 etiam
1155 2344 1298 2378 librorum,
1314 2353 1382 2379 quos
1395 2344 1504 2372 assidue
1525 2345 1670 2378 scribebat,

894 2390 969 2423 copia
988 2390 1148 2427 συντάκτης,
1167 2391 1222 2426 (ll)
1238 2392 1295 2418 sive
1310 2392 1521 2427 συντακτήριος,
1538 2391 1595 2418 live
1608 2398 1672 2417 aw-

895 2436 1020 2468 τακτικός
1032 2436 1084 2464 dici
1101 2437 1209 2465 meruit.
1227 2438 1397 2465 Chalcenteri
1416 2439 1497 2465 etiam
1513 2437 1671 2465 attributum

897 2486 938 2508 est
952 2482 976 2509 ei
990 2483 1022 2509 ab
1033 2482 1195 2518 Hieronymo
1206 2489 1424 2518 cognomentum,
1438 2484 1470 2511 ad
1483 2483 1588 2520 Didymi
1602 2483 1672 2511 illius

897 2528 1071 2555 Alexandrini
1087 2528 1256 2563 grammatici
1276 2529 1446 2565 exemplum,
1467 2530 1513 2564 qui
1537 2529 1572 2558 ob
1596 2529 1673 2556 inde-

895 2606 1098 2639 Συντάττεσθαι,
1114 2606 1216 2642 Graecis
1225 2610 1267 2633 est
1274 2606 1430 2642 uajedieere.
1449 2607 1599 2642 Hesychius
1613 2615 1673 2635 συν-

894 2641 1034 2674 τάξασθαι,
1063 2636 1246 2682 ὰέπάσαισθαι.
1273 2636 1339 2668 Hiltc
1363 2641 1456 2669 Oratio
1476 2636 1597 2682 Gi‘egnrii
1625 2642 1673 2670 Na-

894 2677 1016 2703 zianzcni
1030 2697 1036 2705 .
1056 2677 1146 2703 habita
1164 2678 1189 2703 in
1204 2683 1336 2703 consensu
1362 2682 1469 2703 centum
1495 2682 1521 2704 et
1541 2677 1674 2711 quinqua-

894 2712 967 2745 ginta
981 2712 1178 2746 episcoporum.
1199 2712 1392 2746 συντακτήριος
1415 2711 1491 2745 λόγο,
1507 2710 1672 2743 inscribitur,

895 2748 965 2780 quod
994 2747 1063 2773 idem
1091 2752 1131 2774 est
1152 2753 1183 2772 ac
1203 2747 1387 2778 συντακτικός.
1409 2747 1587 2780 Quamobrem
1611 2755 1673 2774 cum

897 2783 934 2808 ait
961 2781 1057 2809 Suidas
1084 2780 1226 2816 Origeuem
1251 2782 1354 2808 dicttun
1380 2789 1440 2809 esse
1465 2781 1670 2817 ouwaxtﬁptov',

897 2817 974 2852 longe
1001 2817 1287 2851 1³111111111¹ςσυντάχτης
1308 2816 1379 2843 enim
1407 2817 1493 2843 dictus
1518 2822 1578 2847 est,
1605 2816 1675 2845 iesle

898 2852 1054 2887 Epiphanio,
1068 2860 1119 2881 non
1131 2852 1333 2888 συντακτήριος,
1349 2859 1436 2888 neque
1451 2852 1634 2884 συντακτικός.
