1915 3079
246 137 296 166 659

875 137 906 166 P.
924 136 1080 164 DANELIS
1099 136 1214 165 HUETII

1819 135 1873 164 640

246 197 348 225 fessum
364 196 498 225 scribendi
514 196 644 228 studium,
663 201 688 224 et
707 196 844 224 aSStdnam
860 198 932 226 circa
945 199 1030 226 libros
1044 200 1066 228 Α
1081 198 1225 225 maximam
1242 196 1323 224 etiam
1338 195 1477 231 colligeret
1495 195 1652 223 memoriam
1673 196 1849 231 antiquitatis
1860 218 1868 230 ,

246 251 350 271 moram
363 264 370 276 ,
400 243 523 270 eamdem
544 243 755 278 appellationem
781 250 947 272 consecutus
967 250 1029 278 est;

245 297 325 324 supra
348 289 398 315 tria
421 289 553 323 siquidem
573 289 704 316 librorum
720 289 805 316 millia
827 295 854 317 et
870 291 1030 326 quingentos

245 333 420 368 conscripsit,
438 343 498 361 rum
517 335 602 362 multo
621 335 712 369 plures
727 336 871 370 Origenem
889 337 1030 371 scripsisse

244 380 379 414 proditum
397 381 444 412 sil,
459 381 570 408 minime
584 386 672 408 autem
690 382 752 408 dum
772 382 874 409 viveret
896 382 1030 408 Adaman-

245 428 297 454 tins
318 433 411 455 noster
437 427 613 455 Chalcenteri
638 435 734 455 nomen
761 427 851 463 gessit.
872 427 984 455 Paribns
996 428 1030 456 de

243 475 333 502 causis
356 474 442 509 Apion
462 474 656 509 grammaticus
670 494 678 506 ,
702 481 734 500 ac
758 474 849 500 itideut
870 473 1027 508 Egyptius,

243 527 357 555 propter
373 521 530 547 inuaitatam
550 520 575 547 in
595 519 735 547 litterariis
749 520 886 547 laboribus
901 526 1029 547 constatn-

244 568 320 601 tiam,
343 567 441 604 μόχθος
458 567 620 603 cognomine
642 567 730 594 dictus
750 572 800 594 est.
819 567 872 594 Sed
888 567 1027 594 redeamus

242 614 276 641 ad
289 614 467 649 propositum.

279 660 324 688 ιν.
343 660 399 696 (12)
410 660 461 687 Sex
471 660 716 695 pratterOrigenem
726 659 915 694 ﬁliossuscepit
928 659 1026 686 Leoni-

242 707 289 735 des
307 715 315 734 :
332 712 359 734 at
390 715 449 734 cum
475 707 500 734 in
525 707 572 734 illo
594 706 739 733 admodum
760 706 840 733 etiam
860 711 915 733 tum
943 714 1027 741 puero

241 760 338 787 magna
354 753 387 780 ad
407 753 532 780 virtutem
556 751 676 779 eluceret
695 752 799 779 indoles
812 772 820 784 ,
839 760 949 780 omnem
970 752 1026 780 fere

242 799 326 833 patris
345 806 466 826 amorem
491 806 523 826 ac
545 799 666 826 studium
685 798 718 826 ad
737 806 769 835 se
787 798 930 826 convertit.
950 798 1026 826 Hunc

241 843 333 879 itaque
348 845 399 871 sibi
416 844 562 872 domestica
579 845 759 877 institutione,
776 845 947 880 assiduisque
960 853 1026 879 pra:-

239 891 325 925 ceptis
342 890 511 918 formandum
529 891 653 928 suscepit
677 890 811 918 Leonides
823 912 830 922 .
850 891 1025 925 animumque

239 937 332 964 rudem
353 937 447 972 primis
464 937 561 964 imbuit
584 937 747 965 Christiana:
776 939 896 972 pietatis,
919 938 1024 965 divina-

239 991 352 1018 rumque
367 982 446 1010 simul
461 988 489 1010 et
509 984 679 1010 exoticarum
703 983 886 1011 doctrinarum
905 985 1024 1012 elemen-

239 1029 272 1056 tis
288 1038 294 1056 z
310 1029 357 1056 sed
373 1029 408 1055 ita
428 1033 516 1055 tamen
531 1034 560 1056 ut
579 1029 605 1056 in
631 1030 798 1064 quotidiauis
820 1030 1024 1057 exercitationi-

238 1075 299 1108 bus,
312 1075 491 1103 humanarum
506 1075 656 1102 litterarum
668 1076 766 1114 studiis
778 1084 862 1104 sacrae
876 1077 1024 1111 disciplina

237 1122 375 1158 praeirent.
394 1122 459 1149 Erat
473 1122 586 1150 omnino
601 1122 627 1148 in
644 1130 730 1157 puero
755 1122 891 1157 ingenium
912 1131 1024 1158 peracre

236 1173 264 1195 et
281 1167 424 1199 fervidum,
443 1167 588 1203 singularis
601 1168 744 1200 memoria,
758 1168 878 1204 flagrans
891 1173 918 1196 et
932 1169 1020 1196 incre-

237 1213 320 1240 dibile
338 1214 457 1240 studiutn
471 1233 479 1247 ,
504 1218 533 1240 ut
558 1213 688 1248 quidquid
708 1214 761 1241 sibi
782 1214 935 1249 impositum
951 1219 1024 1243 esset

237 1260 271 1286 ad
286 1259 444 1287 discendum
464 1267 517 1286 non
535 1263 587 1286 tant
605 1259 761 1294 exciperet,
774 1254 859 1295 quam
878 1262 1020 1294 arriperet,

236 1305 555 1340 docentemquepatrem
571 1305 698 1333 discendo
720 1311 747 1333 et
767 1307 913 1340 quaerendo
927 1307 1023 1334 defati-

236 1356 324 1385 garet.
349 1351 414 1379 Curti
435 1352 507 1379 enint
535 1352 631 1379 selecti
647 1360 663 1379 e
684 1352 826 1388 Scriptura
848 1359 941 1381 sancta
970 1355 1020 1382 loci

236 1397 350 1432 singulis
368 1397 522 1433 quibusque
541 1399 638 1426 diebus
657 1399 795 1426 memoria:
812 1400 1020 1428 commendandi

236 1443 286 1478 ipsi
301 1448 534 1478 proponerentur,
557 1444 667 1478 proclivi
693 1446 835 1472 verborum
863 1452 943 1472 sensu
968 1452 1021 1472 non

236 1493 391 1522 contentus,
406 1489 549 1522 satagebat
565 1489 659 1516 subire
677 1489 710 1515 ad
727 1489 868 1522 interiora,
885 1495 912 1516 ct
931 1497 1022 1517 recorr-

236 1534 307 1562 ditas
324 1534 473 1561 sententias
491 1534 629 1567 evolvere,
649 1539 811 1570 patremque
834 1535 943 1563 assidua
959 1543 1020 1571 per-
1032 1549 1054 1578 α

236 1581 390 1609 conlatione
408 1581 566 1610 lacessebat.
580 1582 619 1608 Ac
633 1588 748 1615 puerum
768 1581 874 1616 quidem
889 1583 1020 1610 immode-

235 1633 294 1654 rata
309 1628 424 1662 quadam
448 1627 547 1662 ingenii
563 1627 686 1654 ubertate
705 1627 921 1661 superﬁnentem
940 1635 1018 1655 coer-

235 1674 323 1706 cebat,
339 1673 484 1709 palamque
504 1673 672 1712 castigabat;
687 1674 735 1701 sed
753 1673 857 1701 felicem
880 1674 1019 1702 nihilomi-

235 1729 286 1748 nus
296 1721 379 1748 anitni
400 1721 517 1748 calorem
535 1721 633 1753 tacitus
652 1721 789 1748 admirans
805 1721 922 1748 futurutn
936 1730 1020 1757 augu-

235 1767 348 1794 rabatur
363 1772 392 1794 ut
411 1768 445 1794 ad
462 1766 565 1801 majora
580 1767 716 1802 aspiraret
727 1768 874 1802 aliquando
887 1788 894 1800 ,
911 1767 1020 1802 ﬁlioque

235 1814 352 1840 nondum
370 1813 463 1848 puberi
479 1820 585 1841 summa
597 1814 687 1840 omnia
697 1813 799 1848 judicio
813 1821 863 1841 suo
876 1814 1018 1842 tribuebat.

234 1858 287 1886 Sed
302 1866 370 1893 quas
388 1859 504 1886 interdiu
519 1859 665 1887 blanditias
688 1859 833 1894 prudentia
853 1865 880 1887 et
901 1861 1020 1894 gravitas

234 1905 437 1938 continuarent,
454 1913 501 1933 eas
519 1910 598 1933 noctu
615 1905 719 1940 patrius
735 1912 814 1933 amor
828 1906 1017 1940 exprimebat;

235 1950 328 1978 ferunt
349 1952 480 1986 siquidem
498 1951 660 1979 dormientis
676 1951 829 1980 cubiculum
847 1952 923 1986 pueri
947 1960 1019 1987 saepe

234 1996 386 2033 ingressum
403 1998 522 2030 Patrem,
550 1999 679 2025 nudatum
702 1997 748 2025 ﬁlii
768 2001 877 2032 pectus,
893 1998 932 2025 sic
957 2003 1018 2025 tan~

236 2050 317 2078 quam
339 2043 448 2078 aliquod
477 2043 597 2078 Spiritus
620 2042 706 2071 sancti
733 2041 899 2070 domicilium
932 2042 1017 2071 fuisse

237 2088 440 2123 exosculatum,
465 2090 574 2126 Deoque
596 2095 686 2126 grates
713 2091 811 2127 egisse,
839 2093 884 2128 qui
909 2100 938 2120 se
963 2097 1017 2121 tam

235 2139 310 2167 felici
323 2139 398 2175 prole
412 2140 544 2168 auxisset.

270 2184 304 2213 V.
340 2185 395 2221 (t3)
421 2185 567 2220 Postquam
597 2185 757 2215 domesﬁcis
787 2187 1014 2222 praeceptionibus

233 2231 377 2259 roboratus
395 2231 502 2259 animus
524 2231 665 2266 publicam
677 2232 763 2261 lucem
782 2241 904 2267 quaerere
922 2235 1014 2269 erepit,

234 2276 291 2311 (Μ)
316 2276 448 2304 Clementi
471 2277 665 2310 Alexandrino,
688 2279 734 2313 qui
752 2278 874 2306 Pantzeni
894 2280 1015 2307 scholant

234 2323 377 2357 regendam
392 2328 564 2358 susceperat,
591 2324 618 2351 in
640 2324 809 2358 disciplinam
831 2325 946 2353 traditus
963 2331 1014 2358 est,

233 2375 289 2402 quo
300 2368 430 2403 magistro
444 2372 549 2396 tantum
571 2369 658 2398 valuit
676 2370 808 2405 ingeniosi
832 2371 1013 2399 adolescentis

232 2414 406 2447 exercitatio,
430 2418 459 2442 ut
483 2419 581 2448 praeter
601 2415 700 2442 artium
726 2422 868 2444 sacrarum
892 2416 1012 2452 discipli-

231 2467 307 2494 nam,
328 2461 363 2488 ad
377 2467 457 2495 quam
475 2459 667 2489 meditationes
680 2461 737 2490 fere
751 2461 887 2490 referebat
907 2470 1010 2496 omnes,

280 2540 323 2579 l2)
339 2540 531 2579 Euseb.,Hiat.
543 2544 648 2574 etcles..
661 2542 707 2571 lib.
725 2551 764 2576 vt,
779 2550 840 2579 cap.
856 2542 870 2570 1
886 2547 913 2571 et
925 2544 953 2571 2.

278 2577 321 2612 15)
343 2577 424 2610 Idem,
436 2577 483 2605 lib.
501 2586 538 2610 vr,
558 2586 617 2612 cap.
633 2578 660 2607 6.

265 2612 322 2648 (14)
344 2612 470 2640 Clementi
494 2613 685 2646 Alexandrino,
705 2617 758 2640 etc.
773 2612 887 2641 Videtur
907 2614 934 2642 in
960 2616 1011 2643 hac

231 2648 378 2683 Clementis
397 2648 488 2675 schola
504 2648 719 2683 condiscipulum
738 2648 867 2676 habuisse
894 2649 1013 2677 Alexan—

231 2682 586 2718 drum,Jerosolymitanum
612 2682 704 2718 postea
728 2684 884 2719 episcopum
897 2704 905 2716 ,
922 2686 1011 2712 virum

232 2719 443 2749 sanctissimum,
459 2726 539 2754 quem
556 2720 721 2746 acerrimum
741 2719 839 2746 deinde
861 2720 902 2746 sui
916 2720 1009 2747 defen-

232 2760 320 2788 sorem
344 2758 470 2788 expertus
492 2758 544 2781 est.
559 2755 647 2782 Ambo
669 2754 741 2782 enim
757 2754 838 2788 apud
865 2754 1008 2782 Eusebium

234 2786 306 2813 Hist.
332 2786 475 2815 ecclesiast.
501 2788 547 2815 lib.
573 2797 612 2820 vr,
632 2796 692 2823 cap.
720 2788 764 2816 14.
785 2786 960 2817 Clementem
983 2794 1012 2816 ut

234 2827 372 2855 parentem
387 2842 393 2853 ,
411 2827 437 2849 ct
453 2823 604 2850 conciliata:
628 2824 698 2850 inter
717 2831 746 2851 se
771 2824 898 2851 amicitia:
918 2829 1012 2851 aucto-

235 2865 291 2884 t'cm
309 2863 464 2891 agnoscunt.
481 2857 579 2886 Eodem
594 2859 695 2886 honore
720 2863 748 2885 ut
765 2859 924 2891 magistrum
953 2867 1010 2887 uro‘

1082 248 1109 272 et
1124 243 1332 271 mathematicas
1346 242 1379 269 ad
1396 242 1453 269 haec
1483 246 1555 269 artes
1572 241 1788 276 facultatemque
1805 251 1868 269 ora-

1082 289 1178 316 toriam
1204 288 1373 323 adjungeret.
1392 286 1543 322 Applicavit
1558 286 1655 314 deinde
1669 293 1732 313 sese
1751 287 1786 312 ad
1805 287 1869 313 Amo

1081 336 1211 368 monium,
1231 339 1408 370 cognomento
1434 333 1560 364 Saccarn,
1582 337 1607 360 et
1624 334 1650 359 in
1664 332 1724 368 ejus
1738 333 1870 360 exhedris

1081 383 1214 417 insignem
1245 381 1419 416 philosophia:
1446 380 1571 415 peritiam
1598 380 1785 414 comparavit,
1822 381 1866 407 sed

1083 428 1230 456 Platonica:
1247 427 1408 462 priesertim,
1424 433 1483 462 qua:
1497 430 1550 452 tam
1569 425 1636 453 altas
1651 425 1677 452 in
1693 425 1754 460 ejus
1774 425 1867 452 animo

1080 475 1185 501 radices
1201 474 1265 508 egit,
1283 478 1312 501 ut
1328 477 1533 501 succrescentes
1552 472 1717 499 Christianae
1732 471 1866 498 doctrina

1078 519 1169 555 fruges
1187 520 1371 552 interﬁceret;
1397 527 1457 546 nam
1470 518 1602 546 Ecclesia:
1615 518 1682 545 scita
1701 517 1758 545 fere
1772 517 1867 551 exige-

1077 566 1125 594 bat
1142 567 1175 594 ad
1192 574 1314 594 normam
1327 565 1457 598 Platonis,
1469 570 1495 592 et
1505 565 1610 592 sincera
1623 563 1724 591 Christi
1738 564 1864 598 dogmata

1078 612 1235 646 Platonicis,
1252 619 1280 640 ut
1295 613 1330 639 ita
1346 612 1434 638 dicam
1446 632 1453 644 ,
1478 610 1615 638 coloribus
1639 610 1793 637 oblinehal.
1817 610 1862 637 Est

1077 660 1146 694 apud
1159 659 1319 687 Wernerurn
1336 660 1362 686 in
1382 657 1520 685 Fasciculo
1537 663 1696 691 temporum,
1714 656 1861 685 Alexandri

1077 704 1104 732 in
1117 704 1343 740 Jerosolymitano
1354 704 1510 739 episcopatu
1522 703 1690 730 decessorem
1702 701 1739 728 Na
1745 702 1858 728 rcissum

1076 752 1201 787 Origenis
1212 751 1295 779 fuiSse
1311 751 1479 786 magistrum.
1496 749 1561 777 Tale
1573 749 1681 784 quidem
1697 749 1765 776 nihil
1781 749 1862 776 habet

1076 798 1206 826 Eusebius
1217 806 1224 829 ;
1240 804 1325 832 neque
1337 801 1411 824 certe
1422 797 1492 824 unde
1504 796 1530 823 id
1541 796 1687 830 sumpserit
1701 795 1863 829 Wernerus,

1075 843 1244 871 comminisci
1279 850 1398 877 possum.
1427 840 1565 868 Halloxius
1590 840 1735 875 Origenem
1767 840 1863 868 scribit

1040 882 1061 908 Β
1077 890 1234 917 Patttaanum
1254 896 1361 924 quoque
1375 892 1567 924 praeceptorem
1581 887 1717 914 audivisse
1735 894 1742 919 ;
1761 887 1805 913 cui
1824 886 1861 913 uti

1076 935 1256 962 assentiamur
1273 933 1344 961 nulla
1365 941 1415 961 nos
1437 934 1575 961 adducunt
1591 937 1714 959 veterum
1738 931 1861 959 testimo-

1075 982 1136 1014 nia;
1161 980 1215 1008 imo
1230 987 1294 1007 vero
1313 979 1444 1014 refragari
1468 978 1550 1006 etiam
1562 978 1687 1005 videnlur
1701 986 1707 1004 :
1723 976 1862 1003 memoria:

1075 1027 1174 1062 quippe
1193 1026 1283 1061 prodit
1308 1025 1440 1054 Eusebius
1459 1024 1605 1059 Origenem
1618 1024 1699 1051 etiam
1717 1028 1773 1049 tum
1798 1030 1860 1056 pue-

1075 1082 1134 1101 rum
1157 1073 1303 1101 Clementis
1324 1072 1474 1100 auditorem
1497 1071 1596 1103 fuisse;
1621 1075 1682 1105 post
1702 1070 1859 1096 Panecnum

1075 1125 1164 1147 autem
1180 1120 1372 1147 Alexandrinae
1393 1118 1495 1146 schola:
1520 1117 1690 1145 Clementem
1708 1116 1858 1150 prazl'uisse.

1074 1166 1191 1194 Docendi
1206 1167 1287 1200 igitur
1299 1173 1390 1193 curam
1407 1168 1471 1192 tunc
1485 1163 1615 1199 abjecerit
1627 1163 1782 1194 Pantzenus,
1799 1169 1858 1189 cum

1074 1213 1188 1248 prinnnn
1205 1212 1341 1247 magistris
1355 1219 1420 1238 ttsus
1431 1215 1472 1238 est
1488 1209 1631 1245 Origenes.
1654 1208 1773 1236 Narrant
1787 1217 1854 1240 quo-

1073 1265 1125 1293 que
1140 1257 1384 1293 Magdeburgenses
1400 1255 1474 1283 Cent.
1488 1263 1529 1289 nt,
1547 1263 1572 1282 c.
1594 1254 1636 1287 10,
1664 1254 1738 1281 inter
1759 1261 1860 1289 prec-te-

1073 1309 1164 1340 ptores
1185 1302 1310 1338 Origcnis
1340 1302 1455 1329 lluillmn
1480 1301 1615 1329 recenseri
1638 1301 1671 1328 ab
1693 1299 1858 1335 Hieronymo

1074 1351 1099 1377 in
1121 1350 1248 1385 Apologia
1261 1350 1287 1375 in
1305 1348 1436 1383 Ruﬁnum.
1454 1348 1494 1375 Ab
1506 1347 1594 1374 Iluillo
1608 1346 1717 1382 quidem
1729 1345 1857 1373 nonnulla

1073 1396 1203 1423 tnonittnn
1218 1395 1301 1422 fuisse
1330 1394 1487 1428 Origenem,
1503 1401 1562 1428 qua:
1583 1393 1615 1420 ad
1629 1392 1764 1419 veriorem
1789 1392 1859 1420 Scri-

1073 1447 1159 1476 ptura:
1186 1441 1438 1476 interpretationem
1455 1440 1634 1474 pertinerent,
1649 1445 1745 1468 narrat
1763 1437 1857 1466 Hiero-

1043 1480 1045 1486 ,
1072 1495 1170 1523 nymus
1185 1488 1232 1515 lib.
1250 1495 1269 1521 ι,
1286 1495 1346 1521 cap.
1361 1487 1390 1513 5.
1413 1486 1490 1519 Quod
1516 1487 1538 1513 si
1555 1491 1704 1520 praeceptor
1726 1485 1859 1513 dicendus

1071 1538 1132 1567 est,
1160 1533 1205 1568 qui
1232 1538 1370 1560 errantem
1396 1531 1507 1559 meliora
1534 1539 1583 1565 pro
1611 1535 1733 1565 tempore
1771 1530 1856 1557 amice

1072 1580 1236 1612 submonet,
1273 1578 1396 1612 profecto
1433 1578 1588 1613 quicunque
1622 1576 1720 1603 litteris
1760 1576 1857 1604 damcs

1071 1633 1181 1661 operam
1201 1625 1285 1652 nostri
1302 1624 1416 1651 invicem
1437 1627 1618 1659 pra‘ceptores
1632 1630 1737 1653 sumus,
1758 1623 1856 1657 quippe

1071 1673 1116 1707 qui
1142 1679 1190 1700 nos
1210 1672 1327 1700 invicem
1351 1670 1460 1698 monitis
1480 1669 1607 1703 juvamus
1622 1672 1649 1695 et
1669 1668 1805 1700 consiliis,
1828 1672 1857 1694 et

1101 1719 1171 1744 Hanc
1182 1717 1276 1744 veniam
1286 1716 1444 1750 petimusque,
1455 1715 1587 1748 damusque
1601 1713 1707 1740 vicissim
1722 1713 1785 1745 (15).

1106 1766 1149 1794 Vl.
1163 1766 1219 1792 Duo
1234 1772 1314 1799 porro
1328 1763 1372 1790 hic
1386 1762 1500 1790 videnda
1521 1766 1601 1794 sunt,
1627 1766 1716 1788 utrum
1743 1761 1856 1788 Ammo-

1071 1813 1144 1840 nium
1157 1810 1293 1838 audiverit
1303 1809 1451 1844 Origenes;
1466 1813 1521 1835 tum
1534 1809 1659 1843 pluresne
1671 1806 1752 1841 hujus
1769 1806 1855 1833 nomi-

1070 1858 1114 1886 nis
1141 1864 1174 1884 ex
1199 1855 1337 1884 Antmonii
1358 1854 1450 1882 schola
1472 1853 1642 1889 prodierint:
1658 1853 1716 1880 haec
1743 1852 1817 1879 enim
1838 1859 1854 1878 a

1069 1903 1138 1931 viris
1153 1903 1267 1931 eruditis
1280 1902 1308 1929 in
1331 1905 1476 1935 utramque
1499 1904 1604 1935 partetn
1623 1898 1760 1933 disputata
1782 1901 1854 1924 sunt.

1071 1951 1191 1979 Priorem
1217 1948 1393 1984 quaestionem
1421 1948 1507 1982 agitat
1531 1945 1663 1974 Baronius
1688 1945 1723 1973 ad
1753 1952 1853 1972 atmurn

1069 1997 1170 2025 Christi
1183 1996 1246 2027 254,
1264 1994 1414 2029 mirarique
1429 2001 1458 2020 se
1477 1993 1543 2020 dicit
1557 1991 1602 2027 qui
1626 1991 1720 2019 audire
1739 1991 1851 2018 Ammo-

1069 2044 1143 2070 nium
1152 2042 1269 2078 potuerit
1282 2041 1412 2075 Origenes
1422 2039 1565 2066 Ammonio
1576 2037 1633 2066 fere
1643 2042 1724 2064 (etate
1739 2044 1848 2072 suppa-.3

1069 2094 1096 2118 et
1111 2089 1224 2116 aliorum
1241 2087 1299 2121 ipse
1315 2085 1478 2113 institutioni
1503 2088 1568 2111 ante
1583 2091 1682 2110 annum
1700 2083 1789 2110 aetatis
1804 2082 1853 2109 tri-

1068 2135 1200 2164 cesimum
1216 2131 1369 2167 przefectus.
1390 2130 1472 2164 Quasi
1497 2137 1550 2157 non
1573 2129 1615 2157 his
1637 2136 1707 2164 saape
1726 2128 1853 2163 tempori-

1069 2182 1128 2213 bus,
1153 2184 1183 2208 ut
1204 2178 1326 2214 pluribus
1347 2177 1522 2212 probabimus
1544 2175 1628 2208 infra,
1651 2175 1709 2209 jam
1734 2176 1853 2210 grandes

1030 2217 1053 2245 Ῑ)
1068 2232 1134 2255 natu
1149 2225 1198 2253 viri
1213 2224 1320 2253 scholas
1334 2222 1546 2258 frequentarint;
1557 2225 1584 2249 et
1600 2221 1679 2256 hujus
1690 2222 1775 2256 ipsius
1787 2222 1853 2248 Am-

1068 2272 1153 2301 monii
1171 2270 1318 2305 discipulus
1338 2268 1470 2300 Plotinus,
1486 2267 1519 2295 ad
1536 2274 1598 2294 eum
1619 2266 1785 2294 audiendum
1805 2274 1853 2293 au-

1067 2327 1116 2347 nos
1132 2318 1225 2354 viginti
1242 2321 1303 2344 octo
1330 2321 1410 2343 natus
1439 2322 1492 2343 non
1520 2317 1676 2346 accesserit,
1705 2321 1851 2348 annosque

1066 2374 1127 2394 eum
1144 2364 1268 2391 undecim
1293 2362 1425 2389 audiverit
1442 2370 1449 2388 :
1469 2361 1547 2395 quasi
1563 2360 1771 2388 catechumenis
1784 2360 1846 2387 ﬁdei

1066 2411 1225 2439 Christiano:
1253 2409 1404 2436 ruditnenta
1434 2408 1557 2441 tradere,
1589 2411 1617 2434 et
1640 2406 1848 2442 grammaticam

1070 2459 1178 2496 publice
1189 2455 1309 2492 proﬁteri
1323 2462 1375 2481 non
1389 2455 1507 2489 potuerit
1521 2452 1668 2487 Origenes;
1689 2453 1747 2487 ipse
1764 2453 1850 2480 succi—

1065 2539 1360 2578 seqttuntur_Pari_nutn.
1384 2535 1423 2578 Ad
1439 2537 1464 2578 id_
1477 2540 1568 2578 autem
1591 2536 1661 2570 quod
1683 2534 1779 2578 objicit
1792 2534 1847 2578 cla-

1065 2571 1189 2606 rissimus
1207 2575 1319 2602 lluetius
1335 2580 1367 2600 ex
1385 2571 1502 2599 Eusebio
1522 2571 1665 2606 Origenem
1691 2572 1775 2606 etiam
1792 2576 1843 2596 ιυιιι

1065 2605 1178 2649 puerum
1199 2609 1345 2649 Clementis
1365 2607 1513 2649 auditorem
1535 2607 1639 2649 fuisse;
1666 2609 1726 2649 post
1745 2605 1846 2649 Patruu—

1060 2641 1124 2676 t'mm
1147 2652 1235 2673 autent
1261 2642 1450 2671 Alexandrina:
1467 2641 1566 2668 schola:
1589 2641 1757 2668 Clementem
1776 2648 1842 2673 prae,

1060 2683 1155 2714 fuisse,
1181 2680 1324 2715 respondet
1342 2677 1532 2715 Tillemon‘tius
1549 2675 1706 2715 Pautzemnn
1725 2675 1840 2715 quidem

1066 2719 1092 2745 in
1107 2709 1208 2744 Indiam
1223 2709 1372 2750 profectum
1385 2719 1446 2740 esse
1459 2711 1534 2750 circa
1548 2718 1647 2750 annum
1668 2710 1769 2750 Christi
1785 2709 1841 2741 189,

1064 2761 1124 2781 cum
1144 2745 1300 2786 quadrimus
1315 2748 1403 2786 adhuc
1424 2751 1491 2786 erat
1515 2746 1735 2786 Origenes,__sed
1759 2745 1841 2777 ipsum

1065 2780 1159 2822 postea
1177 2783 1367 2822 Alexandriam
1385 2782 1507 2822 rediisse,
1525 2786 1553 2807 ut
1566 2782 1646 2822 docet
1663 2780 1842 2815 llierouytnus

1068 2816 1093 2850 in
1111 2821 1230 2855 Catalog.
1250 2819 1339 2855 script.
1351 2818 1507 2848 ecclesiam,
1521 2823 1586 2855 cap._

1103 2856 1158 2889 (15)
1175 2851 1266 2884 liorat.
1287 2854 1324 2881 De
1339 2858 1378 2880 un
1391 2857 1472 2888 paen,
1488 2859 1556 2880 vers.
1576 2851 1619 2878 tt.
