1915 3079
75 124 125 152 αι

584 126 871 156 ORIGE‘NIANOKUM
891 127 954 156 LIB.
977 129 996 164 Ι,
1017 130 1091 159 CAP.
1113 131 1135 159 l.

1645 137 1697 166 642

79 183 143 211 siris
167 183 244 211 horis
263 183 412 218 sepositum
437 184 472 212 ad
496 185 661 213 audiendum
685 187 859 215 Ammonium
875 192 898 219 Α
913 189 1075 225 simpliciter
1090 191 1177 223 dicti;
1192 191 1307 220 alterum
1324 180 1554 230 Origenistarum,
1569 197 1616 231 qui
1631 197 1696 225 foedi

80 235 181 264 tempus
194 229 304 257 habere.
318 230 410 264 Neque
424 238 488 258 vero
501 237 560 266 post
572 232 724 268 Porphyrii.
739 234 859 265 Eusebii.

78 276 219 311 Niccpliori
240 281 268 303 et
286 276 377 304 Suida
398 278 595 312 testimonium,
629 281 693 315 quin
716 281 859 309 Ammonio

78 321 206 356 magistro
225 329 288 349 usus
299 322 344 356 sit,
360 327 449 357 potest
460 323 587 351 dubitari.

110 367 165 396 νει.
193 368 315 403 Spissior
339 373 381 396 est
403 373 430 397 et
449 371 618 398 reconditior
632 371 717 399 altera
732 372 856 406 quaestio,

77 414 150 448 cujus
159 418 286 441 accurate
298 415 481 449 pertractandi
492 416 661 443 commodum
674 419 746 445 nacti
758 418 855 451 lucum,

77 466 126 487 non
156 459 360 495 disputabimus
388 465 491 488 tantum
513 461 643 496 pluresne
668 463 797 498 Origenes
822 473 855 492 ex

75 505 206 533 Ammonii
229 506 319 534 schola
335 506 388 533 orti
413 507 478 538 sint.
499 508 546 534 sed
569 509 602 535 ab
625 516 714 536 unone
731 510 811 537 etiam
829 515 855 538 et

75 551 164 579 eodem
181 550 300 586 Origene
315 553 414 588 duplex
428 552 644 587 Origenistarum
664 555 853 584 haereticorum

73 602 142 625 secta
170 598 293 632 profecta
318 599 367 632 sit;
391 603 448 626 tum
468 600 547 627 etiam
570 600 746 635 multiplexne
775 602 854 630 fuerit

75 643 260 670 Adamantius.
273 642 326 670 Per
341 643 406 670 mihi
426 650 492 670 sane
513 643 601 678 placet
624 645 731 672 llenrici
754 645 851 674 Valesii

73 689 212 721 sententia,
225 689 277 716 viri
292 689 486 718 ecclesiasticae
496 691 573 726 juxta
591 696 619 718 et
636 692 758 726 profana:
780 693 851 719 anti-

72 734 177 770 quitatis
191 734 311 763 litterate
322 737 414 771 periti.
438 737 463 765 ls
481 739 507 765 in
522 738 667 766 luculentis
687 739 719 766 ad
743 740 851 767 Eusebii

74 779 214 806 Historiam
228 781 451 810 adnotationibus
466 784 604 818 geminum
623 784 770 819 Origenem
785 786 851 813 Am-

73 825 155 853 nlonio
164 833 274 860 operam
286 829 319 855 ad
329 829 492 857 audiendum
501 830 608 858 dedisse
617 832 724 863 scribit.
736 833 849 860 alterum

73 871 256 899 Adamantium
284 880 424 908 nostrum;
453 875 570 904 alterum
611 877 686 904 illum
714 879 759 913 qui
788 887 849 906 cum

72 915 197 945 Herennio
206 918 348 952 etflotino
360 927 373 947 a
388 921 602 957 condiscipulatu
617 923 761 957 conjuncte
774 925 848 957 vixit,

71 967 94 990 et
106 962 177 998 cujus
196 964 324 999 frequens
347 967 467 994 occurrit
482 970 585 995 mentio
606 969 633 996 in
667 969 726 996 Vita
747 970 849 998 Plotini

71 1016 83 1035 τι
94 1008 241 1045 Porphyrio
253 1013 418 1047 conscripta,
432 1013 495 1040 etin
510 1014 572 1042 libri
588 1014 625 1042 Da
635 1015 688 1049 ﬁne
697 1023 711 1042 a
727 1016 848 1052 Longino

72 1054 192 1083 lucubrati
208 1056 372 1092 fragmento,
398 1059 468 1093 quod
484 1059 546 1087 huic
568 1060 617 1095 ipsi
644 1059 710 1087 Vita’
727 1061 848 1098 Porphy-

70 1102 120 1129 rius
135 1102 261 1130 intexuit.
276 1103 407 1133 Rationes
419 1105 517 1140 quibus
533 1106 560 1133 id
575 1107 672 1134 astruit
690 1108 732 1134 vir
751 1109 847 1137 doctus

69 1147 136 1176 brevi
154 1150 331 1185 complectar.
343 1151 535 1179 Adamantium
549 1153 693 1188 Origenem
708 1155 845 1183 Ammonii

70 1195 208 1223 auditorem
219 1197 331 1224 multam
343 1206 375 1224 ex
392 1199 502 1233 scriptis
514 1199 583 1234 apud
597 1205 720 1234 posteros
732 1201 844 1236 gloriam

69 1235 144 1270 fuisse
154 1248 331 1271 consecutum
346 1253 361 1272 a
378 1243 530 1281 Porphyrio
548 1249 619 1281 apud
644 1235 742 1277 Euseb.
771 1249 841 1278 Ηὶσι.

69 1286 110 1314 lib.
124 1295 158 1319 Vt,
174 1296 235 1324 cap.
251 1289 296 1322 19,
317 1291 445 1318 traditum
458 1296 499 1319 est
514 1301 522 1327 ;
536 1297 563 1320 at
577 1293 719 1329 Origenem
731 1295 843 1324 alterum

67 1332 155 1362 Plotini
170 1336 292 1364 sodalem
319 1337 387 1364 nihil
403 1343 503 1373 praeter
516 1339 636 1368 libellum
665 1341 702 1369 De
720 1344 844 1371 dwmoni-

68 1379 244 1415 iusseriptum
265 1382 409 1418 reliquisse
422 1384 519 1413 docent
534 1386 616 1413 iidem
629 1387 793 1424 Porphyrius
816 1395 844 1419 et

67 1424 202 1460 Longinus.
230 1427 434 1463 lmperautihus
453 1437 588 1465 praeterea
614 1432 693 1461 Gallo
715 1440 742 1462 et
763 1435 842 1463 Volu-

67 1476 135 1502 siano
148 1475 289 1511 Origeuem
308 1484 368 1504 eum
380 1498 388 1511 ,
406 1479 451 1513 qui
482 1479 659 1508 Adamantius
684 1488 838 1518 usurpatur,

66 1526 204 1548 cx'remum
221 1522 355 1551 clausisse
371 1523 442 1552 diem
460 1525 550 1560 prodit
565 1526 719 1560 Eusebius;
746 1528 841 1565 Orige-
855 1539 876 1567 α

66 1579 120 1597 nem
134 1580 194 1599 vero
214 1573 331 1600 alterum
353 1574 406 1601 sub
426 1573 552 1601 Gallieno
573 1575 671 1602 librum
697 1579 840 1611 quemdam

65 1617 205 1644 elaborasse
218 1619 244 1645 in
261 1619 356 1646 eadem
377 1617 479 1646 Plotini
488 1619 559 1655 ,Vita
574 1621 703 1656 scriptum
718 1621 841 1659 Porpby.

66 1661 114 1688 rius
140 1662 259 1697 reliquit.
286 1662 390 1695 Quibus
419 1664 528 1691 tertium
563 1665 627 1692 illud
651 1672 839 1701 argumentum

64 1707 133 1734 addo.
147 1706 291 1743 Origenem
307 1709 499 1737 Adamantium
513 1710 656 1739 sibi'walde
675 1713 837 1741 adolescenti

63 1755 189 1789 cognitum
215 1756 365 1791 aliquando
399 1756 484 1784 fuisse
515 1756 682 1794 Porphyrius
710 1761 836 1793 tradidit;

64 1800 126 1835 quod
145 1809 195 1829 non
212 1803 328 1830 dixisset
350 1803 483 1837 proiecto,
511 1804 534 1831 si
560 1804 686 1831 diuturna
706 1806 756 1833 sibi
777 1814 837 1833 cum

63 1845 103 1873 ilo
113 1851 138 1874 et
155 1852 284 1875 constans
306 1847 511 1875 intercessisset
533 1849 703 1877 necessitudo
719 1857 726 1874 :
744 1849 839 1885 Orige-

66 1891 103 1919 nis
113 1897 198 1921 autem
218 1893 334 1920 alterum
353 1893 448 1920 Romae
470 1894 684 1929 condiscipulum
704 1900 731 1922 et
747 1903 837 1929 aequa-

64 1938 108 1966 lem
117 1939 196 1968 fuisse
207 1940 390 1977 Porphyrium
404 1941 541 1968 memoria:
557 1941 674 1976 prodidit
687 1941 834 1976 Eunapius.

63 1983 125 2012 Sane
138 1986 280 2021 imperium
302 1991 411 2014 tenente
432 1986 558 2022 Philippo
575 1987 627 2015 iter
639 1987 752 2015 Romam
769 1995 833 2015 neu-

65 2030 154 2065 tiquam
170 2033 323 2068 suscepisse
337 2032 480 2069 Origenem
494 2033 695 2068 Adamantium,
707 2038 734 2060 et
750 2033 834 2061 Roma

65 2078 160 2106 omnino
174 2087 221 2115 per
245 2080 271 2107 id
296 2085 401 2115 tempus
423 2079 542 2108 abfuisse
569 2081 750 2108 certissimum
768 2085 833 2114 est;

64 2130 104 2150 nec
115 2126 180 2151 enim
198 2130 251 2152 tarn
265 2125 373 2161 longam
391 2126 636 2161 peregrinationem
649 2125 779 2154 credibile
792 2130 834 2154 est

63 2168 155 2198 silentio
176 2170 260 2199 fuisse
275 2172 508 2206 praetermissurus
524 2172 671 2200 Eusebium
689 2178 716 2200 et
730 2172 826 2200 Hiero-

62 2222 155 2250 nymum
172 2227 179 2246 :
195 2223 222 2245 at
235 2218 381 2251 Origenem
396 2218 511 2245 alterum
535 2220 566 2246 ad
584 2219 716 2247 Plotinum
738 2218 829 2246 Romae
845 2219 867 2246 D

61 2263 108 2288 tum
135 2262 159 2290 in
188 2264 289 2292 scholis
324 2264 430 2298 publice
468 2265 647 2292 disserentem
680 2264 829 2291 accessisse

61 2311 142 2334 auctor
159 2314 199 2336 est
215 2309 285 2336 idem
299 2308 479 2345 Porphyrius.
505 2310 532 2336 ld
553 2310 575 2337 si
593 2309 828 2336 animadvertisset

61 2351 176 2382 lhrouius
188 2355 254 2393 (l6),
273 2363 361 2391 neque
382 2362 478 2384 contra
502 2355 611 2384 Eusebii
627 2355 708 2382 ﬁdem
729 2354 826 2390 Orige-

60 2405 110 2425 nem
131 2400 329 2434 Adamantium,
355 2408 434 2436 quem
461 2401 495 2428 ab
521 2401 574 2428 alio
605 2408 658 2428 non
692 2401 826 2434 distinxit,

60 2447 162 2474 secundo
180 2447 293 2475 Romam
308 2447 409 2475 abiisse
427 2448 461 2475 ad
477 2446 627 2475 Fabianum
650 2455 745 2482 papam
763 2455 827 2482 pur-

60 2493 127 2522 tandi
141 2493 178 2521 sui
196 2501 278 2522 causa
300 2494 494 2530 excogitasset,
522 2501 610 2529 neque
627 2493 775 2521 Possevino
798 2498 826 2520 et

60 2534 163 2565 llalloxio
185 2539 254 2567 idem
280 2544 310 2568 ut
340 2540 485 2568 crederent
507 2547 619 2567 causam
642 2540 824 2574 praebuisset:

60 2580 102 2609 hoc
124 2585 191 2612 enim
205 2593 274 2613 unus
299 2586 345 2614 ille
372 2586 517 2622 Porphyrii
545 2586 620 2613 locus
642 2586 700 2612 viro
726 2592 824 2619 magno

59 2630 182 2659 Persuasit.
196 2630 427 2664 Quemadmodum
453 2636 543 2659 autem
558 2631 626 2658 duos
646 2630 777 2665 Origenes
795 2629 822 2657 in

59 2679 128 2702 unum
142 2677 317 2705 confuderunt
330 2678 465 2711 nonnulli,
495 2679 532 2705 ita
558 2685 590 2705 ex
609 2685 662 2704 uno
678 2681 706 2704 et
727 2677 822 2703 eodem

58 2719 159 2756 Origene
178 2723 304 2752 Leonida:
329 2724 384 2753 lilio
400 2726 468 2752 duos
493 2724 623 2760 Origenes
644 2724 689 2750 alii
713 2723 822 2751 elIinxe-

59 2770 118 2800 runt,
130 2775 218 2796 verum
234 2770 363 2804 alterum,
382 2779 398 2798 a
423 2778 479 2807 quo
501 2771 553 2799 orti
576 2775 640 2798 sunt
660 2769 821 2804 Origenistae

869 866 888 892 Β

91 2855 135 2894 ,16)
151 2858 244 2888 Baron.
262 2861 294 2889 ad
307 2869 352 2889 an.
366 2860 437 2897 ⁸268.Δ

910 236 1092 270 cognominati
1120 241 1200 270 sunt,
1216 239 1366 274 principem
1381 244 1409 268 et
1426 241 1647 275 antesignanum.
1664 242 1694 270 ld

909 282 995 309 miror
1012 287 1115 310 temere
1131 284 1276 312 nonnullos
1294 286 1448 320 alIirmare,
1476 288 1547 322 quod
1570 288 1696 323 ignorare

909 335 938 355 se
955 332 1070 356 testatur
1086 330 1252 364 Epiphanius
1264 333 1383 365 scriptor
1400 333 1646 368 locupletissimus,
1668 339 1696 362 et

907 375 1048 409 proximus
1066 381 1218 410 temporum
1240 376 1358 405 illorum.
1381 379 1524 413 Epiphanii
1546 381 1629 407 verba
1645 387 1694 415 pa-

907 429 967 447 rum
984 421 1091 449 sincere
1108 422 1225 449 reddidit
1247 423 1438 458 Augustinus.:
1454 432 1515 451 cum
1541 425 1613 452 enim
1630 433 1694 452 cou-

906 467 992 502 ceplis
1009 468 1098 495 verbis
1115 469 1222 496 nescire
1243 477 1272 495 se
1289 470 1428 503 professus
1451 471 1550 498 {uisset
1572 471 1692 506 Epipha-

906 513 968 540 nius
990 513 1055 542 h:cr.
1071 514 1116 545 65.
1132 522 1191 549 cap.
1212 515 1238 546 l,
1261 520 1288 541 et
1306 516 1370 542 haar.
1393 516 1438 547 δι,
1463 524 1523 551 cap.
1541 517 1568 549 5,
1597 525 1630 545 an
1656 519 1692 546 ab

905 559 1068 587 Adamantio
1079 560 1207 595 Origene,
1232 568 1267 587 an
1288 561 1322 587 ab
1339 561 1392 588 alio
1414 563 1510 595 impuri
1533 563 1692 599 Origenisue

905 607 1044 640 propagati
1069 607 1135 638 siut,
1160 608 1216 634 haec
1234 609 1270 635 ita
1296 608 1414 636 reddidit
1441 609 1620 644 Augustinus,
1640 611 1688 639 lib.

905 651 944 677 De
968 653 1045 683 hll'l'.,
1077 661 1136 687 cap.
1159 653 1204 685 49.,
1229 654 1382 689 Origeniam'
1401 663 1417 682 a
1440 656 1554 690 quodam
1579 656 1691 692 Origene

904 698 969 724 dicti
984 703 1043 725 sunt
1055 719 1063 730 ,
1084 707 1134 726 non
1151 700 1183 726 ab
1206 700 1253 727 illo
1268 701 1314 736 qui
1331 701 1385 735 fere
1403 702 1523 728 omnibus
1545 707 1623 730 notua
1640 709 1688 735 ut,

903 744 948 770 sed
962 744 994 770 ab
1008 744 1062 771 alio
1078 746 1164 772 nescio
1183 754 1244 781 quo,
1259 747 1291 773 de
1314 755 1366 780 quo
1385 747 1424 774 vel
1441 748 1615 775 sectatoribus
1632 749 1689 783 ejus

903 789 1068 823 Epiphanius
1096 791 1216 825 loquens,
1233 798 1288 820 etc.
1318 793 1447 820 Vitiatam
1476 794 1510 821 ab
1537 795 1689 829 Augustino

902 834 1068 860 sententiam
1109 843 1176 862 nova
1210 837 1370 863 accessione
1401 837 1514 865 foedavit
1544 838 1688 873 Augustini

902 879 997 906 simius
1012 878 1198 908 Prwdestinati
1218 886 1324 914 auctor,
1348 890 1427 916 quem
1456 883 1542 910 edidit
1564 883 1687 912 Sirmou-

900 927 950 954 dus
963 935 970 959 ;
984 928 1024 954 sic
1037 928 1109 955 enim
1126 928 1245 963 scripsit,
1260 929 1326 957 haer.
1343 929 1379 956 4‘2
1391 939 1398 957 :
1412 930 1649 965 Quadragelimam
1660 935 1685 958 et

898 973 1040 999 secundum
1058 974 1177 1000 heresim
1197 973 1350 1009 Origeniani
1366 975 1565 1006 inchoaverunt,
1583 984 1599 1001 a
1617 983 1685 1010 quo—

898 1018 961 1044 dam
987 1017 1110 1053 Origene,
1134 1028 1186 1046 non
1198 1019 1245 1046 illo
1268 1021 1314 1055 qui
1330 1021 1385 1055 fere
1401 1021 1522 1048 erunibus
1535 1026 1613 1048 notua
1635 1014 1683 1052 est.

897 1065 943 1091 sed
969 1065 1022 1092 alio
1039 1065 1111 1100 Syro
1129 1058 1246 1100 quodam
1268 1068 1482 1094 sceleratissimo.
1510 1067 1598 1095 Verba
1629 1068 1686 1095 ha'c

896 1110 1050 1144 Augustini,
1066 1110 1120 1138 Sed
1134 1112 1166 1138 ab
1181 1111 1236 1138 alio
1248 1114 1335 1139 neuio
1347 1121 1410 1148 quo,
1432 1113 1539 1141 videtur
1554 1113 1620 1140 falsa
1634 1113 1685 1141 hac

896 1155 1015 1183 lectione
1028 1157 1192 1191 depravasse
1208 1167 1214 1184 :
1231 1157 1284 1185 Sed
1301 1159 1354 1185 alio
1375 1159 1443 1194 Syro
1461 1159 1584 1193 quodam.
1611 1159 1683 1187 Idem

895 1202 985 1236 capite
1009 1194 1133 1237 sequenti
1157 1203 1240 1231 alium
1258 1204 1338 1231 nobis
1351 1205 1471 1232 obtrudit
1484 1203 1627 1239 Origenem
1650 1204 1684 1231 ab

894 1247 1056 1274 Adamantio
1073 1253 1168 1275 nostro
1183 1248 1331 1281 diversum,
1358 1249 1513 1282 dogmatum
1526 1255 1619 1275 eorum
1636 1255 1685 1274 au-

894 1298 996 1320 ctorem
1009 1300 1124 1327 quorum
1138 1293 1325 1320 Adamantium
1346 1293 1512 1328 Epiphanius
1534 1292 1683 1321 accusavit.

894 1337 1065 1372 Sophronius
1078 1337 1324 1372 Jerosolymitanus
1335 1339 1369 1365 ab
1384 1339 1535 1373 Epiphanio
1545 1338 1682 1370 inductus,

893 1384 1029 1419 geminum
1048 1392 1156 1420 quoque
1173 1384 1338 1419 Origeuem',
1356 1385 1472 1412 alterum
1488 1384 1682 1418 antiquiorem.

891 1429 1086 1456 Adamantium
1101 1429 1217 1457 alterum
1242 1433 1440 1456 commemorat
1466 1430 1492 1456 in
1515 1429 1630 1464 epistola
1648 1430 1682 1458 ad

893 1474 1019 1509 Sergium
1039 1484 1047 1502 :
1068 1476 1140 1510 quod
1155 1475 1346 1504 observatione
1366 1484 1414 1504 sua
1431 1477 1542 1511 dignum
1564 1475 1678 1503 Photius

893 1521 1062 1548 existimavit
1076 1521 1136 1549 cod.
1155 1521 1219 1548 25-1.
1244 1521 1272 1548 ln
1298 1522 1393 1550 eadem
1411 1529 1491 1549 causa
1506 1527 1548 1549 est
1560 1520 1680 1548 Joannes

894 1566 1078 1595 Damascenus
1094 1567 1120 1594 in
1138 1567 1201 1595 libr.
1222 1567 1261 1594 De
1278 1567 1398 1594 hmresib.
1423 1568 1559 1602 geminum
1576 1568 1680 1601 (ingens

892 1613 1050 1648 Origenem,
1063 1615 1136 1642 unde
1151 1614 1273 1649 duplices
1287 1615 1340 1641 orti
1357 1614 1412 1641 sint
1428 1614 1590 1648 Origenistae
1603 1614 1678 1646 l'tndi,

891 1664 918 1686 et
936 1660 1092 1687 Adamantii
1108 1664 1269 1687 sectatores.
1284 1659 1450 1694 Alqueitem
1472 1659 1560 1687 Guido
1574 1666 1680 1685 carme—

890 1706 949 1737 lita,
963 1706 1088 1734 Elneusis
1099 1706 1254 1740 episcopus,
1268 1706 1314 1740 qui
1332 1706 1489 1740 ligmentnm
1508 1705 1579 1732 idem
1603 1704 1674 1731 arri-

889 1753 947 1788 puit
961 1753 986 1780 in
1003 1752 1114 1780 Summa
1128 1753 1159 1780 de
1169 1753 1263 1780 lueret.
1287 1753 1377 1787 Atque
1393 1752 1430 1779 ita
1453 1752 1542 1779 duone
1560 1752 1677 1778 exstite-

888 1799 944 1826 rint
959 1798 1093 1834 Origenes
1113 1798 1331 1833 Origenistaruru
1347 1797 1486 1832 principes
1509 1795 1677 1824 addubitavit

887 1843 1071 1879 Epiphanius;
1092 1847 1288 1871 asseverarunt
1307 1843 1486 1879 Augustinus,
1508 1841 1675 1876 Sophronius

886 1895 914 1917 et
932 1890 1052 1917 Joannes
1073 1889 1280 1923 Damascenus;
1303 1894 1358 1917 tres
1377 1893 1467 1916 autem
1488 1889 1567 1915 tinxit
1579 1893 1675 1916 auctor

886 1935 1087 1968 Prwdestinati,
1105 1936 1225 1970 scriptor
1241 1943 1376 1970 nequam,
1395 1941 1424 1962 ut
1437 1935 1476 1962 vel
1489 1942 1521 1963 ex
1535 1941 1567 1962 eo
1585 1934 1672 1969 conji-

885 1983 942 2010 cias
969 1983 1041 2017 quod
1071 1982 1165 2009 eodem
1192 1982 1280 2016 capite
1307 1981 1477 2015 Pamphilum
1505 1986 1670 2016 martyrem.

884 2030 1041 2064 episcopum
1073 2029 1218 2064 aliquando
1241 2028 1325 2056 fuisse
1354 2028 1445 2055 tradit.
1471 2027 1548 2061 Quod
1576 2032 1670 2055 autem

884 2075 1052 2104 asseveravit
1066 2076 1243 2111 Augustinus,
1260 2074 1369 2110 negavit
1384 2075 1409 2102 id
1424 2075 1525 2102 diserte
1537 2073 1670 2101 Baronius

884 2123 916 2150 ad
942 2131 988 2150 an.
1009 2122 1073 2154 256.
1092 2127 1119 2149 et
1141 2129 1240 2150 causas
1253 2129 1302 2148 cur
1316 2121 1412 2156 duplex
1434 2120 1579 2156 [iungeretur
1609 2121 1670 2148 Ori-

883 2176 966 2203 genes
995 2173 1073 2195 acute
1099 2167 1303 2203 pervestigavit.
1331 2167 1497 2193 Memoratus
1525 2173 1606 2200 porro
1635 2165 1669 2192 ab

882 2215 1004 2248 Eunapio
1020 2214 1046 2240 in
1068 2213 1126 2240 Vita
1144 2212 1289 2247 Porphyrii
1303 2212 1433 2247 Origenes
1445 2212 1489 2239 ille
1507 2219 1587 2246 quem
1598 2211 1669 2238 dixi-

882 2267 954 2292 mus,
971 2259 1112 2295 Porphyrii
1132 2264 1161 2286 et
1175 2259 1272 2286 Amelii
1286 2258 1499 2292 condiscipulus,
1512 2258 1619 2285 idemne
1632 2258 1668 2284 sit

882 2313 914 2333 ac
934 2305 1036 2332 sodalis
1059 2305 1105 2331 ille
1117 2304 1230 2337 Plotini.
1256 2312 1290 2331 au
1303 2305 1381 2337 alius,
1396 2312 1448 2331 non
1464 2304 1532 2332 satis
1556 2308 1666 2338 exstat;

881 2359 943 2378 nam
961 2351 1007 2386 qui
1022 2358 1084 2378 cum
1104 2350 1209 2377 Plotina
1221 2351 1394 2377 Ammonium
1410 2350 1511 2376 audivit
1522 2349 1666 2384 Origenes,

882 2397 980 2425 Plotini
1000 2397 1111 2431 aequalis
1127 2395 1179 2423 fuit
1201 2401 1228 2423 et
1244 2397 1358 2429 amicus,
1382 2404 1432 2423 nec
1452 2396 1574 2422 doctrina
1597 2395 1666 2422 inle-

882 2444 946 2475 rior,
962 2448 991 2470 ut.
1004 2444 1026 2470 ei
1041 2443 1073 2469 ad
1082 2450 1112 2470 se
1123 2441 1287 2469 audiendum
1298 2443 1366 2470 forte
1376 2442 1493 2470 venienti
1502 2442 1666 2470 erubescens

878 2493 1033 2523 assurgeret
1057 2488 1190 2522 Plotinus,
1223 2496 1272 2515 nec
1290 2496 1381 2515 coram
1406 2496 1438 2515 eo
1466 2489 1549 2514 verba
1573 2487 1666 2522 facere

879 2535 1027 2562 sustineret
1046 2543 1053 2561 :
1068 2539 1097 2560 at
1116 2533 1240 2561 laudatus
1256 2533 1292 2563 ab
1306 2533 1429 2567 Eunapio
1452 2533 1585 2568 Origenes
1598 2532 1665 2560 alter

879 2580 976 2608 Plotini
994 2579 1115 2607 scholam
1135 2580 1242 2606 videtur
1266 2579 1457 2614 frequentasse
1470 2599 1477 2610 ,
1498 2579 1598 2614 quippe
1618 2579 1664 2613 qui

877 2626 1022 2662 Porphyrii
1049 2631 1076 2653 et
1104 2625 1200 2652 Amelii
1229 2624 1320 2652 Romae
1340 2624 1542 2658 condiscipulus
1572 2623 1662 2654 luxerit,

877 2680 994 2707 quorum
1006 2677 1151 2707 utrumque
1163 2671 1262 2698 Plotini
1277 2670 1430 2697 doctrinam
1445 2669 1538 2696 Romae
1547 2670 1665 2703 capessi-

876 2719 949 2747 visse
965 2723 1083 2747 constat.
1099 2717 1126 2745 ld
1140 2718 1162 2746 si
1179 2718 1224 2748 sit.
1242 2716 1374 2751 Origenes
1394 2716 1461 2743 duos
1477 2715 1571 2742 iisdem
1595 2720 1649 2741 tem

876 2765 987 2804 poribus
1006 2773 1067 2794 cum
1085 2764 1192 2793 Plotino
1206 2763 1298 2792 Roma:
1321 2761 1542 2798 coniunctissime
1561 2760 1664 2788 vixisse
