1915 3079
262 108 318 137 ’8ιό

887 109 918 137 Ρ.
940 109 1096 138 DANIELIS
1115 110 1231 139 HUETII

1827 117 1874 145 GH

267 168 410 196 dicendum
431 172 483 198 est,
515 167 628 194 a‘lterum
645 167 704 202 ejus
724 168 949 202 condiscipulum,
963 169 1044 196 disci-
1058 171 1080 199 Α
1096 175 1162 197 tusae
1183 176 1257 198 sunt.
1272 171 1434 200 Christianis
1458 173 1567 201 favebat
1586 174 1758 202 Alexandria:
1782 176 1875 202 nobilis

267 215 357 250 pulum
373 215 497 241 alterum.
517 213 646 247 Quartum
676 215 709 241 ad
731 216 787 242 ha’c
810 215 967 250 Origencm,
991 215 1042 242 ΑΞ-

267 260 385 295 gyptium
401 265 428 286 et
445 260 542 294 ipsum,
573 265 654 294 atque
680 260 772 287 itidem
795 262 994 296 presbyterum,
1015 266 1043 289 et

265 304 400 333 Ammonii
414 304 524 332 alterius
540 305 668 337 sodalem,
690 313 783 332 verum
803 307 966 334 Adatnantio
978 306 1042 335 Ori-

266 358 332 386 gene
347 351 538 381 recentiorem,
555 355 582 377 et
603 351 752 378 Athanasio
773 351 958 380 Alexandrino
984 353 1042 388 epi-

265 404 347 430 scopo
356 404 485 428 cozevnm,
497 404 512 422 a
523 396 640 431 Palladio
652 397 677 423 in
690 396 835 425 Lausiacis'
855 403 883 425 et
892 398 1042 433 Nicephoro

265 441 370 469 Callisti
399 446 641 469 commemoratum
665 443 763 469 addam
788 451 796 469 :
820 443 936 478 reliquos
963 444 1041 478 hujus

264 487 382 514 nominis
394 487 573 514 litteratorum
588 487 731 523 diligentiae
750 489 949 523 investigandos
961 490 1042 517 relin-

264 539 356 567 quam.
372 532 529 560 Cautionem
541 538 670 566 praeterea
682 541 697 560 a
716 535 843 562 studiosis
857 535 977 563 adhiberi
994 544 1040 562 ve-

264 579 322 612 lim,
339 587 372 607 ne
384 579 598 614 quotiescunque
608 581 761 608 Adamantii
774 582 875 609 mentio
887 582 913 608 in
926 582 1041 616 scripto-

263 626 340 654 ribus
362 626 556 655 ecclesiasticis
571 627 689 661 incidet,
709 629 833 656 eumdem
858 630 947 656 statim
969 630 1041 656 hunc

262 673 430 700 arbitrentur
448 680 508 700 esse
531 681 564 701 ac
582 673 727 709 Origenem
743 684 750 702 :
767 675 791 701 id
815 675 886 702 enim
909 676 1038 707 nominis.

263 723 361 752 praeter
379 718 456 750 alios,
473 719 578 746 auctori
593 719 699 746 cuidam
715 719 868 747 Christiano
884 721 943 752 fuit,
960 729 1039 756 quem

263 763 297 790 ab
311 762 427 797 Origene
446 768 525 791 caute
542 764 712 798 distinguens
729 764 925 798 Theodoretus.
939 767 1040 794 utrius-

261 816 314 844 que
337 809 444 843 scriptis
464 809 497 836 ad
514 810 709 837 contexendam
725 810 912 838 hzereticarum
933 811 1039 839 fabula-

262 862 321 881 rum
335 855 469 889 epitomen
483 862 559 882 usum
573 862 602 882 se
615 862 667 882 non
683 855 765 882 semel
784 856 934 890 prolitetnr.

293 900 351 927 Vlll
379 900 435 936 (l7)
453 900 589 929 Decimum
607 901 665 928 fere
684 906 712 929 et
728 902 871 935 septimum
886 903 974 930 aetatis
989 910 1039 929 ιιι--

260 952 325 972 num
349 951 474 981 exegerat
497 946 646 982 Origenes,
670 955 731 975 cum
756 948 857 976 Christi
891 949 1039 977 Ecclesiam

259 991 348 1018 modis
359 993 485 1020 omnibus
497 1000 601 1021 vexare
610 1001 752 1029 aggressus
767 999 809 1022 est
823 995 940 1022 Severus
954 995 1040 1030 impe-

261 1043 344 1067 rator.
361 1039 427 1066 Cum
440 1039 513 1067 enim
529 1047 578 1075 per
592 1044 675 1067 totum
697 1041 790 1068 orbem
813 1049 872 1069 sese
885 1042 1038 1070 Christiana

259 1084 326 1112 ﬁdes
340 1085 499 1118 effunderet,
523 1087 626 1113 veritus
650 1086 748 1121 quippe
771 1092 812 1114 est
831 1088 871 1114 vir
894 1093 990 1115 cautus
1006 1096 1038 1116 ac

259 1130 373 1165 diligens
390 1138 423 1157 ne
437 1131 499 1158 hinc
511 1131 600 1166 aliqua
614 1133 754 1159 exsisteret
771 1141 858 1159 rerum
887 1135 1037 1162 conversio.

257 1175 319 1204 Tuti
335 1176 425 1212 itaque
450 1177 577 1204 Ecclesia:
594 1178 691 1205 bellum
714 1183 790 1206 atrox
805 1180 909 1206 indixit.
923 1180 1038 1216 Egypto

258 1228 324 1250 tunc
341 1228 455 1258 prmerat
471 1231 531 1250 cum
546 1224 659 1258 imperio
669 1225 825 1260 Laetus,qui
839 1231 869 1253 ut
882 1227 1037 1260 imperatori

258 1269 338 1297 ﬁdem
352 1277 427 1296 suam
441 1274 582 1304 prmstaret
597 1277 627 1297 ac
645 1270 823 1306 diligentiam,
841 1272 866 1298 in
893 1272 1038 1308 Egyptios

257 1314 426 1342 Christianos
439 1335 447 1347 ,
472 1314 518 1341 sed
537 1315 562 1342 in
578 1315 776 1343 Alexandrinos
794 1317 927 1351 praecipue
950 1318 1037 1345 ferino

258 1361 310 1387 ritu
324 1361 455 1388 desteviit.
479 1361 546 1389 Tum
560 1369 624 1389 vero
637 1361 782 1397 Origenem
804 1363 897 1396 ingens
915 1364 1035 1399 martyrii

256 1408 354 1442 cupido
368 1408 480 1435 incessit
493 1428 500 1439 .
516 1408 561 1443 qui
575 1415 614 1440 se.
629 1416 689 1436 cum
703 1409 754 1436 hoc
770 1409 886 1442 fecisset,
900 1411 1035 1445 egregium

256 1454 361 1482 scilicet
373 1455 435 1481 vitae
446 1454 569 1491 [fructum
586 1455 689 1489 cepisse
707 1455 899 1482 arbitrabatur.
916 1456 1036 1483 Praesen-

255 1500 293 1527 sit
309 1499 335 1526 id
350 1504 446 1532 mater,
461 1504 488 1526 et
505 1499 632 1534 precibus
655 1507 687 1527 ac
711 1501 862 1527 rationibus
874 1503 1033 1537 excogitatis
1044 1512 1067 1540 ρ

255 1545 299 1572 vix
314 1544 360 1572 ﬁlii
377 1545 542 1579 propositum
558 1545 699 1580 repressit.
721 1545 797 1578 Quod
814 1546 938 1573 omnibus
953 1555 1032 1581 porro

255 1589 324 1617 votis
339 1590 530 1624 concupiverat
546 1590 615 1617 ﬁlius
626 1611 633 1622 ,
648 1591 674 1618 id
690 1596 798 1625 repente
813 1593 883 1627 patri
897 1593 1031 1627 objectum

253 1639 317 1663 est:
332 1636 377 1670 qui
396 1635 421 1663 in
439 1636 546 1664 vincula
562 1636 659 1664 Christi
676 1638 784 1665 nomine
792 1638 939 1671 conjectus,
952 1641 1031 1667 morti

255 1681 414 1709 destinatur.
432 1681 554 1716 Sopitum
570 1683 694 1718 martyrii
713 1683 875 1711 desiderium
897 1685 922 1712 in
937 1685 1033 1720 Orige-

253 1727 297 1754 nis
309 1727 398 1754 animo
413 1729 541 1755 excitavit
555 1728 680 1756 Leonidae
695 1729 846 1755 constantia
859 1749 868 1762 ,
885 1735 914 1757 ut
932 1731 1032 1765 qmevis

251 1773 304 1801 sibi
320 1774 411 1808 potius
439 1774 580 1801 subeunda
600 1779 732 1802 tormenta
747 1794 755 1806 .
780 1783 861 1810 quam
886 1784 900 1803 a
922 1783 1030 1811 sperata

252 1813 376 1853 martyili
389 1818 472 1853 gloria
488 1819 678 1846 discedendum
692 1825 806 1854 putaret.
825 1821 860 1848 At
875 1826 971 1854 mater.
984 1823 1032 1850 ad-

252 1863 346 1891 hibitis
363 1864 462 1890 frustra
478 1865 597 1896 fletibus,
614 1865 660 1892 ﬁlii
688 1865 815 1900 impetum
832 1867 946 1894 tardavit
961 1873 1029 1900 arte,

250 1913 280 1935 et
293 1909 405 1936 occultis
420 1909 504 1944 ipsius
512 1911 679 1938 vestimentis
697 1912 809 1939 invitum
823 1913 893 1940 domi
910 1915 1028 1942 retinuit.

252 1953 347 1989 Itaque
361 1955 432 1989 quod
448 1955 505 1989 ipse
520 1955 610 1983 facere
625 1964 677 1983 non
694 1957 790 1992 potuit.
804 1957 875 1985 Patri
890 1965 919 1986 ut
930 1959 1030 1987 faceret

250 1999 402 2027 litterarum
416 2002 646 2029 adhortationibus
662 2008 756 2031 auctor
768 2003 820 2031 fuit
833 2011 841 2031 :
857 2006 954 2040 quibus
965 2014 1030 2033 con-

250 2040 382 2074 firniatior
397 2047 508 2075 elfectns
523 2047 657 2076 Leonides
669 2050 766 2083 capitis
782 2050 942 2084 supplicium
956 2051 1027 2084 tulit,

251 2099 332 2124 anno,
351 2096 381 2119 ut
394 2092 459 2124 dixi,
478 2091 570 2120 Severi
587 2093 702 2124 decimo.
718 2094 750 2120 ad
766 2102 782 2121 x
801 2094 914 2122 Kalend.
932 2095 1026 2128 Maias,

249 2137 283 2164 ad
297 2143 376 2170 quem
392 2137 462 2164 diem
478 2145 550 2165 mors
564 2138 623 2173 ejus
645 2138 762 2166 refertur
777 2139 803 2165 in
820 2139 940 2167 Romano
957 2140 1028 2167 Mar-

1056 842 1078 870 Β

1093 221 1118 242 et
1133 217 1257 250 opulenta
1273 217 1380 249 mulier,
1396 224 1422 245 et
1446 219 1617 246 facultatibus
1639 220 1696 246 suis
1719 220 1876 248 subleVahat

1093 261 1208 296 inopes.
1226 263 1272 290 sed
1287 264 1455 291 orthodoxos
1477 265 1510 291 ab
1534 265 1668 292 haereticis
1684 273 1783 300 parum
1801 270 1876 293 caute

1092 307 1264 335 discernebat
1282 317 1288 336 :
1304 300 1365 335 nam
1378 309 1489 336 Paulum
1504 310 1647 344 quemdam
1663 310 1872 342 Antiochenam,

1092 352 1162 380 inter
1175 354 1373 382 Alexandrinos
1390 355 1529 382 haereticos
1543 356 1645 389 primas
1658 360 1813 388 tenentem,
1825 363 1874 383 non

1091 399 1186 433 opibus
1207 399 1291 426 solum
1311 399 1399 433 fovit,
1415 401 1462 428 sed
1484 401 1554 428 domi
1578 401 1658 428 etiam
1675 406 1826 436 exceptum
1851 403 1873 429 in

1091 444 1173 471 ﬁlium
1189 444 1336 479 adoptavit.
1352 445 1475 480 Origenis
1490 446 1534 472 illa
1551 454 1658 480 quoque
1677 453 1772 473 casum
1798 447 1874 474 misc-

1092 493 1147 516 rata
1161 509 1168 521 ,
1183 490 1257 524 pueri
1285 490 1457 524 languescere
1480 498 1533 517 non
1548 490 1613 517 sivit
1637 491 1806 517 industriam
1819 509 1826 522 ,
1849 495 1874 516 et

1090 535 1212 561 animum
1229 534 1330 561 incultu
1351 540 1458 569 torpere
1469 555 1477 566 ,
1492 536 1540 562 sed
1561 536 1644 566 victu,
1657 536 1823 570 ceterisque
1836 544 1874 561 re.

1091 580 1141 607 bus
1163 581 1304 607 commode
1329 586 1356 608 et
1381 581 1528 608 liberaliter
1552 581 1655 608 habuit.
1684 581 1750 608 lude
1767 581 1873 614 Origeni

1089 625 1177 660 aliqua
1188 634 1248 652 cum
1264 626 1346 654 Paulo
1359 627 1509 655 intercessit
1522 628 1704 655 consuetudo:
1716 627 1767 654 sed
1780 635 1872 661 quam-

1090 671 1130 697 vis
1143 672 1176 698 ad
1193 671 1264 699 hunc
1278 677 1389 707 propter
1408 673 1589 708 eloquentiam
1607 673 1730 700 homines
1747 681 1802 700 non
1821 673 1869 700 ha:-

1089 718 1167 744 retici
1184 718 1284 748 modo,
1311 719 1357 746 sed
1382 719 1523 746 orthodoxi
1547 719 1629 747 etiam
1655 724 1868 750 concurrerent.

1090 771 1225 798 nunquam
1248 764 1344 791 adduci
1368 765 1458 799 potuit
1482 765 1612 800 Origenes
1631 770 1661 791 ut
1683 766 1867 799 precationqu

1091 817 1152 836 cum
1167 817 1200 837 eo
1216 811 1386 838 consociaret
1402 818 1479 838 usum
1494 831 1502 843 ,
1523 811 1596 844 ‘quod
1621 810 1751 838 Ecclesia:
1771 810 1869 845 legibus

1092 855 1203 882 vetitum
1218 863 1277 883 esse
1293 856 1462 883 meminerat.
1488 855 1545 883 Non
1569 856 1665 883 leviter
1680 855 1724 882 hic
1739 856 1774 882 ah
1790 855 1869 882 Ense»

1090 901 1146 932 hic,
1158 909 1238 936 quem
1254 908 1342 929 tamen
1356 906 1506 929 assectatnr
1519 902 1617 936 palam.
1633 902 1680 929 sed
1696 902 1750 929 hoc
1766 901 1832 931 loco.
1842 907 1868 928 ut

1090 947 1205 978 videtur,
1230 947 1360 974 intellexit
1383 954 1496 981 parum.
1521 947 1646 975 dissentit
1672 946 1865 981 Nicephorus:

1089 992 1200 1019 Paulum
1214 993 1316 1027 quippe
1327 993 1416 1019 divitis
1434 993 1633 1027 hujns’feminaa
1645 994 1772 1019 maritum
1788 992 1868 1019 fuisse

1089 1037 1182 1064 scribit
1198 1037 1246 1064 lib.
1264 1045 1288 1069 v-.
1306 1045 1365 1071 cap.
1382 1037 1416 1070 ὃς
1438 1037 1580 1072 Origenem
1604 1037 1750 1072 adoptione
1764 1037 1866 1064 ﬁlium:

1088 1084 1159 1118 quod
1173 1091 1205 1111 ex
1219 1084 1289 1110 male
1304 1084 1423 1117 acceptis
1436 1083 1540 1110 Eusebii
1557 1084 1646 1111 verbis
1660 1085 1782 1111 sensisse
1796 1084 1866 1110 illum

1088 1129 1181 1156 statim
1205 1128 1353 1164 intelliget.
1371 1130 1415 1163 qui
1439 1130 1519 1156 verba
1539 1130 1596 1162 ejus
1619 1129 1792 1156 contenderit
1806 1138 1866 1156 cum

1087 1174 1248 1201 Eusebianis
1259 1194 1267 1206 ,
1283 1174 1324 1201 vel
1341 1174 1429 1201 [inlini
1451 1174 1702 1209 interpretationem
1717 1182 1778 1201 cum
1796 1179 1867 1201 utro-

1087 1229 1139 1256 que
1152 1221 1304 1249 contulerit.

1121 1266 1167 1294 ιχ.
1197 1268 1344 1303 Acceptum
1370 1267 1568 1295 incommodum
1598 1267 1737 1302 diligentia
1766 1267 1866 1294 sarcire

1086 1315 1197 1349 cupiens
1211 1314 1352 1348 Origenes,
1366 1319 1393 1341 et
1408 1314 1541 1341 fortunam
1559 1314 1691 1341 industria
1709 1314 1866 1346 sublevare,

1087 1360 1213 1387 traditam
1230 1359 1281 1387 sibi
1298 1367 1313 1386 a
1329 1358 1408 1386 Patre
1423 1359 1610 1386 humaniorum
1628 1359 1815 1386 doctrinarum
1825 1367 1867 1386 co-

1086 1407 1233 1442 gnitionem
1247 1406 1389 1434 acerrimis
1400 1405 1495 1434 studiis
1512 1405 1650 1436 excoluit,
1667 1409 1813 1440 tantosque
1826 1405 1867 1433 fe-

1085 1453 1122 1479 cit
1145 1452 1171 1478 in
1199 1452 1383 1486 grammaticis
1405 1451 1556 1486 disciplinis
1578 1457 1760 1486 progressus,
1775 1456 1805 1478 nt
1820 1459 1866 1478 eas

1086 1498 1192 1533 publice
1215 1497 1349 1525 docendas
1372 1497 1531 1531 susciperet.
1556 1495 1624 1523 Hinc
1652 1496 1743 1531 largus
1770 1495 1809 1523 illi
1832 1497 1864 1522 ad

1086 1551 1150 1571 usus
1174 1543 1236 1571 vitm
1260 1543 1429 1571 necessarios
1450 1547 1606 1577 proventus.
1631 1541 1762 1569 Ethnicos
1775 1546 1864 1569 autem

1084 1589 1151 1616 adeo
1168 1589 1290 1616 illexerat
1304 1589 1403 1616 Christi
1421 1588 1530 1623 religio,
1548 1592 1577 1614 ut
1599 1593 1670 1614 metu
1696 1587 1798 1622 fugatis
1816 1588 1866 1615 Ec-

1083 1636 1173 1663 clesia:
1188 1635 1342 1662 doctoribus
1367 1634 1546 1662 «cunﬁuerent
1566 1634 1601 1661 ad
1623 1634 1764 1669 Origenem
1778 1635 1866 1661 adhuc

1083 1681 1280 1708 adulescentem
1293 1701 1301 1713 ,
1316 1680 1362 1708 sed
1377 1680 1499 1707 doctrina
1512 1680 1538 1706 in
1553 1679 1735 1707 adolescentia
1759 1684 1789 1707 et
1807 1681 1865 1706 viro

1083 1732 1140 1754 tute
1156 1728 1341 1761 conspicuum,
1355 1726 1388 1753 ab
1399 1733 1484 1760 eoque
1497 1733 1574 1753 sacra
1592 1725 1643 1752 sibi
1666 1726 1794 1760 dogmata
1817 1733 1866 1752 ex-

1082 1773 1144 1808 poni
1169 1773 1279 1800 vellent.
1305 1772 1387 1806 Cujns
1410 1772 1581 1799 sermonibus
1605 1771 1695 1798 ail'ecti
1721 1771 1867 1806 plerique.

1082 1819 1182 1846 Christi
1200 1824 1325 1853 suscepta
1346 1818 1406 1850 ﬁde,
1431 1819 1457 1845 in
1475 1819 1596 1845 intimam
1610 1818 1667 1851 ejus
1692 1818 1866 1845 familiarita-

1083 1868 1136 1891 tem
1148 1871 1207 1891 sese
1218 1863 1410 1898 adjunxerunt.
1428 1863 1518 1898 Itaque
1532 1862 1721 1890 Alexandrina:
1734 1862 1866 1890 Ecclesia

1082 1911 1227 1945 episcopus
1250 1909 1423 1940 Demetrius.
1446 1917 1498 1936 non
1522 1909 1627 1936 felicius
1647 1908 1864 1936 Christianorum

1081 1963 1125 1985 res
1150 1956 1176 1983 in
1200 1955 1317 1991 Egypto
1341 1963 1467 1990 reparare
1491 1963 1520 1983 se
1535 1962 1614 1991 posse
1643 1954 1757 1982 credidit
1775 1975 1783 1987 ,
1806 1955 1864 1990 (t8)

1080 2009 1160 2037 quam
1174 2002 1197 2030 si
1221 2003 1476 2030 catechumenornm
1491 2009 1582 2029 curam
1609 2001 1653 2027 uni
1680 2000 1791 2036 Origeni
1817 2009 1866 2028 oc-

1079 2048 1194 2076 todecim
1229 2055 1313 2074 annos
1342 2053 1406 2075 nato
1432 2048 1616 2075 demandaret.
1652 2046 1789 2081 Utrasqne
1819 2048 1865 2075 hic

1080 2094 1161 2129 igitur
1187 2093 1340 2122 sustinebat
1369 2099 1480 2128 partes,
1504 2092 1663 2121 litteratoris
1687 2097 1716 2119 et
1741 2093 1864 2120 catechi-

1079 2145 1137 2168 sue.

251 2180 392 2216 tyrologio.
407 2181 480 2208 Bona
496 2182 565 2216 ejus,
589 2183 686 2217 quibus
706 2183 834 2211 familiam
850 2185 911 2211 dum
927 2186 1027 2213 viveret
1043 2182 1065 2209 ι)
1113 2185 1185 2212 Nova
1201 2185 1308 2213 interim
1325 2185 1427 2219 Aquilae
1441 2184 1610 2212 Alexandria
1626 2185 1743 2220 prrefecti
1765 2186 1792 2212 in
1810 2185 1863 2212 Ec-

250 2226 364 2253 honeste
389 2228 572 2260 toleraverat.
588 2229 653 2256 ﬁsco
668 2234 730 2256 sunt
746 2230 850 2257 addicta
867 2239 875 2258 :
893 2237 973 2265 atque
990 2233 1027 2260 ita

249 2271 373 2306 Origenis
384 2293 391 2303 ,
406 2280 468 2299 curn
493 2279 579 2301 matre
596 2281 626 2301 ac
650 2282 697 2302 sex
714 2276 833 2310 parvulis
857 2277 984 2305 fratribus
1001 2278 1026 2305 in

248 2323 354 2344 summa
368 2322 488 2352 egestate
506 2323 533 2346 et
546 2319 618 2347 luctu
642 2321 750 2353 relicti,
769 2328 833 2356 opes
850 2330 944 2350 omnes
958 2331 1025 2351 con-

284 2430 340 2467 (17)
355 2430 463 2467 Ειιεθυ..
478 2430 547 2458 Hist.
562 2433 650 2460 εει-ιρι.
664 2433 710 2462 lib.
728 2441 765 2466 vr,
779 2441 838 2467 cap.
854 2433 880 2466 Ξ,
894 2435 925 2462 5.

284 2467 339 2502 (18)
356 2466 441 2497 Onam
461 2467 483 2493 si
501 2468 742 2494 cuteclmmenarnm
766 2466 866 2499 curem,
882 2475 934 2496 etc.
950 2468 1020 2496 "lle-

248 2499 302 2529 litts
318 2502 438 2534 sequitur
451 2502 605 2537 ‘Eusehiutu
618 2522 626 2534 ,
644 2504 688 2535 qui
707 2503 776 2530 Hist.
792 2503 837 2530 lib.
854 2511 878 2530 VI
892 2523 900 2535 ρ
918 2512 976 2537 cap.
993 2505 1019 2534 5.

245 2538 285 2565 ait
299 2545 307 2564 :
323 2537 400 2568 Ἔτος
412 2537 434 2563 δ’
449 2535 515 2572 ἦγεν
542 2537 780 2573 ὀκτῳθςαιδέκατον,
800 2538 860 2564 καθ’
873 2539 887 2565 ὅ
911 2535 958 2565 τοῦ
971 2538 1020 2573 τῆς

245 2573 422 2607 κατηχήσεως
451 2571 569 2608 προέστη
596 2571 788 2600 διδασκαλείου.
818 2574 921 2600 Annum
941 2571 1019 2606 porro

246 2613 331 2634 (Blalll
347 2613 464 2633 octavum
478 2607 605 2633 decimum
626 2608 727 2641 agebat,
741 2614 802 2634 tunc
815 2616 874 2634 cum
896 2609 1019 2634 catechu-

244 2643 326 2677 ηιξκιε
342 2642 507 2668 instituendis
533 2641 668 2676 prwfecttu
691 2647 738 2670 est.
763 2643 814 2670 Sed
843 2643 1018 2677 Hieronymus

243 2676 364 2710 Galatog.
391 2677 511 2709 scriptor.
533 2677 635 2706 96:123..
649 2684 708 2711 cap,
725 2677 760 2704 5-5
774 2697 781 2708 ,
807 2682 897 2711 aperte
912 2677 1016 2708 innuit,

244 2712 369 2738 omnibus
382 2711 417 2738 ob
434 2712 625 2745 persecutionis
647 2718 746 2738 metum
760 2712 844 2744 pulsis
861 2719 891 2738 ac
909 2712 1014 2745 fugatis.

245 2753 305 2772 cum
335 2753 412 2772 nemo
435 2752 584 2780 superesset
614 2747 781 2774 Alexandria:
809 2747 853 2780 qui
881 2747 1016 2774 tradendis

245 2780 306 2816 ﬁdei
321 2780 460 2807 catholica:
474 2781 632 2816 rudimentis
645 2789 756 2816 operam
771 2783 857 2810 daret.
872 2780 1012 2815 Origenem

244 2814 351 2848 quidem
365 2815 514 2843 octodecim
538 2823 622 2844 annos
639 2814 731 2844 natum
753 2814 931 2851 κατηχήσεωιῐ
945 2823 1012 2850 opus

1081 2231 1189 2258 clesiam
1203 2231 1324 2258 detonuit
1337 2231 1498 2266 persecutio.
1519 2231 1545 2257 in
1564 2238 1650 2265 eaque
1663 2230 1796 2265 Origenes
1811 2231 1864 2257 sin~

1080 2277 1217 2312 gnlaribus
1233 2277 1305 2309 ﬁdei,
1323 2277 1431 2311 pietatis
1445 2284 1476 2304 ac
1495 2277 1653 2303 constantia:
1667 2277 1864 2310 speciminibus

1078 2323 1159 2350 editis
1176 2330 1299 2357 magnam
1313 2322 1363 2349 sibi
1379 2322 1450 2350 inter
1465 2322 1634 2349 Christianos
1649 2321 1750 2349 famam
1761 2328 1790 2348 et
1799 2329 1863 2356 gra-

1072 2443 1225 2471 aggressum
1238 2434 1321 2462 fuisse
1335 2442 1342 2463 :
1356 2433 1402 2461 sed
1416 2437 1512 2471 sponte
1522 2430 1709 2471 et_necdum_a_
1721 2431 1862 2471 Demetrio

1071 2466 1238 2504 piiel‘ectum.
1246 2471 1344 2504 quippe
1352 2466 1595 2504 quempetnetrius
1603 2466 1709 2504 nonnisi
1725 2468 1860 2504 posteain

1070 2501 1103 2532 eo
1118 2513 1227 2532 munere
1237 2501 1413 2532 conﬁrmavit.
1431 2502 1480 2528 llic
1489 2523 1496 2534 ,
1510 2501 1607 2536 inquit,
1619 2502 1794 2528 Alexandria:
1807 2502 1862 2528 dis-

1071 2548 1144 2574 persa
1157 2540 1285 2571 Ecclesia,
1296 2539 1394 2566 decima
1419 2542 1508 2564 octavo
1520 2538 1605 2575 amatis
1617 2544 1767 2575 animantia,
1778 2544 1862 2575 κατεη-

1071 2571 1174 2610 ᾗίήσεων
1190 2583 1254 2608 opus
1267 2581 1414 2610 aggressus,
1430 2577 1518 2610 postea
1534 2580 1548 2597 α
1564 2571 1696 2610 ρεηιεινξο
1711 2571 1772 2605 ejus
1786 2573 1860 2610 urbis

1070 2607 1188 2643 episcopo
1203 2611 1230 2636 in
1247 2607 1331 2635 locum
1352 2607 1490 2634 Clementis
1508 2607 1688 2643 conﬁrmatus.
1702 2607 1859 2643 permultos

1070 2640 1160 2670 n'rtnos
1177 2645 1277 2678 ﬂoruit.
1301 2644 1365 2676 Qum
1393 2643 1511 2668 narratio
1527 2640 1711 2678 _verisitni|ior
1736 2640 1857 2678 videtur,

1071 2675 1209 2713 magisque
1233 2675 1342 2704 Eusebii
1368 2677 1452 2712 ipsius
1475 2676 1563 2713 ordini
1580 2680 1775 2713 consentanea.
1801 2675 1858 2701 Nec

1069 2708 1139 2740 enim
1166 2708 1310 2739 verisimile
1331 2708 1560 2750 est'Demetrium
1586 2711 1632 2736 uni
1661 2708 1781 2750 Origcuir
1801 2716 1856 2750 tam

1069 2755 1167 2782 paucos
1190 2755 1276 2774 annos
1299 2752 1360 2775 nato
1376 2747 1630 2775 catechumenorum
1646 2751 1741 2772 curam
1759 2747 1855 2771 statim

1069 2783 1251 2810 demandasse.
