1915 3079
71 125 133 154 1⁸»ιὸ

576 126 861 156 οιίῐῦΕΝΙΔΝΟΒΙΙΜ
881 125 943 154 LIB.
964 127 987 159 l,
1006 127 1082 156 CAP.
1101 127 1124 155 l.

1651 129 1704 157 6'46

76 183 146 211 tiam
183 183 297 218 peperit.
321 183 389 211 Cum
414 183 488 212 enim
516 185 687 212 traherentur
711 185 745 212 ad
776 191 867 211 necem
881 185 906 214 A
919 185 1152 218 terpretationem,
1169 192 1184 212 a
1199 184 1306 213 Iuliana
1317 186 1462 222 Origenem
1481 187 1630 222 accepisse,
1644 196 1706 223 quae

76 234 213 266 martyres
225 230 326 257 Christi
341 250 349 262 ,
368 230 463 258 obvios
478 230 703 265 amplectebatur,
718 230 863 258 allectaba-

77 281 124 302 tur
139 279 254 308 euntes,
278 275 460 303 morientibus
486 275 597 310 aderat,
622 281 648 305 et
669 281 863 304 tormentorum

76 322 209 349 saevitiam
233 321 445 349 allocutionibus
471 326 497 349 et
519 322 623 350 solatiis
647 323 763 351 levabat.
788 323 864 352 Unde

75 366 279 394 circumstantis
296 366 386 402 populi
403 374 533 395 conversa
555 367 582 395 in
599 375 629 395 se
651 368 790 396 iracundia
802 389 809 401 ,
827 369 864 396 la-

76 411 185 445 pidibus
199 411 334 445 appetitus
347 431 355 444 ,
380 419 441 439 cum
469 412 635 439 nefariorum
662 413 801 441 hominum
818 414 862 442 vix

75 456 215 492 eﬂ'ugisset
230 465 335 490 manus,
349 458 441 485 statim
454 458 552 486 domus
565 459 634 494 ejus,
644 467 723 494 quam
739 460 864 494 frequen-

76 502 129 528 tari
144 502 345 530 catechumenis
368 503 563 536 adverterant,
581 505 694 532 armatis
710 505 863 534 hominibus

76 548 258 577 circumsessa
282 553 335 577 est.
360 549 422 576 Mihi
454 550 587 585 imprimis
614 559 705 579 eorum
735 553 863 586 probatur

75 595 170 629 opinio
182 614 189 626 .
211 594 257 630 qui
275 596 425 630 tempestati
441 596 504 623 huic
519 597 657 632 egregium
682 597 806 632 Origenis
823 598 864 626 fa-

75 640 165 673 cinus,
186 639 221 667 ab
242 640 391 675 Epiphanio
405 642 471 668 hair.
489 642 532 675 64,
546 649 606 677 cap.
626 644 653 676 l,
670 651 863 673 commemora-

76 690 132 712 tum
148 685 306 720 adjungunt,
323 687 430 721 quando
446 694 506 714 eum
523 688 620 716 adraso
639 691 752 724 vertice,
770 691 862 726 quales

75 730 265 767 Egyptiorum
280 732 390 759 deorum
411 732 530 761 ministri
554 741 614 763 esse
629 735 717 763 solent
731 756 738 769 ,
755 737 861 772 profani

77 776 218 812 Serapidis
232 779 360 812 gradibus
387 784 538 808 statuentes
565 781 692 815 Ethnici,
709 783 861 817 palmarum

77 829 167 850 ramos
180 823 301 864 praebere
324 824 464 859 jusserunt
487 826 685 860 sacerdotibus,
704 828 748 863 qui
762 830 795 856 ad
811 824 861 857 6b-

73 868 164 895 eunda
191 876 270 896 sacra
283 870 475 903 ascendebant,
491 879 545 906 quo
559 880 633 899 more
646 881 739 900 eorum
756 877 860 909 gravis-

74 915 149 941 sime
176 916 345 943 caeremoniae
371 917 551 946 continentur.
577 918 703 954 Acceptis
733 920 779 948 ille
802 921 860 956 pal-

74 967 181 986 marum
207 961 322 988 surculis
336 981 344 995 ,
368 963 496 996 praesenti
521 963 612 991 animo
635 969 663 991 et
683 971 794 998 erecto,
817 974 862 994 as-

74 1009 163 1032 tantes
186 1005 240 1032 alta
255 1013 322 1034 voce
335 1007 375 1034 sic
390 1007 523 1036 allocutus
537 1013 577 1037 est
593 1018 600 1037 :
615 1011 710 1038 Adeste
720 1031 727 1043 ,
752 1012 861 1046 accipite

71 1059 190 1084 ramum,
214 1060 266 1079 non
290 1054 377 1088 templi
402 1054 480 1082 idolis
503 1057 660 1090 consecrati,
684 1060 727 1084 sed
750 1057 858 1086 Christi;

72 1095 178 1129 Quibus
202 1098 343 1131 gentilium
368 1099 394 1126 in
419 1106 448 1127 se
473 1101 615 1129 concitatis
640 1103 758 1137 animis,
782 1104 859 1140 fuge-

72 1149 116 1174 re,
133 1141 242 1170 latitare
254 1163 262 1177 ,
279 1148 307 1171 et
321 1144 439 1173 latebras
452 1146 547 1174 crebro
565 1155 734 1177 commutare
747 1156 860 1179 coactus

67 1192 124 1216 est.

108 1233 143 1262 Χ.
158 1234 322 1264 Alexandria
335 1236 386 1264 sub
401 1236 469 1264 idem
481 1241 586 1273 tempus
598 1240 749 1268 excessisse
760 1241 856 1276 ipsum,

68 1285 102 1308 et
116 1281 271 1309 Caesaream
288 1282 465 1318 Cappadociae
489 1284 643 1320 confugisse
664 1293 757 1316 censet
773 1288 856 1316 Baro-

72 1329 136 1355 uius
152 1329 186 1356 ad
200 1337 244 1356 an.
262 1329 315 1357 205
326 1349 335 1361 .
354 1338 382 1357 n.
397 1330 413 1357 6
426 1351 434 1362 .
450 1330 560 1359 Palladii
578 1335 738 1362 auctoritate
751 1343 858 1370 permo-

70 1379 130 1407 tus,
148 1375 193 1409 qui
205 1383 266 1411 cap.
288 1376 350 1408 M7,
367 1376 509 1413 Origenem
524 1379 628 1411 scribit,
641 1388 703 1408 cum
716 1381 856 1417 gentilium

70 1421 245 1449 vexationem
260 1421 374 1457 fugeret,
386 1422 516 1452 Caesareae
531 1425 600 1460 apud
616 1425 750 1454 Julianam
772 1428 856 1463 virgi-

70 1473 135 1493 nem
161 1466 301 1494 delituisse
322 1467 431 1496 biennio
444 1490 452 1502 ,
476 1475 502 1497 et
517 1470 543 1497 in
558 1471 656 1498 litteris
672 1473 791 1500 animum
806 1473 855 1500 ba-

64 1512 173 1540 'buisse.
191 1513 292 1541 Deinde
311 1514 368 1542 haec
384 1516 518 1544 subnectit
535 1526 541 1544 :
560 1514 646 1553 Εὗρον
660 1518 688 1545 δὲ
702 1519 789 1547 ταῦτα
802 1519 857 1554 ἐγὼ
870 1529 891 1557 c

67 1559 252 1594 γεγραμμένα
278 1560 307 1587 ἐν
326 1560 499 1598 παλαιοτάτῳ
519 1563 611 1599 βιϐλίῳ
630 1565 758 1601 στιχηρῷ,
789 1567 857 1602 ὅπερ

68 1603 226 1640 ἐγέγραπτο
253 1606 324 1642 χειρὶ
344 1607 505 1642 Ὠριγὲνους·
523 1609 601 1636 τοῦτο
624 1610 654 1637 τὸ
666 1611 766 1645 βιϐλίον
779 1608 856 1647 εὖρον

68 1650 126 1684 ἐγὼ
158 1651 234 1686 παρὰ
262 1652 390 1689 Ἰουλιανῇ
415 1655 540 1690 παρθένῳ
555 1656 584 1682 ὲν
604 1657 766 1693 Καισαρείᾳ,
789 1666 856 1693 κρυ-

68 1697 204 1732 πτόμενος
230 1698 308 1733 κάγὼ
331 1701 485 1737 παράὐτῇ,
502 1702 562 1736 ἥτις
582 1702 658 1737 ἔλεγε
685 1704 750 1739 παρ’
774 1704 855 1731 αὑτοῦ

68 1744 220 1780 Συμμάχου
245 1746 292 1773 τοῦ
310 1747 450 1782 ἑρμηνέως
468 1748 522 1774 τῶν
540 1748 671 1775 Ἰουδαίων
694 1750 760 1777 αὐτὸ
785 1750 857 1786 εἰλη-

68 1790 160 1824 φέναι.
173 1791 318 1819 Manifesto
330 1793 387 1819 hanc
405 1793 454 1820 sibi
466 1799 631 1829 repugnant:
645 1802 705 1821 nam
723 1796 744 1822 si
758 1795 855 1823 librum

68 1836 144 1862 illum
159 1844 240 1864 manu
256 1844 304 1864 sua
317 1838 437 1865 exaravit
448 1838 588 1874 Origenes,
604 1842 738 1874 quomodo
754 1841 826 1868 illum
840 1850 854 1869 a

65 1880 237 1915 Symmacho
263 1882 364 1910 habere
387 1884 474 1918 potuit
496 1884 628 1912 Juliana?
647 1886 781 1920 quomodo
793 1894 853 1913 eum

67 1926 139 1961 apud
154 1926 287 1954 Julianam
304 1928 434 1962 Origenes
448 1930 568 1964 reperire
580 1930 592 1957 τ
617 1929 697 1965 Lege,
710 1930 782 1967 ἆπερ
793 1931 856 1966 ὲγέο

67 1980 188 2007 γραπτο,
207 1973 334 2007 proclivia
351 1975 414 2002 lient
426 1976 527 2002 omnia.
546 1975 611 2003 Sese
628 1975 653 2003 in
667 1975 855 2010 antiquissimo

68 2017 141 2045 libro
152 2018 236 2045 verba
249 2019 306 2046 haec
319 2027 398 2047 manu
411 2020 538 2056 Origenis
553 2021 654 2056 scripta
668 2021 801 2055 reperisse
819 2021 855 2048 ait

64 2062 206 2090 {’alladius
225 2072 232 2090 :
250 2063 327 2091 Hunc
344 2064 439 2092 librum
464 2066 551 2092 inveni
567 2066 635 2100 apud
650 2065 787 2093 Julinnam
802 2068 855 2094 vir-

67 2109 168 2142 ginem,
180 2109 209 2135 in
225 2108 345 2137 αιτιοι-ια
355 2111 469 2144 civitate,
481 2111 544 2138 dum
553 2111 624 2146 apud
638 2112 721 2143 ipsam
736 2112 852 2145 laterem,

66 2162 126 2189 qua:
149 2154 225 2182 illum
244 2156 275 2182 ab
290 2156 347 2191 ipso
369 2156 526 2192 Symmacho
546 2157 682 2191 interprete
700 2158 854 2185 Judworum

915 238 946 258 ea
965 238 1045 264 porro
1066 229 1128 264 jure
1150 232 1335 259 successionis
1350 232 1385 259 ab
1403 233 1462 267 ipso
1477 232 1640 268 Symmacho
1656 234 1705 260 ha-

914 276 994 304 bebat
1007 297 1015 309 ,
1033 276 1097 303 inde
1120 275 1229 311 collegit
1243 277 1374 304 Baronius
1389 285 1422 305 ex
1440 278 1473 304 iis
1489 277 1645 313 Symmachi
1670 278 1705 306 li-

915 322 972 349 bris
985 321 1142 349 memoratis
1157 321 1190 348 ab
1207 321 1321 349 Eusebio
1334 331 1414 350 unum
1432 330 1493 350 eum
1511 324 1604 357 fuisse,
1620 332 1701 359 quem

915 375 994 394 manu
1012 367 1136 401 Origenis
1153 371 1275 394 notatum
1298 368 1365 394 vidit
1382 368 1535 402 Palladius;
1555 370 1594 396 vel
1621 369 1702 397 Com-

913 414 1059 441 mentarios
1073 421 1170 448 nempe
1186 413 1212 440 in
1236 413 1390 441 Matthaaum
1404 436 1411 447 ,
1432 415 1474 442 vel
1495 416 1700 451 Interpretatio-

913 466 973 486 nem
992 459 1075 492 ipsam
1091 458 1246 493 Scriptura.
1263 459 1397 488 Praeterea
1416 468 1468 487 non
1483 461 1536 488 alia
1556 462 1700 497 Origeuem

913 505 947 533 de
972 514 1055 533 causa
1071 505 1184 534 latuisse
1199 507 1267 540 apud
1289 505 1423 534 Julianam
1438 509 1554 541 censuit,
1574 516 1653 544 quam
1668 513 1698 537 ut

913 551 1031 586 aliquam
1045 551 1216 579 etbnlcorum
1234 552 1364 580 adversus
1388 553 1556 581 Christianos
1568 562 1698 589 persecu-

913 597 1011 624 tionem
1029 596 1170 630 devitaret,
1195 597 1235 624 vel
1251 597 1344 625 Severi
1360 598 1474 630 scilicet,
1491 599 1534 626 vel
1549 599 1698 634 Maximini,

911 643 954 670 vel
974 643 1047 670 Decii
1068 653 1074 671 :
1095 652 1156 671 cum
1174 644 1311 671 Maximini
1333 649 1421 672 autem
1435 644 1475 672 vel
1491 645 1563 673 Decii
1579 650 1657 673 aetate
1671 647 1699 674 hi

909 687 963 723 jam
983 688 1136 724 Symmachi
1150 688 1209 716 libri
1225 689 1354 716 exiissem
1372 689 1398 716 in
1416 690 1503 717 lucem
1517 710 1525 722 ,
1542 695 1568 718 et
1590 691 1622 718 ad
1640 690 1699 718 Dri-

913 734 988 768 genis
1002 734 1116 768 proinde
1132 735 1255 762 notitiam
1271 735 1411 762 venissent
1423 757 1431 767 ,
1458 739 1513 762 tum
1531 741 1604 764 certe
1617 737 1652 764 ab
1665 745 1698 764 eo
1728 739 1732 743 '

910 778 995 806 fuisse
1018 779 1141 807 inventos
1155 800 1163 812 ,
1189 780 1253 807 dum
1279 780 1371 808 Severi
1388 780 1487 809 bellum
1504 781 1530 808 in
1547 781 1697 810 Ecclesiam

913 824 1036 853 ferveret.
1064 824 1217 853 Halloxium
1244 826 1326 853 traxit
1339 826 1366 853 in
1381 833 1521 854 assensum
1541 835 1571 855 ea
1588 827 1697 856 Barouii

911 870 981 897 ratio
992 890 1000 902 ,
1016 877 1097 904 quam
1122 870 1277 898 accuratius
1301 875 1390 898 tamen
1407 873 1592 899 excutiamus.
1609 871 1694 904 Quem

911 916 1007 943 librum
1022 916 1146 952 Origenis
1162 925 1241 945 manu
1253 921 1374 945 notatum
1390 918 1490 945 vidisse
1508 925 1538 945 se
1552 918 1588 945 ait
1606 917 1696 945 Palla-

911 962 980 995 dius,
990 962 1014 989 is
1028 968 1087 990 erat
1100 963 1305 997 antiquissimus
1322 972 1329 990 :
1348 963 1420 997 atqui
1434 962 1582 990 Palladium
1597 963 1696 990 ducen-

911 1007 945 1035 tis
965 1008 1075 1036 circitcr
1097 1009 1176 1036 annis
1193 1008 1371 1043 Symmachus
1387 1008 1543 1036 antecessit.
1570 1008 1626 1043 (20)
1650 1008 1691 1035 An

910 1061 974 1081 vero
996 1054 1172 1081 ducentorum
1200 1061 1332 1081 annorum
1357 1055 1440 1082 codex
1455 1075 1464 1088 ,
1490 1055 1696 1089 antiquissimus

909 1099 961 1127 dici
974 1101 1066 1134 possit,
1080 1100 1235 1128 existiment
1245 1100 1354 1133 eruditi,
1364 1101 1408 1135 qui
1417 1101 1582 1135 sciuntquol
1597 1101 1694 1128 sarcula

912 1144 1043 1179 ejusmodi
1061 1146 1168 1174 codices
1181 1146 1304 1173 durando
1318 1146 1426 1174 vincere
1450 1145 1519 1174 soliti
1532 1146 1596 1173 sint.
1614 1145 1694 1182 Sym-

909 1191 1032 1219 machum
1044 1199 1109 1226 ergo
1122 1191 1192 1219 liber
1205 1192 1257 1219 iste
1270 1196 1410 1219 auctorem
1426 1199 1480 1218 non
1497 1191 1601 1218 habuit.
1620 1191 1694 1224 Quos

908 1242 997 1264 autem
1014 1245 1029 1265 a
1046 1236 1152 1265 Juliana
1167 1237 1322 1273 Symmachi
1337 1237 1420 1265 libros
1442 1238 1580 1272 accepisse
1597 1237 1694 1273 Orige-

908 1292 969 1312 nem
994 1284 1082 1319 prodit
1097 1283 1227 1311 Eusebius
1240 1305 1247 1317 ,
1264 1283 1297 1310 ab
1312 1283 1371 1318 ipso
1395 1283 1503 1310 fuerunt
1530 1282 1694 1318 Symmacho

907 1330 1048 1358 elaborati.
1066 1330 1106 1358 Ad
1120 1330 1176 1357 huic
1191 1329 1243 1357 luit
1258 1329 1385 1364 στιχηρδς
1399 1328 1443 1356 ille
1459 1329 1542 1356 codex
1559 1336 1638 1363 quem
1650 1329 1692 1356 vi-

907 1375 945 1402 dit
973 1376 1108 1403 Palladius
1134 1385 1140 1403 :
1168 1380 1197 1402 at
1222 1382 1312 1409 neque
1339 1374 1494 1410 Symmachi
1517 1374 1692 1401 Commenta-

907 1423 974 1454 rios,
991 1422 1046 1457 (Ἡ)
1072 1429 1159 1457 neque
1183 1420 1328 1455 Scriptura:
1345 1419 1610 1454 lnterpretationem,
1636 1428 1693 1446 cm-

907 1468 999 1505 χηρῶς
1015 1469 1096 1496 fuisse
1112 1467 1213 1502 scripta
1229 1468 1353 1501 cuiquam
1377 1466 1445 1493 bene
1461 1473 1529 1493 sano
1545 1466 1692 1501 persuade-

908 1516 990 1542 bitur.
1006 1514 1082 1541 Alius
1102 1520 1167 1548 ergo
1184 1513 1235 1540 fuit
1259 1513 1303 1540 ille
1326 1512 1447 1540 Palladio
1465 1517 1691 1539 commemoratus

908 1561 987 1594 liber,
1002 1560 1046 1588 alii
1061 1559 1186 1587 Eusebio.
1202 1557 1257 1586 Nec
1274 1558 1371 1585 mirum
1388 1565 1454 1585 sane
1471 1563 1600 1591 utrosque
1615 1564 1628 1583 a
1644 1556 1692 1584 Ju-

906 1606 976 1634 liana
990 1606 1126 1640 accepisse
1143 1604 1285 1638 Origeuem
1300 1623 1308 1637 ,
1331 1611 1393 1631 cum
1408 1603 1554 1631 verisimile
1576 1604 1612 1630 sit
1628 1603 1690 1630 uui-

906 1660 1011 1680 versam
1030 1651 1185 1687 Symmachi
1200 1650 1391 1677 bibliothecam
1407 1649 1439 1677 ad
1453 1649 1588 1676 Julianam
1603 1650 1690 1677 haere-

906 1699 1004 1726 dilario
1019 1698 1078 1732 jure
1094 1697 1249 1732 pervenisse
1261 1716 1269 1728 ,
1284 1696 1362 1730 cujus
1382 1695 1437 1730 ipsa
1458 1695 1554 1722 deinde
1581 1695 1688 1730 Origeni

906 1747 1009 1781 copiam
1028 1745 1131 1772 fecerit.
1146 1744 1214 1771 Hinc
1232 1751 1297 1778 ergo
1323 1742 1425 1770 frustra
1448 1741 1584 1769 concludit
1606 1740 1690 1768 Baro-

906 1793 964 1819 nius
979 1791 1134 1826 Symmachi
1160 1788 1411 1823 lnterpretatiouem
1428 1792 1456 1814 et
1474 1787 1688 1814 Commentarios

906 1842 969 1864 tunc
983 1837 1016 1863 ab
1030 1835 1146 1870 Origene
1159 1835 1242 1861 fuisse
1259 1834 1393 1865 inventos,
1412 1840 1474 1860 cum
1491 1833 1632 1867 imperium
1648 1837 1687 1859 te-

905 1887 981 1910 neret
996 1882 1123 1912 Severus,
1136 1885 1163 1908 et
1180 1880 1325 1908 Ecclesium
1343 1878 1412 1905 male
1422 1878 1545 1908 haberet.
1560 1883 1685 1912 propter-

905 1935 935 1955 ea
949 1927 1019 1961 quod
1046 1927 1103 1962 jam
1133 1931 1188 1953 tum
1211 1926 1238 1953 in
1254 1925 1397 1960 Origenis,
1421 1924 1595 1958 omniumque
1621 1924 1687 1951 adeo

904 1981 999 2000 manus
1013 1977 1150 2004 venerant,
1165 1980 1226 1999 cum
1244 1971 1414 2002 Maximinus,
1430 1975 1476 1996 aut
1492 1970 1588 1996 Decius
1604 1968 1686 1996 Chri-

903 2019 1019 2047 stianam
1038 2018 1228 2053 rempublicam
1244 2020 1438 2052 oppugnarunt.
1460 2015 1514 2050 (22)
1528 2016 1568 2042 Ac
1581 2015 1603 2042 si
1626 2015 1685 2042 ﬁeri

904 2073 957 2093 non
973 2065 1100 2100 potuerit,
1114 2068 1154 2097 ut,
1176 2063 1300 2098 quamvis
1322 2062 1378 2096 jam
1397 2062 1577 2088 iuuotuissent
1595 2060 1685 2088 multis

904 2111 944 2138 lue
961 2110 1160 2138 lucubrationes
1177 2107 1332 2144 Symmachi
1348 2127 1355 2138 ,
1372 2107 1457 2141 ipsum
1475 2111 1564 2133 tamen
1586 2104 1683 2139 Orige—

905 2164 965 2184 nem
981 2157 1042 2183 aliis
1054 2156 1205 2183 districtum
1219 2155 1299 2182 rebus
1313 2153 1468 2188 effugerint.
1483 2153 1609 2180 Eamdem
1626 2152 1685 2187 ejus

66 2207 96 2226 se
110 2201 242 2234 accepisse
253 2202 388 2236 referebat.
403 2202 459 2238 (l9)
475 2203 607 2236 Quoniam
624 2208 712 2231 autem
728 2204 791 2231 alibi
809 2204 854 2230 do-
870 2201 890 2229 ι)
905 2201 1080 2228 latitationem
1106 2205 1197 2228 narrat
1223 2199 1355 2227 Eusebius
1380 2198 1449 2226 libro
1462 2207 1487 2226 v1
1502 2218 1511 2231 ,
1524 2206 1583 2233 cap.
1599 2199 1631 2230 5,
1646 2198 1686 2233 ip-

66 2249 112 2271 cet
129 2244 263 2273 Eusebius
275 2246 429 2281 Symmachi
443 2246 656 2275 Commentarios
677 2248 704 2275 in
728 2248 852 2283 Evange-

66 2290 132 2318 lium
149 2291 281 2325 Matthxi.
299 2297 326 2320 et
341 2293 374 2320 ab
390 2300 422 2321 eo
439 2294 627 2321 concinnatam
647 2293 791 2329 Scriptura:
807 2293 850 2321 ln-

116 2392 160 2428 l9)
174 2392 287 2427 Euseb.,
300 2392 371 2421 Hist.
387 2394 479 2422 eceles.
499 2394 546 2422 lib.
560 2402 598 2426 vt.
612 2401 638 2422 c.
657 2393 701 2421 l7.

99 2427 160 2462 (20)
184 2427 226 2454 An
245 2436 303 2454 vero
320 2429 490 2456 ducentorum
517 2437 645 2456 annorum
669 2429 751 2456 eodem
763 2449 770 2460 ,
784 2430 852 2455 anti-

64 2463 210 2495 quissimus
225 2463 280 2489 dici
292 2464 382 2494 possit.
400 2463 498 2496 Quidni
517 2464 529 2491 ?
554 2463 634 2491 Certe
650 2464 734 2491 Aulus
747 2464 849 2491 Gellius

65 2497 114 2534 qui
131 2497 249 2534 necdum
264 2498 389 2534 ducentis
401 2498 480 2534 annis
493 2499 526 2526 ab
539 2499 612 2534 obitu
625 2498 728 2534 Virgilii
750 2499 850 2534 elapsis

65 2533 118 2559 sub
137 2532 260 2568 Adriano
273 2532 374 2568 ﬂoruit,
388 2534 427 2560 ait
442 2533 487 2560 lib.
503 2541 522 2560 ιι
537 2533 615 2560 Noct.
631 2532 724 2566 Attia,
745 2532 805 2568 cap‘.
820 2534 848 2566 5,

66 2573 208 2594 ostensum
237 2567 287 2594 sibi
316 2567 398 2595 fuisse
424 2567 530 2595 Librum
554 2568 684 2595 1Eneidos
709 2569 851 2595 secundant

67 2601 199 2637 mirandae
207 2603 345 2629 uetustatis
359 2621 368 2634 .
381 2607 494 2637 emptum
508 2604 534 2630 in
550 2603 685 2637 sigillariis
697 2611 732 2630 xx
745 2604 832 2630 aureis
843 2624 850 2634 ,

66 2634 143 2671 que'm
168 2638 365 2673 grammaticus
382 2634 428 2673 qui
450 2634 620 2672 ostendebat,
637 2638 721 2673 ipsius
749 2637 851 2673 Virgilii

67 2679 122 2698 esse
133 2672 266 2698 credebat.

102 2706 176 2743 (ἐς)
203 2706 294 2743 Neque
325 2706 469 2740 Scriptura:
492 2705 736 2742 Interpretationem
759 2706 853 2743 στιχη-

69 2741 125 2778 ρῶἱ
136 2741 219 2776 fuisse
231 2742 330 2778 θοι-ἄρηι
339 2743 465 2778 cuiquam
478 2743 540 2770 bene
559 2741 622 2778 sano
641 2741 848 2776 persuadebilur.

69 2778 99 2803 ι).
117 2775 273 2803 Bernardus
285 2775 322 2803 de
336 2775 504 2804 Montl'aucon
518 2778 543 2804 iu
570 2775 796 2805 Prmlimiuaribus
821 2777 847 2804 in

69 2807 191 2845 Hecapla
214 2811 357 2846 Origenis,
381 2817 471 2839 monet
496 2812 522 2839 in
552 2812 603 2839 line
626 2817 726 2840 catena:
749 2813 774 2839 in
797 2811 848 2840 Job

68 2846 94 2874 in
116 2846 216 2882 Anglia
239 2847 318 2874 edita
331 2866 339 2882 ,
362 2847 455 2876 haberi
472 2852 555 2876 totum
573 2847 668 2876 librum
690 2847 739 2876 Job
755 2855 844 2880 στιχη-

905 2254 1018 2281 sumque
1032 2247 1069 2273 ait
1085 2254 1119 2274 ex
1134 2247 1237 2274 aedibus
1254 2246 1280 2273 in
1294 2247 1364 2274 aedes
1377 2245 1523 2281 fugientem
1539 2245 1682 2280 migrasse,

906 2301 959 2321 non
977 2301 1011 2321 ex
1027 2293 1138 2320 urbibus
1155 2293 1182 2320 in
1197 2293 1295 2326 urbes;
1313 2298 1340 2320 et
1365 2297 1418 2320 tota
1443 2292 1509 2319 urbe
1530 2292 1684 2326 neutiquam

904 2393 959 2430 ρῶς
987 2393 1116 2428 scriptum
1145 2393 1178 2420 ad
1205 2392 1282 2420 ﬁdem
1309 2393 1410 2420 veteris
1440 2392 1578 2427 cujusdam
1604 2393 1684 2420 codi-

903 2437 947 2456 CIS.

937 2463 992 2499 (22)
1008 2463 1044 2489 Ac
1055 2463 1077 2490 si
1087 2462 1145 2499 ﬁeri
1159 2470 1208 2489 non
1218 2462 1340 2499 patuerit,
1353 2467 1392 2494 ut,
1404 2464 1520 2499 quamvis
1530 2463 1588 2499 jan
1602 2462 1683 2499 inno-

901 2497 1111 2533 tui‘rsentimultis
1134 2497 1173 2523 hic
1196 2497 1563 2533 lucubrationesSymmachi
1576 2517 1583 2529 ,
1597 2498 1682 2533 ipsum

901 2538 986 2559 tamen
1003 2532 1152 2568 Origenem,
1166 2539 1217 2559 etc.
1231 2541 1244 2568 ε
1265 2532 1419 2568 Verisimile
1444 2540 1495 2568 non
1511 2532 1625 2568 videtur,
1642 2532 1683 2558 iu-

900 2569 961 2602 quit
973 2565 1159 2594 Tillentoutius
1186 2567 1212 2593 in
1225 2566 1299 2601 Orig.
1319 2572 1374 2593 not.
1393 2575 1429 2598 Ix,
1444 2567 1586 2602 Origenem
1603 2565 1682 2601 Sym-

902 2601 989 2629 machi
1011 2602 1163 2629 versionem
1184 2609 1216 2628 υς
1231 2622 1238 2631 .
1262 2605 1325 2628 ante
1339 2609 1424 2628 anuos
1441 2601 1606 2628 elaboratam
1625 2606 1679 2628 tam

901 2645 974 2669 sero,
990 2637 1015 2664 id
1028 2642 1067 2664 est
1104 2643 1174 2663 anno
1187 2636 1240 2663 255
1252 2657 1259 2669 ,
1275 2636 1325 2662 sub
1341 2635 1478 2663 Maximini
1494 2635 1616 2670 imperio,
1627 2643 1680 2670 rna-

902 2677 973 2699 ctum
992 2680 1052 2699 esse
1069 2679 1075 2698 :
1093 2676 1232 2706 potestque
1247 2671 1387 2698 commode
1412 2669 1543 2699 Eusebius
1568 2669 1679 2706 intelligi

903 2712 950 2734 aut
973 2708 1005 2735 de
1029 2708 1086 2741 ipso
1101 2706 1254 2741 Symmachi
1281 2707 1468 2741 autographo,
1486 2712 1597 2741 nan-fex
1621 2705 1679 2738 ipso

904 2740 1065 2778 Symmacho
1075 2740 1137 2778 illujl
1146 2740 1250 2778 Juliana
1261 2740 1424 2778 acceperat;
1439 2745 1484 2767 aut
1497 2741 1529 2768 de
1542 2740 1680 2778 Commen-

902 2775 971 2804 tario
986 2778 1100 2811 quodam
1114 2776 1267 2811 Symmachi
1282 2777 1308 2803 in
1322 2776 1498 2811 Scripturam,
1508 2783 1562 2802 non
1576 2775 1609 2801 de
1622 2775 1679 2811 ejus

901 2809 1035 2874 versioizie.
1054 2821 1063 2838 ι
1081 2809 1146 2840 Vide
1161 2818 1220 2847 quae
1236 2811 1350 2839 dicimus
1365 2809 1435 2839 infra
1453 2811 1500 2839 lib.
1517 2818 1559 2845 tu,
1573 2816 1632 2844 cap.
1648 2809 1676 2842 4,

901 2855 974 2874 num.

900 2855 974 2875 num.
