1915 3079
220 127 268 155 651

855 130 886 157 I’.
917 131 1075 158 DANIELIS
1095 132 1213 161 IIUETII

1799 139 1854 168 σεε

221 197 280 224 qua»
296 190 327 216 ad
344 196 402 216 eam
421 189 486 220 fere,
507 197 568 224 quae
585 189 656 217 ferro
680 190 724 222 ﬁt,
737 191 913 218 evirationem
928 193 1009 226 perti-
1024 195 1045 222 Α
1060 201 1123 228 que.
1141 201 1174 220 ne
1197 194 1285 221 simile
1312 195 1375 229 quid
1402 195 1428 222 in
1452 203 1480 222 se
1497 195 1641 230 aliquando
1663 197 1850 230 conciperem,

220 242 294 264 nent.
310 237 409 264 Contra
434 243 465 262 ea
490 235 639 268 Hallnxius,
657 244 708 264 non
727 243 838 264 excusat
856 238 946 270 modo.
964 239 1010 265 sed

220 283 350 314 dilaudat.
377 282 423 310 lib.
443 290 470 309 tv
486 281 561 317 Orig.
573 282 641 317 def,
665 288 761 317 quaest.
781 284 808 311 3.
825 283 881 319 Ego
904 284 1009 319 singula

220 330 255 357 ab
269 334 384 363 utraque
405 334 480 362 parte
501 329 614 356 collecta
632 337 684 357 non
704 329 840 362 referam;
857 330 928 364 quod
952 331 1010 362 ipse

220 374 316 404 sentio,
329 373 421 408 paucis
431 380 574 407 exponam.
591 374 700 401 Certum
717 379 759 402 est
775 375 952 402 voluntariam
967 376 1007 402 sui

219 418 304 453 ipsius
320 418 513 450 exsectionem,
541 425 601 445 eam
617 418 678 445 dico
692 425 752 452 quae
772 419 801 445 ﬁt
823 419 922 454 gladio,
943 420 1009 446 veti-

218 470 273 492 tam
291 472 352 492 esse
364 465 522 499 apcslolicis
539 466 691 499 canonibus
703 465 738 492 22
753 471 780 492 et
795 465 841 492 ΞΑ.
859 467 893 492 At
912 473 1006 493 eorum

218 511 298 539 dubia
312 516 354 539 est
371 511 530 543 auctoritas,
552 516 578 538 et
590 511 697 545 penitus
711 511 746 538 ab
765 511 887 538 Halloxio
904 512 1008 546 respui-

218 561 272 586 tur.
299 555 428 583 Eamdetn
454 557 592 583 damnavit
617 557 751 584 exstincto
768 558 869 592 jamdiu
892 558 1008 592 Origene

216 601 354 629 Plit-renum
367 601 523 633 concilium,
536 609 598 629 can.
610 601 635 634 I,
650 602 823 630 damnavitet
837 603 1005 635 Arelatense,

217 656 279 675 can.
301 648 327 675 7.
345 647 396 684 Ipsi
424 655 531 683 quoque
561 648 687 679 Eusebio,
711 654 841 684 perpetuo
863 649 926 676 licet
946 649 1006 676 Ori-

217 696 294 730 genis
313 695 460 727 laudatori,
476 696 609 723 vecordiae
630 695 709 730 hujus
721 695 946 729 vituperationem
965 696 1005 723 vis

215 740 339 767 veritatis
355 740 499 775 expressit.
537 740 591 767 Sed
610 741 674 775 quid
699 741 787 768 aliena
809 741 1003 775 conquirimus,

217 793 278 813 cum
292 786 440 814 domestica
465 786 638 821 suppeditent
663 786 838 814 testimonia?
857 788 1005 822 Utramque

214 832 421 863 castrationem,
444 837 470 859 et
493 840 552 867 qua:
569 833 733 865 cxsectione,
753 836 781 859 et
801 840 860 866 quae
883 833 1005 859 exsicca-

1063 240 1237 267 rchementer
1250 241 1407 274 absterruit,
1425 250 1485 269 cum
1502 242 1562 269 aliis
1577 242 1654 273 locis.
1667 247 1724 270 tum
1736 251 1851 277 pra-ser»

1062 285 1108 312 tim
1121 286 1178 312 suis
1192 286 1219 313 in
1230 285 1386 314 Matthreum
1403 287 1616 315 Commentariis.
1633 287 1723 316 Locus
1736 289 1852 317 habetur

1062 337 1127 357 tom.
1155 339 1204 364 xv,
1216 340 1290 359 num.
1310 333 1336 365 l,
1348 332 1376 364 2,
1396 333 1424 364 5,
1440 333 1457 360 ι
1475 338 1500 360 et
1516 334 1544 367 5,
1564 341 1643 368 quem
1658 334 1772 362 omnino
1784 343 1850 363 con-

1059 377 1110 404 suli
1127 377 1217 404 velim.

1095 421 1248 456 Discipulos
1263 430 1328 450 suos
1340 428 1367 451 et
1393 424 1540 451 familiares
1555 425 1659 454 facinus
1675 434 1754 453 suum
1775 426 1848 454 cela-

1059 473 1135 495 verat
1154 467 1296 503 Origenes,
1313 470 1412 498 dubius
1426 471 1510 498 animi
1527 471 1635 500 laudine
1657 472 1722 504 sibi,
1737 480 1772 500 an
1786 481 1847 508 pro-

1058 513 1108 541 bro
1124 514 1274 542 ducendum
1295 514 1373 543 foret.
1397 516 1464 543 Rem
1487 521 1576 544 tamen
1594 518 1728 553 comperit
1750 518 1846 546 Deme-

1059 561 1136 593 trius,
1160 569 1240 596 quam
1261 562 1435 590 vehementer
1463 563 1611 591 admiratus
1631 564 1759 599 primum,
1789 570 1844 592 tum

1058 606 1181 634 laudibus
1197 608 1279 634 etiam
1305 613 1475 642 prosecutus.
1499 610 1671 637 conﬁrmavit
1688 610 1844 646 Origenem,

1057 657 1219 687 strenueque
1235 659 1390 688 susceptum
1404 662 1502 681 munus
1516 655 1597 689 jussit
1613 656 1768 683 traducere.
1777 655 1844 684 Tum

1057 698 1101 725 hic
1117 699 1233 733 denique
1249 700 1359 727 remotis
1379 700 1586 734 impedimentis,
1605 702 1747 729 universos
1770 702 1804 728 ad
1817 709 1845 729 se

1055 745 1197 772 erudiendi
1225 753 1306 772 causa
1327 746 1464 773 venientes
1487 746 1560 773 nullo
1586 754 1667 775 sexus
1686 748 1845 775 discrimine

1055 789 1174 816 admisit.
1204 789 1232 816 ln
1249 797 1343 817 eorum
1369 795 1459 816 autem
1488 791 1658 818 institutione
1682 798 1791 818 summa
1818 798 1845 818 se

1056 835 1187 862 tractavit
1199 835 1348 871 diligentia,
1373 843 1505 871 omneque
1517 843 1592 863 suum
1605 836 1691 863 otium
1703 836 1738 862 ad
1751 843 1844 864 eorum

213 881 288 909 tione
302 881 451 916 perﬁcitur,
476 880 614 907 damnavit
635 880 742 907 demum
763 879 904 916 Origenes,
922 880 1004 907 alios-
1021 873 1042 901 Β
1058 881 1194 915 negotium
1209 881 1332 908 contulit.

878 1022 1068 1068 CAPUT
1106 1024 1172 1067 ll.

212 1117 238 1146 I.
253 1117 340 1147 Severi
354 1120 522 1153 imperatoris
541 1121 638 1147 obitus.
661 1119 787 1155 Origenes
806 1120 917 1146 Romam
939 1119 1128 1154 proﬁciscitur.
1143 1119 1173 1146 Il.
1197 1120 1386 1146 Alexandriam
1404 1120 1480 1146 redit.
1497 1119 1538 1146 Ill.
1556 1119 1715 1146 Hebrairam
1729 1119 1843 1155 linguam

248 1155 385 1182 condiscit.
401 1155 445 1182 IV.
458 1154 626 1182 Ambrosium
641 1156 674 1181 ad
687 1153 786 1182 Christi
803 1156 881 1189 fidem
906 1155 1043 1181 convertit.
1065 1155 1094 1181 V.
1116 1155 1272 1181 .Accersitur
1294 1156 1321 1182 in
1340 1156 1474 1186 Arabiam,
1496 1156 1562 1181 redit
1583 1153 1786 1181 Alexandriam.
1802 1153 1843 1181 Vl.

249 1189 419 1216 Palmatinam
431 1190 504 1224 petit,
520 1191 710 1217 Alexandriam
725 1191 801 1217 redit.
819 1190 860 1216 VII
902 1191 921 1216 Α
946 1189 1087 1216 Mummaza
1103 1191 1246 1216 accersitur
1263 1190 1453 1220 Antiochiam:
1478 1191 1666 1216 Alexandriam
1694 1191 1840 1216 revertitur.

251 1225 319 1252 VIII.
343 1223 507 1258 Scripturam
532 1234 634 1252 sacram
656 1225 849 1252 commentariis
866 1225 1000 1251 illustrare
1014 1226 1174 1258 aggreditur.
1198 1224 1241 1251 IX.
1259 1225 1468 1252 Commentarios
1490 1225 1517 1251 in
1528 1225 1672 1255 Joannem,
1698 1223 1762 1251 etin
1778 1225 1843 1250 alios

247 1258 391 1294 $.ripturar
406 1260 485 1286 libras
502 1261 618 1287 inchoat.
634 1259 668 1288 Χ.
686 1260 716 1286 In
734 1261 861 1286 Achaiam
876 1268 922 1293 per
942 1259 1114 1286 Pula'etinam
1129 1259 1316 1293 proﬁciscitur.
1334 1260 1379 1286 XI.
1396 1260 1503 1286 Athenis
1519 1261 1653 1286 discedens
1672 1259 1775 1291 Epheso
1795 1260 1843 1285 iter

247 1294 334 1321 taliet.
356 1294 412 1321 XII.
429 1294 557 1322 Ca’surew
573 1297 707 1329 presbyter
729 1295 786 1329 jam
801 1300 861 1322 ante
869 1295 967 1356 aluerat
990 1295 1128 1320 ordinatus
1142 1303 1151 1326 ;
1167 1295 1328 1321 Alexandria
1346 1295 1465 1329 pellitur.
1478 1294 1544 1321 XIII.
1570 1295 1647 1325 Cum,
1662 1303 1694 1320 ne
1706 1294 1844 1321 vitiaretur

247 1331 279 1356 at
295 1329 430 1356 Ethione.
451 1330 531 1356 idolis
553 1331 739 1356 sacriﬁcauet.
771 1330 841 1356 XIV.
892 1337 1017 1356 maream
1037 1328 1192 1356 ΡαΙιιιδιὶηίε
1220 1330 1347 1356 concedit.
1372 1329 1429 1356 XV.
1451 1329 1628 1356 Confutuntur
1650 1330 1784 1356 nonnulli.
1800 1330 1842 1356 oui

247 1331 279 1364 at
295 1329 430 1363 Ethiope.
451 1330 531 1357 idolis
553 1328 739 1363 sacriﬁcauet,
771 1330 841 1357 XIV.
869 1328 1017 1356 Cmaream
1037 1328 1192 1357 Palwstinw
1220 1330 1347 1358 concedit.
1372 1329 1429 1357 XV.
1451 1329 1628 1364 Cunfutantur
1650 1330 1784 1360 nonnulli,
1800 1330 1842 1361 qui

246 1363 433 1399 Origenemiab
459 1364 570 1391 Heracla
591 1366 752 1392 Alexandria
771 1366 910 1399 depulsum
923 1364 1005 1397 fuisse
1017 1365 1189 1396 scripserunt.
1224 1363 1290 1392 XVI.
1309 1365 1494 1391 Etclesiastica
1508 1363 1606 1391 'ntunia
1627 1365 1702 1396 obit;
1725 1372 1741 1389 ιι
1755 1365 1842 1390 multis

249 1399 351 1434 fovetur
374 1398 510 1427 Ecclesiis.
525 1400 605 1427 XVII.
637 1398 809 1426 Pala'stinant
838 1401 991 1433 perlustrat.
1030 1399 1122 1426 XVIII.
1140 1399 1236 1426 Utrum
1253 1400 1345 1434 viginti
1359 1404 1383 1426 et
1406 1405 1464 1425 octo
1488 1408 1572 1426 annos
1590 1398 1653 1434 Tyri
1673 1400 1841 1432 transegerit.

247 1431 316 1460 XIX.
337 1434 492 1468 Gregorium
506 1435 732 1468 Thaumaturgum
754 1440 777 1460 et
795 1431 990 1461 Athenodorum
1012 1434 1121 1469 fratres,
1137 1435 1254 1468 aliosque
1278 1431 1305 1462 in
1327 1435 1421 1462 litteris
1435 1435 1522 1462 sacris
1540 1440 1564 1462 et
1584 1431 1705 1469 profanis
1719 1431 1841 1461 instituit.

247 1469 347 1496 Isaiam
359 1476 382 1496 et
399 1469 562 1497 Ezecltielem
573 1470 769 1496 commentariis
791 1470 906 1504 exponit.

245 1603 267 1632 I.
277 1604 333 1640 (3t)
345 1604 473 1632 Severum
485 1604 603 1638 interim,
613 1612 673 1632 cum
685 1605 739 1640 jam
750 1605 894 1640 aliquoties
907 1606 992 1634 inter-
1006 1614 1028 1643 ο
1047 1606 1173 1633 tiochiam
1187 1605 1237 1632 ivit
1255 1605 1407 1637 Mammaea,
1420 1611 1501 1639 quam
1511 1611 1572 1632 cum
1592 1604 1690 1632 Persas
1714 1603 1842 1632 Romanis

211 1649 292 1678 ﬁcere
324 1649 434 1678 adortus
459 1655 531 1677 esset
562 1649 701 1678 Caracalla
729 1650 821 1683 ﬁlius,
860 1659 932 1678 mors
963 1659 995 1678 ex

208 1696 369 1730 cgritudine
392 1701 537 1724 consecuta
563 1701 614 1729 est,
632 1697 740 1731 expleto
761 1697 865 1732 imperii
894 1698 999 1725 deciate

209 1747 304 1769 octavo
325 1749 407 1774 anno,
427 1741 514 1769 aetatis
532 1742 689 1770 vicesimum
703 1747 810 1769 sextum
828 1749 925 1778 agente
936 1744 998 1770 Ori-

207 1796 288 1824 gene.
313 1787 363 1815 Hic
377 1792 439 1823 post
473 1788 575 1822 aliquot
601 1782 696 1815 deinde
716 1796 800 1816 annus
825 1789 937 1816 [Ioniam
960 1790 999 1816 ire

206 1833 357 1865 contendit,
385 1833 513 1860 Romana:
536 1832 666 1860 Ecclesia:
691 1834 810 1862 visendas
831 1834 932 1867 studio,
953 1835 996 1862 cui

208 1885 272 1907 tunc
289 1884 404 1914 praeerat
425 1879 593 1915 Zcpltyrinns
611 1887 690 1914 papa.
708 1880 825 1915 Tempus
846 1881 951 1908 itineris
965 1882 998 1908 ab

209 1924 326 1952 Eusebio
336 1925 548 1958 praetermissum
560 1924 717 1958 conjectura
729 1926 835 1959 assequi
849 1927 940 1952 studet
952 1926 999 1952 Ba-

209 1971 312 2003 ronius,
329 1975 356 1998 et
375 1971 401 1998 in
425 1971 541 2005 primum
556 1971 692 2004 Elagabali
715 1971 803 2005 rejicit
824 1979 937 2005 annum,
953 1973 998 2007 qtti

207 2014 352 2051 Zephyrini
366 2016 486 2043 decimus
497 2021 622 2048 octavus,
641 2022 668 2043 et
684 2021 837 2051 postremus
850 2018 917 2051 luit;
932 2026 999 2045 cau-

207 2068 321 2097 samque
343 2061 502 2096 profectioni
526 2061 692 2089 Mammzeam
711 2062 857 2090 Alexandri
885 2068 997 2090 matrem

207 2109 314 2136 dedisse
333 2109 497 2144 suspicatur,
527 2117 588 2136 cum
603 2113 663 2143 post
682 2110 843 2136 accersitum
857 2109 890 2136 ad
904 2117 933 2137 se
947 2110 999 2136 An-

208 2153 336 2181 tiochiam
347 2153 502 2189 Origencm,
516 2153 689 2189 Elagabalum
706 2155 847 2188 imperium
861 2155 996 2182 ineuntem

207 2198 323 2226 Romam
347 2205 418 2227 esset
437 2200 576 2227 comitata.
589 2199 644 2235 (52)
661 2199 758 2227 Verum
774 2200 832 2227 hate
849 2200 928 2227 aliter
941 2200 997 2226 Eu-

208 2246 283 2273 sebio
295 2246 461 2281 temporibus
478 2247 562 2274 divisa
574 2252 638 2274 sunt
650 2255 656 2272 :
667 2251 731 2274 tunc
740 2246 812 2274 enim
828 2254 843 2273 a
859 2246 996 2274 lllamnnea

208 2292 379 2319 Antiochiam
406 2293 521 2320 accitum
548 2293 632 2320 fuisse
649 2292 792 2328 Origenem
816 2293 882 2320 satis
904 2299 994 2327 aperte
1012 2312 1034 2339 Β

208 2339 363 2374 signiﬁcat,
376 2344 404 2366 et
423 2340 533 2368 disertis
549 2348 655 2376 quoque
668 2341 759 2368 verbis
771 2344 829 2375 post
844 2340 917 2367 illum
931 2339 994 2366 Sui-

209 2384 333 2419 das(55).
343 2393 403 2412 cum
415 2393 505 2412 rerum
523 2387 653 2420 potiretur
668 2386 740 2413 ﬁlius
752 2386 810 2420 ejus
826 2386 990 2413 Alexander.

209 2431 260 2465 Qui
274 2437 414 2466 postquam
433 2433 575 2466 imperium
593 2433 704 2466 adeptus
719 2439 770 2460 est.
786 2440 838 2459 non
854 2432 920 2459 alias
938 2433 993 2458 An-

209 2523 250 2550 ria
264 2530 326 2549 mox
353 2529 368 2548 a
395 2523 502 2549 Justmo
520 2521 636 2556 Martyre
656 2526 879 2548 commemorata.
902 2520 992 2555 Neque

209 2558 280 2585 enim
311 2557 457 2584 verisimile
494 2557 558 2584 mihi
590 2562 631 2583 est
645 2556 769 2590 juvenem
797 2557 877 2583 istum
903 2557 928 2582 id
960 2557 993 2582 ab

208 2593 380 2620 Alexandriae
395 2592 509 2627 praeside
525 2592 722 2625 postulaturum
748 2591 842 2627 fuisse,
863 2593 993 2627 quodcu-

209 2636 279 2655 none
288 2626 472 2654 ecclesiastico
489 2627 600 2653 vetitum
618 2627 748 2654 novisset.
777 2626 909 2653 Cancrum
929 2626 992 2651 Ilie-

210 2670 350 2698 ronytnus,
367 2663 449 2689 etiam
470 2662 580 2696 quando
601 2662 720 2698 omnium
749 2661 881 2698 acerrime
898 2660 993 2694 Orige-

209 2695 270 2724 ηειύ
287 2698 447 2730 insectatur,
457 2695 578 2731 epist.65
587 2698 618 2723 ad
637 2696 791 2723 Pammach.
801 2700 828 2722 et
843 2695 991 2725 Oceanum,

210 2733 244 2760 de
265 2733 322 2766 ipso
351 2737 438 2759 tamen
458 2730 514 2759 hinc
534 2732 590 2759 ait:
608 2731 669 2758 Vult
687 2731 782 2766 aliquis
804 2731 912 2756 laudare
933 2730 994 2756 Ori-

211 2765 311 2801 genem,
327 2767 557 2794 loudetutlauda.
586 2766 698 2801 Magnus
718 2765 756 2793 uir
783 2766 815 2801 ab
834 2765 957 2801 infantia
970 2770 993 2790 et

209 2799 266 2827 itere
279 2803 400 2836 martyris
414 2802 496 2835 ﬁlius,
511 2799 679 2828 Alexandria?
697 2800 900 2836 ecclesiasticam
919 2799 996 2826 scho-

210 2837 263 2861 lam
293 2834 385 2866 tenuit,
414 2834 560 2863 succedens
584 2836 761 2862 eruditissimo
787 2836 842 2860 viro
868 2834 994 2860 Clementi

210 2871 369 2904 presbytero.
391 2870 541 2905 Voluptates
564 2873 590 2898 in
604 2877 706 2897 tantum
718 2870 796 2904 fugit,
822 2874 848 2896 ut
863 2869 918 2895 zelo
937 2869 995 2901 Dei,

1050 1653 1148 1679 linihus
1160 1652 1332 1679 imminentes
1344 1651 1413 1678 bello
1428 1652 1546 1678 refutare
1557 1658 1701 1686 aggressus
1713 1656 1768 1680 est.
1779 1649 1841 1678 Hac

1050 1698 1141 1725 multis
1152 1702 1212 1733 post
1224 1697 1370 1733 Zephyrini
1385 1697 1488 1724 obitum
1502 1696 1580 1724 annis
1598 1697 1760 1724 inciderunt.
1775 1697 1840 1724 Cum

1049 1749 1137 1771 autem
1153 1743 1301 1778 imperator
1316 1744 1486 1770 renuntiatus
1497 1747 1539 1770 est
1557 1741 1727 1777 Elagabalus,
1738 1742 1842 1770 Eniesa:

1049 1790 1270 1817 commorabatur
1298 1789 1454 1821 Mammaza,
1481 1797 1569 1823 neque
1597 1789 1624 1816 in
1650 1794 1725 1816 tanta
1749 1797 1839 1816 rerum

1049 1836 1225 1864 conversione
1249 1835 1365 1862 curiosis
1378 1835 1562 1862 auditionibus
1583 1842 1693 1870 operam
1711 1835 1776 1862 dare
1794 1843 1842 1870 po-

1050 1882 1133 1909 tuisse
1146 1881 1292 1908 verisimile
1309 1886 1361 1908 est.
1380 1881 1543 1915 Ecquaanam
1562 1888 1644 1916 porro
1660 1889 1743 1908 causa
1763 1881 1841 1908 fuerit

1050 1927 1176 1959 Baronio.
1194 1927 1386 1954 curincertam
1413 1925 1583 1960 Origenianaa
1607 1926 1634 1953 in
1652 1926 1757 1953 Italiam
1779 1933 1842 1960 pro—

1049 1973 1173 2001 fectionis
1196 1973 1366 2000 occasionem
1390 1972 1662 2004 comminisceretur,
1688 1972 1837 2000 Matutam

1050 2027 1146 2053 nempe
1168 2019 1334 2046 asscctaudae
1348 2018 1477 2049 studium,
1491 2026 1552 2045 cum
1571 2026 1661 2046 veram
1677 2018 1842 2052 expresserit

1049 2065 1191 2098 Eusebius,
1206 2064 1276 2092 Hist.
1297 2064 1344 2091 lib.
1357 2072 1395 2096 vt,
1423 2072 1482 2098 cap.
1500 2064 1544 2096 Il,
1565 2064 1691 2090 Romanae
1711 2063 1840 2090 nimirum

1049 2111 1186 2143 Ecclesiae,
1212 2111 1347 2143 omnium,
1373 2115 1402 2137 ut
1430 2111 1486 2145 ipse
1503 2111 1610 2142 scribit,
1633 2110 1841 2144 antiquissimae.

1049 2158 1157 2192 penitus
1172 2157 1367 2192 cognoscenda:
1392 2157 1566 2189 desiderium,
1597 2164 1649 2183 non
1667 2156 1757 2185 video.
1785 2155 1841 2183 Hoc

1049 2211 1113 2238 ergo
1136 2204 1186 2230 iter
1208 2203 1300 2230 Severi
1324 2203 1396 2229 inter
1410 2203 1523 2236 obitum,
1541 2202 1587 2237 qui
1603 2210 1673 2229 anno
1693 2201 1840 2237 Zepltyrini

1050 2249 1192 2276 undecimo
1215 2249 1344 2282 conligit,
1373 2248 1508 2283 ipsiusque
1535 2247 1679 2284 Zepltyrini
1711 2254 1839 2281 mortetn,

1049 2301 1109 2328 quae
1122 2293 1154 2333 ad
1170 2290 1437 2328 alterum’Elagabali
1453 2301 1551 2320 annum
1573 2293 1701 2326 pertinet,
1716 2293 1840 2320 conferre

1050 2340 1116 2367 satis
1145 2340 1344 2367 habeamusza
1369 2343 1490 2374 tempore
1508 2343 1598 2366 autem
1623 2339 1738 2372 praecise
1768 2338 1840 2365 desi-

1049 2385 1164 2420 gnando,
1190 2392 1250 2411 cum
1272 2393 1306 2412 ne
1333 2385 1497 2418 conjecturae
1511 2384 1622 2419 quidem
1647 2384 1733 2411 locum
1762 2383 1839 2410 nobis

1049 2437 1171 2460 veterum
1186 2435 1358 2459 monumenta
1376 2432 1525 2465 prmbeant,
1541 2431 1738 2457 abstineamus.
1755 2429 1784 2455 Id
1814 2429 1838 2454 in

1046 2519 1091 2546 sed
1110 2525 1195 2546 tamen
1221 2528 1272 2546 non
1284 2519 1424 2546 secundum
1449 2519 1595 2550 scientiam,
1611 2519 1682 2552 ferro
1704 2522 1838 2544 trunrarrt

1045 2555 1182 2588 genitalia.
1210 2555 1272 2586 Ubi,
1294 2559 1323 2580 ut
1340 2555 1424 2586 vides,
1453 2554 1556 2580 facimus
1584 2561 1636 2579 non
1663 2553 1764 2584 laudat,
1793 2554 1838 2580 sed

1045 2597 1117 2620 eum,
1133 2597 1187 2623 quo
1204 2590 1237 2616 ad
1261 2590 1288 2617 id
1310 2589 1442 2623 Impulsus
1467 2588 1565 2618 fuerat.
1582 2588 1689 2615 eximia:
1712 2589 1839 2622 puritatis

1046 2632 1165 2651 antorem
1171 2645 1177 2651 .

1081 2658 1137 2695 (5t)
1156 2659 1269 2695 Euseb.
1282 2659 1329 2686 lib.
1342 2667 1380 2688 vn.
1395 2659 1497 2695 capas,
1513 2658 1557 2690 I4,
1570 2659 1615 2685 2t.

1081 2692 1137 2728 (3"!)
1160 2694 1255 2721 Verum
1272 2695 1327 2721 ha’c
1346 2692 1559 2720 aliter’Eusebio
1581 2692 1837 2728 temporibuardioisa

1047 2727 1117 2760 sum.
1131 2735 1184 2756 etc.
1203 2729 1270 2756 Vide
1283 2730 1362 2763 paulo
1374 2729 1443 2756 infra
1466 2734 1555 2756 notant
1572 2729 1603 2755 ad
1620 2736 1694 2754 lltllll.
1713 2727 1767 2758 VII,
1793 2727 1836 2753 ubi

1044 2765 1173 2790 refellitur
1190 2764 1380 2798 Iluetiiopinio
1397 2765 1430 2792 de
1444 2770 1565 2798 tempore
1589 2771 1643 2798 quo
1667 2763 1835 2790 ﬂammatum

1045 2799 1111 2825 adiit
1125 2799 1262 2832 Origenes.

1081 2834 1136 2867 (55)
1160 2834 1249 2865 δυίάη
1262 2833 1351 2860 eric.
1365 2835 1396 2860 Ω.
