1915 3079
127 132 183 161 855

635 135 920 165 οιὶῐαΕΝιΑΝοιιωι
940 136 1004 166 LIB.
1023 137 1043 171 Ι,
1064 138 1143 167 CAP.
1164 139 1186 166 ll

1691 145 1743 173 65d

126 193 237 222 decimo
265 194 344 223 tertio
369 194 515 231 Zephyrini
552 203 624 223 anno
654 196 775 225 historici
801 197 910 232 quidam
928 199 950 227 Α
964 197 1089 233 Origenis
1104 199 1189 233 ipsius
1209 203 1332 226 naturam
1353 200 1488 235 interpres
1510 202 1630 235 pessime‘
1642 203 1743 232 retulit.

127 240 310 272 constituunt.
322 241 394 275 quod
403 242 438 269 ab
451 242 560 270 Eusebii
577 242 726 271 rationibus
741 251 796 271 non
810 243 914 271 discre-

127 288 224 318 pat,et
240 285 307 312 mihi
327 287 394 314 satis
410 287 551 322 probatur.

164 330 197 358 ll.
209 331 265 366 (54)
278 331 392 367 Propere
401 333 562 368 perlustrsta
581 334 675 366 Roma,
690 334 780 362 statim
795 334 914 362 Alexan-

125 377 217 404 driam
234 376 364 411 Origenes
380 379 501 413 repetiit,
516 379 666 414 traditaque
680 380 704 407 ei
718 388 825 407 rursum
842 386 883 408 est
898 388 912 407 a

128 424 268 452 Demetrio
300 425 554 453 catechumenorum
587 426 747 459 Christianis
782 426 913 462 dogmatis

127 471 333 499 imbuendorum
346 479 422 499 cura.
434 472 494 505 Quo
515 480 576 500 cum
595 473 621 500 in
639 473 847 507 opere,omissis
859 481 913 501 ca:-

128 515 199 543 teris
213 516 319 549 studiis,
334 517 392 545 dies
407 525 439 546 ac
455 523 548 545 noctes
568 522 721 552 urgeretur,
742 525 791 544 nec
814 518 864 545 sibi
879 518 913 545 ad

129 561 277 596 Scriptura:
305 562 510 597 divinarumque
544 571 633 590 rerum
658 563 913 598 pervestigationem

128 606 227 641 reliqui
249 607 395 641 quidquam
425 607 514 634 facere
539 613 646 642 posset,
673 608 784 635 docendi
817 615 913 635 munus

127 647 338 688 cum‘Heracla,
363 653 408 687 qui
425 657 480 680 tum
501 653 607 681 emeris
632 653 689 687 ejus
716 653 860 688 praestabat
874 654 913 680 di-

127 698 252 732 scipulis,
277 699 313 725 ita
332 699 448 733 partitus
469 703 521 733 est,
537 704 566 726 ut
591 700 744 728 rudiorihus
760 700 845 734 prima
866 700 913 727 do-

126 743 227 770 ctrinae
241 743 400 771 Christianae
413 744 547 772 elementa
565 744 609 771 hic
626 745 755 777 traderet,
783 745 912 772 maturio-

128 796 177 817 res
194 789 239 817 ille
261 794 290 817 et
313 789 370 825 jam
397 797 447 818 usu
471 790 574 825 peritos
606 790 752 818 reconditis
779 790 912 825 dogmatis

129 833 287 861 instrueret.

166 879 209 906 III.
234 879 302 907 Hinc
321 879 486 914 aliquantum
517 879 636 907 lucratus
659 879 718 913 otii,
734 887 767 907 eo
785 880 818 907 ad
843 887 910 907 eno-

126 925 234 952 dandas
253 925 400 960 Scriptum
424 925 596 953 obscuriores
635 925 825 961 intelligentias
848 932 911 953 usus

126 976 183 1002 est,
196 978 310 1006 seseque
332 972 358 999 in
369 979 401 999 eo
413 971 503 999 studio
522 971 686 1006 quotidianis
704 971 911 999 commentatio-

127 1018 211 1045 nibus
226 1017 369 1052 diligenter
384 1017 498 1052 subegit.
519 1016 619 1044 Verum
639 1025 699 1045 cum
714 1024 821 1051 operam
834 1024 910 1044 suain

129 1062 236 1096 absque
250 1061 387 1089 Hebraica:
399 1062 495 1097 linguas
507 1062 600 1089 notitia
619 1061 718 1089 frustra
733 1061 854 1089 consumi
869 1062 911 1089 in-

131 1106 292 1139 tellexisset,
311 1107 337 1134 id
350 1115 456 1142 quoque
476 1112 664 1135 ornamentum
683 1107 716 1134 ad
732 1107 848 1142 reliquas
864 1107 912 1134 do-

129 1151 229 1179 ctrina:
243 1160 298 1180 suae
317 1153 408 1180 laudes
419 1153 549 1188 adjunxit.
568 1152 686 1180 Joannes
704 1152 868 1179 Trithemius
884 1153 911 1180 in

129 1198 201 1226 libro
220 1199 256 1226 De
277 1199 447 1233 scriptoribus
466 1199 648 1226 ecclesiasticis
666 1206 709 1226 res
725 1197 849 1233 Origenis
865 1198 911 1225 lit-

129 1245 197 1271 teris
213 1251 388 1279 prosequens,
401 1244 487 1279 ipsum
502 1245 541 1271 ait
553 1245 612 1280 jam
625 1253 711 1271 senem
733 1250 824 1271 contra
835 1252 910 1271 suam

127 1294 235 1317 atatem
263 1289 380 1324 linguam
416 1288 574 1316 Hebruicam
610 1289 742 1316 didicisse.
768 1289 910 1324 Perperam

128 1342 230 1370 nempe
260 1335 364 1369 accepit
391 1335 441 1362 ista
468 1335 623 1370 Hieronymi
644 1334 699 1370 (55)
723 1343 729 1361 :
752 1333 864 1361 Tantum
883 1335 912 1362 in

129 1381 277 1415 Suripturis
300 1381 394 1408 divinis
408 1381 498 1408 habuit
515 1381 606 1413 studii,
621 1387 648 1407 ut
672 1382 751 1408 etiam
774 1381 910 1408 Hebrwam

126 1427 248 1461 linguam
274 1432 366 1453 contra
383 1427 467 1454 aztutis
492 1427 624 1462 gentisque
646 1436 701 1454 stuc
718 1433 840 1454 naturam
855 1428 911 1454 edi-

126 1479 222 1502 sceret.
249 1474 314 1508 Quae
347 1474 387 1501 sic
417 1474 550 1510 intelligo,
585 1473 639 1508 jam
673 1474 776 1502 virilem
804 1479 910 1502 aetatem

966 244 1042 272 Unde
1061 245 1134 272 fraus
1154 244 1244 272 Suidze
1258 253 1290 272 ac
1303 245 1578 281 Magdeburqcnsibus
1592 249 1671 276 facta.

999 287 1042 315 IV.
1058 288 1115 323 (56)
1130 288 1196 316 Erat
1211 296 1260 323 per
1277 289 1302 316 id
1319 293 1423 324 tempus
1437 289 1608 319 Alexandriae
1629 292 1670 319 vir
1687 293 1745 328 opi-

963 333 1014 361 bus
1029 341 1061 361 ac
1076 334 1208 369 dignitate
1222 334 1331 367 ﬂorens,
1348 335 1456 370 ingenio
1470 336 1551 363 etiam
1566 342 1702 371 spectatus
1716 343 1745 366 et

964 378 1099 406 doctrina.
1116 378 1192 406 Hunc
1207 377 1342 406 Valentini
1356 387 1459 411 errore.
1475 381 1520 415 qni
1535 385 1599 409 tunc
1614 382 1640 409 in
1657 382 1743 419 Egy-

963 427 1008 457 pto
1021 423 1138 458 vigebat,
1154 422 1300 450 Marcionis
1314 423 1360 450 alii
1373 442 1382 457 ,
1395 424 1553 458 implicitum
1570 424 1653 454 fuisse
1675 429 1744 454 scri-

963 472 1040 499 bunt.
1055 471 1202 499 Commode
1218 472 1325 506 uitrique
1341 481 1349 500 :
1366 474 1481 501 maxima
1497 475 1627 508 siquidem
1644 477 1744 504 utrius-

962 524 1016 551 que
1034 517 1167 544 haereseos
1181 518 1298 545 aiiinitas
1312 517 1381 550 fuit,
1397 519 1604 555 dogtnatutnque
1628 529 1742 549 consen-

963 569 1021 589 sus.
1040 561 1219 589 Sabellianum
1236 563 1320 590 fuisse
1334 563 1443 597 quidam
1459 565 1539 592 etiam
1553 566 1741 601 prodiderunt,

963 606 1015 634 hoc
1031 611 1072 634 est
1085 605 1266 634 Noetianum:
1286 606 1420 635 Sabellius
1445 609 1543 644 quippe
1565 611 1655 638 statim
1681 617 1743 646 post

962 651 1086 687 Origenis
1098 653 1200 680 obitum
1216 652 1293 680 Nocti
1307 654 1482 688 praeceptoris
1504 655 1545 682 sui
1565 656 1740 684 deliramenta

964 698 1112 725 renovavit.
1128 698 1231 726 Crebro
1245 699 1278 725 ad
1298 699 1442 733 Origenem
1459 701 1607 729 ventitabat
1626 703 1740 731 Ambro-

962 743 1018 771 sius
1036 751 1097 770 cum
1119 743 1180 772 aliis
1203 744 1300 778 partim
1319 744 1468 778 haereticis,
1499 747 1597 780 partim
1624 748 1742 776 ethnicis

962 789 1136 824 philosophis,
1153 789 1198 823 qui
1214 789 1264 816 viri
1280 790 1390 817 nomine
1405 798 1438 818 ac
1452 791 1573 819 doctrina
1599 793 1740 827 pertrahe-

963 836 1071 863 bantur.
1088 835 1153 862 Nam
1169 843 1257 864 rerum
1271 837 1423 864 divinarum
1440 839 1608 867 documentis
1624 840 1741 875 philoso-

963 881 1031 915 phiae
1062 888 1188 915 quoque,
1217 881 1465 909 mathematicarum
1501 888 1529 910 et
1561 883 1739 913 humanarum

963 926 1165 962 disciplinarum
1192 932 1325 962 praecepta
1340 935 1486 963 aspergens
1499 948 1507 962 .
1529 930 1664 958 auditores
1678 939 1741 959 eru-

964 973 1055 1000 diebat
1082 980 1132 1008 pro
1154 973 1366 1008 uniuscujusque
1386 978 1463 1008 captu
1489 984 1497 1002 :
1522 983 1570 1002 nec
1591 984 1684 1010 parum
1707 978 1741 1006 iis

962 1018 1093 1046 doctrinis
1108 1018 1197 1046 inesse
1210 1019 1342 1046 censebat
1356 1020 1390 1047 ad
1405 1027 1484 1047 saera
1502 1022 1673 1056 percipienda
1689 1024 1739 1050 ad-

959 1056 1087 1092 iumenti.
1102 1063 1239 1091 Adversas
1253 1064 1325 1092 hunc
1342 1064 1377 1092 ita
1391 1064 1501 1094 affectus
1516 1072 1558 1095 est
1571 1063 1745 1104 Ambrosius,

961 1113 992 1136 ut
1005 1108 1117 1144 ejuratis
1133 1110 1272 1137 erroribus
1287 1111 1388 1139 saniori
1407 1111 1529 1140 doctrina
1546 1113 1739 1142 instituendum

960 1155 984 1181 ei
999 1162 1028 1182 se
1046 1155 1173 1189 traderet,
1191 1156 1224 1182 ad
1239 1156 1352 1191 ejusque
1369 1157 1526 1186 societatem
1550 1167 1610 1188 sese
1630 1161 1736 1195 penitus

961 1199 1118 1234 applicaret.
1150 1200 1224 1228 Tunc
1252 1201 1399 1236 imperasse
1423 1203 1590 1231 Caracallatn
1615 1206 1739 1240 agnoscit

960 1242 1091 1272 Baronius
1105 1244 1173 1280 (57).
1187 1253 1249 1272 cttm
1265 1246 1297 1273 ad
1313 1245 1416 1274 Christi
1437 1248 1514 1276 fidem
1535 1257 1681 1278 conversus
1697 1255 1738 1279 est

960 1289 1129 1317 Ambrosius.
1153 1290 1223 1318 Idem
1248 1295 1338 1319 tamen
1355 1292 1497 1328 Origenem
1523 1293 1606 1321 Roma
1619 1296 1738 1323 Alexan-

961 1334 1046 1362 driam
1070 1335 1183 1363 rediisse
1204 1336 1283 1364 docet
1304 1338 1447 1372 postremis
1473 1339 1617 1375 Zephyrini
1635 1345 1739 1376 tenipo-

961 1380 1056 1414 ribus,
1075 1389 1171 1409 recens
1199 1383 1296 1417 adepto
1324 1384 1466 1419 imperium
1492 1385 1634 1419 Elagabalo
1651 1395 1658 1412 :
1676 1395 1736 1414 cum

960 1425 1097 1454 Ambrosii
1122 1429 1327 1456 conversionem
1355 1431 1525 1464 praecesserit
1544 1431 1600 1459 haec
1614 1432 1737 1468 Origenis

961 1472 1067 1499 reditio.
1087 1472 1170 1501 Plane
1183 1480 1233 1501 suo
1245 1474 1296 1501 sibi
1313 1474 1402 1509 gladio
1414 1475 1562 1512 iugulatur.

127 1520 257 1555 adeptum
271 1520 472 1554 Adamantium,
480 1528 540 1555 qua:
550 1524 616 1548 mtas
627 1521 817 1556 grammaticas
829 1521 910 1549 tricas
922 1529 943 1559 α
995 1516 1029 1545 V.
1052 1517 1147 1544 lisdem
1172 1518 1230 1545 fere
1257 1520 1422 1554 temporibus
1446 1521 1587 1549 militarent
1599 1521 1734 1550 hominem

128 1573 164 1593 ac
180 1566 341 1601 quisquilias
361 1566 502 1600 aspernari
517 1566 595 1599 solet,
621 1571 648 1594 et
678 1567 845 1600 gravioribus
856 1572 910 1594 stu-

126 1611 182 1640 diis
195 1611 334 1644 delectari,
345 1619 378 1638 eo
385 1615 472 1638 tamen
484 1611 624 1639 demisisse
635 1611 765 1643 animum,
774 1616 803 1638 ut
820 1612 846 1638 in
858 1611 909 1640 hac

125 1662 190 1685 arte
210 1664 239 1684 se
253 1662 402 1686 exerceret.
418 1656 494 1684 Nulla
508 1657 562 1685 illic
574 1657 722 1685 senectutis
736 1657 906 1692 signiﬁcatio.

126 1703 372 1738 Hagdeburgenses
387 1710 461 1734 vero,
481 1708 554 1730 cent.
574 1704 603 1735 5,
617 1711 675 1738 cap.
695 1703 739 1735 10,
755 1703 823 1730 idetn
843 1711 907 1729 nar-

126 1754 190 1776 rant
204 1749 246 1776 bis
259 1749 348 1776 verbis
364 1756 371 1774 :
388 1748 432 1776 Ita
446 1748 525 1783 igitur
539 1749 585 1775 otii
596 1748 786 1784 aliquantulum
804 1753 906 1780 nactus,

124 1797 162 1820 ad
170 1794 319 1821 discendam
332 1793 447 1829 linguam
462 1793 611 1826 Hebramm.
622 1802 677 1821 sua:
692 1794 789 1828 alioqui
804 1798 907 1820 natura:

123 1839 272 1871 adversam,
285 1844 314 1866 ut
333 1839 432 1866 Suidas
445 1839 493 1872 ait,
506 1840 624 1865 animum
646 1839 752 1871 adiecit.
768 1839 833 1872 Quae
853 1839 907 1865 illic

125 1886 209 1913 habet
227 1885 342 1917 Snidas,
362 1893 378 1912 e
402 1884 494 1912 Greca
522 1884 657 1911 transtulit
684 1884 906 1919 interpretatione

124 1931 329 1966 Hieronytniani
350 1931 439 1966 operis
462 1930 500 1957 De
521 1930 690 1964 scriptoribus
710 1928 903 1963 ecclesiasticis,

124 1977 173 2004 ubi
196 1976 319 2011 proxime
334 1976 449 2004 adducta
473 1975 628 2011 Hieronymi
644 1975 725 2002 verba
744 1975 783 2002 sic
801 1975 906 2002 reddita

123 2028 190 2051 sunt
201 2033 208 2050 :
218 2023 298 2050 Ὥστε
307 2023 354 2050 καὶ
361 2022 410 2060 τὴν
427 2022 473 2049 Ἐὖ
477 2021 572 2058 ραῖκὴν
578 2020 692 2053 διάλεξιν
699 2021 818 2047 ἐναντιον
823 2020 905 2056 μένην

121 2070 159 2105 τῇ
175 2078 205 2096 τε
222 2070 323 2105 ἡλικίᾳ,
339 2069 385 2096 καὶ
397 2070 431 2105 τῇ
452 2068 539 2104 οἰκείᾳ
562 2067 641 2103 φύσει
660 2066 798 2102 ἐκμαθεῖν.
829 2065 904 2099 Quod

122 2113 160 2140 de
178 2113 371 2140 Alexandrinae
389 2113 477 2148 gentis
504 2117 600 2140 natura
623 2111 690 2139 dixit
713 2111 903 2146 Hieronymus,

120 2166 185 2193 quae
196 2159 272 2193 juxta
297 2157 451 2186 Graecorum
477 2158 598 2186 omnium
615 2157 837 2185 consuetudinem
855 2157 905 2184 lin-

959 1563 1149 1591 Alexandriam
1165 1564 1247 1591 mittit
1259 1565 1366 1592 Arabia!
1384 1573 1497 1601 praeses,
1514 1574 1575 1594 cum
1590 1567 1689 1595 litteris
1701 1569 1738 1595 ad

959 1608 1125 1636 Demetrium
1140 1609 1293 1644 episcopum
1307 1630 1315 1643 ,
1335 1615 1363 1637 et
1383 1610 1416 1637 ad
1438 1610 1545 1646 Egypti
1569 1612 1735 1647 pmfecturn,

958 1655 1055 1690 quibus
1070 1655 1244 1683 vehementer
1258 1655 1353 1684 orabat
1375 1656 1518 1691 Origenem
1543 1658 1577 1684 ad
1601 1665 1631 1685 se
1645 1658 1736 1686 confe-

957 1700 1019 1728 stim
1040 1701 1198 1734 mitterent;
1225 1701 1294 1728 vclle
1316 1709 1346 1729 se
1360 1703 1394 1729 de
1418 1701 1499 1729 rebus
1512 1703 1613 1730 divinis
1626 1711 1685 1730 cum
1703 1712 1736 1731 eo

957 1747 1167 1778 communicare,
1194 1747 1305 1782 ejusque
1334 1748 1463 1776 doctrina:
1491 1749 1548 1776 ﬁeri
1565 1750 1735 1784 participem.

957 1790 1129 1825 Equissitna:
1142 1792 1316 1826 postulationi
1336 1793 1430 1819 annuit
1446 1798 1571 1828 uterque.
1587 1795 1735 1830 Ablegatus

957 1837 990 1864 ad
1006 1844 1068 1864 eum
1083 1837 1211 1864 continuo
1223 1837 1364 1871 Origenes,
1380 1842 1407 1865 et
1419 1845 1448 1865 re
1462 1837 1576 1865 feliciter
1590 1840 1733 1874 explicata,

956 1881 1147 1909 Alexandriam
1163 1882 1222 1909 sine
1236 1890 1309 1909 mora
1327 1890 1452 1910 reversus
1473 1887 1526 1910 est.
1545 1883 1620 1916 Quod
1644 1891 1733 1912 autem

956 1927 1053 1954 asserit
1081 1926 1230 1958 Halloxius.
1261 1926 1373 1954 minime
1401 1927 1513 1955 dubium
1540 1936 1599 1956 esse
1618 1930 1681 1964 quin
1700 1932 1734 1957 ad

955 1973 1116 2001 audiendum
1140 1973 1310 2009 Hippolytum
1337 1974 1364 2002 in
1390 1975 1503 2002 ecclesia
1515 1975 1628 2009 quadam
1650 1977 1732 2004 verba

955 2018 1097 2047 facientem
1108 2026 1156 2053 per
1167 2019 1192 2045 id
1204 2023 1307 2053 tempus
1320 2018 1453 2047 accedens
1463 2019 1601 2054 Origenes,
1613 2021 1735 2054 designa-
1756 2037 1759 2048 λ

955 2069 998 2093 tus
1013 2065 1046 2093 ab
1061 2073 1103 2097 eo,
1116 2070 1143 2092 et
1157 2065 1268 2092 honoris
1282 2065 1370 2100 gratia
1389 2066 1540 2093 astantibus
1556 2066 1636 2095 fuerit
1654 2074 1732 2094 mon-

955 2116 1070 2145 stratus,
1094 2115 1123 2138 ut
1145 2111 1242 2138 factum
1267 2110 1350 2138 refert
1380 2110 1559 2146 Hieronymus
1598 2112 1657 2139 libr.
1695 2112 1733 2139 De

954 2158 1045 2190 script.
1058 2156 1149 2192 eccles.
1167 2157 1192 2183 in
1206 2157 1365 2193 Hippolyto,
1384 2157 1484 2191 indiget
1505 2158 1530 2184 id
1544 2158 1651 2192 quidem
1668 2165 1732 2193 pro-

120 2212 236 2240 guarum
256 2205 423 2233 exoticarum
451 2204 574 2232 notitiam
599 2203 800 2236 contemnebat,
825 2203 851 2231 id
868 2204 902 2232 ad
918 2202 940 2229 D
955 2205 1062 2232 batione
1078 2211 1086 2228 :
1103 2202 1160 2238 (38)
1177 2211 1236 2230 cum
1257 2204 1328 2230 enim
1341 2211 1373 2230 ex
1387 2204 1486 2231 Arabia
1502 2204 1648 2231 excesserit
1669 2203 1733 2239 Hip-

158 2261 216 2297 (54)
229 2262 338 2292 Euseb..
353 2261 422 2288 Hist.
438 2261 511 2297 arci”
524 2261 569 2287 lib.
579 2268 616 2291 vt.
633 2268 691 2297 t-ap.
703 2260 795 2287 14-16.

158 2296 216 2330 (55)
233 2297 352 2327 Hieron..
370 2297 416 2323 lib.
440 2296 478 2322 De
489 2296 674 2328 script.eccles.

169 2332 214 2366 56)
233 2332 342 2362 Euseb,
362 2331 431 2358 Hist.
450 2332 525 2360 εισι..
542 2331 586 2356 lib.
603 2339 638 2361 vi.
651 2329 772 2366 capilS,
789 2330 833 2358 19.

169 2365 214 2398 57)
227 2367 324 2393 Barou.
342 2369 372 2392 ad
392 2374 434 2392 an.
448 2367 512 2395 220.
529 2374 601 2392 nunt.
616 2366 633 2392 6
647 2370 674 2391 et
690 2365 732 2391 12.

157 2399 214 2436 (38)
228 2401 294 2428 Cum
310 2402 379 2428 enim
400 2409 431 2428 ea:
448 2401 547 2427 Arabia
566 2400 703 2426 excesserit
730 2399 899 2436 Hippolytus,

119 2442 146 2466 et
161 2435 191 2464 in
210 2436 293 2463 Italia
303 2437 407 2463 demum
423 2436 576 2470 martyrium
586 2435 692 2470 abierit,
706 2439 766 2470 etc.
776 2435 902 2470 §equitur

120 2472 235 2501 Huetius
250 2471 395 2498 Baronium
411 2471 455 2504 qui
472 2468 505 2497 ad
522 2477 621 2496 annum
636 2469 734 2496 Christi
755 2468 807 2495 229
826 2474 903 2502 putat

119 2514 248 2542 magnum
264 2505 433 2540 Hippolytum
447 2505 479 2531 de
493 2513 545 2542 quo
562 2504 605 2531 hic
623 2504 726 2542 agitur.
744 2511 777 2530 ex
796 2504 894 2542 Arabia

117 2538 279 2572 excéss'tsse,
299 2538 417 2567 lion—iant
440 2541 555 2571 venisse,
578 2544 605 2566 et
627 2538 765 2565 a'Calixto
777 2545 843 2572 papa
861 2538 894 2564 ad

117 2579 304 2611 episcopatum
332 2575 504 2611 Portuensem
531 2579 651 2611 evectum
671 2573 775 2611 fuisse,
804 2573 895 2611 inique

66 2612 76 2615 ί
118 2607 282 2646 martyrium
306 2610 415 2638 obiisse.
448 2610 545 2646 Verum
570 2609 646 2642 cujus
670 2607 720 2646 loci
736 2607 893 2646 Hippolytus

118 2642 202 2674 fnerii.
225 2646 370 2680 episcopus
398 2652 447 2672 nec
471 2643 649 2678 Hieronymus
676 2642 764 2680 scivit,
782 2648 810 2680 ut
837 2643 893 2675 ipse

118 2677 250 2716 agnoscit'
265 2681 303 2716 in
327 2680 452 2716 Catalogo
481 2677 634 2716 scriptorum
655 2677 896 2716 ecclesiasticarum,

118 2711 180 2750 cap.
198 2716 242 2742 6|.
258 2715 381 2751 Gelasitts
397 2711 444 2741 lib.
462 2720 471 2740 ι
493 2711 586 2751 contra
602 2712 738 2751 Eutychen
747 2711 899 2751 ,"Hippoly-

119 2747 175 2778 tuin
200 2756 281 2777 vocat
307 2749 426 2776 Arabum
449 2748 695 2782 metropolitanum.
711 2747 896 2782 rAtEusebius,

119 2785 177 2821 lib:
187 2793 215 2812 vr
234 2784 305 2821 Hist.
319 2784 394 2816 εδει..
405 2792 466 2818 cap.
477 2783 512 2821 2f)
523 2781 543 2814 ,ί
553 2782 632 2821 simul
654 2781 688 2821 de
708 2781 852 2821 Hippolyto
871 2787 901 2808 et

118 2821 152 2848 de
165 2820 272 2855 Beryllo
286 2816 446 2846 Bustroruni
466 2819 592 2852 episeopo
609 2816 740 2855 loquitur.
770 2816 898 2855 Bostreua

120 2857 184 2882 urbs
200 2851 307 2881 A'raltim
327 2861 388 2881 tunc
404 2860 462 2880 erat
486 2852 651 2886 metropolis.
677 2851 745 2885 Ergo
760 2858 820 2878 cum
839 2851 896 2884 epi-

957 2267 1066 2295 scopum
1080 2260 1202 2287 habuerit
1214 2259 1356 2294 Beryllum,
1370 2260 1420 2295 alia
1431 2260 1571 2294 quaerenda
1585 2258 1731 2294 estHippo-
1777 2269 1779 2271 ί

954 2294 1011 2330 lyto
1021 2295 1175 2329 metropolis
1187 2302 1266 2330 quam
1293 2303 1340 2320 nec
1363 2294 1539 2330 Hieronymus
1566 2295 1658 2325 novit,
1682 2302 1731 2322 nec

954 2304 960 2322 Ι
982 2304 1008 2321 ιο
1021 2304 1175 2329 ιιιεξιῐοροιιε
1187 2304 1266 2328 (ΙΙΗΙΙΙΙ
1293 2304 1340 2320 IICC
1363 2304 1539 2330 IIlCI'OllyllIllS
1566 2304 1658 2325 ιιονιι,
1682 2304 1729 2322 nec

953 2304 1095 2359 Eusebius.
1114 2337 1198 2363 neque
1217 2329 1410 2356 Theodoretns.
1434 2330 1498 2362 Quae
1522 2337 1582 2355 cum
1612 2330 1646 2355 ita
1665 2330 1729 2362 sitit,

953 2373 1044 2399 aequus
1061 2372 1148 2390 rerum
1166 2364 1314 2399 mstiniator
1336 2365 1437 2395 judicet
1460 2372 1581 2399 quaenam
1606 2363 1730 2391 habenda

953 2398 1064 2427 sittides
1091 2398 1285 2425 recentioribus
1306 2399 1502 2433 scriptoribus,
1529 2398 1644 2432 Georgio
1666 2404 1729 2432 puta

953 2433 1076 2469 Syncello
1089 2433 1268 2469 inVCItronicor.
1290 2433 1439 2469 Nicephorp
1462 2434 1572 2469 Callisto
1587 2453 1596 2464 ,
1617 2433 1730 2469 Zonaras

954 2467 981 2495 et
1002 2468 1142 2495 Anastasio
1155 2467 1359 2495 Bibliothecario
1373 2469 1398 2494 in
1412 2468 1592 2500 Collectaneis,
1604 2469 1648 2502 qui
1665 2467 1728 2502 Ilip-

954 2504 1071 2538 polytnm
1082 2503 1256 2538 l’ortuensetn
1266 2503 1419 2538 episcopum
1428 2501 1512 2529 fuisse
1520 2501 1650 2529 scribunt.
1660 2501 1730 2536 Quid

949 2537 1012 2564 item
1026 2538 1068 2563 liel
1082 2539 1113 2564 de
1124 2538 1152 2563 ὃ.
1163 2537 1298 2563 Germano
1307 2537 1600 2571 Constantinopolitano
1616 2539 1730 2564 mentio-

948 2580 1008 2599 nem
1019 2573 1133 2598 facieute
1141 2571 1275 2607 Hippolyti
1283 2572 1313 2598 de
1323 2571 1404 2607 Roma
1414 2572 1427 2598 1'
1436 2571 1502 2604 Quid
1515 2573 1547 2598 de
1559 2572 1670 2598 Leontio
1679 2573 1729 2607 By-

947 2607 1036 2634 zantio
1048 2614 1092 2640 qlll
1107 2611 1172 2633 tom.
1184 2605 1351 2632 XlBiblioth.
1360 2606 1449 2637 Ραιν..
1460 2614 1518 2640 pag.
1533 2607 1596 2637 505.
1605 2605 1728 2633 sanetuin

946 2643 1108 2669 Clementem
1134 2645 1161 2668 et
1189 2641 1357 2675 Hippolytum
1387 2641 1528 2676 episcopos
1554 2641 1602 2675 τῆς
1620 2640 1728 2676 Ῥώμης

950 2677 1045 2704 vocat?
1061 2676 1140 2704 Certe
1154 2677 1248 2702 horum
1262 2676 1381 2702 omnium
1393 2682 1470 2702 error
1486 2675 1547 2702 inde
1560 2681 1639 2702 natus
1657 2675 1729 2702 vide-

951 2717 1003 2744 tur,
1020 2711 1090 2746 quod
1107 2718 1231 2745 magnum
1252 2710 1425 2746 Hippolvttun
1442 2710 1640 2746 episcopumet
1655 2719 1727 2737 mar-

950 2744 1052 2781 tyrem,
1070 2746 1103 2773 de
1125 2744 1176 2779 quo
1190 2744 1535 2781 Eusebiuspﬂieronyums
1561 2745 1741 2781 et_Theod07‘

950 2778 1035 2811 retiis,
1048 2778 1213 2808 confundunt
1239 2788 1300 2807 cum
1327 2780 1411 2806 altero
1427 2778 1568 2814 Hippolyto
1584 2778 1727 2807 Porluensi

951 2823 1068 2852 martyre
1082 2818 1114 2842 de
1125 2823 1178 2850 quo
1191 2815 1351 2842 Prudentius
1365 2815 1401 2841 De
1414 2817 1562 2849 ωσπερ-ὼ..
1579 2816 1670 2850 hytnn.
1683 2815 1726 2842 Η.
