1915 3079
192 130 248 166 dsit

760 126 765 148 ³
816 127 848 160 ιι.
862 133 1028 161 DAMELIS
1046 134 1162 162 HUETll

1761 134 1815 163 656

193 188 352 233 pbl'yiusfet
364 198 389 224 in
407 196 480 223 Italia
495 196 602 222 demum
619 194 776 229 martyrium
791 186 978 225 obierii,huic
993 192 1013 224 Α
1030 203 1075 222 sas
1101 188 1194 227 bello,
1223 189 1394 222 Antiochiam
1421 194 1496 222 venit
1518 188 1671 222 Alexander
1693 188 1814 223 Severus

193 245 257 281 alibi
272 245 372 279 passim
388 242 532 270 occurrere
549 240 638 276 potuit
655 240 786 275 Origenes
798 260 805 272 ν
824 246 850 268 et
867 242 975 268 concio-

192 288 294 317 cinanti
308 288 415 315 adesse.

220 334 273 362 'Vl.
288 332 345 361 Non
362 332 446 359 multo
462 336 522 366 post
537 331 701 359 Alexandria
714 331 782 365 clam
804 332 881 364 exiit,
900 339 974 359 arma

138 375 143 381 ’
192 382 272 415 impia
302 378 463 406 Caracallze‘
481 377 602 412 fugiens,
629 378 728 411 quibus
763 376 974 405 funestissimam

192 423 384 454 Alexandrinis
421 419 661 451 cladcm‘intulit.
691 423 786 451 Annus
817 424 976 451 trahebatur

192 471 295 499 Christi
305 470 367 502 215,
382 469 530 497 ϐπεεειιω
546 469 658 504 quintus
668 489 676 502 ,
694 470 788 498 aetatis‘
797 469 908 498 circiter
924 470 974 497 tri-

191 519 320 546 cesimum
339 518 441 552 agente
457 514 584 550 Origene.
602 515 719 543 Secesslt
744 516 789 543 ille
807 516 833 543 in
855 515 977 543 PalaestiJ

191 563 264 596 nam,
285 567 312 590 et
335 562 465 589 Caesareae
478 561 571 588 sedem
599 561 710 595 pnsuit:
731 562 774 589 ubi
792 567 882 589 tantus
898 562 922 588 ei
941 562 976 588 ab‘

190 609 324 645 episcopis
335 609 421 636 bonos
434 607 542 634 habitus
553 611 606 639 est,
618 611 647 634 ut
660 607 779 634 nondum
791 607 853 635 licet
864 606 974 642 presby-

192 656 262 687 t‘et-o,
288 654 336 681 sed
365 650 435 680 laico
461 651 544 679 etiam
575 656 631 679 tum
659 653 811 680 deferretur
838 648 976 687 negotiutn’

190 700 338 734 seripturae
353 698 460 734 publice
479 698 505 725 in
518 698 634 726 ecclesia
644 698 834 732 explananda,
851 698 974 733 praesen:

191 747 261 773 tibus
280 745 424 781 episcopis.
441 743 526 779 Egre
542 743 603 770 tulit
616 743 778 777 Demetrius,
795 749 822 772 et
845 745 976 778 tanquam'

189 792 357 828 p’ra‘eter'fas
384 791 417 818 ab
442 790 577 825 episcopis
601 795 629 817 et
654 790 772 824 Origene
806 794 972 818 attentatum

191 839 298 872 s'criptis
313 838 345 865 ad
360 845 407 865 eos
422 836 544 871 epistolis
559 836 706 863 damnavit.
721 835 833 863 Factum
858 835 972 863 rationi.

191 883 254 918 bus,
269 883 437 919 aliorumque
449 883 639 919 episcoporum
654 883 815 910 auctoritate
830 887 858 909 et
874 887 972 909 ‘exem-

190 931 235 966 plo
248 934 414 958 excusarunt
433 924 607 957 Theoctistus
630 927 844 964 (Theotechnum
860 927 972 955 Photius

190 977 316 1012 a’ppellat,
332 976 393 1004 cod.
411 974 461 1002 H8
475 979 501 1003 et
519 970 580 1008 1⁵52)
594 974 725 1002 Caesarem
754 971 896 1008 episcopus
907 994 914 1004 ,
935 972 972 1000 le-

191 1024 333 1058 r'csolymaa
347 1022 511 1049 Alexander.
527 1022 584 1048 Nec
598 1021 634 1047 ita
651 1024 742 1047 tamen
760 1020 902 1054 placarunt
920 1020 972 1047 De-

191 1057 319 1095 metrium
330 1087 338 1101 ,
359 1071 388 1094 ut
405 1075 458 1095 non
472 1057 617 1102 Origenem
632 1072 680 1099 per
694 1065 809 1096 litteras,
821 1064 973 1098 missosque

190 1114 320 1141 diaconos
335 1116 490 1140 revocaret.
509 1110 601 1138 Paruit
614 1109 659 1136 ille
670 1109 820 1142 mandatis,
841 1114 866 1137 el
881 1117 973 1137 rever-

189 1160 235 1187 siis
261 1159 288 1186 in
320 1157 435 1193 patriam
469 1162 599 1185 consueto
627 1164 687 1184 sese
713 1154 818 1183 muneri
843 1155 971 1183 restituit.

191 1200 351 1237 Castiganda
374 1204 419 1231 hic
448 1203 576 1237 Ilalloxii,
605 1202 775 1236 aliorumque
793 1201 972 1236 indiligentia,

190 1246 239 1285 qui
252 1250 327 1285 prius
341 1249 392 1277 hoc
407 1248 532 1283 Origenis
547 1247 572 1275 in
592 1246 764 1274 Palaestinam
781 1246 834 1273 iter
845 1245 974 1273 confude-

190 1296 254 1323 runt
268 1303 330 1323 cum
350 1294 436 1321 altero
450 1292 529 1328 paulo
546 1296 607 1328 post
621 1300 636 1319 a
660 1292 737 1319 nobis
756 1292 890 1319 narrando
903 1291 974 1326 quod

191 1341 225 1369 ad
241 1340 349 1368 Achaiae
366 1339 510 1375 episcopos
527 1338 700 1374 proﬁciscens
719 1345 767 1372 per
791 1344 821 1364 ea
846 1336 902 1364 loca
925 1337 974 1363 ha-

190 1384 248 1414 buit
264 1395 271 1413 :
287 1390 429 1420 utramque
444 1384 516 1411 enim
531 1383 726 1420 profectionem
748 1387 827 1410 caute
851 1381 975 1409 distinxit

191 1432 334 1465 Eusebius,
350 1430 523 1465 prioremque
540 1433 603 1456 ante
618 1427 765 1456 Caracallze
785 1427 925 1454 interitum
941 1425 975 1453 ab

190 1478 306 1513 Origene
330 1480 482 1511 susceptam
505 1479 598 1502 narrat
621 1474 668 1501 lib.
688 1481 714 1501 v1
735 1473 818 1504 Hisl..
852 1480 912 1506 cap.
930 1472 973 1504 19,

190 1518 368 1558 posteriorem
384 1521 555 1557 temporibus
570 1520 604 1548 iis
613 1520 739 1555 deputat,
756 1519 853 1554 quibus
871 1518 974 1545 Phileto

189 1569 359 1597 An'tiocheno
384 1568 513 1603 episcopo
536 1566 666 1594 Successit
682 1565 813 1597 Zcbinus;
831 1565 906 1592 locus
927 1572 974 1592 ex-

189 1621 244 1644 stat
267 1615 314 1642 lib.
332 1622 358 1642 γι
375 1614 459 1647 Ηὶιι..
474 1622 532 1650 cap.
547 1614 598 1646 25;
621 1614 803 1648 episcopatum
818 1617 906 1638 autem
921 1611 973 1638 Ze-

189 1662 269 1689 binus
293 1661 353 1688 iniit
366 1661 416 1688 sub
440 1660 595 1687 Alexandro
609 1659 708 1686 Severo
723 1678 730 1690 ,
745 1663 774 1684 ut
788 1662 829 1684 est
845 1659 871 1684 in
890 1657 974 1684 Euse-

188 1707 270 1735 biano
289 1706 433 1734 Chronico.
453 1705 482 1733 id
495 1705 567 1741 quod
590 1704 644 1733 alio
674 1705 731 1739 ipse
755 1704 814 1731 loco
834 1702 972 1730 Hailoxius

190 1752 392 1781 animadvertit.

223 1799 278 1826 νιι.
291 1799 348 1835 (59)
372 1797 471 1825 Coorto
491 1797 593 1824 interea
621 1795 757 1823 Romanos
775 1795 846 1824 inter
861 1799 888 1823 et
907 1794 971 1822 Per-

225 1906 280 1942 (59)
294 1906 368 1942 Ann.
381 1904 445 1942 aes.

225 1935 281 1976 ito)
292 1938 401 1976 Euseb,
420 1939 490 1976 mn.
507 1938 583 1976 εισιη
600 1937 704 1976 1ἱ1).υν1ε
717 1944 776 1976 cap.
791 1935 837 1961 2|.

223 1969 279 2012 (41)
296 1975 339 2012 Atr
354 1969 427 2012 nobis
446 1974 532 2012 favent
558 1971 663 2012 Eusebii
692 1969 969 2012 eatxortc'jtolketc.

188 2004 247 2039 Non
262 2004 404 2042 Eusebius,
419 2004 466 2036 sed
482 2009 559 2036 divus
573 2007 752 2042 Hieronymus
766 2005 864 2042 bellum
883 2004 972 2042 [ferai-

188 2055 248 2075 cutn
274 2053 346 2077 anno
378 2039 496 2071 secundo
526 2039 683 2070 Alexandri
706 2040 852 2077 copulavit.
874 2039 971 2077 __Verba

188 2083 269 2114 enim,
291 2074 349 2116 quin
363 2079 536 2116 ianhroaico
551 2077 701 2116 Ense-biant)
724 2074 756 2103 de
768 2075 821 2115 hoc
836 2074 908 2116 bello
930 2081 973 2116 re:

188 2109 316 2148 citantur,
331 2115 359 2142 in
374 2115 468 2140 ultimo
489 2113 557 2139 libro
574 2112 716 2148 Ειιιι-ιψὶἱ,Δ
728 2110 774 2144 qui
785 2114 845 2144 post
861 2109 971 2148 Eusebii

187 2157 303 2179 mortem
311 2144 391 2177 suam
408 2148 554 2175 Historiam
572 2147 691 2181 scripsit,
710 2145 844 2181 leguntur.
860 2144 897 2171 Ex
918 2151 972 2181 quo

189 2187 282 2222 liquet,
305 2194 356 2213 non
373 2190 475 2211 tantum
488 2191 519 2210 ea
528 2183 609 2222 verba
627 2179 747 2222 Eusebii
761 2187 813 2222 n’g'n
827 2187 905 2219 csse;
923 2179 972 2222 sed

1027 242 1164 269 Mammaea
1188 247 1277 269 matre
1301 241 1460 273 comitatus,
1484 248 1544 276 quae
1575 242 1604 268 tit
1625 246 1686 269 erat
1702 241 1814 268 natione

1027 283 1105 323 Syra,
1119 292 1147 314 et
1159 295 1250 314 rerum
1270 286 1446 314 Iudaicarum
1462 293 1494 314 ac
1517 287 1735 314 Christianarum
1763 286 1814 314 ali-

1026 340 1105 368 quem
1117 335 1365 367 perceperat‘usum
1378 351 1386 364 ,
1403 331 1545 367 Origenem
1568 332 1633 367 (40),
1649 332 1726 367 cujus
1751 337 1815 360 tunc

1026 380 1126 415 passim
1142 379 1328 407 celebrabatur
1344 386 1452 411 nomen,
1466 379 1550 406 misso
1561 379 1669 406 militari
1685 377 1815 406 satellitio

1026 424 1061 453 ad
1079 417 1300 453 seseaccersivit
1327 425 1498 461 esplorandae
1524 425 1639 452 hominis
1669 424 1813 456 doctrina,

1026 471 1189 507 maiorisque
1204 472 1304 500 Christi
1321 472 1422 500 notitia:
1439 472 1617 507 adipiscenda?
1631 479 1721 499 causa.
1745 471 1814 498 Μαι-

1026 519 1060 545 tis
1079 518 1148 552 apud
1163 517 1234 544 illam
1251 517 1284 544 de
1299 518 1353 545 Deo
1381 518 1550 546 sermonibus
1577 517 1687 548 habitis,
1716 522 1814 544 exacto

1025 561 1079 589 iliic
1096 569 1147 588 non
1162 562 1267 589 modico
1283 565 1413 596 tempore,
1428 562 1461 589 ad
1475 562 1728 589 interntissa'stud‘ta
1750 561 1812 589 Ale-

1024 607 1164 634 xandriam
1179 606 1342 642 properavit.
1371 606 1446 639 Hanc
1468 606 1596 642 Origenis'
1615 607 1813 641 peregrinatio-

1024 659 1086 679 nem
1103 652 1269 686 temporibus
1288 651 1340 680 illis
1354 652 1530 687 conjungens,
1542 652 1598 679 s’cio
1612 658 1655 679 me
1669 651 1815 679 chronoloa

1024 696 1118 732 gerum
1131 697 1233 733 aliquot
1251 698 1400 725 rationibus
1418 705 1567 733 repugnare
1578 717 1585 727 .
1601 698 1645 732 qui
1662 698 1696 725 ad
1720 702 1814 724 extre-

1024 750 1082 771 mOs
1096 742 1240 771 Alexandri
1256 743 1349 772 Severi
1365 751 1450 772 annos
1462 744 1597 772 Persicam
1612 743 1813 778 expeditionem

1024 788 1156 822 referunt,
1170 796 1231 817 cum
1246 790 1329 817 multo
1341 794 1404 816 aute
1427 789 1530 816 exitum
1551 789 1699 816 Alexandri
1726 789 1815 816 visere

1006 858 1008 861 .
1024 835 1057 862 ad
1071 835 1237 862 Mamma-am
1255 835 1399 870 Origenem
1415 835 1496 863 ivisse
1507 840 1609 862 certum
1633 835 1678 862 sit.
1697 835 1756 871 (41)
1781 836 1814 862 At

1025 882 1100 908 nobis
1124 881 1213 908 favent
1244 880 1351 908 Eusebii
1376 881 1559 917 ὲπιλογισμοί,
1586 881 1684 916 quibus
1709 881 1736 908 in
1764 881 1815 908 hac

1025 927 1137 955 historia
1157 931 1289 962 perpetuo
1308 928 1475 955 adhazremus
1493 936 1500 954 :
1519 934 1579 954 nam
1601 926 1741 954 Persicum
1759 927 1814 954 hel-

1023 971 1076 998 lum
1091 971 1210 999 secundo
1226 972 1372 999 Alexandri
1387 979 1458 999 anno
1476 972 1596 1006 assignat
1612 972 1637 998 in
1665 971 1813 1004 Chronico;

1024 1017 1049 1044 in
1083 1016 1202 1044 Historia
1233 1023 1323 1045 autem
1352 1017 1399 1045 lih.
1430 1025 1466 1048 vt,
1495 1025 1554 1052 cap.
1584 1017 1630 1049 2|,
1661 1023 1808 1052 postquam

1023 1063 1204 1090 Alexandrum
1236 1063 1436 1098 itnperatoriam
1466 1064 1626 1099 dignitatem
1652 1068 1808 1091 assecutum

1023 1109 1183 1143 significavit
1195 1109 1391 1145 (41),Origenis
1401 1109 1509 1136 itionem
1524 1109 1557 1136 ad
1566 1109 1735 1137 Mammmam
1747 1117 1812 1136 cons

1024 1155 1098 1182 Iinuo
1113 1155 1250 1190 subjunxit
1267 1163 1275 1182 :
1292 1155 1484 1182 Caesariensem
1499 1162 1564 1182 vero
1581 1155 1706 1190 Origenis
1722 1162 1810 1182 seces-

1024 1209 1096 1233 sum,
1113 1209 1193 1237 quem
1213 1201 1318 1229 decimo
1331 1201 1479 1228 Alexandri
1501 1209 1572 1228 anno
1595 1201 1745 1235 contigisse
1771 1202 1813 1228 do-

1024 1252 1077 1279 cet,
1091 1247 1169 1282 longe
1193 1246 1307 1274 inferius
1335 1246 1479 1273 recensuit.
1498 1245 1549 1279 Qui
1565 1253 1630 1273 vero
1646 1245 1746 1273 bellum
1762 1246 1812 1273 hoc

1024 1293 1176 1327 rejecerunt
1207 1293 1234 1320 in
1261 1298 1411 1328 postremos
1430 1292 1575 1319 Alexandri
1603 1299 1707 1324 annos,
1733 1292 1807 1319 nullo

1024 1344 1135 1366 auctore
1151 1339 1293 1372 fecerunt;
1312 1346 1373 1366 nam
1387 1338 1432 1372 qui
1450 1338 1536 1365 :ctatis
1560 1337 1630 1365 illitis
1655 1345 1699 1365 res
1721 1343 1810 1373 gestas

1024 1385 1155 1420 complexi
1171 1390 1235 1413 sunt
1248 1385 1426 1417 Herodianus,
1450 1383 1573 1412 Zosimus
1584 1404 1591 1417 ,
1606 1384 1762 1420 Xipbiiinus
1782 1390 1808 1412 et

1024 1429 1207 1464 Lampridius,
1225 1430 1281 1466 (43)
1306 1428 1424 1457 Persica:
1449 1429 1629 1464 expeditionis
1653 1429 1810 1465 neutiquam

1025 1480 1219 1510 expresserunt
1236 1480 1342 1511 tempus
1365 1484 1371 1502 :
1394 1475 1466 1503 solus
1484 1475 1547 1502 illud
1563 1476 1721 1502 adnotatum
1748 1476 1812 1503 rcli-

1025 1520 1085 1555 quit
1098 1519 1245 1553 Eusebius,
1260 1528 1339 1555 quem
1353 1520 1505 1555 sequimur.
1526 1520 1575 1548 Sin
1589 1521 1645 1548 haec
1667 1526 1730 1548 ante
1745 1528 1811 1548 con-

1027 1565 1120 1602 tigisse
1139 1566 1307 1601 pertenderis
1323 1573 1404 1600 quam
1425 1566 1536 1593 Romam
1553 1566 1645 1593 ivisset
1660 1566 1812 1599 Mammaea,

1028 1616 1057 1639 ut
1081 1612 1139 1640 vult
1160 1612 1293 1640 Baronius
1318 1612 1351 1639 ad
1367 1620 1413 1640 an.
1433 1612 1495 1644 220,
1512 1621 1586 1639 num.
1609 1612 1634 1644 6,
1649 1613 1811 1641 alterutrum

1027 1658 1098 1685 enim
1110 1658 1252 1685 dicendum
1265 1662 1317 1691 est,
1334 1665 1383 1685 nec
1399 1665 1458 1685 eam
1470 1659 1567 1693 quippe
1580 1658 1647 1685 alias
1661 1659 1813 1686 Antiochia

1026 1704 1110 1730 fuisse
1136 1708 1263 1739 apparet,
1292 1705 1455 1732 sententiam
1490 1703 1560 1731 hanc
1585 1711 1664 1739 supra
1690 1712 1706 1730 a
1735 1705 1813 1732 nobis

1026 1749 1152 1776 obtritam
1169 1750 1295 1783 reperies.

1061 1792 1127 1821 Vlll.
1139 1793 1196 1829 (44)
1209 1793 1342 1822 Caeterum
1355 1795 1417 1822 hinc
1430 1794 1596 1829 Scripturam
1612 1802 1719 1822 sacram
1735 1802 1812 1823 com-

1025 1899 1181 1932 dignitatcm
1195 1905 1345 1926 assecutum
1359 1899 1516 1934 significavit
1530 1918 1538 1931 ,
1554 1897 1675 1933 Origenis
1702 1899 1811 1928 itionem

1025 1933 1059 1960 nd
1073 1933 1240 1961 Mammtram
1255 1933 1549 1969 contintto’subjungere
1559 1954 1566 1965 ,
1580 1934 1659 1961 facile
1683 1935 1810 1967 solvitur,

1026 1970 1047 1995 si
1064 1969 1193 1996 Eusebius
1210 1970 1235 1996 id
1249 1970 1345 1997 fecisse
1358 1970 1480 2002 dicatur,
1495 1976 1546 1996 non
1565 1970 1635 2002 quod
1651 1971 1740 2004 primo
1761 1977 1810 1998 aut

1026 2005 1146 2032 Secundo
1160 2004 1306 2031 Alexandri
1325 2004 1431 2038 imperii
1448 2012 1518 2032 anno
1541 2004 1666 2038 Origenis
1690 2005 1744 2031 iter
1775 2006 1811 2034 ad

1026 2039 1195 2066 Mammazam
1212 2039 1358 2073 contigisse
1379 2044 1500 2074 putaret,
1515 2041 1561 2066 sed
1590 2040 1660 2073 quod
1681 2048 1715 2067 ex
1733 2041 1811 2067 initio

1026 2074 1099 2100 illius
1114 2074 1218 2108 imperii
1231 2075 1338 2102 occasio
1359 2080 1516 2101 nasceretur
1529 2074 1653 2108 loquendi
1673 2075 1707 2102 de
1723 2075 1810 2102 Matti-

1026 2117 1091 2136 ma-a
1108 2114 1194 2136 matre
1217 2110 1287 2143 ejus.
1312 2111 1391 2137 Certe
1416 2115 1534 2136 nostram
1556 2110 1626 2136 hanc
1651 2110 1809 2144 opinionem

1025 2145 1167 2180 conﬁrmat
1181 2145 1252 2179 quod
1270 2144 1366 2172 ibidem
1382 2143 1419 2170 ait
1437 2144 1568 2171 Eusebius
1581 2164 1588 2176 ,
1611 2143 1810 2180 quotempore

1026 2179 1177 2206 Alexander
1192 2180 1333 2214 imperium
1350 2184 1512 2213 capesseret,
1529 2184 1634 2206 mortuo
1655 2181 1726 2214 apud
1743 2179 1808 2207 ’An-

187 2209 502 2255 ὲίῗέἧὶἠὶὶέὲιὶᾖῷιὲεχ
528 2216 692 2255 Eutropioin
704 2215 752 2255 illo
769 2209 903 2255 Chronico
918 2214 973 2255 _lta_—
988 2209 1012 2238 Ι)
1028 2215 1167 2255 tiochiattL
1181 2209 1337 2255 Asclepiade
1347 2235 1366 2255 ,.
1379 2209 1437 2246 ejus
1471 2209 1654 2255 episcopum-tn
1673 2209 1809 2255 sortitqu

188 2249 327 2286 lienturfa
345 2249 585 2286 divo-Hieronymo
600 2249 689 2278 addita
702 2249 795 2277 fuisse.
811 2249 903 2286 Neque
918 2249 975 2286 bifl-

188 2290 243 2317 lmn
257 2284 396 2316 Persicum
410 2297 480 2315 anno
495 2284 641 2314 Aicxaudri
656 2285 776 2312 secundo
795 2284 851 2319 geri
875 2285 973 2316 potuit,

188 2334 250 2352 cum
264 2324 480 2360 quartoimpcrii
493 2322 550 2355 ejus
563 2330 634 2348 attito
646 2321 812 2360 Artaxerxes
824 2339 830 2348 .
841 2326 904 2360 cum
921 2327 975 2352 quo

190 2353 329 2386 dimicavit
360 2353 532 2388 Alexander,
556 2364 669 2391 regnare
691 2355 815 2391 coeperit.
840 2353 974 2391 Erantet-ca

189 2395 355 2421 Herodianus
369 2393 414 2420 lib.
427 2400 463 2423 vr.
474 2400 533 2426 cap.
547 2392 574 2424 4,
587 2388 621 2418 de
636 2388 788 2427 Alexandro
800 2390 825 2415 in
838 2388 974 2427 orientem

189 2429 377 2462 proliciscente
391 2424 514 2462 loquens
527 2427 565 2453 ait
577 2447 585 2460 ,
612 2426 713 2453 nullum
728 2425 811 2462 fuisse
827 2425 884 2462 qui»
896 2424 974 2450 siccis

189 2459 270 2491 oculis
283 2459 609 2490 abeuntem'Alexandrum
626 2460 772 2495 aspexerit,
792 2459 901 2495 imperio
919 2463 973 2484 tam

187 2500 284 2526 multos
301 2507 382 2525 annos
398 2497 587 2524 modestissime
603 2493 798 2522 administrata.
811 2493 900 2526 Quare
927 2501 973 2519 ue-

188 2542 241 2568 quc
259 2534 414 2560 Alexander
427 2533 531 2568 imperii
548 2531 590 2568 sui
606 2530 684 2556 initio
694 2529 859 2568 cunilfersis
870 2535 972 2568 pugna-

188 2563 238 2601 v'it,
253 2576 341 2603 neqtte
355 2576 416 2595 cum
441 2563 476 2594 ad
506 2566 642 2603 Persicam
668 2564 865 2603 expeditionem
890 2563 972 2602 proii-

189 2598 337 2631 ciscereiur
349 2603 513 2634 Alexander,
530 2601 660 2637 Origenes
672 2604 714 2637 est
732 2606 746 2624 a
774 2598 912 2637 Mammaea
942 2598 970 2637 in

189 2638 327 2665 Orientem
351 2643 471 2665 vocatus.
500 2631 539 2663 Ac
559 2631 671 2668 proinde
703 2633 759 2660 haec
784 2633 910 2666 Origenis
938 2631 971 2658 ad

189 2672 356 2700 Mammaea")
372 2672 502 2707 profectio
519 2669 687 2707 assigpanda
697 2673 754 2707 enat1
766 2673 796 2694 ut
818 2672 892 2694 recte
903 2673 971 2693 con-

188 2708 249 2742 jicit
264 2703 404 2739 Iiarouids,
420 2708 452 2734 ad
470 2713 570 2732 annum
579 2703 687 2742 ’_(‘_.hristi
703 2703 768 2734 218,
783 2710 837 2737 quo
851 2707 971 2742 tempore

189 2739 352 2777 Elagabalus
366 2739 602 2777 primumituperii
621 2740 763 2777 subagens
782 2744 881 2764 annum
891 2756 898 2769 ,
912 2739 972 2777 post.

189 2773 301 2803 Μειδγίιή
315 2773 417 2803 cladem
433 2773 602 2802 Antiochiam
616 2774 688 2800 venit
703 2773 840 2799 Munnntea
860 2773 972 2798 comita-

189 2819 243 2838 tus.
264 2811 340 2844 Quod
359 2811 453 2846 objicit
478 2809 592 2846 Huetius
606 2808 760 2846 _Eusettium
776 2807 818 2846 _in
846 2805 972 2845 Historiae

190 2846 234 2872 tib.
249 2842 285 2878 rt,
295 2853 353 2879 cap.
367 2842 412 2878 2i,
428 2850 562 2879 postquam
577 2844 757 2871 Alexandrum
773 2842 969 2875 imperatoriam

1029 2249 1112 2276 fuisse
1138 2247 1272 2276 Pliiletum
1295 2258 1301 2275 :
1323 2249 1367 2283 qui
1382 2253 1470 2276 tamen
1486 2247 1493 2279 ξ
1514 2247 1584 2276 anno
1600 2249 1654 2276 217
1666 2269 1673 2281 ,
1688 2250 1810 2277 Macrino

1027 2283 1167 2318 imperium
1181 2285 1300 2316 ineunte,
1315 2284 1465 2318 Asclepiadi
1477 2285 1618 2315 successit,
1629 2286 1807 2318 quemadmo-

1026 2319 1088 2359 dum
1104 2320 1129 2346 in
1145 2318 1273 2359 Chronico
1290 2319 1385 2347 scribit
1397 2320 1455 2354 ipse
1467 2319 1598 2347 Eusebius
1611 2328 1617 2346 :
1630 2321 1700 2355 quod
1719 2321 1807 2347 Baro-

1026 2361 1087 2381 IIIUS
1103 2360 1235 2388 sequltur.

1061 2389 1117 2424 (42)
1135 2390 1248 2423 Euseb,
1264 2388 1333 2416 Hiu.
1349 2390 1430 2420 εδει..
1445 2389 1491 2416 lib.
1507 2396 1543 2422 vt,
1560 2396 1622 2423 cap.
1635 2389 1680 2417 26.

1060 2424 1117 2459 (45)
1136 2424 1250 2452 Ρεηὶιω
1267 2424 1605 2459 ει-ρεάἰιὶοηιιίηειιιὶᾳιαηι
1622 2431 1808 2459 expresserunt

1026 2463 1137 2491 tempus.
1162 2460 1304 2494 Expressis
1326 2461 1415 2486 verbis
1444 2458 1581 2486 Persicum
1607 2459 1709 2486 bellum
1734 2468 1807 2488 anno

1024 2495 1169 2522 Alexandri
1186 2495 1291 2521 decimo
1309 2501 1406 2528 quarto
1417 2494 1562 2528 contigisse
1578 2494 1656 2521 ducet
1673 2495 1807 2522 Herodia-

1025 2535 1075 2554 nus
1092 2529 1138 2556 lib.
1158 2537 1194 2556 vt.
1210 2529 1292 2563 Cujus
1314 2529 1495 2556 testimonium
1516 2530 1590 2556 litem
1609 2531 1718 2564 penitus
1740 2531 1807 2558 diri-

1024 2569 1120 2597 meret,
1147 2565 1172 2591 ni
1199 2569 1337 2591 constaret
1358 2564 1541 2591 Alexandrum
1564 2570 1623 2599 post
1649 2565 1804 2592 inchoatum

1024 2598 1157 2634 dicimutn
1167 2604 1292 2634 quartum
1308 2599 1348 2626 sui
1361 2599 1466 2634 imperii
1479 2598 1580 2626 annum
1592 2607 1693 2633 paucos
1706 2601 1805 2627 vixisse

1023 2632 1092 2660 dies.
1103 2634 1155 2660 Sed
1171 2632 1242 2660 anno
1257 2640 1361 2660 tantum
1378 2632 1418 2661 vel
1431 2635 1539 2661 biennio
1552 2632 1657 2661 erravit
1673 2635 1804 2662 Herodia-

1024 2675 1085 2704 nus.
1105 2668 1198 2704 Neque
1210 2671 1282 2696 euitn
1297 2669 1442 2696 verisimile
1455 2673 1500 2704 cst
1520 2669 1661 2696 duodecim
1688 2676 1737 2696 aut
1753 2676 1804 2697 tre-

1023 2703 1110 2730 decim
1122 2703 1202 2730 amns
1215 2705 1240 2730 in
1256 2703 1398 2731 celebrimi
1417 2703 1495 2738 hujus
1514 2705 1620 2738 imperii
1646 2705 1719 2731 facto
1730 2725 1738 2737 ,
1753 2712 1804 2738 quo

1023 2741 1144 2774 tempore
1155 2739 1211 2773 ipse
1224 2739 1345 2771 llorebut,
1362 2747 1422 2766 cum
1435 2747 1559 2771 errasse,
1577 2745 1658 2774 atque
1678 2740 1705 2765 in
1721 2741 1800 2766 tinent

1022 2773 1165 2812 Alexandri
1182 2773 1307 2806 rejecisse
1320 2775 1390 2807 quod
1407 2774 1484 2808 hujus
1506 2773 1622 2808 imperti’
1638 2775 1717 2802 initio
1737 2782 1800 2802 con-

1023 2812 1136 2842 ttgtsset.

1057 2843 1113 2877 (Μ)
1128 2842 1238 2875 Euseb.,
1255 2842 1325 2870 lliu.
1342 2843 1445 2876 certes,
1459 2843 1505 2870 lib.
1520 2851 1555 2876 vr,
1575 2852 1633 2879 cap.
1648 2844 1693 2871 25.
