1915 3079
128 133 185 165 θεν

662 141 950 172 ORIGENIANORUM
969 143 1032 172 LIB.
1054 146 1075 177 Ι,
1096 145 1171 177 GAP.
1193 146 1223 174 ιι.

1698 153 1751 180 εδει

127 196 272 224 mentariis
289 196 427 226 illustrare
439 198 570 235 Origenes
584 209 664 231 orsus
687 209 739 237 est,
768 205 913 240 impulsore
928 209 948 234 Α
964 212 986 232 et
1001 206 1113 241 amplius
1133 209 1250 235 notarios
1262 230 1269 242 ,
1286 216 1426 243 eorumque
1444 218 1581 245 expensas,
1593 217 1617 239 et
1629 215 1749 239 .wrario-

125 240 286 275 Ambrosio,
304 243 351 277 qui
369 251 421 271 non
446 246 535 273 verbis
562 247 721 277 incendebat
743 251 847 283 solum.
865 253 912 280 Sed

125 286 282 321 sumptibus
309 289 391 316 etiam
415 293 615 326 suppeditabat.
639 294 750 330 Legitur
771 297 842 332 apud
858 297 910 324 Ce-

124 331 253 366 drenum,
270 334 340 369 quod
357 339 384 363 et
397 337 430 362 ab
442 344 474 364 eo
489 344 662 373 sumpserunt
679 340 777 369 Suidas
789 331 832 370 iet
845 343 910 378 Gly-

123 384 186 410 cas,
197 378 342 414 Origenem
360 388 408 416 per
421 389 553 411 annorum
567 386 718 414 octodecim
728 388 845 422 spatium
860 388 912 417 Lit-

125 427 201 452 teras
217 427 311 454 sacras
330 426 414 455 fuisse
430 429 648 466 interpretatum.
672 431 781 462 Minime
802 435 828 462 id
850 437 910 471 qui-

122 466 188 495 dem
216 471 351 498 consentit
378 471 487 501 Eusebii
517 476 679 509 rationibus,
704 478 749 512 qui
765 466 909 514 Origetiem

120 515 305 549 sexagensrio
326 517 455 552 majorem
482 521 681 550 Commentariis
703 525 732 551 in
753 524 909 554 Matthqu

121 558 278 590 illustrasse
300 564 408 596 scribit,
431 566 542 601 triginta
570 568 675 596 scilicet
701 571 790 603 annis,
821 580 908 608 eoque

119 605 250 640 amplius,
263 613 406 644 postquam
421 610 590 646 Scripturam
615 615 733 649 primum
752 619 836 653 cwpit
859 605 908 646 es-

117 658 234 686 ponere.
258 653 306 682 Sin
333 655 369 683 ita
386 657 454 684 ‘hzcc
480 660 637 695 accipienda
664 668 774 690 censeat
798 663 905 698 aliquis,

114 699 200 732 quasi
215 700 344 735 quidquid
371 703 398 729 in
416 711 559 732 sacrorum
586 705 758 735 Voluminum
777 709 906 744 interpre«

118 745 251 776 tationem
270 747 385 776 diversis
409 751 578 785 temporibus
598 753 647 781 otii
672 755 788 783 contulit
810 756 904 792 Origeo

115 798 179 824 nes,
207 793 356 821 octodecim
387 803 519 824 annorum
557 800 674 834 spatium
710 804 902 836 exaequaverit.

116 837 228 871 longius
241 839 321 866 etiam
338 840 488 874 dissentio;
503 843 637 878 ejusmodi
658 847 756 882 quippe
769 848 901 876 rationent

117 883 277 918 neutiquam
294 886 356 914 duci
383 895 462 922 posse
477 889 614 918 existimo.
632 891 716 920 Multo
744 894 900 923 credibilius

110 932 156 954 est
167 936 203 955 es
218 929 286 958 male
296 930 367 959 lecto
382 932 424 960 vel
444 934 578 970 descripto
592 936 737 972 Epiphanii
762 938 819 975 (45)
840 939 900 968 loco

111 979 298 1004 commentum
308 977 336 1005 id
349 979 490 1012 prodiisse.
505 981 651 1017 Postquam
660 984 731 1012 enim
743 985 899 1021 abOrigene

113 1020 266 1054 postulasse
279 1024 453 1053 Ambrosium
467 1026 544 1060 dixit,
563 1033 591 1056 ut
620 1036 713 1059 sacras
743 1020 898 1067 Scripturas

111 1065 349 1102 interpretaretur,
365 1070 392 1098 id
405 1071 444 1099 ait
461 1072 548 1107 ipsum
571 1074 598 1101 in
615 1075 697 1112 Tyrio
718 1065 826 1106 secessu
851 1086 898 1114 per

109 1117 174 1139 octo
189 1119 218 1141 et
230 1114 324 1150 viginti
348 1124 435 1145 annos
457 1117 563 1147 fecisse.
580 1120 635 1156 (46)
660 1122 720 1150 Alio
746 1123 810 1151 item
838 1125 897 1153 loco

108 1158 203 1205 divina
225 1159 365 1189 Volumina
381 1162 524 1198 Origeuem
541 1165 604 1200 Tyri
619 1168 715 1196 scribit
736 1169 897 1205 explanasse

108 1203 223 1248 Enitar]
237 1208 291 1240 κη’.
306 1206 437 1236 Similiter
454 1209 565 1243 Suidas,
579 1212 646 1240 alios
662 1203 788 1248 secutus“,
804 1220 896 1243 narrat

106 1247 246 1276 Ambrosii
267 1256 360 1286 rogatu
386 1252 543 1288 Scripturas
565 1255 709 1292 Origenetn
737 1247 895 1295 explanasse

106 1294 155 1320 ἐπὶ
171 1294 219 1331 ἐτη
239 1299 283 1331 ιη’.
302 1296 382 1327 Vides
404 1307 534 1333 germana
550 1302 606 1330 hzec
628 1311 722 1332 eorum
747 1294 810 1334 esse
835 1315 894 1342 quae

105 1341 220 1374 scripsit
244 1342 426 1379 Epiphanius;
461 1353 639 1383 praeterquam
666 1352 737 1383 quod
766 1341 894 1382 numerus

105 1388 150 1420 κη’
181 1387 207 1414 in
236 1391 270 1423 ιη’
295 1390 479 1424 degeneravit.
501 1394 539 1421 De
568 1403 692 1424 secessus
716 1403 804 1426 autem
819 1399 892 1435 Tyrii

105 1431 205 1465 spatio,
228 1433 300 1466 quod
329 1436 478 1473 assignavit
501 1439 684 1475 Epiphanius,
715 1431 891 1477 quaestionem

104 1477 188 1510 paulo
204 1483 265 1513 post
281 1480 449 1511 habebimus.

965 260 1023 278 rum
1038 261 1126 286 parem
1142 261 1279 280 numerum
1293 262 1301 281 :
1316 255 1435 290 quodque
1451 255 1491 283 his
1506 257 1592 292 majus
1603 263 1650 288 est.
1666 259 1750 285 incre-

963 297 1039 324 dibili
1053 298 1140 325 studio
1157 299 1273 332 quotidie
1291 300 1323 326 ab
1352 306 1380 327 eo
1401 309 1466 335 opus
1487 303 1601 337 exigens.
1626 302 1701 331 Unde
1720 305 1747 331 in

961 343 1077 376 quadam
1091 345 1203 377 epistola
1222 345 1420 381 ἐργοδιώκτην
1436 356 1493 375 eum
1517 347 1641 383 Origenes
1660 353 1746 380 uocat.

962 387 1007 416 Sic
1022 396 1053 416 ea
1069 390 1173 424 accepit
1191 391 1334 425 interpres,
1354 393 1429 426 quasi
1446 401 1498 420 una
1513 394 1584 421 serie
1603 395 1745 423 scribenda

960 434 1015 461 sint
1027 434 1076 461 ista
1094 443 1101 462 :
1118 434 1151 462 In
1162 443 1214 470 qua
1230 442 1356 469 praesente
1368 437 1480 473 Origene
1499 447 1526 466 se
1541 439 1613 475 loqui
1627 440 1654 467 in
1665 440 1746 469 eccle-

958 479 998 506 sia
1016 480 1148 515 signiﬁcat
1174 481 1203 508 in
1225 481 1305 517 hujus
1332 484 1547 518 aemulationem,
1573 491 1628 513 tum
1648 486 1745 515 deinde
1786 486 1794 493 ”

959 525 1116 558 apponenda
1143 526 1177 553 sit
1202 527 1293 553 τελεία
1322 529 1434 564 στιγμή.
1469 528 1514 556 Sic
1538 531 1610 557 enim
1638 531 1743 559 vertit:

965 570 1008 596 Ἐν
1020 568 1061 602 οἷς
1077 571 1210 607 παρόντος
1229 573 1380 607 Ὠριγένους
1393 574 1486 601 ἑαυτὸν
1496 574 1662 611 ὡμιληκέναι
1674 577 1744 604 κατὰ

959 616 1074 651 μίμησιν
1095 617 1176 644 αὐτοῦ
1192 619 1220 644 ὲν
1241 620 1273 654 τῇ
1299 619 1432 656 ἐκκλησίᾳ
1455 620 1545 656 δηλοῖ·
1573 622 1742 658 ’Λμϐρὸσιος,

955 662 1044 688 ὅντινα
1059 662 1112 689 ἀπὸ
1125 663 1175 697 τῆς
1188 664 1291 699 πλάνης
1302 665 1462 700 Μαρκίωνος
1481 667 1522 699 εἰς
1539 667 1587 702 τὴν
1612 668 1742 705 ἀληθινὴν

955 706 1044 734 πὶστιν
1053 708 1213 744 ἐπιπρέψαι
1227 711 1398 746 προείρηται,
1410 712 1597 748 προὺπρὲψατο
1611 713 1740 749 Ὠριγένει

954 752 1003 784 τὰς
1014 753 1091 785 θείας
1100 755 1323 791 ὑπομνηματίσαι
1335 756 1455 793 Γραφὰς,
1471 759 1653 794 παρεσχηκὼς
1666 760 1740 796 αὐτῷ

954 798 1024 825 ἑπτὰ
1039 799 1055 834 ἢ
1074 800 1121 827 καὶ
1133 796 1241 833 πλείους
1255 802 1405 837 νοταρίους.
1423 803 1515 837 Neque
1529 804 1580 831 hac
1594 805 1646 832 line
1665 806 1739 834 stetit

956 843 1075 878 malum;
1093 845 1126 872 ad
1152 846 1282 880 pristinos
1309 847 1441 882 siquidem
1470 856 1579 877 errores
1597 842 1738 878 'novorutn

953 891 1136 918 accessionem
1153 891 1216 919 fecit
1230 892 1363 925 Photius,
1388 893 1430 920 vir
1452 894 1571 928 alioquin
1596 895 1738 923 litterariis

951 935 1074 963 laudibus
1090 930 1254 964 abundans':
1270 937 1341 964 hunc
1356 939 1456 974 quippe
1469 939 1671 975 llieronymiani
1693 941 1737 967 in-

951 982 1078 1017 terpretis
1091 989 1169 1017 quem
1183 987 1291 1009 secutus
1305 987 1361 1012 est.
1389 985 1476 1011 locum
1509 985 1554 1011 tali
1583 986 1735 1014 interductu

950 1026 1073 1054 distinxit
1087 1028 1147 1054 :‘Ev
1159 1025 1198 1059 οἷς
1211 1027 1343 1063 παρόντος
1362 1028 1516 1064 Ὡριγένους
1527 1030 1621 1057 ἑαυτὸν
1631 1030 1735 1066 ὡμιλη-

949 1072 1024 1099 κέναι
1049 1072 1120 1100 κατὰ
1147 1073 1262 1109 μίμησιν
1288 1073 1368 1100 αὑτοῦ
1398 1075 1426 1101 ὲν
1448 1076 1480 1110 τῇ
1507 1075 1639 1112 ἐκκλησίᾳ
1661 1076 1737 1112 δηλοῖ

955 1118 1126 1154 Ἀμϐρόσιος,
1140 1119 1230 1146 ὅντινα
1244 1119 1297 1146 ἀπὸ
1313 1120 1363 1154 τῆς
1385 1120 1489 1155 πλάνης
1508 1122 1670 1157 Μαρκίωνος
1694 1124 1734 1154 εἰς

946 1165 995 1199 τὴν
1007 1164 1134 1200 ἀληθινὴν
1145 1165 1234 1191 πίστιν
1241 1165 1402 1202 ἐπιπρέψαι
1413 1166 1587 1202 προείρηται·
1601 1168 1734 1204 προύτρέ-

946 1209 1014 1244 ψατο
1030 1210 1144 1245 (supple,
1167 1211 1333 1245 Ἱππόλυτος)
1356 1212 1488 1247 Ὠριγένει
1503 1212 1553 1245 τὰς
1569 1213 1644 1245 θείας
1667 1215 1733 1241 ὑπο-

949 1257 1118 1292 μνηματίσαι
1133 1257 1254 1293 Γραφὰς,
1269 1258 1451 1295 παρεσχηκὼς
1467 1260 1541 1296 αὐτῷ
1557 1260 1636 1292 ἑπτὰ,
1652 1261 1668 1297 ῆ
1684 1262 1731 1288 καὶ

946 1301 1056 1334 πλείους
1073 1302 1221 1337 νοταρίους.
1240 1301 1278 1329 lta
1295 1303 1391 1338 legisse
1412 1303 1536 1331 Photium
1553 1305 1620 1341 (46‘)
1639 1306 1729 1333 decla-

945 1353 1006 1374 rant
1020 1348 1075 1374 llmc
1090 1348 1161 1374 illius
1176 1356 1183 1374 :
1206 1348 1322 1383 Λέγεται
1341 1349 1368 1375 δὲ
1385 1350 1432 1376 καὶ
1447 1346 1523 1382 οὗτος
1546 1351 1731 1387 (Ἱππόλυτος)

944 1393 1119 1429 προσομιλεῖν
1142 1394 1182 1429 τῷ
1204 1394 1261 1430 λαῷ
1279 1394 1350 1422 κατὰ
1370 1395 1485 1431 μίμησιν
1505 1396 1672 1432 Ὠριγένους,
1698 1396 1728 1425 οὗ

943 1439 990 1465 καὶ
1007 1438 1123 1474 συνήθης
1139 1439 1255 1474 μάλιστα
1268 1442 1315 1467 καὶ
1330 1440 1448 1476 ἐραστὴς
1466 1441 1521 1468 τῶν
1535 1441 1621 1475 λόγων
1640 1442 1728 1478 ὑπῆρ-

943 1493 1000 1520 χεν,
1013 1485 1051 1517 ὡς
1064 1486 1111 1512 καὶ
1124 1486 1329 1522 προτρέψασθαι
1342 1488 1433 1520 αὐτὸν,
1446 1488 1495 1524 τὴν
1512 1488 1587 1516 Θείαν
1604 1489 1727 1525 ὑπομνη-

142 1523 432 1562 ScribitHieronymus
446 1528 484 1556 De
496 1531 586 1565 script.
600 1533 691 1561 ecclcs.
708 1535 734 1563 in
751 1537 889 1574 Hippolyt.

944 1530 1189 1567 ματίσαιΓραφήν·
1212 1533 1420 1568 ἐγκαταστήσας
1442 1523 1516 1569 αὐτῷ
1538 1536 1586 1561 καὶ
1607 1523 1725 1571 onoma-

101 1568 278 1597 Ambrosiutn
288 1572 321 1598 ad
336 1572 480 1602 Librorum
492 1583 632 1606 sacrorum
641 1568 891 1616 interpretationem

944 1576 1009 1610 φὲας
1023 1576 1092 1604 ἑπτὰ
1106 1577 1307 1613 ταχυγράιρους,
1325 1579 1371 1605 καὶ
1384 1579 1493 1615 ἐτέρους
1502 1568 1649 1613 τοσούτους
1660 1568 1727 1618 {ps-

102 1613 248 1648 Origenem
277 1616 423 1652 incitasse,
448 1620 475 1652 in_
513 1613 719 1653 aemulationem
744 1627 889 1665 Hippolyti.

103 1661 185 1689 editis
206 1662 263 1697 jam
290 1663 317 1690 in
343 1665 510 1700 Scripturam
536 1670 661 1704 plurimis
684 1661 889 1704 commentariis

101 1707 204 1741 optime
212 1709 245 1736 de
252 1709 370 1739 Ecclesia
381 1713 482 1741 tneriti.
504 1714 696 1752 Hieronymum
708 1719 804 1748 fefellit
820 1722 889 1751 ntale

99 1753 256 1782 intellectus
271 1755 421 1790 Eusebius,
444 1760 489 1794 qui
508 1766 569 1795 post
595 1769 767 1793 euumcratas
790 1767 888 1802 llippo-

100 1798 149 1834 lyti
163 1800 324 1835 scriptiones
346 1804 404 1832 haec
428 1805 566 1842 subjungit
581 1808 627 1837 lib.
646 1817 670 1836 Vl
689 1810 771 1844 HisL,
788 1798 885 1843 c."2‘3:

98 1846 145 1878 Ἐξ
155 1847 259 1874 ἐκείνου
272 1848 300 1875 δὲ
312 1850 496 1887 καὶὨριγένει
510 1854 563 1880 τῶν
577 1856 617 1887 εἰς
631 1856 679 1888 τὰς
694 1856 768 1890 θείας
776 1858 886 1894 Γραφὰς

98 1891 302 1929 ὑπομνημάτων
322 1896 425 1930 ἐγίνετο
442 1898 530 1935 ἀρχὴ,
557 1901 717 1936 Ἀμϐροσὶου
738 1905 766 1936 ἐς
782 1891 816 1931 τὰ
834 1891 884 1940 μό.ἐ

96 1937 175 1966 λιστα
199 1941 395 1977 παρορμῶντος
416 1945 506 1972 αὐτόν.
528 1946 555 1974 Id
583 1953 625 1975 est
646 1956 652 1973 :
669 1949 708 1976 Ab
729 1959 759 1977 eo
784 1937 884 1988 quoque

95 1990 211 2017 tempore
227 1986 335 2021 θήρειιὶ
348 1989 375 2015 in
396 1990 498 2018 divinas
513 1991 665 2027 Scripturas
692 1986 883 2025 commentandi

94 2029 202 2057 initium
226 2032 328 2066 factum
345 2039 392 2068 est,
410 2035 485 2063 ualde
499 2044 558 2064 eum
580 2037 705 2066 incitante
731 2041 880 2070 Ambrosio.

95 2075 279 2112 Hieronymus
295 2083 385 2106 autem
401 2087 494 2109 vocem
509 2082 592 2115 hanc,
608 2084 724 2118 ἐκείνου,
741 2094 801 2122 quas
818 2095 881 2122 per-

93 2122 198 2149 tinebat
210 2123 244 2149 ad
254 2128 370 2159 tempus.
384 2133 524 2160 perperam
536 2129 569 2155 ad
582 2128 755 2166 Hippolytum
769 2134 879 2162 retulit:

91 2167 125 2194 de
140 2176 194 2202 quo
221 2170 310 2198 simile
334 2172 401 2200 nihil
424 2173 507 2201 habet
527 2173 706 2210 Nicephorus.
730 2177 789 2205 Jam
816 2184 878 2207 ante

941 1629 1039 1656 φοντας
1062 1622 1103 1653 εἰς
1125 1622 1222 1654 κάλλος
1234 1644 1241 1655 ,
1260 1619 1298 1649 ὧν
1323 1621 1356 1658 ἦν
1379 1625 1423 1650 καὶ
1440 1625 1490 1660 τῆς
1505 1626 1626 1662 δαπάνης
1645 1627 1726 1659 αὐτὸς

940 1667 1070 1703 χορηγός·
1085 1668 1132 1694 καὶ
1144 1669 1229 1695 ταῦτα
1248 1669 1467 1704 ὑπηρετούμενος
1486 1672 1578 1707 αὐτῷ,
1601 1674 1725 1701 ἀπαιτεῖν

939 1713 1019 1740 αὐτὸν
1032 1714 1225 1750 ἀπαραιτήτως
1237 1715 1266 1741 τὸ
1278 1715 1367 1750 ἔργον.
1384 1716 1428 1749 Ἐξ
1439 1715 1469 1743 οὗ
1486 1719 1533 1744 καὶ
1544 1719 1724 1754 amoenam»

938 1759 967 1784 ὲν
991 1760 1039 1794 μιᾷ
1062 1759 1116 1786 τῶν
1140 1761 1287 1787 ἐπιστολῶν
1312 1762 1386 1798 παρὰ
1409 1763 1560 1798 Ὠριγένους
1579 1765 1721 1801 κληθῆναι.

937 1805 1001 1837 Quae
1017 1813 1077 1832 cum
1094 1813 1126 1833 ex
1142 1805 1295 1842 Hieronymi
1319 1807 1412 1836 Grzcco
1433 1809 1582 1845 interprete
1602 1812 1722 1839 derivata

936 1849 1000 1882 sint,
1014 1850 1171 1878 manifestus
1182 1855 1223 1878 est
1236 1853 1413 1886 quorumdam
1426 1861 1512 1886 error,
1525 1855 1643 1882 virorum
1654 1857 1722 1883 male

935 1895 1123 1930 suspicacium,
1139 1896 1183 1931 qui
1201 1903 1331 1931 nuperum
1349 1905 1416 1933 opus
1441 1905 1500 1927 esse
1519 1900 1718 1935 interpretatio-

935 1949 995 1968 nem
1015 1941 1083 1968 hanc
1101 1941 1262 1973 coniectant.
1278 1942 1412 1971 Caeterum
1430 1945 1492 1972 hinc
1507 1945 1641 1981 aliquibus
1656 1955 1720 1982 per-

933 1995 1042 2014 suasum
1057 1987 1108 2015 fuit
1129 1987 1301 2024 Hippolytum
1318 1988 1443 2025 Origeni,
1472 1999 1524 2019 non
1548 1992 1719 2021 Ambrosium

933 2033 966 2059 ad
981 2032 1155 2068 explicandos
1166 2035 1203 2061 rei
1217 2034 1356 2063 litteraria:
1371 2042 1492 2070 sumptus
1506 2043 1602 2072 pratsto
1615 2038 1716 2067 fuisse:

931 2078 1002 2112 quod
1019 2085 1100 2112 quam
1118 2086 1210 2106 verum
1228 2079 1273 2112 sit,
1289 2079 1374 2108 lector
1385 2081 1532 2115 existimet,
1548 2088 1575 2110 et
1589 2083 1720 2118 quemadu

932 2123 1039 2151 modum
1055 2123 1129 2151 falsae
1141 2124 1281 2159 opiniones
1294 2126 1370 2160 quasi
1386 2133 1418 2153 es
1436 2128 1545 2156 traduce
1568 2136 1717 2164 propagen-

932 2174 984 2197 tur.
1025 2169 1124 2197 Fraudi
1160 2170 1257 2205 quippe
1285 2171 1334 2198 fuit
1372 2172 1536 2208 Hieronymo
1573 2174 1715 2208 Eusebius,

92 2213 211 2242 Hum-ﬁco
227 2214 334 2244 vnlesio
346 2217 372 2245 id
386 2219 561 2247 observatum
583 2227 634 2249 εει,
657 2222 763 2251 Falsa",
782 2225 878 2253 Hier",
895 2224 915 2251 ι)
930 2215 1023 2243 Graeco
1039 2215 1177 2250 interpreti
1190 2215 1382 2252 Hieronymus,
1397 2217 1493 2246 Photio
1509 2219 1620 2248 Graecus
1633 2220 1716 2248 inter-

90 2260 164 2294 nymi
188 2261 398 2296 explicationem
425 2272 495 2292 nova
525 2267 719 2302 depravatione
747 2273 878 2305 pervertit

91 2309 186 2332 auctor
200 2305 302 2335 Graca:
323 2307 554 2343 interpretationis
574 2312 634 2339 libri
652 2313 691 2340 De
708 2316 878 2350 scriptoribus

89 2351 285 2379 ecclesiasticis.
295 2352 357 2381 Haec
371 2354 452 2383 habet
462 2355 643 2392 Hieronymus
659 2367 666 2384 :
683 2357 792 2392 Scripsit
807 2360 879 2395 (Hip-

91 2396 209 2433 polytus)
235 2400 377 2427 nonnullos
400 2401 427 2427 in
454 2401 606 2437 Scripturas
630 2406 846 2438 commentarios,
864 2414 878 2433 e

89 2443 182 2478 quibus
198 2444 245 2470 hos
260 2445 359 2479 reperi:
373 2447 399 2472 in
416 2446 595 2482 Ἐξαήμερον
606 2468 614 2475 .
631 2468 637 2475 .
653 2469 659 2476 .
671 2469 677 2475 .
689 2469 696 2476 .
712 2448 750 2476 De
763 2449 874 2483 Pascha,

88 2489 234 2518 Adversum
247 2500 334 2519 omnes
343 2493 465 2526 ltwreses,
479 2499 503 2520 et
516 2494 594 2529 Πρὸς
606 2494 738 2529 ὁμιλιῶν,
753 2496 789 2524 De
801 2498 878 2524 laude

89 2537 195 2564 Domini
211 2537 375 2571 Saluatoris;
397 2541 424 2566 in
444 2548 496 2575 qua
513 2547 640 2574 prwsente
658 2541 771 2577 Origene
790 2552 817 2570 se
838 2544 877 2570 lo-

87 2583 131 2616 qui
152 2584 179 2609 in
211 2583 330 2610 Ecclesia
348 2585 490 2619 signiﬁcat.
515 2585 549 2612 In
575 2586 654 2622 hujus
683 2589 876 2616 cumulationem

87 2628 252 2662 Ambrosius,
279 2637 354 2664 quem
377 2631 410 2658 de
437 2630 581 2659 Marcionis
600 2634 695 2660 haeresi
726 2634 761 2660 ad
789 2643 876 2662 verum

86 2673 164 2704 ﬁdem
176 2681 325 2702 correctum
332 2677 461 2709 diximus,
476 2679 629 2706 cohortatus
643 2685 681 2706 est
699 2679 836 2715 Origenem
849 2682 875 2708 in

86 2717 241 2754 Scripturas
254 2723 458 2750 conmentarios
471 2725 594 2757 scribere,
606 2726 722 2759 prtebens
739 2727 762 2753 ei
778 2732 874 2761 septem

119 2821 179 2859 (is)
193 2821 292 2859 ξρενιι.
310 2823 376 2859 haer.
391 2823 436 2856 ot,
452 2832 511 2859 cap.
528 2825 554 2851 5.

122 2857 178 2892 (46)
192 2857 304 2893 Eptph.,
320 2857 358 2886 De
368 2866 449 2887 mens.
463 2857 586 2895 et'pond.,
601 2868 624 2888 c.
643 2861 684 2887 ιδ.

931 2269 1005 2297 pres,
1019 2262 1167 2289 innumeris
1182 2263 1242 2290 aliis
1255 2264 1312 2298 ipse
1325 2263 1446 2295 Photius,
1462 2269 1488 2292 et
1504 2273 1584 2300 quem
1608 2266 1642 2294 ab
1663 2267 1716 2294 alio

932 2308 1113 2342 unusquisque
1131 2309 1234 2344 accepit
1255 2317 1392 2342 errorem,
1409 2311 1485 2338 novis
1506 2312 1603 2339 deinde
1619 2320 1715 2340 cumu-

932 2352 1004 2382 lavit.
1027 2353 1080 2380 Sed
1107 2354 1163 2381 luec
1187 2355 1326 2382 hactenus.
1348 2355 1479 2384 Omnibus
1513 2357 1594 2392 igitur
1635 2359 1715 2386 rebus

930 2399 1039 2434 Origeni
1056 2400 1246 2427 commodabat
1257 2401 1432 2436 Ambrosius,
1447 2407 1474 2430 et
1491 2411 1659 2439 quaecunque
1681 2406 1714 2432 ad

932 2443 1052 2478 corporis
1071 2444 1171 2470 cultum
1186 2444 1366 2478 pertinebant,
1381 2454 1413 2474 ac
1431 2448 1519 2475 studia
1530 2468 1537 2481 ,
1554 2448 1627 2483 large
1639 2449 1713 2482 butc,

932 2489 1008 2524 quasi
1024 2489 1125 2524 virgula
1138 2490 1239 2523 divina,
1254 2491 1288 2518 ah
1313 2498 1345 2519 eo
1370 2493 1568 2527 praebebantur.
1589 2495 1714 2524 Notarius

932 2536 1020 2570 itaque
1033 2536 1149 2563 habebat
1166 2537 1198 2563 ad
1216 2543 1324 2563 manum
1345 2538 1404 2573 plus
1417 2545 1536 2574 septem,
1551 2542 1597 2576 qui
1614 2542 1713 2570 dictata

931 2589 962 2608 ex
976 2589 1024 2608 ore
1042 2581 1176 2616 loquentis
1191 2584 1366 2618 exciperent,
1383 2584 1492 2611 totidem
1509 2585 1634 2614 librarios
1650 2595 1712 2614 cum

931 2627 1034 2662 puellis,
1049 2634 1108 2662 qua:
1120 2634 1297 2663 properanter
1311 2629 1412 2664 scripta
1433 2630 1544 2658 nitidius
1556 2639 1712 2662 exararent.

965 2673 1008 2700 IX.
1025 2672 1081 2709 (47)
1095 2673 1188 2708 Neque
1201 2674 1251 2702 sibi
1265 2681 1332 2702 sane
1355 2675 1405 2702 hac
1416 2674 1506 2703 oblata
1519 2676 1650 2705 facultate
1665 2679 1713 2706 de-

930 2719 997 2753 fuit;
1022 2719 1260 2748 benelicentissimi
1282 2720 1382 2756 quippe
1406 2722 1523 2750 hominis
1549 2722 1712 2751 liberalitate

962 2827 1030 2863 (46‘)
1046 2827 1137 2861 Phot.,
1151 2829 1214 2856 cod.
1228 2829 1290 2857 121.

959 2863 1012 2898 (τῦ)
1026 2863 1135 2898 Euseb.,
1154 2863 1256 2892 llistor.
1273 2866 1318 2894 lib.
1333 2874 1369 2900 vt,
1383 2874 1440 2902 Cap.
1456 2867 1501 2896 21.
