1915 3079
199 126 252 156 659

832 130 862 158 P.
883 130 1041 158 DANlELlS
1058 129 1177 159 HUETII

1774 124 1824 152 660

200 196 277 222 usus,
295 196 416 224 qumque
432 190 538 224 priores
553 189 808 218 Commentariorum
818 191 843 218 in
855 191 985 220 Joannem
1001 194 1023 222 Α
1039 191 1259 226 frequentatione
1287 190 1360 218 aliud
1389 190 1555 217 Atheniense
1569 189 1621 216 iter
1650 188 1685 216 ab
1708 186 1832 223 Origenel

199 237 299 267 tomos,
313 240 340 262 et
356 235 461 262 initium
473 236 544 263 sexti
557 235 729 263 Alexandriae
742 237 792 265 hoc
807 242 941 274 tempore,
958 245 985 267 et

199 287 233 308 ex
252 281 380 313 Achaico,
398 281 468 315 quod
491 289 552 308 mox
580 289 759 316 exponemus.
786 284 882 312 itinere
901 286 985 313 redux

198 327 359 354 elaboravit.
380 326 448 354 Octo
464 327 528 354 item
550 328 656 363 priores
680 330 707 356 in
728 328 848 357 Genesi":
867 336 953 359 ternos
971 340 986 360 e

198 372 341 399 duodecim
368 372 506 407 confecit;
535 374 653 409 psalmos
673 375 706 402 ad
732 376 788 404 hmc
809 378 932 411 exposuit
946 378 986 405 vi-

197 418 263 452 ginti
278 420 397 453 quinque
407 420 523 454 priores,
535 421 660 455 quamvis
671 421 761 455 plures
773 423 855 449 etiam
872 424 986 451 subinde

197 464 376 496 enarraverit,
395 469 424 492 ut
436 466 558 493 dicemus
575 465 667 499 infra;
685 472 712 493 et
731 466 857 494 Jeremite
877 475 986 503 qttoque

197 508 408 538 Lamentationes
429 511 492 538 totis
517 512 702 539 voluminibus
727 513 920 547 interpretatus
933 518 983 541 est.

197 556 272 583 Adde
281 556 365 583 libros
377 556 415 583 De
424 558 560 592 principiis
575 563 603 585 et
612 558 793 592 Στρωματεῐς
804 560 908 591 decem,
919 567 986 594 quos

197 603 291 630 eadem
311 597 473 637 tempestate
491 604 662 631 Alexandria:
679 605 845 639 composuit.

234 649 267 676 x.
293 649 349 685 (18)
362 650 554 677 llisintentum
575 651 672 678 studiis
689 650 836 686 Origenem
856 651 986 686 interpel-

199 695 290 723 larunt
324 697 430 731 negotia
460 697 661 730 ecclesiastica,
690 705 805 732 quorum
843 698 929 733 gratia
959 701 985 725 ln

197 741 327 768 Athaiam
343 741 479 776 profectus
489 747 540 769 est.
558 742 670 777 Negotia
682 743 726 770 illa
739 751 799 778 qua!
809 743 922 775 fuerint.
934 751 986 770 non

198 787 330 821 expressit
346 787 496 820 Eusebius;
513 788 655 822 Baronius,
670 789 704 816 ad
721 797 766 816 an.
781 789 846 822 250,
865 797 939 817 num.
957 790 986 822 7,

199 833 365 868 conjecturis
382 834 502 868 reperire
517 835 621 866 voluit;
645 842 732 870 eaque
750 835 784 863 de
797 843 879 862 causa
897 836 987 870 profe-

200 866 270 907 ctum
287 879 313 906 in
325 866 457 907 Graeciam
468 880 611 915 Origenem
624 866 739 915 divinat,
753 881 810 916 (49)
827 886 856 909 ut
871 866 987 916 Nicopo—
1005 866 1025 894 Β

199 925 289 953 litana:
304 925 430 953 editionis
445 927 519 954 circa
539 927 595 954 haec
611 932 732 962 tempora
746 932 860 962 repertae
877 935 987 962 compos

200 972 287 998 fieret.
311 970 365 999 Sed
392 978 522 1006 quorsum
548 973 580 999 ad
596 973 765 1008 excogitatas
795 973 987 1000 descendemus

199 1016 381 1050 conjecturas,
400 1024 461 1044 cum
487 1017 588 1044 veritas
605 1018 661 1052 ipsa
681 1017 770 1052 palam
787 1019 898 1046 exstet?
913 1018 987 1046 Scri—

198 1062 264 1089 bunt
280 1063 412 1097 siquidem
424 1062 605 1099 Hieronymus
622 1063 658 1090 De
669 1064 759 1097 script.
778 1065 870 1092 eccles.
887 1087 893 1098 ,
922 1073 985 1100 cap.

199 1109 243 1140 65,
262 1114 290 1135 et
305 1108 418 1136 Rufinus
434 1110 460 1136 in
477 1109 599 1144 Expast'l.
616 1117 677 1144 cap.
691 1110 736 1141 25,
749 1110 796 1137 lib.
807 1118 845 1142 Vt,
865 1111 985 1143 Eusebii,

197 1155 308 1182 Achaiae
321 1154 456 1182 Ecclesias
467 1155 590 1189 plurimis
604 1160 667 1183 tunc
682 1156 832 1184 hmresibus
846 1156 929 1184 fuisse
940 1165 986 1184 ve-

198 1204 292 1231 xatas;
308 1200 406 1235 quibus
416 1201 603 1235 expugnandis
620 1201 745 1229 idoneum
755 1210 813 1237 pra:
826 1202 931 1230 caneris
946 1203 984 1229 vi-

199 1253 258 1272 sum
273 1245 438 1280 Origeuem;
454 1254 513 1273 eam
527 1246 566 1274 illi
582 1254 692 1274 causam
712 1248 739 1274 in
758 1247 888 1275 Graeciam
903 1248 985 1282 proti-

199 1291 319 1318 ciscendi
336 1291 430 1319 fuisse.
449 1291 515 1319 Illuc
530 1300 595 1320 vero
610 1294 775 1320 accersitum
796 1294 831 1321 ab
842 1295 986 1322 Ambrosio

199 1343 253 1363 non
266 1337 381 1365 absurde
392 1338 525 1373 quispiam
537 1339 733 1374 suspicabitur;
749 1348 811 1367 nam
819 1341 985 1368 Alexandria

199 1383 295 1410 crebro
307 1383 425 1411 abfuisse
439 1385 609 1412 Ambrosium
622 1390 729 1413 constat
742 1392 781 1419 et,
791 1392 932 1422 postquam
942 1387 986 1414 in-

201 1433 243 1455 ter
255 1435 303 1455 eos
323 1430 497 1457 necessitudo
513 1431 676 1463 intercessu,
703 1431 819 1459 Athenis
835 1433 930 1465 fuisse,
942 1437 984 1460 at-

200 1481 253 1509 que
269 1474 332 1502 inde
358 1474 463 1502 litteras
481 1478 513 1503 ad
531 1475 676 1510 Origenem
703 1478 810 1505 dedisse
836 1486 868 1506 ex
890 1479 986 1507 lliero-

202 1528 282 1555 ttytno
293 1521 398 1548 discere
409 1521 473 1549 licet
486 1522 566 1557 epist.
580 1522 614 1549 18
625 1523 657 1549 ad
673 1522 840 1552 Marcellam.
856 1525 918 1553 Hice
929 1526 986 1561 qui-

202 1568 261 1593 dem
277 1568 464 1602 proponimus,
481 1576 534 1596 non
554 1569 712 1597 asseritnus.
736 1569 804 1598 llinc
815 1571 895 1598 etiam
909 1573 986 1599 habi-

202 1619 236 1640 ta:
262 1614 313 1642 sibi
341 1622 401 1641 cum
426 1615 605 1643 haeresiarchas
629 1616 747 1650 quodam
773 1619 987 1646 concertationis

202 1660 342 1694 exemplar
350 1661 384 1688 ad
393 1662 496 1689 amicos
503 1662 528 1688 in
538 1661 707 1689 Palaestinam
717 1663 790 1691 misit
798 1665 986 1697 Adamantius,

201 1707 247 1740 qui
262 1706 338 1734 falsis
352 1708 384 1735 de
404 1715 445 1740 se,
471 1708 559 1743 deqtte
573 1716 604 1736 ea
634 1709 815 1744 disputatione
832 1711 987 1740 rumoribus

201 1757 369 1780 occurreret.
387 1754 502 1781 Athenis
516 1762 619 1782 moram
641 1755 741 1783 fecisse
762 1755 907 1791 Origenem
927 1765 986 1785 cer-

203 1803 258 1824 tum
275 1802 326 1830 est,
341 1805 423 1826 morte
440 1803 545 1833 tempus
570 1800 702 1828 incertum
717 1809 725 1828 :
755 1802 870 1829 rediisse
897 1807 986 1830 tamen

201 1843 324 1878 sequenti
340 1851 421 1877 anno.
440 1844 481 1872 vel
499 1844 608 1872 biennio
623 1850 695 1879 post,
720 1845 792 1873 inter
807 1847 988 1882 chronologos

202 1894 330 1916 constare
347 1890 435 1917 video.
455 1890 585 1925 Equidem
597 1899 650 1919 non
670 1892 754 1919 multo
772 1893 861 1921 minus
876 1893 987 1922 biennio

202 1934 309 1961 itineris
327 1934 437 1962 Achaici
452 1939 558 1970 tempus
584 1935 667 1964 fuisse
698 1938 848 1971 existimo;
870 1946 932 1965 nam
959 1943 988 1966 et

203 1988 252 2015 per
261 1979 432 2008 Palaestinam
448 1981 499 2008 iter
515 1982 618 2015 habuit,
637 1982 728 2017 ibique
743 1988 864 2011 moratus
881 1989 922 2012 est
933 1984 984 2012 ali-

203 2027 332 2062 quandiu,
351 2032 376 2055 et
389 2027 505 2063 spatium
520 2028 628 2063 aliquod
645 2029 728 2056 itione
739 2037 770 2057 ac
785 2030 916 2057 reditione
923 2039 989 2058 con-

203 2078 339 2108 sumptum
353 2079 404 2105 est.
417 2079 444 2101 et
455 2074 481 2101 in
497 2074 608 2106 Achaia.
621 2082 683 2101 cum
693 2075 829 2103 haereticis
842 2076 989 2108 velitando,

205 2125 231 2147 et
245 2119 362 2148 Athenis
373 2120 581 2154 perlustrandis,
598 2122 753 2156 scholisque
766 2121 988 2157 philosophorum

204 2165 411 2201 frequentandis
430 2166 513 2202 (quod
535 2167 569 2194 ab
596 2174 628 2194 eo
648 2167 748 2194 factum
773 2172 907 2194 testantur
923 2167 988 2202 Epi-

1036 239 1101 265 olim
1125 237 1299 265 adolescente
1325 237 1479 264 institutum
1497 236 1655 270 conﬁngant
1670 234 1824 266 Baronitts,

1036 283 1070 310 ad
1083 291 1127 310 an.
1140 284 1205 316 215i,
1221 291 1294 310 num.
1309 283 1336 315 4,
1351 288 1377 310 et
1392 282 1520 310 Petavius
1534 281 1567 309 ad
1581 281 1679 315 Epiplt.
1693 280 1763 307 hair.
1780 279 1824 312 64,

1036 335 1096 362 cap.
1111 329 1214 361 l;nam
1229 330 1263 355 ad
1276 328 1455 363 philosophos
1467 332 1493 354 et
1508 327 1631 354 rhetores
1642 326 1720 353 ibant
1732 324 1824 358 cujus-

1036 382 1144 409 cunque
1156 375 1245 401 aatatis
1261 374 1396 406 homines,
1411 381 1500 408 neque
1519 372 1667 400 verisimile
1690 376 1734 398 est
1758 371 1820 398 Ori-

1036 427 1132 455 genem
1159 420 1344 455 philosophiae,
1367 419 1586 454 reliquarumque
1614 417 1822 452 disciplinarum

1036 473 1128 493 amore
1140 465 1308 501 flagrantem.
1323 467 1350 493 in
1363 474 1394 493 ea
1410 467 1551 501 degentem
1569 465 1635 492 urbe
1649 471 1711 499 quae
1725 463 1824 490 artium

1035 514 1154 540 omnium
1168 513 1303 540 inventrix
1317 513 1474 545 haberetur,
1487 517 1514 540 et
1525 513 1551 539 in
1565 519 1617 547 qua
1631 515 1694 538 cum
1710 510 1823 542 civium,

1038 564 1094 586 ttnn
1107 559 1274 586 advenarum
1296 559 1461 593 praecipuum
1477 564 1549 585 esset
1558 557 1678 584 studium
1691 557 1756 583 novi
1772 555 1825 582 ali-

1036 604 1099 638 quid
1117 604 1158 631 vel
1171 604 1273 637 dicere,
1301 603 1342 631 vel
1361 603 1465 635 audire,
1486 608 1566 630 aetate
1583 602 1667 630 fuisse
1690 602 1824 629 absterrio

1038 655 1093 677 tum
1107 651 1254 684 quominus
1269 650 1389 677 civitatis
1404 649 1605 677 consuetudine
1616 649 1649 676 ad
1661 647 1824 682 explendam

1037 697 1209 731 cupiditatem
1231 701 1366 724 uteretur.
1385 696 1471 730 Supra
1489 696 1599 730 quidem
1619 695 1826 723 observavimus

1038 743 1177 771 testificari
1194 743 1387 778 Porphyrium,
1400 743 1433 769 ad
1446 738 1584 769 Plotinum
1609 741 1704 768 Romae
1716 741 1826 776 publice

1037 789 1180 816 decentem
1190 788 1337 823 aliquando
1350 787 1499 814 accessisse
1510 786 1654 822 Origenem
1667 786 1824 821 quemdam,

1038 836 1119 864 alium
1137 837 1170 863 ab
1184 835 1359 867 Atlatnautio,
1381 834 1479 861 Plotini
1494 834 1639 869 :eqnalem,
1653 841 1742 868 eoque
1754 841 1822 860 con-

1038 889 1130 919 specto
1147 884 1246 911 victum
1267 883 1369 918 pudore
1383 882 1516 909 Plotinum
1541 881 1646 909 dicendi
1671 881 1753 908 ﬁnem
1780 880 1818 907 fe-

1038 930 1119 957 cisse.
1133 929 1211 956 Prius
1224 929 1294 956 idem
1307 930 1411 956 factum
1426 929 1539 964 legimus
1554 936 1568 955 a
1581 927 1680 959 Tullio,
1696 927 1744 962 qui
1764 931 1826 954 octo

1036 976 1093 1011 jam
1111 981 1139 1004 et
1153 976 1248 1011 viginti
1265 983 1352 1003 annos
1369 981 1458 1007 natus,
1471 983 1532 1002 cum
1547 975 1638 1002 Roma:
1652 978 1726 1001 esset
1750 973 1827 1000 bien-

1038 1023 1110 1050 nium
1126 1027 1249 1050 versatus
1267 1024 1294 1050 in
1308 1022 1413 1054 causis.
1429 1027 1456 1050 et
1478 1022 1536 1056 jam
1556 1022 1627 1049 inter
1652 1020 1755 1055 primos
1774 1018 1828 1047 Ur-

1037 1069 1078 1096 bis
1096 1075 1218 1097 oratores
1229 1073 1385 1104 poneretur,
1401 1069 1520 1096 Athenas
1543 1075 1632 1095 tamen
1662 1067 1695 1094 ad
1718 1067 1816 1094 Antio-

1036 1114 1116 1141 chum
1153 1114 1339 1148 philosophum
1368 1118 1395 1142 et
1421 1113 1587 1141 Demetrium
1622 1113 1760 1139 rhetorem
1786 1119 1819 1139 se

1036 1160 1160 1188 contulit.
1180 1160 1243 1187 lndc
1260 1161 1292 1187 ad
1310 1160 1445 1188 Asiaticos
1467 1164 1599 1191 oratores.
1616 1159 1761 1194 ipsumque
1772 1158 1821 1185 de-

1037 1214 1109 1233 mutn
1125 1206 1258 1234 Melonem
1271 1214 1300 1234 se
1317 1206 1471 1241 applicavit.
1490 1198 1560 1240 Quin
1582 1211 1609 1233 et
1623 1205 1736 1233 Antonii
1756 1204 1826 1233 Gni-

1036 1251 1133 1286 phonis
1147 1251 1266 1279 scholam
1291 1251 1480 1286 frequentasse
1494 1274 1501 1284 ,
1518 1252 1602 1279 etiam
1621 1259 1684 1279 cum
1705 1256 1824 1286 praetura

1036 1297 1205 1331 futigeretur,
1221 1305 1235 1324 a
1246 1297 1377 1325 Suetonio
1395 1297 1553 1332 Tranquillo
1567 1297 1705 1333 proditum
1719 1301 1761 1324 est
1773 1296 1823 1324 lib.

1037 1343 1075 1371 De
1089 1344 1188 1371 illustr.
1204 1349 1357 1378 grammnt.,
1372 1351 1431 1379 cap.
1448 1343 1474 1372 'l.
1489 1343 1560 1371 Sane
1578 1343 1605 1370 in
1629 1343 1682 1370 hac
1697 1342 1817 1370 Achaica

1035 1390 1208 1417 remansione
1229 1389 1286 1425 (50)
1308 1389 1522 1424 Nicopolitanam
1542 1389 1688 1416 editionem
1706 1393 1817 1416 nactum

1035 1434 1119 1462 fuisse
1130 1434 1272 1470 Origene-tt
1291 1435 1421 1463 credibile
1431 1440 1491 1468 est;
1507 1442 1615 1462 causam
1630 1434 1700 1462 hanc
1717 1434 1825 1462 itineris

1036 1481 1174 1514 habuisse,
1187 1489 1240 1508 non
1259 1482 1335 1509 item.

1073 1527 1117 1554 X1.
1131 1527 1285 1563 Digressum
1302 1528 1374 1559 inde,
1401 1527 1507 1562 Epheso
1523 1526 1663 1554 transiisse
1675 1535 1729 1554 non
1755 1533 1826 1560 prte-

1038 1581 1079 1603 ter
1090 1575 1354 1603 verisimilitudinem
1370 1575 1443 1601 credi
1456 1578 1558 1608 potest.
1574 1573 1675 1600 Scribit
1689 1572 1825 1607 siquidem

1037 1619 1169 1655 Origenes
1184 1621 1209 1646 in
1222 1620 1335 1654 epistola
1349 1619 1381 1646 ad
1395 1619 1496 1646 amicos
1504 1618 1713 1649 Alexandrinos,
1733 1626 1764 1645 se
1778 1618 1827 1644 ali-

1037 1667 1146 1701 quando
1161 1666 1258 1700 Ephesi
1282 1666 1307 1692 in
1333 1665 1489 1693 haereticum
1506 1665 1649 1699 quemdam
1669 1665 1800 1692 incidisse
1813 1684 1822 1697 ,

1011 1738 1014 1741 _
1038 1712 1083 1746 qui
1099 1720 1160 1739 cum
1176 1719 1210 1738 ne
1222 1713 1333 1738 verbum
1348 1711 1455 1746 quidem
1485 1717 1576 1738 secum
1590 1710 1716 1738 conferre
1740 1710 1825 1738 susti-~

1038 1757 1151 1789 nuisset,
1169 1764 1197 1784 se
1210 1762 1299 1784 tamen
1315 1757 1378 1784 inde
1392 1756 1513 1791 profecto
1521 1755 1665 1784 confictam
1679 1755 1755 1783 falsae
1769 1756 1826 1783 dis-

1037 1803 1188 1839 putationis
1213 1803 1356 1831 historiam
1374 1803 1483 1830 misisse
1501 1802 1532 1829 ad
1546 1802 1706 1836 discipulos,
1740 1802 1826 1830 alios-

1038 1857 1090 1884 que
1108 1860 1114 1877 :
1128 1854 1226 1877 ateum
1241 1849 1348 1876 demum
1360 1849 1511 1876 Antiochia:
1522 1856 1604 1876 vanos
1614 1848 1689 1876 falsae
1702 1849 1826 1876 victoriae

1039 1902 1162 1922 rumores
1178 1899 1363 1930 spargentem,
1381 1899 1525 1929 postquam
1549 1894 1612 1922 illuc
1627 1894 1754 1926 accessit,
1772 1901 1825 1930 pi.-

1039 1941 1109 1968 blice
1126 1941 1291 1976 coarguisse,
1313 1941 1485 1975 hominisque
1494 1941 1639 1968 vanitatem
1655 1941 1823 1969 confutasse.

1038 1987 1066 2014 Id
1084 1988 1178 2023 siquis
1196 1993 1250 2015 tum
1272 1989 1418 2023 contigisse
1446 1988 1521 2020 velit.
1547 1996 1608 2016 cum
1634 1988 1680 2016 vix
1695 1989 1722 2017 in
1750 1990 1826 2017 aliud

1040 2039 1144 2068 tempus
1172 2034 1246 2069 rejici
1264 2035 1358 2069 possit,
1377 2034 1475 2062 favebo
1502 2034 1688 2068 conjectum:
1721 2036 1771 2063 sed
1795 2039 1824 2062 et

1040 2081 1084 2107 hic
1097 2087 1204 2114 quoque
1224 2079 1357 2114 judicium
1379 2087 1458 2107 suum
1487 2081 1537 2108 sibi
1553 2082 1740 2115 unusquisque
1753 2081 1824 2109 inte-

1038 2131 1115 2159 grum
1130 2124 1238 2156 habeat.
1253 2131 1302 2151 nec
1316 2132 1411 2152 omnes
1431 2126 1503 2152 enim
1525 2124 1650 2161 Origenis
1667 2126 1827 2161 peregrina-

1039 2169 1128 2195 tiones
1151 2169 1250 2196 litteris
1267 2169 1352 2197 fuisse
1377 2170 1489 2197 traditas
1513 2170 1653 2203 existimo.
1678 2178 1741 2197 cum
1768 2171 1826 2206 ipse

203 2212 394 2245 phaniushrer.
407 2212 452 2239 61.
469 2220 528 2247 cap.
543 2212 568 2246 1,
579 2218 606 2240 et
619 2213 728 2241 Nicetas
752 2213 881 2242 Thesaur.
898 2215 987 2241 ortho—
1004 2229 1025 2256 ο
1041 2212 1191 2246 praesertim
1215 2212 1315 2240 alicubi
1335 2220 1363 2240 se
1383 2213 1466 2240 multa
1483 2218 1562 2241 terrm
1580 2213 1637 2241 loca
1664 2221 1826 2249 peragrasse

204 2259 282 2286 dom:
300 2259 361 2294 ﬁdei
386 2259 434 2286 lib.
451 2267 487 2291 tv,
505 2259 602 2288 hreres.
620 2260 665 2293 31,
679 2264 707 2287 et
722 2260 774 2287 lntc
789 2260 930 2288 commode
944 2268 986 2287 re-

205 2302 270 2329 ferri
290 2303 402 2338 potest).
419 2308 460 2330 sat
486 2303 594 2338 longum
610 2308 716 2339 tempus
731 2303 876 2330 contritum
904 2303 987 2330 fuisse

205 2355 315 2376 necesse
325 2353 376 2376 est.
393 2348 448 2376 Nec
470 2355 560 2376 causa:
573 2354 614 2377 est
640 2356 688 2377 cur
703 2356 737 2376 ex
753 2349 803 2376 hac
830 2348 986 2376 scholarum

254 2428 301 2465 48)
318 2428 430 2465 Euseb,
453 2428 525 2456 Hist.
540 2430 616 2463 ιιι-1.,
635 2429 682 2458 lib.
697 2437 734 2462 vt,
748 2438 809 2465 cap.
821 2430 868 2458 95.

255 2464 301 2498 49)
317 2463 562 2500 υιῨΝἱιοροζὶιαηω
577 2465 699 2492 editionis
714 2463 788 2492 circa
799 2467 855 2493 lucc
877 2470 994 2500 tempora

209 2505 327 2534 repente.
350 2499 442 2526 Refert
464 2499 595 2528 Eusebius
615 2499 685 2527 Hist.
717 2501 765 2528 lib.
793 2508 828 2532 vt.
856 2508 915 2535 cap.
938 2500 987 2533 16,

209 2543 289 2562 unam
304 2542 336 2562 ex
352 2535 437 2562 tribus
454 2536 597 2570 anonymis
611 2535 760 2570 Scriptum
789 2537 991 2570 interpretatio-

207 2570 291 2597 nibus
311 2570 411 2604 quibus
432 2570 458 2596 in
477 2569 606 2604 Heiaplis
620 2569 685 2597 usus
701 2576 743 2598 est
757 2569 897 2605 Origenes,
915 2571 992 2597 Nico-

207 2606 262 2640 poli
273 2606 350 2640 juxta
362 2606 469 2632 Actium
486 2604 569 2632 fuisse
584 2606 732 2638 inventam,
749 2607 794 2633 sed
809 2604 932 2640 quaenam
946 2605 990 2632 illa

208 2642 255 2671 sit.
272 2649 305 2667 an
327 2641 430 2675 quinta,
451 2648 484 2667 an
508 2645 597 2675 sexta,
614 2645 641 2666 et
655 2647 710 2674 quo
731 2646 851 2674 tetnpore
868 2642 988 2672 inventa,

208 2683 260 2702 non
276 2674 397 2702 adnutat.
409 2677 511 2702 Auctor
525 2674 673 2710 Synopseox
693 2675 765 2703 inter
781 2683 862 2709 opera
876 2676 991 2702 Athana-

208 2711 387 2746 sianarcusm,
406 2715 433 2737 et
447 2709 675 2746 Epiphaniuslib.
702 2710 741 2738 De
760 2711 840 2746 pandi.
860 2715 885 2737 et
908 2718 990 2737 mem.

209 2752 271 2778 cap.
289 2745 335 2777 18.
349 2750 453 2773 sextam
466 2745 536 2780 hanc
548 2751 609 2772 esse
620 2747 780 2780 pertendunt
793 2754 800 2776 ;
816 2745 993 2780 Hieronymus

211 2787 276 2806 vero
287 2781 423 2813 quintam,
436 2784 463 2806 et
483 2779 521 2806 ita
536 2779 647 2807 narrare
667 2780 753 2814 ipsum
766 2781 909 2814 Origenetn
919 2779 992 2806 scri-

211 2814 254 2850 bit
275 2814 382 2849 Prolog.
407 2823 433 2850 tu
449 2813 526 2841 Cant.
549 2816 645 2842 cantio.
663 2813 715 2842 Sed
737 2813 890 2850 Epiphanio
909 2823 994 2848 mttng

208 2849 390 2877 adita-remus.
403 2849 471 2877 Cum
482 2849 554 2877 enim
567 2855 623 2878 tum
638 2858 671 2878 ex
683 2851 753 2886 ipso,
762 2849 821 2878 tum
834 2857 865 2879 ex
881 2850 995 2878 Eusebio

1041 2258 1144 2284 doceat.
1161 2257 1227 2290 Quae
1242 2257 1295 2285 hoc
1309 2265 1374 2292 ergo
1387 2258 1456 2290 loco,
1469 2263 1496 2285 et
1510 2258 1574 2285 alibi
1590 2259 1690 2292 passim
1700 2259 1826 2285 dubitan-

1041 2308 1082 2330 ter
1094 2308 1283 2338 proponuntur
1294 2311 1308 2330 a
1320 2303 1409 2337 nobis,
1421 2303 1461 2331 sic
1469 2303 1554 2330 lector
1565 2303 1682 2337 accipiat
1693 2307 1824 2338 tanquam

1041 2357 1131 2376 meras
1141 2349 1323 2385 conjecturas,
1337 2349 1438 2384 aliqua,
1457 2349 1480 2377 si
1492 2348 1573 2382 forte,
1589 2349 1824 2377 verisimilitudine

1042 2436 1148 2458 constet
1162 2431 1242 2458 aliam
1258 2437 1289 2458 ex
1304 2430 1346 2457 his
1363 2429 1527 2456 editionibus
1547 2428 1722 2456 Hierichunte
1737 2428 1823 2456 fuisse

1043 2472 1176 2500 repertam
1188 2467 1355 2500 tetnporibus
1370 2465 1526 2500 Caracallaa.
1539 2465 1618 2490 aliam
1633 2463 1753 2500 Nicopoli
1773 2465 1823 2490 im-

1042 2506 1154 2535 perante
1162 2499 1326 2531 Alexandro,
1336 2505 1410 2527 certe
1419 2499 1622 2526 Hiericlmntina
1633 2499 1716 2525 editio
1727 2499 1821 2532 quinta

1041 2543 1101 2563 esse
1115 2536 1205 2568 debet,
1222 2535 1407 2569 Nicopolitana
1426 2542 1491 2562 vero
1511 2540 1604 2566 sexta;
1620 2535 1756 2568 siquidem
1775 2535 1823 2560 ha-

1041 2571 1095 2598 bita
1115 2571 1384 2605 temporum,quihtts
1398 2570 1512 2596 inventa:
1527 2574 1599 2600 stitit,
1614 2570 1728 2601 ratione,
1741 2570 1822 2605 fliam

1041 2604 1265 2638 quintam,aliam
1283 2604 1384 2632 sextarii
1401 2605 1434 2631 ab
1448 2605 1564 2639 Origene
1583 2609 1706 2631 vocatam
1738 2604 1823 2631 fuisse

1038 2641 1132 2668 Scribit
1144 2641 1212 2668 idem
1227 2641 1401 2675 Epiphanius.

1075 2676 1131 2711 (50)
1142 2675 1166 2702 Ν
1170 2674 1356 2711 iropolitannm
1368 2675 1505 2711 editionem
1517 2679 1622 2711 nactum
1635 2674 1717 2711 fuisse
1728 2674 1821 2708 Orige-

1041 2719 1098 2738 nent
1112 2710 1236 2738 credibile
1250 2716 1299 2737 est.
1312 2710 1468 2741 Caracullw,
1487 2711 1573 2744 inquit
1597 2710 1762 2743 Epiphanius
1775 2711 1819 2736 lib.

1041 2746 1079 2773 De
1092 2747 1170 2780 pomi.
1184 2752 1207 2772 et
1218 2753 1311 2778 νημαι,
1324 2753 1384 2779 cap.
1397 2745 1440 2776 18,
1453 2746 1566 2772 succedit
1579 2745 1726 2771 Antoninus
1740 2745 1819 2780 alia},

1042 2779 1234 2815 quiimperavit
1248 2789 1330 2807 annos
1345 2788 1381 2807 tv.
1396 2780 1506 2806 Secutus
1526 2785 1562 2807 ut
1587 2779 1736 2806 Alexander
1749 2779 1820 2812 [ilius

1044 2814 1191 2842 Mantum-av
1201 2816 1275 2841 annis
1289 2823 1347 2842 xm.
1364 2815 1396 2841 In
1412 2815 1496 2842 medio
1509 2820 1651 2849 temporum
1663 2814 1781 2844 illorum,
1794 2815 1820 2839 ὲν

1047 2851 1122 2886 μέσῳ
1137 2851 1191 2878 τῶν
1207 2851 1310 2886 χρόνων
1330 2850 1445 2884 τούτων,
1458 2851 1536 2878 editio
1550 2855 1635 2882 texta,
1651 2857 1710 2884 quo:
1726 2853 1751 2877 et
1764 2849 1819 2883 ipsa
