1915 3079
225 122 274 151 ιςςι

856 116 886 144 P.
907 114 1064 143 DANIELIS
1081 112 1197 141 HUETII

1800 107 1850 134 668

224 181 322 210 fuisset
336 189 407 213 rcus,
419 188 479 207 eum
494 187 546 206 non
562 184 615 205 tam
627 184 721 205 severe
736 181 914 204 tractaturum
928 176 1012 203 fuisse
1027 178 1048 206 Α
1063 175 1194 206 plaribus,
1209 179 1280 199 anno
1295 170 1440 198 Alexandri
1455 177 1494 196 xu
1504 189 1511 201 ,
1526 168 1567 196 vel
1584 176 1624 201 ιι,
1641 173 1671 194 ιιι
1689 168 1775 194 habet
1788 166 1852 194 Sca-

224 227 390 254 Demetrium
415 225 545 252 credibile
573 228 633 255 est,
651 231 713 251 cum
744 222 894 257 praesertim
926 223 1023 256 ipsius-

224 273 456 301 commendatione
472 271 556 298 fretus
572 272 605 297 ad
624 278 685 298 eum
707 278 735 298 se
754 269 905 305 promoveri
924 268 1011 303 digni-

224 319 287 347 tatis
300 318 409 353 gradum
423 325 518 352 passus
532 317 637 344 fuisset.
652 316 761 342 Minime
776 323 839 342 vero
853 314 916 341 facti
931 313 1011 348 hujus

223 365 403 392 narrationem
418 365 451 390 ab
464 363 578 390 Eusebio
592 362 717 389 consulto
731 361 942 396 praetermissam
960 367 1005 394 pn-

223 416 288 441 tem.
302 415 328 436 ut
349 409 506 436 idololatria:
520 409 635 436 crimine
651 409 780 435 liberaret
795 407 952 441 Origenem,
968 405 1010 432 vel

221 457 292 492 quod
319 456 476 490 paenitentia
499 455 600 482 elutnm
627 453 769 489 postmodo
793 452 924 487 flagitium
940 451 1009 479 obli-

220 502 292 529 vioni
312 502 471 529 tradendum
489 506 617 535 putaret;
634 500 690 535 (61)
705 500 751 526 sed
764 499 836 533 quod
856 506 898 526 res
913 497 1010 532 Orige-

221 549 264 574 nis
283 549 393 582 proprio
409 553 436 575 et
451 547 588 574 luculento
603 546 736 581 Apologia:
759 553 841 579 opere
861 543 916 579 jam
931 549 1009 571 antea

221 594 317 621 fuisset
336 594 512 629 complexus,
531 593 557 619 in
579 592 698 619 Historia
720 595 809 618 autem
826 591 936 618 duceret
951 598 1010 617 esse

220 640 309 667 obiter
331 640 513 673 attingendas.
528 639 592 666 lude
613 639 697 666 tacuit
722 638 852 665 eximium
869 637 934 664 illud
948 659 954 665 .
979 643 1011 663 ac

220 686 293 713 omni
310 686 389 713 laude
404 686 515 720 dignum
539 685 662 721 Origenis
680 684 783 711 facinus
799 683 880 719 (quod
899 684 924 710 in
941 683 1009 710 idem

222 731 349 758 incidisse
381 736 485 765 tempus
510 731 648 758 memoria:
681 729 819 757 mandavit
848 728 957 756 Nicetas
983 729 1009 755 in

222 772 298 802 Thes.
314 775 418 802 ortlwd.
432 775 480 809 ﬁd.
495 775 557 803 libr.
574 783 616 808 iv,
639 775 705 802 hair.
724 775 770 809 3i)
784 795 792 807 ,
807 775 914 809 quando
932 775 1010 807 juxta

220 820 409 856 Egypliornm
427 821 600 848 sacerdotum
617 828 719 848 morem
737 828 752 847 a
768 820 913 856 gentilibus
928 820 1009 846 adra-

1062 220 1194 253 ligeriana
1202 218 1327 246 Chronici
1345 218 1425 252 hujus
1437 217 1531 244 editio.
1546 216 1584 244 Ex
1597 216 1640 243 his
1653 213 1851 242 hallucinatum

1062 266 1148 300 liquet
1162 264 1354 299 Epiphanium,
1371 263 1417 298 qui
1437 263 1581 297 Origenem
1603 262 1758 295 imperante
1774 259 1852 285 Decio

1060 310 1231 338 Alexandriae
1246 308 1376 336 claruisse
1390 309 1499 342 scripsit
1518 308 1583 335 liter.
1598 306 1648 338 64,
1663 312 1725 339 cap.
1742 304 1757 331 1
1767 324 1775 336 ,
1792 311 1850 329 cum

1061 363 1198 391 nunquam
1216 362 1277 382 eum
1297 355 1412 389 posthac
1436 354 1499 381 illuc
1515 359 1667 387 regressum
1687 351 1775 377 fuisse
1791 357 1852 375 con-

1061 407 1124 430 stet.
1137 401 1305 436 Quapropter
1316 400 1435 427 concedo
1447 399 1472 426 in
1486 399 1588 426 Petavii
1603 397 1782 427 sententiam,
1798 395 1851 429 (64)

1062 447 1154 475 Severi
1170 454 1266 474 notnen
1280 445 1354 473 Decii
1371 444 1479 472 nomine
1494 451 1633 478 perperam
1651 442 1686 468 ab
1700 440 1850 475 Epiphanio

1060 497 1256 520 commutatum
1281 491 1429 526 opinantis.
1453 488 1646 517 Vehementius
1664 487 1747 514 etiam
1768 484 1852 511 hallu-

1061 540 1180 567 cinatum
1199 543 1309 566 constat
1327 537 1508 564 Abrahamum
1533 535 1686 562 Scultetum
1703 531 1783 568 (65),
1807 531 1851 565 qui

1061 585 1202 620 Origenem
1226 588 1340 618 narrat,
1365 588 1509 618 postquam
1537 579 1700 608 Alexandria
1731 578 1799 605 exiit
1825 582 1852 604 ut

1061 631 1165 659 aemulis
1188 631 1315 661 cederet,
1328 636 1361 656 eo
1385 633 1542 656 revocatum
1557 632 1652 653 omnes
1675 631 1761 652 sacra:
1777 623 1850 650 Scri-

1061 684 1145 714 pturze
1162 677 1245 704 libros
1258 676 1410 703 illustrasse
1423 672 1642 702 commentariis.

1095 723 1165 751 XIV.
1190 722 1316 757 Confugit
1334 728 1400 756 ergo
1421 719 1572 747 Caesaream
1591 718 1624 745 ad
1649 716 1849 748 Theoctistum,

1061 770 1229 805 benigneque
1243 769 1278 795 ab
1292 774 1325 795 eo
1340 772 1367 795 et
1387 765 1534 793 liberaliter
1548 769 1690 799 exceptus,
1702 768 1731 790 et
1745 762 1781 789 ab
1794 770 1850 788 om-

1062 816 1140 843 nibus
1164 815 1271 849 injuriis
1292 818 1320 840 et
1346 811 1520 840 contumeliis
1536 811 1687 846 prohibitus
1706 813 1759 836 est.
1782 808 1850 835 Hinc

220 854 282 899 sus,
295 854 328 894 ad
346 867 436 894 fanum
451 868 590 902 Serapidis
604 854 780 895 Christianos
791 874 886 894 omnes
899 865 932 893 ad
947 874 1011 901 pro-
1027 859 1048 886 Β
1063 869 1129 888 nova
1144 859 1260 888 suffusus
1293 857 1479 886 malevolentia
1501 854 1777 902 Demetriusiiigypti
1794 855 1851 888 epi-

220 914 389 947 pngnandum
415 913 515 940 Christi
542 920 639 940 nomen
664 913 739 941 clara
765 920 832 940 voce
853 912 1009 940 concitavit.

219 959 326 987 l-‘alsam
342 967 423 993 porro
437 964 464 987 et
479 959 623 986 confictam
641 966 702 986 esse
717 958 888 994 Origenianze
903 957 1011 985 idolola-

220 1005 278 1032 tria:
295 1005 448 1036 historiam,
463 1012 496 1031 ac
509 1004 660 1039 Epiphanio
673 1005 708 1032 ab
722 1004 811 1031 aliena
827 1011 908 1031 manu
925 1004 1011 1030 inser-

220 1056 274 1078 tam
296 1051 431 1086 pertendit
455 1051 606 1082 Baronius,
630 1050 663 1077 ad
695 1058 740 1077 an.
757 1050 828 1082 255,
855 1057 928 1076 ιιιιιιι.
948 1049 1010 1082 120,

219 1096 389 1132 plurimaque
400 1096 521 1131 congerit
535 1096 561 1123 in
577 1103 637 1122 eam
650 1095 826 1126 sententiam,
847 1094 902 1130 (62)
920 1101 980 1129 quae
995 1101 1010 1120 a

219 1140 329 1168 Petavio
337 1141 443 1168 erudite
453 1139 592 1167 confutata
606 1140 690 1168 habes
698 1141 723 1167 in
731 1140 1009 1167 Animadversionibus

221 1185 430 1221 Epiphanianis.
450 1185 517 1213 Rem
541 1186 586 1213 alii
601 1187 723 1213 tribuunt
740 1185 812 1212 Decii
835 1186 1008 1220 temporibus.

219 1232 282 1261 Haec
297 1233 367 1260 infra
383 1233 570 1268 expendemus
587 1233 761 1260 accuratius:
779 1234 826 1260 sed
845 1233 871 1260 in
884 1237 1008 1260 anteces-

219 1287 279 1307 sum
293 1279 441 1307 asserimus
455 1285 542 1314 neque
555 1286 603 1306 nos
617 1279 712 1306 borum
727 1278 862 1313 opinioni,
873 1279 915 1306 vel
931 1279 1010 1305 Baro-

219 1325 256 1351 nii
268 1323 431 1358 conjectum
441 1323 565 1350 assentiri
578 1331 667 1359 posse.
691 1322 747 1360 (65)
762 1323 837 1352 Fidei
851 1331 958 1359 quoque
970 1324 1010 1351 in-

219 1370 373 1404 tegritatem
390 1371 415 1396 in
434 1369 509 1396 libris
525 1369 681 1404 plerisque,
694 1377 726 1396 ac
741 1377 774 1397 eo
790 1370 939 1404 praesertim
963 1369 1008 1402 qui

219 1420 262 1443 est
278 1415 315 1442 De
331 1415 464 1449 principiis
480 1435 488 1447 ,
505 1415 538 1442 ab
560 1414 678 1450 Origene
693 1415 820 1443 violatam
834 1415 859 1442 id
881 1415 1009 1449 temporis

219 1466 394 1495 conquestum
418 1462 502 1489 fuisse
524 1461 692 1489 Demetrium
721 1466 932 1489 consentaneum
956 1466 1007 1495 est,

219 1507 319 1542 quippe
331 1507 376 1542 qui
391 1508 481 1534 omnia
496 1508 626 1535 adversus
637 1515 698 1535 eum
712 1512 870 1542 argumenta
888 1508 1008 1534 studiose

219 1553 370 1587 colligeret.
396 1553 558 1581 Alexandria
585 1554 676 1588 itaque
700 1554 857 1580 eliminatns
878 1553 1008 1588 Origenes

220 1599 372 1626 Caesaream
388 1598 526 1626 Stratonis
541 1599 695 1631 concessit,
717 1598 810 1634 ibique
827 1599 918 1626 sedem
936 1599 1006 1630 tixit,

220 1651 291 1671 anno
306 1644 394 1671 aetatis
411 1652 484 1676 xLVI,
500 1644 600 1671 Christi
616 1644 678 1676 ῒόί,
695 1644 841 1671 Alexandri
863 1643 956 1670 Severi
972 1652 1006 1677 x;

219 1686 262 1714 vel
276 1691 304 1714 ut
319 1692 359 1714 est
371 1688 397 1714 in
410 1688 547 1715 nonnullis
561 1688 668 1716 Eusebii
686 1688 839 1721 codicibus,
849 1693 876 1716 et
892 1689 916 1715 in
934 1688 1008 1716 Nice-

220 1734 316 1768 phoro,
337 1739 364 1761 et
379 1734 406 1761 in
421 1734 582 1770 quibusdam
605 1735 750 1763 Eusebiani
769 1735 894 1762 (Σήνοηὶσὶ
911 1743 1005 1763 exeru-

219 1854 276 1874 rum
291 1846 374 1881 fuisse
394 1847 552 1874 Demetrium
567 1847 690 1874 credibile
713 1852 766 1880 est,
785 1853 838 1875 etc.
855 1848 940 1876 Esto:
957 1849 1002 1876 sed

219 1882 280 1909 fidei
296 1889 403 1916 quoque
425 1882 606 1917 integritatem
624 1884 649 1909 in
672 1883 749 1910 libris
762 1883 898 1917 plerisque
911 1890 954 1915 ac.
972 1891 1005 1911 eo

219 1918 385 1952 praesertim,
400 1918 444 1952 qui
460 1923 503 1945 est
525 1917 562 1944 De
576 1919 710 1953 principiis
720 1937 728 1950 ,
745 1919 780 1944 ab
793 1918 909 1953 Origene
922 1919 1006 1946 viola—

220 1957 274 1979 tam
289 1953 313 1979 id
327 1953 456 1988 temporis
467 1958 644 1987 conquestum
661 1952 746 1980 fuisse
762 1952 924 1980 Demetrium
940 1961 1005 1980 con-

218 1987 445 2018 sentaneum'est,
457 1993 486 2015 ut
501 1989 558 2022 ipse
573 1988 653 2023 paulo
666 1992 726 2022 post
739 1988 777 2014 ait
789 1987 913 2015 Huetius.
928 1989 1004 2022 Quod

217 2030 283 2058 sane
308 2023 445 2058 Demetrio
465 2023 532 2050 satis
558 2028 617 2050 erat
630 2042 637 2055 ,
663 2028 692 2049 ut
712 2031 746 2050 ex
770 2023 866 2058 insigni
881 2024 1005 2058 Origenis

218 2057 302 2092 gloria
317 2057 419 2091 jamdiu
435 2058 460 2084 in
474 2058 534 2085 sinu
547 2058 692 2085 collectum
706 2058 812 2085 invidia:
827 2057 901 2086 virus
915 2057 1002 2086 totum

217 2099 366 2134 evomeret,
378 2100 494 2128 eumque
507 2098 561 2120 tam
576 2101 670 2121 severe
687 2093 820 2120 tractandi
834 2101 927 2121 ausam
942 2095 1004 2122 inde

217 2133 360 2156 arriperet.

252 2136 387 2198 {diresin
406 2163 474 2198 quod
496 2171 536 2191 res
559 2163 678 2199 Origenis
700 2163 804 2198 proprio
831 2169 854 2190 et
873 2164 1004 2192 luculento

1062 915 1157 942 scopas
1170 926 1178 938 .
1203 910 1232 933 ut
1250 905 1323 938 dixi,
1345 904 1371 932 in
1393 904 1524 940 synodum
1543 903 1630 937 cogit,
1648 901 1851 935 Origenemque

1062 953 1229 988 presbyterio
1247 951 1401 985 abjudicat,
1427 955 1453 977 et
1467 951 1501 977 ab
1515 949 1644 976 Ecclesia
1659 948 1794 976 societate
1808 954 1851 974 se-

1059 998 1159 1034 jungit,
1173 998 1299 1024 universo
1312 996 1503 1032 propemodum
1517 995 1582 1022 orbe
1597 995 1736 1022 decretum
1751 1001 1852 1028 appro-

1061 1045 1141 1072 bante
1159 1049 1186 1072 et
1200 1044 1389 1071 conlirmante.
1409 1043 1543 1069 Ardentes
1565 1048 1674 1076 quoque
1689 1041 1716 1067 in
1739 1047 1802 1067 eum
1822 1044 1851 1066 et

1060 1090 1196 1118 aculeatas
1212 1096 1418 1124 quoquoversus
1442 1087 1628 1116 disseminavit
1650 1087 1757 1114 litteras
1778 1095 1785 1113 :
1802 1085 1850 1113 sed

1061 1137 1178 1164 hominis
1194 1136 1340 1163 iracundia:
1354 1135 1432 1162 simul
1448 1139 1475 1162 et
1490 1135 1560 1166 vitae.
1570 1134 1675 1166 eodem,
1687 1137 1716 1160 ut
1729 1133 1849 1164 videtur,

1060 1191 1113 1219 quo
1127 1183 1250 1211 discessit
1266 1183 1397 1218 Origenes
1411 1190 1493 1216 anno,
1509 1182 1587 1209 linem
1600 1187 1704 1208 matura
1720 1188 1795 1207 mors
1807 1188 1852 1214 pn-

1060 1228 1114 1254 suit
1133 1228 1158 1253 in
1178 1226 1292 1261 ejusque
1307 1226 1492 1260 episcopatum
1509 1224 1636 1252 Heraclas
1649 1222 1782 1250 suffectus
1797 1228 1848 1249 est.

1060 1273 1122 1301 llzec
1135 1281 1168 1301 eo
1181 1272 1276 1301 Ordine
1293 1276 1387 1299 narrat
1409 1271 1541 1299 Eusebius
1564 1270 1589 1297 in
1608 1269 1748 1302 Historia,
1763 1277 1816 1303 quo
1835 1276 1850 1295 a

1060 1319 1138 1346 nobis
1153 1319 1287 1352 descripta
1304 1322 1383 1350 sunt;
1398 1316 1478 1343 aliter
1493 1316 1519 1344 in
1535 1316 1674 1348 Chronico,
1691 1315 1718 1342 in
1731 1322 1785 1350 quo
1798 1315 1850 1342 De-

1060 1365 1149 1392 metrii
1159 1371 1231 1392 mors
1245 1363 1369 1399 Origenis
1383 1363 1485 1390 exitum
1501 1366 1557 1389 toto
1570 1361 1683 1390 biennio
1695 1362 1847 1396 praevertit,

1059 1411 1129 1446 quod
1145 1410 1301 1445 neutiquam
1314 1413 1387 1437 stare
1402 1414 1499 1444 potest.

1095 1456 1153 1484 XV.
1168 1455 1247 1483 Certe
1259 1476 1268 1488 ,
1292 1463 1326 1483 ne
1343 1455 1408 1490 quid
1433 1454 1598 1483 dissimulem
1610 1473 1619 1486 .
1636 1453 1798 1481 Gennadius
1820 1452 1849 1480 in

1060 1504 1121 1531 libr.
1137 1502 1175 1530 De
1189 1503 1239 1530 vir.
1252 1503 1351 1530 illum.
1364 1523 1372 1536 ,
1394 1509 1454 1538 cap.
1478 1502 1530 1536 53,
1553 1501 1647 1529 scribit
1667 1500 1850 1535 Theophilum

1022 1534 1042 1562 ο
1059 1549 1271 1577 Alexandrinum
1286 1534 1442 1584 episcopum
1465 1534 1608 1575 tradidisse
1631 1554 1684 1573 non
1708 1554 1725 1572 a
1741 1534 1770 1572 se
1784 1545 1850 1573 Ori—

1056 1603 1150 1631 genem
1167 1596 1281 1630 primum
1291 1615 1299 1628 ,
1313 1594 1358 1622 sed
1373 1595 1405 1621 ab
1417 1595 1532 1630 antiquis
1548 1593 1685 1625 Patribus,
1698 1598 1722 1619 et
1734 1592 1850 1619 maxime

1058 1641 1171 1670 Heracla
1189 1641 1270 1676 [uiue
1295 1645 1320 1668 et
1337 1649 1354 1668 a
1364 1641 1524 1676 presbyterio
1539 1640 1662 1675 ejectum,
1677 1645 1701 1666 et
1716 1639 1750 1667 de
1765 1639 1849 1666 eccle-

1055 1689 1096 1716 sia
1114 1688 1229 1723 pulsum,
1245 1692 1269 1714 et
1287 1688 1319 1714 de
1336 1687 1441 1714 civitate
1452 1687 1581 1722 fugatum.
1601 1686 1655 1722 (66)
1668 1686 1742 1714 Idem
1767 1686 1850 1714 habet

1056 1735 1172 1770 scriptor
1192 1734 1260 1762 Viue
1270 1733 1301 1762 S.
1311 1733 1450 1762 Pachomii
1463 1733 1530 1770 (67),
1547 1738 1575 1761 et
1587 1733 1701 1769 epistola
1714 1732 1847 1768 synodica

1058 1848 1188 1884 synodus,
1202 1852 1257 1884 tum
1270 1854 1303 1875 ex
1317 1847 1404 1884 ipsius
1420 1845 1552 1884 Qrigenis
1562 1846 1679 1884 epistola
1689 1847 1726 1884 ad
1744 1847 1848 1875 amicos

1059 1882 1189 1918 quosdam
1202 1883 1412 1915 Alexandrinos,
1422 1882 1465 1909 ubi
1477 1882 1600 1916 queritur
1609 1882 1681 1917 quod
1693 1882 1847 1918 adversarii

1060 1917 1112 1952 sui,
1127 1926 1159 1946 ac
1174 1919 1294 1946 haeretici
1308 1918 1434 1953 quidam,
1452 1917 1550 1951 aliique
1561 1917 1688 1945 ‘nonuulli
1710 1917 1848 1953 Ecclesias

1059 1954 1223 1981 conturbare
1230 1952 1361 1985 volentes,
1372 1953 1455 1980 libros
1466 1960 1530 1979 suos
1542 1953 1756 1980 adulterassent.
1769 1952 1848 1980 Hanc

1057 1990 1139 2016 etiam
1174 1993 1286 2024 propter
1312 1988 1635 2024 dogmatum_novitatem
1661 1993 1688 2014 ct
1719 1988 1845 2024 haeresim

1056 2022 1214 2051 damnatum
1228 2023 1312 2051 fuisse
1323 2022 1449 2050 dicebant
1461 2022 1520 2058 ejus
1536 2023 1637 2050 inimici
1655 2026 1736 2050 aetate
1746 2023 1845 2050 Hiero-

1057 2060 1129 2094 nymi
1142 2079 1150 2091 ,
1165 2059 1393 2094 quemadmodum
1416 2058 1473 2094 ipse
1490 2062 1602 2094 testatur
1623 2058 1805 2094 Hieronymus
1819 2059 1845 2086 in

1058 2092 1300 2128 epistola‘quadam
1315 2093 1347 2120 ad
1361 2092 1484 2124 Paulam,
1498 2093 1574 2126 cujus
1589 2093 1751 2127 particulam
1766 2093 1846 2120 aﬂ'ert

1058 2129 1171 2156 ﬂulinus
1183 2127 1230 2156 lib.
1249 2136 1268 2155 ιι
1291 2127 1415 2164 Ιιιυὲἕίυ.
1443 2128 1515 2155 Idem
1533 2129 1610 2164 docet
1630 2128 1744 2162 epistola
1760 2135 1845 2164 syno-

1058 2164 1117 2192 dica
1131 2166 1318 2199 episcoporum
1333 2163 1443 2199 [Egypti
1460 2168 1541 2197 atque
1559 2163 1731 2199 Alexandria:
1741 2183 1750 2196 ,
1766 2164 1846 2198 cujus

217 2195 355 2239 Apologia:
369 2195 445 2239 opere
455 2199 520 2239 jam
533 2195 620 2239 antea:
627 2195 718 2233 fuisset
732 2195 895 2239 compleatur,
907 2205 960 2239 etc.
976 2200 1004 2227 Si
1020 2195 1044 2224 D
1058 2195 1238 2239 fragmentum
1254 2195 1554 2239 adducit'lustinianus
1567 2199 1594 2225 in
1604 2198 1722 2239 epistola
1740 2195 1776 2226 ad
1791 2195 1844 2227 ﬂe-

218 2233 351 2267 prtecipue
362 2234 396 2260 ob
409 2233 568 2261 idololatria:
583 2235 705 2265 crimen,
725 2238 754 2260 ut
775 2234 910 2267 pertendit
931 2235 1004 2262 Hueo

219 2270 288 2300 tius,
302 2268 454 2304 sacerdotio
468 2275 496 2295 et
509 2269 630 2296 Ecclesia
645 2269 784 2296 abdicatus
798 2268 893 2297 fuisset
909 2269 1004 2304 Orige-

219 2310 277 2333 nes.
292 2303 543 2340 miuime_prof_ecto
556 2303 619 2331 facti
639 2304 721 2338 hujus
735 2304 919 2340 narrationem
936 2303 1005 2340 pra:-

219 2338 380 2375 _ter_misiss_et
397 2338 549 2375 Eusebius.
574 2340 701 2375 Attamen
721 2347 764 2375 ine
787 2339 869 2366 ulluin
893 2338 1003 2375 quidem

220 2373 331 2411 hujusce
344 2372 436 2411 flagitii
454 2374 564 2400 verbum
577 2374 602 2400 in
617 2374 744 2408 Apologia
755 2382 803 2402 sua
819 2372 918 2411 fecisse
930 2375 1005 2402 vide-

220 2412 272 2433 tnr.
293 2406 359 2434 Illud
373 2406 443 2434 enim
456 2429 464 2441 ,
480 2410 501 2434 si
518 2406 756 2436 commemorasset
769 2429 776 2440 ,
794 2415 869 2437 certe
891 2410 1004 2438 Photius

218 2443 340 2479 gni_eud.
352 2443 457 2479 ll8,ex
468 2443 524 2478 ipsa
542 2444 584 2471 illa
598 2444 724 2479 Apologia
739 2444 820 2471 refert
833 2447 903 2473 unde
916 2447 1004 2474 omnis

218 2477 245 2504 in
262 2477 405 2518 Origenem
418 2485 433 2505 a
450 2477 585 2507 Démetrio
599 2477 716 2506 excitata
741 2478 826 2507 fuerit
845 2485 1002 2515 tempestas,

217 2521 270 2539 non
283 2520 427 2541 OIIIISISSCL.

252 2548 308 2583 (6‘2)
323 2548 388 2580 Qua:
403 2558 419 2576 ιι
435 2549 542 2576 Patavio
555 2549 657 2576 erudite
677 2550 813 2584 confutata
837 2551 915 2578 habes
927 2572 934 2585 ,
948 2556 1001 2580 etc.

217 2583 335 2611 Levibus
359 2585 506 2619 admodum
528 2585 694 2619 argumentis
716 2583 858 2613 veritatem
885 2583 1004 2614 historize

218 2619 338 2659 vindicat
360 2617 507 2647 Petavius:
529 2617 590 2654 qua:
610 2619 633 2646 si
654 2626 715 2646 cum
744 2622 846 2649 nostris
866 2621 1002 2655 conferas,

218 2659 345 2682 coutinuo
360 2659 450 2681 ruunt.

253 2688 401 2723 (63),Fidei
413 2689 704 2727 quoque_integritatem
722 2691 750 2717 in
770 2691 843 2718 libris
860 2690 1002 2727 plerisque,

218 2733 249 2750 ac
268 2732 297 2751 eo
317 2726 461 2761 prtesertim
480 2725 525 2761 qui
549 2729 585 2750 est
604 2726 641 2752 Ue
660 2726 816 2760 principiis,
836 2725 868 2754 ab
892 2725 1004 2761 Origene

222 2765 342 2786 ,κυιιιιιιγη
358 2759 384 2784 id
401 2759 524 2794 temporis
545 2765 711 2794 conquestum
734 2759 817 2794 fuisse
842 2759 1003 2789 Demetrium

219 2798 420 2820 consentaneum
433 2799 482 2820 est.
497 2793 563 2829 Illud
582 2793 690 2829 quidem
706 2793 802 2823 eruere
822 2797 884 2824 licet
900 2802 955 2823 tum
969 2805 1001 2823 ex

220 2829 254 2862 gis
277 2835 336 2863 quae
361 2829 490 2857 adversus
518 2828 661 2864 Origeuein
686 2831 806 2859 decrevit
832 2834 1002 2860 Demetriana

1056 2232 1130 2269 nam,
1143 2235 1214 2269 quod
1229 2233 1309 2268 paulo
1324 2233 1393 2269 infra
1407 2233 1517 2260 exhibet
1533 2232 1654 2261 Huetius.

1090 2268 1250 2304 (64)’Severi
1266 2276 1359 2304 nomen
1374 2268 1445 2295 Decii
1458 2269 1571 2301 nomine,
1583 2274 1636 2296 etc.
1649 2268 1842 2304 Verumtamen

1055 2302 1222 2339 Epiphanius
1238 2304 1284 2330 lib.
1300 2303 1337 2330 De
1349 2304 1427 2339 pond.
1440 2309 1463 2330 et
1476 2311 1569 2335 meum,
1589 2302 1730 2339 pag1176,
1744 2304 1842 2339 Orige-

1056 2337 1116 2366 neni
1130 2341 1163 2366 ab
1179 2338 1437 2374 iinperatorisuDecii
1453 2337 1626 2372 texupore,’ad
1638 2337 1745 2366 Gallum
1760 2337 1844 2374 usque

1054 2379 1082 2402 et
1096 2373 1283 2406 Volusianum,
1299 2379 1326 2401 et
1338 2373 1407 2400 ultra
1419 2373 1544 2401 ﬂoruisse
1556 2374 1661 2401 scribit.
1678 2374 1727 2401 Ubi
1743 2373 1843 2409 duplex

1055 2417 1143 2443 error,
1157 2417 1219 2437 eum
1237 2408 1335 2436 Decius
1352 2416 1400 2443 pro
1415 2410 1516 2444 Severo
1535 2409 1655 2444 ponitur.
1671 2410 1701 2436 et'
1717 2408 1843 2444 Origenis

1055 2452 1127 2472 mors
1152 2445 1222 2471 ultra
1245 2445 1390 2478 imperium
1409 2443 1477 2471 Galli
1496 2448 1523 2471 et
1545 2443 1681 2480 Volusiani
1708 2443 1841 2480 rejicitur.

1055 2480 1131 2513 Quod
1146 2485 1304 2514 argumento
1317 2483 1359 2505 est
1378 2486 1430 2506 non
1454 2479 1615 2514 imprudenti
1642 2479 1753 2506 Decium
1773 2481 1840 2508 irre-

1055 2516 1142 2550 psisse
1156 2523 1205 2550 pro
1222 2513 1333 2545 Sevsro,
1347 2515 1393 2541 sed
1415 2514 1451 2541 ita
1475 2515 1622 2550 credidisse
1645 2514 1840 2549 Epiphanium,

1055 2549 1174 2584 adeoque
1186 2551 1277 2577 rudem
1286 2555 1312 2576 et
1323 2550 1495 2585 peregrinum
1507 2549 1665 2585 inOrigenis
1674 2550 1728 2577 vita
1739 2550 1839 2578 fuisse:

1054 2586 1125 2620 quod
1132 2583 1207 2612 infra
1222 2583 1393 2619 fatetur’ipse
1405 2583 1527 2620 finetius.

1090 2620 1145 2656 (65)
1171 2621 1236 2682 Aibr.
1256 2618 1353 2648 Scult.’
1367 2620 1394 2647 in
1410 2618 1520 2646 Medull.
1536 2619 1615 2647 theof.
1636 2619 1768 2654 Patrum,
1794 2621 1838 2649 lib.

1090 2663 1169 2682 .cao.
1207 2675 1214 2682 .

1053 2663 1091 2688 vr,
1109 2663 1169 2688 cap.
1188 2663 1214 2682 ι.

1089 2663 1234 2726 (gap-[diam
1250 2690 1327 2726 habet
1344 2690 1457 2726 scriptor
1480 2687 1546 2716 Vitta
1569 2688 1768 2726 S.rPacItomii.
1787 2691 1834 2718 0b-

1054 2724 1155 2753 servari
1171 2726 1250 2752 velim
1265 2726 1289 2751 in
1309 2724 1366 2751 Vita
1376 2724 1406 2753 S.
1426 2724 1561 2751 Pacltomii
1574 2733 1588 2751 a
1604 2725 1734 2753 Bollando
1746 2726 1838 2753 Latine

1054 2762 1123 2787 edita
1139 2761 1172 2788 14
1185 2760 1256 2792 Maii,
1272 2760 1391 2787 Heracla:
1404 2761 1567 2787 mentionem
1582 2768 1635 2787 non
1652 2768 1724 2788 esse.

1089 2796 1146 2830 (67)
1163 2795 1213 2823 Vit.
1228 2795 1310 2832 Padi.
1323 2795 1368 2822 lib.
1386 2803 1404 2832 ι,
1417 2802 1445 2830 p.
1459 2795 1511 2823 125
1519 2795 1594 2830 Boll.,
1610 2803 1654 2824 inv
1670 2795 1745 2829 Mai.,
1761 2796 1836 2832 θείς

1055 2830 1157 2859 Ευιιειι.
1173 2836 1236 2859 ιοιιι.
1254 2830 1284 2863 ν,
1299 2838 1360 2866 pag.
1376 2831 1439 2859 660.
