1915 3079
52 121 103 150 659

583 124 870 155 ORICENIANORUM
890 127 953 156 LIB.
974 128 995 161 Ι,
1013 127 1090 157 CAP.
1110 127 1143 157 ll.

1618 128 1670 157 670

52 179 242 213 episcoporum
250 179 370 215 Egypti,
382 181 458 216 cujus
475 181 656 218 fragmentum
669 185 746 214 παθη
758 186 840 214 Justi-
855 190 878 218 Λ
891 188 1046 222 gnatiouem
1062 196 1076 215 a
1090 188 1227 216 Demetrio
1244 189 1350 217 litteras
1363 189 1463 224 scripta
1476 196 1507 217 ea
1523 196 1603 224 quam
1616 189 1670 216 dixi

53 224 150 252 nianus
168 225 195 252 in
211 226 324 259 epistola
335 227 370 254 ad
382 227 497 255 Menam.
510 228 596 256 Verba
613 231 670 259 haec
684 238 759 260 sunt:
776 234 837 269 Ἀρ-

53 269 167 305 ξαμένου
178 270 235 306 γὰρ
243 271 324 298 αὑτοῦ
333 271 506 308 βλασφήμους
519 275 626 310 ὁμιλίας
633 278 746 312 ὁμιλεῖν,
755 280 769 305 ὁ
777 281 837 306 κατ’

52 316 137 342 ἐκεῖνο
155 317 311 353 μακαρίτης
328 319 463 354 Ἠρακλᾶς
486 321 501 346 ὁ
517 321 673 355 ἐπίσκοπος,
686 324 723 355 ὡς
735 325 836 361 ἀροτὴρ

53 363 97 389 καὶ
110 363 304 406 ᾲμπελουργὸς
320 364 467 401 φιλαλήθης
480 366 527 393 τοῦ
541 369 590 403 τῆς
608 369 770 405 Ἐκκλησίας
781 380 835 406 χω-

54 403 273 444 ρίον’τυγχάνων,
286 411 318 436 ὲκ
334 410 416 445 μέσου
434 411 480 438 τοῦ
497 413 580 440 καλοῦ
596 414 667 441 σίτου
683 403 836 451 cubem-iﬁ-

54 453 160 486 ἑτιλεν,.
168 455 208 487 ὼς
225 456 271 482 τοῦ
287 456 403 492 πονηροῦ
421 457 538 489 ζιζανίου
555 460 618 487 ὄντα
635 462 751 497 ἀληθῶς.
770 462 835 490 Cum

53 501 117 526 enim
130 501 228 534 impias
242 503 373 530 orationes
393 503 488 532 habere
504 507 630 540 cepisset.
643 508 725 535 beata:
739 518 836 536 memo-

53 546 98 572 rite
117 545 249 574 Heracles
269 549 414 584 episcopus.
434 552 480 584 qui
497 558 560 580 tunc
573 554 694 588 ﬂorebat,
708 560 835 590 tanquam

53 597 140 619 amtor
157 597 184 619 et
194 594 293 621 vinitor
309 596 425 623 veritatis
439 599 572 626 studiosus
585 600 754 628 ecclesiastici
766 603 834 637 agri,

54 646 107 665 eum
123 647 136 666 e
148 640 236 666 medio
252 641 368 674 pulchre
380 644 481 677 segetis,
506 645 544 671 sic
564 651 688 681 tanquam
705 655 763 674 vere
776 656 834 675 mu-

54 685 102 711 lant
114 685 248 713 zizaniam
260 687 355 716 evellit.
368 688 470 722 Quibus
482 691 533 718 alia
548 699 629 719 causa
646 700 695 720 cur
708 693 834 727 expulsus

55 731 130 758 tuerit
141 731 274 766 Origenes
287 740 385 768 prteter
400 736 553 770 superiores
574 737 696 766 aﬂ'ertur.
714 738 770 775 (68)
787 739 834 766 Est

54 777 134 805 simile
148 779 290 813 quidpiam
311 781 381 816 apud
404 781 513 810 Petrum
541 783 753 812 Alexandrinum
774 785 830 820 epi-

54 831 156 860 scopum
180 827 208 853 in
233 826 416 863 Myslngogia,
433 828 511 862 cujus
539 830 700 863 particulam
726 839 832 866 quoque

54 872 142 898 recitat
157 871 327 902 Justinianus
344 875 369 902 in
386 876 479 902 eadem
491 876 623 910 epistola:
646 877 678 903 Τί
700 877 728 904 δὲ
751 878 830 910 εἴπω,

56 918 151 952 inquit,
177 918 317 954 Ἡρακλᾶν
337 921 382 947 καὶ
411 922 566 958 Δημήτριον
590 923 653 955 τοὺς
682 924 832 959 μακαρίους

55 964 210 997 ἑπισκόπους
226 973 234 997 ;
258 966 331 998 οἵους
346 968 515 1003 πειρασμοὺς
539 968 694 1004 ὑπέστησαν
717 969 770 996 ὑπὸ
784 969 831 997 τοῦ

58 1008 175 1045 pavit/1:0:
197 1009 363 1046 Ὠριγένους,
384 1013 430 1040 καὶ
444 1013 526 1040 αὐτοῦ
541 1014 678 1049 σχίσματα
689 1014 831 1050 βάλλοντος

56 1058 81 1083 ὲν
87 1059 116 1092 τῇ
125 1057 284 1095 Ἐκκλησίᾳ,
299 1059 332 1086 τὰ
344 1060 396 1091 ἕως
411 1061 530 1096 σήμερον
544 1062 666 1097 ταραχὰς
680 1062 747 1098 αὐτῇ
761 1063 832 1097 ἐγεί-

58 1110 146 1137 ρονταο
167 1103 237 1136 Quid
258 1110 348 1131 autem
370 1106 455 1132 dicam
470 1105 612 1133 Heraclum
634 1113 657 1134 et
672 1107 831 1136 Demetrium

57 1148 134 1175 beatos
150 1150 287 1184 episcopos
306 1150 319 1176 ?
334 1150 431 1183 Quales
447 1152 601 1180 tentationes
616 1153 648 1179 ab
661 1153 754 1180 insano
770 1153 832 1180 Ori-

56 1201 110 1228 gene
117 1195 186 1226 passi
195 1200 269 1227 sunt,
277 1203 335 1222 cum
342 1201 364 1223 et
376 1197 486 1224 diuidia
498 1203 592 1225 sereret
601 1199 628 1224 in
638 1197 764 1230 Ecclesia,
773 1207 831 1233 qum

58 1240 87 1265 ad
98 1240 161 1267 hanc
174 1249 257 1276 usque
272 1242 339 1268 diem
359 1242 447 1268 turbas
462 1242 490 1269 in
511 1250 540 1269 ea
559 1243 707 1270 excitarunt
720 1243 734 1269 .’
749 1243 830 1270 Deni-

57 1293 101 1320 que
111 1286 248 1320 Eusebius,
263 1292 293 1314 ut
308 1288 363 1323 jam
381 1295 395 1314 a
408 1296 451 1315 me
466 1293 587 1316 notatqu
602 1292 653 1320 est,
664 1289 690 1315 in
702 1287 830 1316 Chronico

59 1332 188 1368 Origenem
201 1334 343 1362 exsulasse
357 1335 434 1370 lingit
445 1354 454 1368 ,
469 1335 577 1362 biennio
607 1339 748 1370 postquam
770 1335 828 1369 epi-

58 1387 143 1415 Icupus
168 1386 279 1409 creatus
298 1386 340 1409 est
368 1382 506 1410 Heraclas.
527 1381 582 1417 (69)
595 1382 686 1410 Facile
707 1382 829 1417 equidem

58 1427 170 1454 existimo
185 1427 315 1455 Demetrii
332 1428 463 1455 adversus
482 1427 625 1462 Origenem
641 1429 750 1455 decreto
765 1428 830 1456 asti-

58 1471 164 1506 pulatum
185 1472 271 1500 fuisse
294 1472 433 1500 Heraclam
454 1473 545 1500 adhuc
569 1473 777 1509 presbyterum,
803 1477 830 1502 et

59 1517 128 1546 simul
143 1523 170 1546 ut
191 1511 379 1554 episcopatum
403 1518 514 1553 adeptus
533 1523 595 1550 est,
616 1519 766 1547 decessoris
789 1519 828 1546 sui

59 1565 220 1593 confirmasse
240 1566 372 1597 edictum,
387 1570 414 1592 et
433 1565 577 1600 quominus
596 1566 786 1593 restitueretur
803 1567 828 1594 in

60 1609 180 1645 integrum
192 1610 325 1645 Origenes
345 1610 534 1644 impedivisse:
552 1611 589 1637 ait
604 1610 702 1645 quippe
717 1610 829 1639 Photius

59 1656 111 1684 cod.
127 1656 194 1688 “8,
217 1657 309 1683 edicto
326 1655 455 1682 Demetrii
479 1655 673 1690 subscripsisse
696 1661 828 1691 quotquot

60 1701 102 1735 ipsi
110 1701 214 1737 Origeni
226 1707 309 1729 antea
320 1701 459 1736 suifragati
474 1701 592 1729 fuerant.
606 1701 704 1728 Verum
719 1709 828 1736 persua-

60 1746 108 1773 deri
123 1755 172 1773 non
186 1754 295 1782 possum
313 1746 367 1780 jam
386 1751 441 1773 tum
456 1747 554 1777 obiisse
577 1747 752 1780 Demetrium,
766 1755 827 1774 cum

60 1791 207 1819 Alexandria
224 1792 348 1827 deiectus
360 1796 402 1819 est
415 1792 553 1827 Origenes,
571 1798 598 1820 et
611 1800 660 1820 cur
675 1793 829 1828 expellere-

60 1841 98 1863 tur
109 1843 238 1865 auctorem
266 1838 350 1865 l'uisse
371 1838 531 1870 Heraclam,
550 1844 645 1865 contra
667 1838 827 1866 Eusebiante

62 1881 172 1910 Historite
187 1884 421 1917 testiﬁcationem,
438 1888 465 1911 et
485 1883 640 1918 Hieronymi
654 1883 716 1911 libr.
732 1891 750 1911 ιι
767 1885 825 1911 adv.

60 1927 156 1963 Ruﬁn.,
170 1937 228 1964 cap.
249 1930 288 1963 5,
313 1935 341 1957 et
366 1930 450 1964 ipsius
474 1930 555 1957 etiam
576 1930 700 1965 Origenis
713 1952 720 1964 ,
736 1932 780 1965 qui
800 1931 826 1957 in

61 1974 155 2008 epistola
168 1977 199 2003 ad
211 1977 316 2004 amicos
326 1976 525 2003 Alexandrinos
535 1981 596 2010 post
607 1976 733 2003 exsilium
743 1976 827 2010 ipsius

61 2021 147 2056 scripta
157 2042 164 2054 ,
178 2023 344 2050 Demetrium
362 2023 485 2058 aliosque
506 2022 650 2050 adversum
665 2030 694 2050 se
710 2029 826 2051 consen-

62 2066 146 2095 tientes
157 2069 305 2096 ulciscitur.

91 2111 153 2142 XVI.
169 2115 224 2151 (70)
243 2115 389 2150 Postquam
416 2123 449 2143 ex
475 2115 527 2142 hoc
543 2115 656 2142 tumultu
674 2115 826 2144 Caesaream

62 2165 112 2187 sese
121 2162 216 2196 recepit
230 2161 372 2197 Origenes,
384 2161 462 2189 fama
472 2170 527 2189 sua:
541 2166 579 2189 tot
589 2162 733 2190 calumniis
743 2170 827 2197 appe-

63 2205 108 2233 tita
120 2208 258 2243 consuluit,
275 2212 304 2236 et
329 2209 478 2237 submissae
505 2210 533 2237 in
552 2210 669 2237 nominis
683 2209 724 2237 sui
739 2217 825 2244 oppu-

889 236 923 261 ad
938 235 1040 262 amicos
1059 235 1189 268 quosdam
1210 242 1273 262 suos
1288 235 1478 262 Alexandriam
1502 235 1614 270 epistola
1629 235 1672 261 lu-

887 281 1008 308 culenter
1025 282 1185 308 confutavit.
1204 282 1231 308 lu
1251 289 1302 316 qua
1322 282 1427 309 etiamsi
1441 282 1590 308 maledictis
1605 282 1669 309 abs-

888 327 973 353 tinere
996 335 1025 354 se
1050 327 1119 354 vello
1139 327 1267 359 declarat,
1302 335 1398 361 aspere
1426 332 1515 354 tamen
1530 333 1556 354 et
1570 327 1670 354 acerbe

887 372 1063 405 Demetrium,
1080 374 1158 407 eique
1180 374 1378 400 consentientes
1400 374 1541 401 adversum
1562 381 1592 400 se
1613 373 1669 406 epi-

886 423 983 452 scopos
1008 418 1175 452 perstringit,
1200 421 1227 444 et
1251 417 1350 443 illatam
1367 417 1415 444 sibi
1444 417 1667 450 injuriamrinﬂi-

886 470 998 498 ctosque
1014 464 1257 491 analbematismos
1274 462 1381 490 refellit.
1400 463 1454 490 Nec
1468 463 1555 490 minus
1567 463 1601 490 ob
1618 463 1667 490 De-

888 509 977 536 metrii
1004 509 1114 536 decreta
1132 513 1158 535 et
1181 508 1380 535 Alexandrinas
1396 508 1513 542 synodos
1540 507 1667 535 ecclesia-

886 554 963 581 sticis
981 553 1081 580 muniis
1096 553 1238 580 defunctus
1256 557 1313 585 est;
1330 545 1445 579 docebat
1466 552 1583 587 publice,
1601 552 1665 579 etin

884 599 997 627 ecclesia
1027 599 1060 626 de
1090 600 1171 627 rebus
1195 600 1281 626 sacris
1302 599 1337 626 ad
1357 599 1482 633 populum
1498 599 1663 631 disserebat;

884 650 965 680 atque
978 645 1036 672 haec
1053 653 1104 672 non
1120 645 1295 672 Czesariensis
1310 644 1428 679 episcopi
1445 645 1533 676 modo,
1547 649 1574 671 et
1590 643 1668 672 Jero-

884 691 1039 726 solymitani
1059 691 1204 726 permissu,
1223 691 1270 718 sed
1283 690 1359 723 jussu
1378 689 1475 722 etiam;
1491 690 1536 724 qui
1551 690 1583 716 ad
1595 690 1685 718 hunc'

885 745 965 765 unum
981 737 1128 772 Scriptura:
1144 744 1229 763 sacrae
1245 735 1453 769 interpretanda.-
1469 743 1567 762 munus
1588 736 1666 762 detu-

883 782 984 809 lerunt.
1001 782 1068 809 Cum
1085 783 1156 810 enim
1177 784 1202 809 in
1227 783 1286 818 ejus
1308 790 1388 810 causa
1405 783 1488 810 variae
1512 787 1602 810 essent
1620 790 1666 809 va-

884 829 987 856 riorum
1003 829 1154 861 sententiae,
1168 829 1288 863 duasque
1302 830 1374 856 velut
1390 829 1416 856 in
1431 834 1522 864 partes
1539 830 1664 856 universa

883 873 995 901 abiisset
1006 874 1127 902 Ecclesia
1138 894 1145 906 ,
1160 874 1273 902 infensis
1287 874 1400 909 reliquis
1416 874 1594 908 patrocinium
1607 874 1665 907 ejus

882 928 913 948 ac
943 920 1124 948 defensionem
1154 921 1318 954 Palaestina,
1346 920 1484 949 thnicia
1515 924 1542 947 et
1564 920 1663 947 Arabia

882 971 1059 1001 δυεσθιιθηιηι
1075 974 1208 1001 :quarum
1223 966 1386 994 auctoritate
1396 967 1480 994 fretus
1497 974 1556 994 5850
1573 974 1664 994 sacer-

881 1012 954 1039 dotio
974 1020 1005 1039 ac
1024 1012 1154 1040 Ecclesiae
1184 1012 1376 1040 communione
1395 1012 1529 1040 excidisse
1554 1012 1664 1040 minime

882 1062 958 1085 ratus
975 1063 1028 1090 est,
1040 1062 1067 1085 et
1081 1058 1152 1085 inter
1164 1065 1211 1085 eas
1227 1058 1341 1093 gradum
1358 1065 1438 1087 suum
1455 1065 1487 1086 ac
1502 1057 1663 1093 dignitatem

881 1103 1005 1131 obtinuit.

917 1148 999 1177 XVII.
1014 1148 1210 1184 Jerosolymam
1225 1156 1334 1185 quoque
1357 1149 1451 1177 iisdem
1469 1149 1579 1177 circiter
1596 1155 1663 1176 tem-

882 1196 991 1230 poribus
1009 1195 1084 1227 adiit.
1101 1195 1202 1223 Christi
1225 1195 1464 1230 apostolorumque
1492 1196 1601 1223 visurus
1616 1202 1663 1223 ve-

881 1241 970 1276 stigia.
990 1241 1046 1277 (Ἠ)
1059 1241 1095 1268 lbi
1114 1241 1285 1269 vehementer
1296 1241 1330 1269 ab
1344 1249 1376 1268 eo
1395 1241 1472 1276 petiit
1490 1242 1662 1269 sacerdotum

880 1287 1022 1322 collegium
1036 1287 1103 1322 ('12),
1120 1292 1149 1314 ut
1171 1288 1197 1314 in
1213 1287 1329 1315 ecclesia
1353 1287 1433 1314 verba
1451 1287 1571 1320 Iaceret;
1588 1294 1663 1314 cum-

880 1340 933 1368 que
947 1333 1000 1360 vim
1022 1335 1055 1361 ad
1070 1333 1269 1368 impetrandum
1285 1333 1478 1367 propemodum
1499 1332 1662 1360 adhiberent

881 1380 927 1414 qui
946 1384 1081 1414 praeerant
1106 1380 1203 1413 sacris,
1219 1387 1364 1414 assurgens
1384 1380 1429 1408 ille
1441 1384 1580 1414 assumpto
1592 1379 1663 1405 libro

881 1425 951 1453 unde
976 1425 1026 1452 sibi
1049 1430 1235 1460 argumentum
1260 1426 1398 1462 deligeret,
1416 1427 1442 1454 in
1468 1426 1540 1454 hunc
1563 1426 1663 1461 epsal-

881 1479 925 1498 mo
939 1479 1015 1503 xmx,
1040 1479 1146 1498 versum
1170 1471 1240 1500 forte
1270 1473 1364 1499 incidit
1385 1482 1392 1500 :
1413 1472 1548 1499 Pcccatori
1574 1477 1663 1499 autem

881 1516 947 1544 dixit
966 1517 1036 1545 Deus
1049 1526 1058 1545 :
1071 1517 1159 1550 Quare
1172 1523 1200 1544 tu
1213 1526 1322 1545 enarra:
1333 1518 1454 1553 justitias
1470 1526 1552 1550 meas,
1568 1522 1593 1545 et
1615 1525 1663 1545 as-

879 1564 961 1590 sumis
976 1568 1161 1591 testamentum
1176 1572 1262 1590 meum
1286 1572 1332 1598 per
1354 1572 1383 1591 os
1407 1565 1503 1591 tuum?
1517 1564 1574 1597 Quo
1593 1563 1662 1591 rcci-

879 1615 946 1643 tato,
961 1610 1041 1644 quasi
1059 1618 1107 1638 sua
1123 1610 1174 1637 sibi
1199 1618 1214 1637 a
1237 1610 1292 1638 Deo
1305 1611 1416 1645 perﬁdia
1439 1611 1661 1645 exprobraretur,

879 1655 1011 1682 in‘tautos
1026 1656 1114 1683 luctus
1137 1655 1243 1688 incidit,
1258 1660 1287 1682 ut
1304 1655 1456 1683 astantibus
1473 1655 1605 1683 universis
1623 1656 1662 1681 la-

878 1708 985 1736 crymas
997 1706 1145 1729 excuteret.
1167 1701 1234 1728 Cum
1251 1709 1316 1728 vero
1335 1708 1364 1729 se
1389 1701 1534 1736 aliquando
1547 1700 1660 1734 Christi,

878 1747 1117 1782 apostolorumque
1128 1747 1310 1782 perlustrasse
1325 1748 1438 1783 vestigia
1453 1747 1659 1782 significaverit,

879 1797 944 1820 tom.
963 1801 988 1821 Vl
1013 1794 1041 1820 in
1067 1793 1162 1825 Ισαη..
1177 1801 1251 1821 num.
1268 1793 1314 1825 24,
1333 1801 1395 1828 pag.
1413 1793 1477 1825 MO,
1494 1793 1536 1820 his
1558 1798 1661 1827 tempo—

879 1840 953 1867 ribus
967 1841 992 1867 id
1004 1840 1085 1867 tribui
1098 1847 1176 1875 posse
1189 1848 1342 1868 ceusemus.
1355 1841 1417 1868 Inde
1429 1847 1494 1868 vero
1509 1848 1561 1867 non
1576 1840 1660 1868 multo

876 1891 937 1922 post
950 1887 1087 1921 digressus
1096 1891 1148 1914 est.

912 1933 1005 1961 XVIII.
1022 1933 1123 1960 Scribit
1137 1932 1304 1968 Epiphanius
1322 1933 1387 1960 bar.
1401 1932 1447 1966 6i,
1465 1941 1525 1968 cap.
1538 1933 1565 1967 5,
1580 1939 1607 1961 et
1622 1933 1661 1961 De

875 1979 955 2015 pomi.
972 1985 995 2006 et
1014 1987 1108 2012 meum,
1127 1987 1191 2014 cap.
1210 1980 1253 2012 I8,
1269 1978 1371 2015 Tyrum
1387 1981 1555 2007 concessisse
1573 1980 1659 2015 ipsqu

877 2031 938 2060 post
959 2025 1216 2061 Jerosolylnitanum
1231 2025 1292 2057 iter,
1307 2030 1391 2060 atque
1412 2025 1449 2052 ibi
1463 2033 1511 2060 per
1526 2033 1660 2052 annorum

876 2077 938 2100 octo
952 2077 980 2099 et
996 2072 1092 2106 viginti
1113 2072 1258 2099 decursum
1285 2071 1311 2097 in
1342 2071 1562 2106 interpretandis,
1584 2071 1661 2104 juxta

876 2118 1012 2145 Ambrosii
1038 2117 1185 2153 postulata,
1211 2117 1361 2151 Scripturis
1382 2117 1466 2143 otium
1491 2124 1569 2144 suum
1592 2125 1660 2144 con-

877 2164 1036 2199 sumpsisse.
1056 2163 1176 2191 Dicerem
1205 2169 1362 2198 corruptum
1389 2171 1404 2190 a
1428 2163 1548 2190 librariis
1572 2171 1661 2190 nume-

878 2216 948 2241 rum,
965 2209 1016 2236 nisi
1034 2208 1138 2236 duobus
1154 2208 1224 2242 apud
1236 2207 1417 2243 Epiphanium
1430 2207 1498 2235 locis
1515 2207 1662 2235 haberetur

90 2320 138 2356 (68)
150 2322 305 2359 Gotnbeﬁs.,
317 2323 374 2350 Act.
389 2323 420 2350 V.
438 2323 509 2351 Petr.
525 2331 551 2359 p.
562 2323 634 2358 ‘205;
650 2323 752 2350 Concil.
761 2328 827 2351 tom.
843 2321 866 2349 Ῑ)
882 2322 1046 2359 Demetriani
1059 2322 1166 2351 concilii
1184 2323 1254 2359 actis
1264 2322 1468 2359 subscripsisse.
1480 2322 1560 2350 Certe
1567 2310 1660 2351 nullihi

63 2353 155 2389 pra'g.
170 2358 230 2386 652.

118 2366 122 2371 ε
149 2377 155 2383 .
204 2366 220 2385 z

157 2366 246 2420 E?:ciie
269 2394 388 2428 equidem
414 2394 535 2420 existimo
563 2394 687 2421 Demetrii
703 2394 828 2421 adversus

66 2423 186 2463 Qﬁyenem
203 2423 308 2456 ἀοι-νεὼ
328 2429 499 2462 astipulatnm
514 2429 596 2463 fuisse
608 2429 762 2460 Heraclam,
774 2434 827 2456 etc.

64 2458 86 2484 ld
100 2458 124 2486 ut
136 2465 253 2490 crederet
267 2458 525 2491 Iluetius'adductus
545 2469 586 2491 est
609 2464 677 2490 male
694 2458 829 2491 intellecto

64 2493 105 2534 11ος
119 2495 199 2534 Pltotii
216 2499 274 2525 loro
291 2500 351 2526 cod.
369 2499 419 2525 H8
433 2508 439 2525 ε
462 2499 524 2526 Ἀλλ
539 2499 585 2533 ὂγε
600 2499 753 2534 Δημήτριος
770 2499 828 2534 ᾇμα

65 2530 301 2569 ῖισὶνιὲτεισχόποις
328 2534 500 2568 Αἰγυπτίοις,
527 2530 574 2560 καί),
672 2530 829 2569 ’ἱέρωσύῦης

66 2563 210 2605 ἀπεζήλρυξε,
225 2563 603 2605 συνυᾶτογρὰψάντωῖκαὶμτῇ
626 2563 761 2604 ἆποφᾶσει
775 2563 828 2595 τῶὐ

67 2601 202 2636 “Parii,th
213 2604 298 2640 Ϊαὺτῴ
317 2601 516 2640 γὲλίενὶημένωνι
552 2601 646 2631 νεῖιιπι
680 2601 826 2631 Demetrius

68 2640 110 2660 una
124 2644 175 2674 cum
195 2639 303 2674 {Egyplt'
320 2639 446 2673 episcopis
465 2641 579 2674 aliquot,
598 2639 744 2666 sacerdotio
765 2647 828 2674 quo-

67 2675 107 2709 ιίιις
126 2673 195 2699 tilum
218 2673 351 2709 abjudicat
365 2695 373 2706 ,
392 2675 612 2702 subscribentibus
636 2674 717 2700 etiam
741 2676 825 2701 edicto

68 2704 256 2745 Itut'c,quolqtt0i
273 2715 349 2736 antea
362 2704 504 2744 suffragati
517 2710 542 2736 ei
559 2709 722 2745 [uiuenthln
739 2717 772 2736 eo
794 2717 824 2736 se

70 2738 246 2780 Cftéglpi'passus
264 2750 314 2776 est,
329 2738 408 2779 quod"
424 2738 516 2772 vocem
543 2738 616 2780 αὒτῷ
631 2745 663 2770 ad
675 2738 822 2780 'Qrigenem

69 2773 164 2808 deierat,
175 2786 232 2805 cum
247 2781 277 2806 ad
295 2773 457 2807 Demetrium
472 2773 610 2807 referenda
624 2779 670 2806 sit.
681 2773 741 2805 Hoc
751 2780 822 2806 enim

69 2813 146 2851 filiuni.
161 2813 196 2851 ait
222 2813 342 2846 i‘hotius,
366 2820 497 2850 quotquot
523 2815 620 2851 prioris
643 2815 822 2851 Demetrium».

70 2845 147 2875 5Intuli
171 2847 275 2879 decreto
294 2845 530 2885 subscripserunt;
538 2850 645 2878 e0sdem
664 2849 820 2884 posterioris

882 2358 952 2391 apud
979 2357 1168 2394 Hieronymum
1192 2358 1304 2394 legimus
1328 2357 1491 2394 abilleracla
1516 2359 1660 2394 quidquam

882 2397 974 2420 contra
989 2392 1135 2427 Origenetn
1151 2392 1241 2420 actum
1258 2392 1348 2420 fuisse.
1363 2393 1460 2426 Ecquis
1473 2392 1544 2420 enim
1563 2392 1661 2421 id'cre-

882 2428 927 2454 dat
942 2429 975 2454 de
990 2427 1113 2460 Heracla,
1128 2436 1209 2463 quem
1235 2427 1366 2462 Origenes
1394 2436 1441 2462 per
1468 2429 1575 2461 triginta
1607 2429 1662 2456 fere

882 2470 968 2489 annos
983 2463 1143 2497 discipulum
1160 2463 1290 2490 habuerat
1309 2472 1315 2490 :
1333 2463 1376 2490 cui
1393 2464 1556 2490 Alexandria
1578 2465 1663 2491 disce-

883 2498 948 2533 dens
962 2498 1134 2525 catecheticaa
1149 2498 1248 2525 scholae
1267 2506 1364 2525 munus
1389 2497 1506 2532 reliquit,
1525 2503 1551 2524 et
1566 2500 1610 2533 qni
1625 2499 1661 2525 si-

883 2532 1189 2595 biineltipsifubrogavit
1206 2533 1361 2569 Dionysium
1387 2532 1511 2566 Origenis
1528 2534 1609 2560 etiam
1621 2533 1663 2560 di-

883 2574 954 2595 BCIDII
967 2575 1009 2594 um

881 2574 1009 2594 SCIDIIIUII)

918 2576 1136 2638 Εδῗιὶζῖηιψωηι
1161 2610 1194 2629 ea:
1221 2603 1269 2628 hoc
1300 2602 1412 2629 tumultu
1430 2602 1656 2633 Casuream,etc.

881 2637 957 2670 Quod
975 2642 1031 2665 toto
1059 2639 1084 2664 iu
1118 2638 1200 2664 hocce
1227 2637 1339 2663 articulo
1361 2639 1399 2663 ait
1415 2637 1536 2668 llnetius,
1552 2637 1676 2668 minime,

880 2679 954 2700 certe
977 2673 1097 2700 col-teret
1113 2681 1175 2700 eutn
1191 2672 1316 2707 Origenis
1329 2671 1431 2707 ﬂagitio
1447 2677 1475 2699 et
1488 2673 1659 2707 poenitentia,

879 2713 907 2735 ut
919 2708 975 2743 jam
991 2708 1118 2743 diximus.

913 2741 971 2778 (Ἠ)
985 2742 1029 2769 Ibi
1043 2743 1204 2770 vehementer
1216 2743 1248 2769 ab
1264 2750 1293 2768 eo
1306 2743 1381 2776 petiit
1399 2741 1564 2769 sacerdotum
1580 2741 1660 2778 colle-

876 2776 1025 2812 giu‘m,‘ete.
1043 2778 1104 2805 Haec
1127 2785 1159 2805 ex
1185 2778 1278 2804 iisdem
1293 2778 1405 2810 impuris
1421 2778 1539 2805 fontibus
1552 2785 1584 2805 ae
1600 2776 1660 2805 Ori-

879 2814 954 2848 genis
969 2813 1126 2840 idololatria:
1141 2814 1280 2840 historiam
1302 2813 1392 2841 hausit
1407 2812 1585 2848 Epiphanius.

909 2847 965 2883 (72)
983 2848 1077 2884 Epiph.
1091 2849 1155 2876 htrr.
1170 2848 1213 2881 6-5,
1233 2854 1291 2882 cap.
1307 2847 1334 2875 ἲ.
