1915 3079
278 140 330 168 675

911 133 941 162 P.
963 132 1121 161 DANIELIS
1140 132 1258 163 HUETII

1833 137 1870 165 ϐἷε

277 201 368 237 gorius
395 199 541 234 Nysseuus,
572 203 689 229 eumque
719 202 753 222 ex
780 194 865 222 variis
894 198 921 221 et
948 193 1061 221 incertis
1077 195 1202 229 Apsisse
1217 203 1246 222 se
1261 195 1302 223 vel
1319 196 1451 224 recitasse
1479 196 1612 231 agnoscit.
1628 203 1716 231 neque
1735 203 1872 230 quemquam

277 247 446 274 ethnicorum
474 242 696 278 philosophorum
711 241 745 267 de
766 241 821 268 [leo
840 240 983 267 sententiis
1006 240 1064 267 veri

277 292 324 319 Dei
343 289 465 317 notitiam
490 287 612 314 hausisse
633 286 797 313 testiﬁcatur
813 285 839 312 in
860 284 922 312 Vita
945 283 1066 320 Gregorii

277 334 481 368 T-haumaturgi,
498 340 562 368 pag.
577 333 638 359 559.
664 332 761 359 Mirum
778 339 842 359 vero
854 331 996 366 scripsisse
1010 331 1064 359 Be-

276 382 337 410 dam
352 381 409 417 (19)
433 380 532 407 litteris
551 379 692 406 institutos
706 379 740 406 ab
765 377 883 412 Origene
904 376 1064 411 Gregorium

275 433 303 457 et
315 428 534 458 Athenodorum,
549 426 700 459 imperante
712 424 850 452 Gordiano
863 432 869 450 :
885 424 983 450 mirum
997 431 1065 458 quo-

275 482 329 509 qtte
344 473 516 502 existimasse
531 471 720 498 Casaubonnm
740 470 809 502 (80),
824 469 1063 504 diligentissimum

275 525 349 548 certe
363 520 461 552 virum,
484 526 532 553 per
549 524 635 544 annos
657 517 731 551 ipsos
745 521 807 543 onto
828 515 939 550 Origeni
954 523 1063 550 operam

275 566 382 594 dedisse
394 563 570 598 Gregorium,
587 562 628 589 vel
644 563 753 597 spretis,
771 561 813 589 vel
838 561 1000 589 inconsultis
1015 562 1064 589 Eu-

275 612 352 640 sebio
376 616 404 638 et
422 610 609 644 Hieronymo,
629 609 674 643 qui
697 608 910 643 quinquennium
935 608 1065 635 duntaxat

276 657 427 692 assignant.
448 654 556 683 Homini
575 661 674 688 nempe
695 653 773 680 valde
786 653 888 688 alioqui
914 653 1063 687 perspicaci

276 703 403 737 imposuit
419 702 494 729 locus
511 701 562 728 iste
574 699 698 734 Gregorii
714 700 799 732 ipsius
814 699 888 735 (8i):
909 698 990 725 Ἀλλὰ
1016 698 1065 724 καὶ

274 747 407 783 ὀκταέτης
431 756 473 783 μοι
498 746 592 782 χρόνος
614 741 691 776 οὗτος
717 744 780 780 ἠδη,
796 743 826 777 ἐξ
849 741 879 771 οὗ
905 743 966 770 οὔτε
984 743 1065 774 αὐτὸς

275 793 359 821 εἰπών
369 801 406 825 τι,
423 790 560 827 ἧγράψας
575 790 653 824 λόγον
661 789 723 816 τινὰ
739 788 826 824 μέγαν
841 788 858 824 ἦ
875 787 981 823 μικρὸν,
997 786 1065 818 ὅλως

275 839 416 875 τυγχάνω·
434 837 496 864 οὕτε
515 837 596 864 ἄλλου
615 836 718 871 1ήκουσά
727 843 785 866 του,
804 834 858 869 ἰδίᾳ
872 832 1063 869 γράφοντος,ἢ

274 883 440 919 λέγοντος,ἢ
465 883 512 909 καὶ
535 882 653 918 δημοσίᾳ
673 880 878 916 πανηγυρικοὺς
897 879 992 913 λόγους
1017 877 1064 904 καὶ

274 930 469 964 ἀγωνιστικοὺς
494 927 691 963 παρεχομένου,
713 927 753 952 ὅτι
770 926 806 961 μὴ
825 925 879 951 τῶν
904 923 1063 960 θαυμασίων

273 977 377 1004 τούτων
397 975 513 1012 ἀνδρῶν,
526 974 580 1001 τῶν
603 973 651 1010 τὴν
665 973 750 1008 καλὴν
765 971 924 1007 φιλοσοφίαν
937 971 1063 998 ἀσπασα-

279 1024 380 1058 μένων.
397 1022 438 1049 Ab
456 1026 518 1049 octo
541 1020 621 1047 annis
636 1026 788 1047 sermonem
810 1018 913 1045 nullum
931 1017 974 1044 vel
992 1016 1061 1044 scri—

1116 241 1276 268 recitantem
1303 242 1423 274 audisse,
1439 247 1620 276 praeterquam
1645 241 1810 269 admirandos
1831 242 1874 269 illos

1115 286 1198 318 viros,
1218 294 1290 314 vera:
1320 288 1499 323 philosophiae
1529 291 1674 320 amatores,
1701 287 1873 320 condiscipulos

1115 339 1212 366 nempe
1238 339 1312 364 suos.
1339 333 1465 368 Origenis
1490 333 1582 361 itidem
1612 332 1761 359 auditores.
1788 331 1874 358 Minime

1115 383 1181 404 vero
1194 384 1223 404 se
1235 377 1294 404 illos
1308 377 1429 405 dicentes
1440 385 1488 413 per
1499 377 1653 404 oclennium
1669 375 1777 403 audisse
1792 375 1873 410 signiﬁ-

1115 427 1170 454 cat,
1183 423 1230 449 sed
1256 431 1309 450 non
1335 424 1418 450 alium
1436 431 1599 458 quemquam
1616 430 1664 457 per
1678 421 1826 450 oclennium
1840 428 1873 446 au-

1117 467 1202 495 disse.
1230 468 1334 496 Scribit
1360 467 1531 502 Nicephorus
1558 467 1628 496 Hist.
1658 467 1706 494 lib.
1731 474 1758 499 v,
1775 473 1827 500 cap.
1841 465 1873 494 ill.

1116 512 1286 548 Dionysium,
1316 522 1379 541 eum
1403 514 1448 548 qui
1483 513 1604 540 Ileraclze
1627 512 1694 539 etin
1724 511 1809 538 schola
1821 511 1872 537 etin

1115 558 1270 593 episcopatu
1284 559 1468 586 Alexandrino
1480 566 1621 586 successor
1634 558 1697 590 fuit,
1715 557 1765 584 hoc
1779 562 1873 590 tempore

1115 604 1196 631 etiam
1214 605 1376 633 Adamantio
1394 610 1558 641 pneceptore
1574 612 1634 631 esse
1661 611 1749 631 nsum.
1766 602 1873 629 Eusebius

1115 654 1201 682 certe,
1215 657 1294 684 quem
1309 659 1392 677 unum
1419 651 1464 678 hic
1483 650 1590 678 videtur
1606 653 1756 677 assectatus
1768 647 1873 682 Nicepho-

1116 703 1174 729 rns,
1206 696 1364 732 Dionysium
1391 697 1565 725 Alexandria:
1597 695 1725 730 Origeuis
1749 695 1871 721 auditorem

1115 740 1200 769 fuisse
1226 743 1319 775 docet;
1336 742 1468 770 Gtt-sure.»
1483 750 1548 769 vero
1564 741 1648 769 fuisse
1668 740 1771 772 itidem,
1786 740 1809 767 id
1826 747 1872 767 vero

1115 788 1185 821 apud
1203 796 1265 815 enin
1285 797 1419 824 nusquam
1436 789 1566 823 reperias.
1584 789 1618 814 At
1632 795 1685 814 non
1708 786 1822 814 docendo
1843 794 1872 813 so-

1117 831 1234 865 lunt,sed
1247 833 1389 860 scribendo
1401 834 1482 860 etiam
1493 841 1540 867 pro
1553 840 1627 859 more
1638 839 1689 859 suo
1700 831 1802 865 publice
1812 831 1872 866 prod-

1081 872 1101 899 Β
1115 885 1175 905 esse
1209 879 1236 905 in
1260 880 1311 906 hoc
1333 878 1493 906 Ctesariensi
1518 885 1627 906 secessu
1642 877 1775 912 Origenes
1795 881 1873 910 satage-

1116 924 1163 951 bat
1177 933 1184 951 :
1197 924 1275 952 Isaiae
1287 925 1388 960 quippe
1404 931 1432 952 et
1447 924 1596 953 Ezechielis
1609 923 1739 952 vaticinia
1748 927 1806 951 tunc
1817 930 1872 951 com-

1117 971 1257 998 mentariis
1267 970 1428 998 illustravit.

925 1146 1115 1192 CAPUT
1153 1146 1249 1191 III.

271 1242 294 1271 Ι.
308 1242 458 1270 Alexandro
487 1242 581 1271 Severo
601 1243 716 1270 succedit
741 1242 914 1271 Maximinus.
933 1242 1196 1304 Sextanerset-utio.
1220 1242 1253 1270 ll.
1277 1240 1420 1276 Gregorius
1444 1246 1469 1269 et
1490 1242 1675 1269 Athenodorus
1700 1242 1873 1270 Neoctcsaretm

309 1282 437 1304 repetunt.
464 1277 589 1304 Oriaenes
613 1278 762 1304 Gmnream
774 1278 947 1304 Cappadocia
969 1278 1002 1304 ad
1045 1278 1208 1304 irmilianum
1225 1278 1352 1304 confugit.
1379 1278 1441 1304 latet
1462 1279 1532 1304 apud
1554 1278 1704 1304 Julianam.
1719 1277 1759 1304 Ill.
1778 1277 1873 1304 Hexanln

309 1282 437 1313 repetunt.
464 1277 589 1340 Origenes
613 1278 762 1318 Gwsuream
774 1278 947 1312 Cappadocia
969 1278 1002 1305 ad

309 1313 423 1339 incitant.
443 1313 486 1340 IV.
525 1314 600 1340 cribit
615 1314 709 1340 librum
726 1314 763 1340 De
788 1314 929 1340 martvrio.
948 1313 979 1340 V.
1000 1335 1002 1339 .

306 1321 423 1339 Inchoat.
443 1321 471 1340 IV
477 1332 486 1340 ι

1048 1278 1208 1304 irmilianum
1225 1278 1352 1313 confugit,
1379 1278 1441 1313 latet
1462 1279 1532 1312 apud
1554 1278 1704 1313 lulianum.
1719 1277 1759 1304 Ill.
1778 1277 1873 1310 Hempln

525 1314 600 1340 cribit
615 1314 709 1340 librum
726 1314 763 1340 De
788 1311 929 1348 martyrio.
948 1313 979 1340 V.
998 1312 1164 1348 Maximinus
1187 1311 1401 1345 peritfsuccedit
1420 1312 1580 1340 Gordianus.
1597 1311 1640 1339 Vl.
1658 1312 1782 1347 Origenes
1802 1313 1873 1339 iterum

307 1349 421 1375 Athenas
434 1348 621 1383 proﬁciscitur,
631 1348 797 1375 Ambrosium
807 1347 889 1376 obiter
902 1349 959 1375 adit
977 1347 1150 1379 Nicomeditc,
1173 1348 1282 1383 Athenis
1299 1348 1406 1374 absolvit
1423 1348 1637 1375 Commentarios
1649 1356 1712 1374 suos
1729 1348 1753 1374 in
1767 1347 1872 1374 Joannem

307 1387 332 1410 et
345 1385 370 1409 in
385 1383 563 1414 Ezechielem.
574 1385 641 1411 alios
660 1383 765 1410 inchoat
786 1383 814 1410 in
836 1384 976 1411 Canticqu
987 1383 1165 1410 canticorum.
1186 1383 1237 1410 VII.
1252 1382 1400 1410 Ctesnrenm
1417 1383 1548 1410 Stratonis
1569 1384 1670 1414 repetit,
1685 1382 1873 1409 Commentarios

308 1418 335 1454 iit
355 1417 498 1445 Canticum
509 1419 630 1449 absolvit,
646 1418 834 1454 Firmilianum
846 1419 939 1445 iterum
956 1418 990 1454 in
1007 1418 1183 1454 uisciplinam
1198 1419 1302 1454 recipit.
1317 1417 1381 1446 VIII.
1394 1419 1436 1454 add
1452 1419 1653 1454 convincendum
1667 1418 1765 1453 Bargilt‘
1778 1417 1872 1454 hamim

308 1452 429 1480 Bostram
451 1455 602 1485 accersitur,
617 1455 643 1480 in
661 1453 835 1480 Paltestinam
848 1454 924 1480 redit.
941 1453 986 1480 IX.
1000 1452 1060 1479 Obit
1077 1451 1239 1485 Gordianus,
1251 1451 1365 1480 succedit
1389 1452 1537 1486 Philippus.
1561 1452 1594 1480 X.
1615 1451 1750 1479 Utrum‘a
1773 1453 1873 1486 Dionysio

306 1488 485 1515 Alexandrino
501 1494 665 1523 oppugnatus
681 1488 761 1523 fuerit
775 1488 911 1523 Origenes.
934 1488 978 1516 ΧΙ.
994 1487 1119 1522 Origenes
1133 1489 1306 1522 cezagenario
1326 1488 1413 1523 Major
1431 1489 1522 1523 scribit
1535 1494 1627 1515 contra
1647 1488 1764 1519 Celsum,
1785 1489 1809 1514 in
1823 1487 1874 1513 llat-

307 1523 417 1554 thamm,
441 1528 466 1549 et
484 1524 511 1549 in
533 1522 672 1550 duodecim
696 1522 862 1557 Prophetas;
887 1524 949 1550 item
969 1524 1121 1550 innumeras
1141 1524 1275 1555 epistolas.
1294 1523 1350 1550 XII.
1376 1522 1470 1550 Utrum
1497 1522 1636 1557 Philippus
1655 1526 1798 1556 imperator
1814 1522 1874 1555 fuerit

306 1557 484 1593 Christianus.
507 1558 573 1585 XIII.
589 1557 721 1585 Homilias
731 1556 792 1585 suas
808 1563 864 1585 tum
878 1561 992 1593 primum
1010 1558 1103 1593 excipi
1120 1562 1222 1592 patitur
1232 1558 1371 1593 Origenes,
1387 1558 1449 1592 ﬁdei
1467 1567 1522 1585 sua:
1545 1556 1735 1592 professionem
1761 1559 1833 1584 mittit
1849 1556 1872 1593 uti

306 1592 456 1619 Fabianum
477 1601 570 1627 papam
593 1596 617 1619 et
643 1593 710 1620 alios
726 1591 966 1628 ερὶςοιψοδζΧΙν.
997 1592 1110 1620 Vocatur
1139 1594 1173 1620 ad
1200 1591 1339 1621 concilium
1364 1594 1488 1621 adversus
1509 1591 1626 1620 Arabum
1646 1594 1786 1625 haeresim;
1806 1591 1873 1619 scribit

304 1630 428 1655 adversus
449 1627 612 1656 Helcesaitas
625 1636 636 1661 ;
655 1628 801 1663 Appellitas
813 1627 950 1665 pro/ligat.

305 1739 327 1768 Ι.
346 1740 414 1767 Dum
436 1739 480 1767 his
497 1740 629 1768 intentum
639 1740 761 1768 animum
773 1740 853 1768 habet
866 1739 1057 1774 Adamantius,
1073 1743 1095 1772 C
1111 1747 1258 1776 aggressus
1279 1744 1331 1772 est,
1352 1747 1384 1767 ac
1417 1739 1586 1767 Christianos
1615 1739 1797 1774 potissimum.
1818 1736 1873 1771 Quos

268 1794 356 1815 caesus
372 1792 415 1815 est
429 1794 489 1814 cum
505 1786 645 1814 Mammaea
661 1791 749 1814 matre
761 1787 915 1814 Alexander
930 1787 1060 1819 Severus,

270 1837 331 1867 post
349 1832 569 1860 administratum
586 1832 665 1859 annis
678 1832 808 1860 tredecim
828 1832 959 1867 singulari
973 1832 1062 1860 conti-

270 1879 361 1905 nentia
376 1883 402 1905 et
417 1878 546 1913 aequitate
561 1878 715 1912 imperintn.
737 1877 854 1905 Sceleris
868 1884 962 1905 auctor
975 1877 1060 1904 Maxi-

269 1924 371 1956 minus,
388 1925 468 1952 homo
480 1929 560 1960 gente
575 1932 607 1951 ac
624 1923 743 1951 moribus
759 1924 900 1954 barbarus.
915 1924 941 1951 in
950 1924 1058 1951 demor-

270 1970 309 1998 tui
334 1971 421 1998 locum
439 1971 572 1998 suffectus
585 1977 640 2005 est,
656 1970 699 1998 cui
717 1977 768 1997 nec
782 1969 914 1998 obtulisse
931 1974 1056 2002 mortem,

269 2022 298 2045 et
323 2017 349 2044 in
371 2017 430 2051 ejus
455 2017 614 2053 dignitatem
641 2017 777 2044 involasse
803 2020 960 2048 contentus.
985 2016 1056 2050 piam

269 2063 364 2097 optimi
379 2064 549 2098 imperatoris
559 2063 698 2095 familiam.
719 2068 747 2091 et
760 2070 935 2098 quoscunque
946 2061 1056 2095 charos,

269 2109 333 2136 dum
346 2116 418 2138 esset
433 2110 460 2137 in
479 2110 556 2143 vivis,
580 2110 725 2143 habuerat,
739 2109 828 2136 ferino
844 2108 896 2135 ritu
922 2109 1056 2136 devexare

269 2189 416 2226 medicina
424 2190 543 2217 studiosa
554 2191 679 2225 juventus
697 2191 854 2226 con/luebat.
872 2190 954 2218 fuisse
967 2198 1060 2218 versa-

269 2229 338 2254 tum,
354 2233 385 2251 ac
402 2225 509 2251 domum
533 2227 653 2253 omnibus
668 2225 804 2260 sapientiae
827 2226 977 2260 disciplinis
992 2233 1054 2259 per-

269 2261 353 2298 cursis
367 2260 499 2298 incidisse
509 2260 537 2286 in
553 2260 741 2298 Firmilianum
752 2262 891 2298 quemdam
913 2262 1064 2298 patricium.

270 2294 461 2327 Cappadocem,
477 2296 551 2329 eique
577 2297 660 2323 animi
675 2297 715 2323 sui
732 2294 871 2322 consilium
890 2294 921 2322 ac
937 2297 997 2322 vita:
1011 2296 1053 2321 in-

269 2329 406 2366 stitutum,
433 2333 460 2356 ut
479 2332 582 2366 amico,
605 2331 779 2365 patefecisse,
807 2331 875 2366 quod
900 2331 998 2358 scilicet
1018 2331 1053 2356 ad

271 2363 354 2390 Deum
383 2364 493 2391 intentos
507 2364 565 2398 jam
582 2363 685 2393 habere!
709 2367 803 2392 mentis
813 2363 908 2393 'oculos
921 2374 929 2393 :
943 2373 1054 2400 cumque

269 2400 344 2436 paria
359 2399 448 2426 animo
462 2401 687 2436 agitarerconsilia
708 2401 882 2436 cognouisset,
899 2401 989 2428 relicto
1003 2399 1055 2427 om-

271 2434 297 2459 ni
310 2440 425 2460 extorum
441 2435 612 2468 philosophice
635 2434 748 2466 studio,’
760 2436 899 2463 accessisse
919 2444 972 2462 una
993 2444 1053 2463 cum

269 2469 317 2495 illo
335 2473 368 2495 ad
382 2477 440 2496 eum
452 2470 496 2504 qui
518 2471 572 2505 illo
585 2477 698 2504 tempore
713 2471 922 2498 Christianorum
935 2471 1052 2505 philoso—

266 2504 338 2540 phitc
345 2505 463 2539 princeps
476 2510 542 2537 erat,
557 2504 694 2540 Origenem
708 2507 837 2538 videlicet,
851 2506 937 2540 cujus,
950 2512 1053 2540 propter

268 2540 379 2573 scripta,
395 2541 468 2574 fama
492 2540 600 2567 celebris
626 2547 692 2568 erat.
718 2541 745 2568 In
772 2549 805 2569 ea
821 2545 911 2568 autent
928 2542 1053 2569 oratione

268 2582 347 2607 quam
363 2575 486 2602 Caesarea
503 2576 641 2611 rediturus
654 2576 680 2602 in
699 2577 815 2610 patriam
834 2577 866 2602 ad
884 2576 971 2611 ipsutn
991 2576 1052 2604 Ori-

267 2617 362 2643 genetn
393 2611 487 2637 habuit
513 2610 675 2646 Gregorius.
693 2619 746 2637 tton
775 2611 865 2638 innuit
883 2610 913 2638 se
933 2611 1052 2646 Athenis

269 2645 417 2678 habitasse,
429 2646 477 2672 sed
491 2645 634 2672 admodum
659 2647 859 2674 adolescentem
886 2647 911 2672 iit
931 2645 1051 2673 Palaesti-

269 2687 330 2706 nam
344 2681 493 2715 prol’ectum
509 2688 569 2707 cum
580 2689 673 2708 sorore
682 2689 742 2715 quae
750 2684 782 2708 ad
802 2682 889 2708 virum
899 2680 1049 2708 Palaestinae

268 2716 389 2747 praesidis
418 2723 582 2743 assessorem
608 2717 744 2744 tendebat.
761 2716 864 2743 lndicat
887 2717 984 2744 deinde
1008 2725 1049 2747 se.

269 2749 365 2785 μεθ’ιο
382 2752 528 2785 ρι’ίιξιετίω.
544 2756 615 2778 recta
643 2753 750 2778 venisse
772 2752 933 2782 Caesaream,
958 2751 1050 2785 ibique

269 2784 295 2820 in
310 2784 453 2819 Origenetn
467 2785 604 2816 incidisse.
621 2788 665 2820 qui
679 2787 703 2813 ei
718 2787 817 2813 deinde
829 2791 855 2813 et
873 2794 925 2812 una
945 2784 1051 2814 scilicet

269 2818 347 2845 fratri
361 2818 457 2847 auctor
472 2821 523 2848 fuit
539 2827 567 2847 ut
578 2818 755 2855 philosophia:
770 2822 865 2848 darent
879 2828 1000 2854 operam,
1018 2830 1050 2849 ac

268 2855 368 2881 senoitu
385 2855 489 2882 illorutn
507 2856 605 2883 animis
626 2857 788 2883 Christianae
815 2857 952 2891 religionis
974 2859 1046 2885 uoti-

1112 1795 1172 1815 cutn
1184 1796 1244 1815 esse
1267 1788 1363 1816 fuisset
1377 1796 1471 1823 passus
1486 1788 1653 1820 Alexander,
1675 1788 1794 1815 funditus
1805 1787 1873 1815 delere

1111 1833 1273 1861 Maximinus
1291 1835 1406 1869 optavit.
1425 1834 1527 1861 Bellum
1547 1840 1623 1862 atrox
1652 1835 1743 1868 itaque
1769 1832 1873 1861 Ecclesia

1112 1878 1236 1912 infertur,
1259 1879 1436 1915 neglectoque
1457 1878 1674 1906 Christianorum
1697 1879 1783 1913 vulgo,
1803 1884 1873 1905 sacer-

1111 1925 1189 1952 dotes
1205 1925 1284 1952 morti
1312 1933 1344 1953 ac
1366 1926 1498 1960 supplicio
1518 1926 1703 1958 destinantur,
1718 1931 1747 1952 ut
1765 1924 1872 1952 detractis

1110 1971 1244 1998 columnis
1261 1971 1395 1999 labefacta
1409 1973 1481 2000 ardes
1494 1977 1643 2001 corrueret.
1660 1972 1698 2005 Id,
1712 1972 1752 2000 vel
1764 1972 1795 1998 ob
1809 1976 1872 1997 unum

1110 2017 1228 2044 maxime
1243 2017 1400 2051 Origenem,
1417 2018 1523 2045 consilii
1535 2017 1620 2045 fuisse
1635 2023 1791 2053 susceptum
1808 2015 1872 2043 refert

1109 2062 1223 2089 Orosius
1239 2062 1286 2090 lib.
1302 2070 1349 2095 vn,
1367 2070 1428 2098 cap.
1446 2063 1497 2096 I9;
1525 2069 1554 2091 et
1571 2068 1631 2098 post
1646 2072 1710 2091 eum
1737 2063 1802 2091 Beda
1820 2061 1871 2096 (ὅί),

1109 2107 1278 2143 Freculphus
1297 2107 1396 2136 Chron.
1420 2113 1486 2136 tom.
1499 2109 1532 2140 II.
1547 2109 1594 2136 lib.
1611 2117 1652 2142 tn,
1667 2117 1693 2137 e.
1713 2109 1741 2142 2,
1756 2113 1782 2136 et
1794 2107 1871 2135 Marit-

1115 2191 1178 2218 liam
1216 2197 1391 2225 amoremque
1424 2189 1575 2217 instillavit.
1603 2189 1718 2217 Videtur
1746 2189 1870 2225 Nysscnus.

1113 2234 1173 2262 cum
1194 2224 1354 2262 Gregorium
1373 2225 1571 2262 legeretrfuisse
1583 2224 1709 2262 Origeuis
1721 2224 1869 2262 discipulum.

1110 2260 1182 2287 hunc
1195 2259 1260 2287 vero
1282 2259 1455 2287 Alexandria:
1467 2261 1602 2294 docuisse,
1620 2259 1793 2287 existimasse
1807 2259 1870 2294 isthic

1110 2296 1136 2322 in
1156 2296 1283 2330 Origenis
1309 2303 1369 2322 eum
1397 2296 1525 2323 transisse
1548 2292 1729 2330 disciplinam.
1753 2292 1870 2330 νει-ηπ)δί

1108 2329 1299 2366 Alexandriam
1312 2330 1342 2356 iit
1357 2330 1515 2365 Gregorius.
1530 2329 1671 2366 probabile
1695 2336 1738 2357 est
1752 2329 1869 2366 (quoniam

1107 2366 1144 2392 ibi
1163 2365 1347 2400 philosophica
1373 2364 1460 2393 studia
1477 2364 1610 2393 tractasse
1631 2366 1743 2399 dicitur)
1766 2364 1870 2398 Origenis

1071 2395 1093 2423 Ι)
1107 2395 1220 2427 consilio
1244 2395 1306 2427 illnc
1339 2401 1461 2428 Caesarea
1486 2403 1556 2428 circa
1573 2409 1673 2428 annum
1689 2395 1741 2427 253
1757 2395 1870 2434 quotem-

1108 2443 1172 2468 pore
1189 2435 1295 2462 furebat
1317 2435 1456 2463 Maximini
1474 2437 1635 2470 persecutio,
1650 2444 1712 2462 cum
1733 2435 1810 2462 fratre
1821 2439 1868 2460 eum

1106 2478 1168 2498 esse
1181 2471 1341 2505 profectum,
1357 2477 1384 2497 ut
1399 2469 1538 2506 perspecta
1554 2472 1590 2498 ibi
1604 2471 1815 2498 Christianorum
1826 2469 1869 2506 pln-

1107 2505 1281 2540 losophorum
1311 2505 1507 2540 discipliua’et
1532 2512 1625 2534 sancta
1641 2508 1704 2532 vita:
1730 2506 1834 2533 ratione.
1847 2505 1866 2528 in

1107 2542 1288 2576 suscipit-mla:
1308 2542 1369 2568 Iidei
1393 2542 1528 2569 desiderio
1549 2543 1628 2569 ambo
1643 2542 1867 2576 continuarentur;

1107 2574 1223 2611 indeque
1250 2584 1302 2603 una
1324 2583 1384 2603 eum
1413 2583 1508 2605 sancto
1531 2576 1699 2608 Firmiliano,
1720 2574 1867 2611 postmodum

1106 2610 1239 2638 Caesarea:
1267 2613 1292 2638 iu
1311 2611 1479 2645 Cappadocia
1505 2613 1644 2647 episcopo,
1663 2612 1689 2638 in
1710 2610 1867 2647 APalaistiuam

1106 2647 1139 2672 ad
1153 2646 1296 2681 Origcnetn
1314 2647 1386 2673 circa
1402 2655 1500 2674 annum
1522 2645 1589 2680 '257,
1601 2645 1648 2675 vel
1669 2645 1735 2679 258,
1755 2649 1867 2673 reverso»

1102 2681 1237 2715 baptismo
1251 2690 1312 2709 esse
1327 2682 1435 2710 tinctos.

1139 2717 1194 2750 (79)
1213 2717 1294 2750 Beda,
1306 2716 1342 2743 De
1353 2725 1398 2744 ser
1411 2722 1480 2744 wtat.
1497 2718 1600 2749 mundi,
1613 2718 1640 2744 in
1653 2717 1795 2745 Gordiano.

1106 2752 1111 2761 '
1139 2749 1194 2787 (80)
1213 2753 1331 2779 Casaub.
1349 2753 1375 2779 in
1404 2752 1470 2781 Not.
1491 2754 1525 2780 ad
1547 2761 1640 2788 paneg.
1662 2752 1770 2788 (ἕτερον.
1792 2749 1865 2778 Thal-

1104 2792 1168 2812 ηιιιι.

1140 2821 1197 2856 (8H
1210 2821 1422 2858 iGregaTItaum.
1442 2823 1468 2850 iit
1484 2822 1597 2858 Patteg.,
1615 2831 1642 2850 n.
1659 2823 1685 2849 I.

1140 2857 1196 2892 (δὲ)
1209 2857 1279 2885 Beda
1296 2857 1333 2884 De
1345 2866 1391 2884 sca;
1407 2860 1520 2893 wtatt‘b.,
1537 2857 1566 2886 in,
1576 2858 1733 2886 Maximino.
