1915 3079
65 131 125 159 681

612 120 898 157 οηιαΕΝἴΑΝοΒυΜ
915 121 979 154 LIB.
998 125 1021 159 t,
1042 118 1119 154 CAP.
1137 117 1183 153 ut.

1664 125 1717 154 682

66 191 201 224 quinque
227 194 315 216 tomos
341 187 368 215 in
397 195 430 216 ea
458 187 609 216 elaboravit
632 188 696 215 sede
712 196 719 220 ;
752 186 870 221 reliquos
885 191 908 217 Α
922 184 1021 213 ﬂorens
1034 175 1158 219 Beryll'us
1176 181 1232 219 (99)
1247 181 1441 211 Bostrenorum
1452 183 1596 219 episcopus
1614 183 1642 211 in
1658 183 1718 211 hae-

67 233 193 262 to'tidem
215 234 348 262 Caesarem
374 233 512 261 Stratonis
533 232 663 261 coniecit.
700 233 778 260 Circa
802 232 872 259 hanc

67 289 189 317 quoque
206 284 393 315 tempestatem
413 279 576 315 jampridem
593 278 728 306 inchoatis
744 279 772 305 iit
785 277 871 305 Joan-

68 336 135 354 nem
150 326 357 354 Commentariis
376 325 456 353 linem
474 325 638 360 imposuisse
654 324 803 352 verisimile
816 328 869 356 est.

67 379 103 400 ut
120 373 194 401 infra
209 372 360 401 ostendam.
375 372 501 399 Anuuum
518 377 625 406 tempus
640 370 871 406 Atheniensihuic

68 427 164 446 Ilione
190 418 286 446 tribuit
321 417 471 449 Halloxius,
505 425 555 445 nec
579 417 757 450 contradico;
790 416 871 444 liceat

68 465 161 492 modo
193 464 338 499 unicuique
365 463 500 498 judicium
530 462 602 490 aliud
629 469 664 489 ex
692 469 723 489 re
749 462 868 496 capienti

68 510 235 538 dissentire.

111 554 241 591 Vll.(92‘)
255 554 398 582 Pristinam
411 554 502 590 itaque
514 555 617 588 sedem,
628 555 779 583 Casaream
794 555 870 582 Straa

70 601 151 629 tonis
171 601 253 636 longo
268 605 328 635 post
341 603 464 635 tempore
475 599 605 635 Origenes
615 599 733 634 repetiit,
743 604 825 634 atque
834 599 869 627 ibi

68 651 235 682 susceptum
255 644 512 674 Commentariorum
534 646 562 673 in
584 645 722 673 Canticum
745 652 814 680 opus
836 645 870 672 ad

49 705 57 711 -
68 693 180 721 exitum
191 693 276 720 duxit.
287 692 429 721 Falluntur
440 697 531 719 autem
542 691 790 727 Magdebnrgenses
800 691 868 728 (95),

68 745 138 765 cum
167 738 242 766 aiunt
265 737 408 775 scripsisse
435 737 567 769 Suitlam,
595 737 741 772 Origenem
767 744 869 764 annum

69 784 168 812 aetatis
183 792 239 812 sua:
251 784 340 820 egisse
363 783 573 819 sexagesimum.
594 790 657 811 cum
678 790 710 810 ea
725 782 870 810 Commens

71 830 147 857 taria
168 833 295 858 eXararet
311 834 318 856 ‘:
334 828 388 857 tale
404 829 477 857 enim
493 828 642 864 Quidquam
667 828 738 863 apud
757 828 868 856 Suidam

925 231 1007 259 resim
1022 231 1113 264 lapsus
1129 235 1190 263 est;
1206 237 1267 257 cum
1280 229 1430 262 Christum,
1450 233 1596 265 antequam
1613 229 1713 257 huma-

925 286 959 306 no
972 285 1032 306 sese
1052 277 1170 311 illigaret
1193 275 1312 311 corpori,
1332 276 1399 304 nihil
1416 276 1545 304 habuisse
1561 276 1716 312 proprium,

924 325 971 352 sed
994 324 1076 351 Deum
1101 324 1244 352 divinitate
1265 329 1378 360 paterna
1404 328 1521 356 tantum,
1539 331 1591 349 non
1607 324 1714 358 propria

924 376 956 397 ac
971 378 1020 397 sua
1040 369 1124 398 fuisse
1149 370 1269 398 doceret.
1292 371 1378 404 Quam
1403 369 1527 397 haeresim
1544 369 1644 396 deinde
1670 369 1716 395 in-

923 416 1055 442 stauravit
1070 423 1101 443 ac
1119 416 1295 451 propugnavit
1305 415 1601 451 Sabellius.Episcopos
1609 414 1716 442 adver-

923 469 982 488 sum
999 469 1028 489 se
1056 460 1207 498 complures
1225 462 1347 498 Beryllus
1362 462 1466 490 nefario
1482 462 1610 497 dogmate
1623 461 1715 488 conci-

923 508 972 535 vit.
999 506 1124 536 Bostram
1152 508 1191 536 illi
1217 509 1244 536 in
1269 509 1404 545 synodum
1434 513 1543 541 coeunt,
1566 508 1713 542 multisque

923 552 1062 581 hominem
1079 553 1281 583 velitationibus
1297 554 1467 582 adoriuntur.
1495 553 1523 580 id
1540 561 1600 580 cum
1618 559 1713 587 parum

923 599 1091 634 procederet,
1111 601 1145 628 ad
1166 599 1375 635 expugnandam
1393 599 1511 629 hominis
1530 598 1713 635 pervicaciam

923 646 1072 674 accersitus
1098 651 1140 675 est
1165 646 1317 682 Origenes;
1347 648 1374 674 in
1401 646 1460 682 ejus
1484 646 1584 681 quippe
1615 644 1714 679 peritia

922 692 1013 719 omnia
1031 693 1081 720 sibi
1099 693 1228 728 proclivia
1254 693 1313 721 fore
1336 693 1484 729 sperabant
1496 699 1601 723 omnes,
1616 691 1713 725 eteius

923 737 1046 765 consiliis
1073 739 1298 774 acquiescebant.
1324 738 1524 774 Frequentibus
1546 737 1590 765 ille
1617 736 1714 764 adver-

923 792 982 811 sum
997 785 1139 814 haereticos
1156 791 1183 813 et
1199 785 1307 813 Judaeos
1331 784 1560 820 disputationibus
1572 784 1628 819 jam
1650 783 1714 810 ante

923 829 1069 864 exercitus,
1097 830 1232 867 Beryllum
1252 836 1356 858 summa
1384 829 1554 857 humanitate
1573 835 1605 855 ac
1626 827 1714 854 dexten

71 883 213 911 nusquam
231 876 360 910 reperias.
377 875 424 904 Est
440 875 511 912 apud
530 875 722 911 Hieronymum
737 874 805 910 (9t),
823 882 870 902 ve—
886 882 906 910 n
922 877 1003 904 ritate
1017 884 1164 913 aggressus
1191 883 1244 911 est,
1262 877 1399 912 variisque
1416 883 1497 911 super
1514 874 1571 909 ejus
1585 873 1712 901 doctrina

72 924 151 951 nisse
161 922 349 951 Firmililnum
365 923 499 951 Caesarea:
521 921 698 958 Cappadociae
711 921 869 957 episcopum

72 969 108 996 ad
123 968 281 1004 Origenem,
301 976 348 1004 per
369 976 480 996 causam
506 968 628 996 iocorum
656 972 824 1001 sanctorum,
842 971 871 994 ut

71 1015 147 1050 apud
163 1022 226 1042 eum
247 1013 376 1049 majorem
404 1014 552 1050 Scriptura:
569 1018 671 1041 sanctae
696 1018 869 1049 compararet

72 1061 214 1093 notitiam,
224 1067 286 1089 cum
301 1061 387 1096 ipsum
402 1065 481 1088 antea
494 1061 520 1087 in
533 1059 702 1095 Cappadocia
717 1060 762 1087 diu
775 1067 868 1088 secum

74 1108 229 1136 habuisset.
246 1108 282 1136 At
298 1107 445 1143 Gregorius
467 1106 605 1142 Nyssenus
619 1106 678 1143 (95)
693 1106 720 1134 in
744 1106 869 1142 Otigenis

73 1155 246 1190 disciplinam
265 1160 402 1190 receptum
425 1155 511 1182 fuisse
535 1160 631 1183 narrat
650 1162 712 1182 cum
735 1154 869 1190 Gregorio

74 1201 280 1236 Thaumaturgo
292 1201 491 1234 Firmiiinnum,
506 1202 652 1230 Patricium
666 1202 867 1238 Cappadocem,

73 1246 197 1274 nondum
222 1247 389 1281 episcopum.
419 1246 469 1285 Bis
495 1247 587 1282 itaque
611 1247 723 1282 Origeni
741 1249 869 1276 erudien-

73 1292 140 1320 dum
153 1299 213 1320 sese
229 1292 368 1320 tradiderit
381 1291 572 1326 Firmilianus;
592 1293 707 1328 primum
722 1298 867 1328 antequam

73 1337 218 1371 Ecclesiae,
235 1342 317 1372 atque
333 1338 401 1365 adeo
416 1338 525 1366 Christo
542 1346 640 1367 nomen
664 1339 800 1371 dedisset;
819 1339 868 1366 ite-

74 1392 148 1415 rum.
165 1388 306 1419 postquam
326 1392 360 1412 ει
376 1384 462 1412 altero
489 1384 649 1413 Atheniensi
669 1384 767 1412 itinere
779 1385 868 1412 Cassa-

74 1437 151 1457 ream
173 1429 310 1458 Stratonis
331 1436 457 1458 reversus
480 1434 532 1458 est.
550 1429 606 1466 (96)
623 1430 691 1458 item
713 1435 803 1458 autem
830 1430 867 1457 ita

73 1481 171 1504 narrat
185 1475 319 1504 Eusebius
332 1475 400 1512 (97),
416 1482 445 1504 ut
459 1484 475 1504 a
493 1481 589 1504 neutro
605 1477 757 1504 dissentiat.

110 1519 178 1549 Vill.
198 1521 254 1556 (98)
272 1521 432 1549 Eruditione
445 1529 493 1557 per
504 1522 575 1550 idem
592 1526 698 1559 tempus
710 1527 738 1549 et
755 1522 863 1558 ingenio

109 1599 307 1636 (92‘)7Euseb.,
321 1599 424 1627 Hister.
441 1600 516 1634 eccl.,
533 1601 581 1628 lib.
597 1609 634 1632 vr.
648 1608 709 1636 cap.
725 1600 771 1628 52.

112 1635 173 1670 (95)
187 1635 310 1670 Mugdeb.
323 1640 395 1663 cent.
412 1637 439 1668 5,
453 1644 513 1670 cap.
531 1636 573 1663 ill.

121 1671 167 1699 94)
184 1670 294 1697 Hieron.
307 1671 395 1698 Catnl.
410 1672 500 1706 script.
515 1672 618 1703 eadem,
637 1678 698 1706 cap.
714 1671 760 1699 54.

121 1707 168 1740 95)
182 1706 297 1741 (ξι-θεον.
312 1707 427 1741 Eyssen.
444 1705 498 1733 Vit.
518 1706 658 1734 Tlmumat.

108 1741 169 1778 (96)
185 1740 247 1768 Rem
267 1740 354 1769 autem
369 1742 408 1768 ita
424 1747 515 1778 narrat
531 1741 679 1778 Eusebius,
694 1747 746 1770 etc.
771 1741 866 1778 Hiero-

74 1785 158 1813 nymo
175 1777 283 1813 quidem
299 1777 436 1813 consentit
458 1777 608 1809 Eusebius;
635 1777 682 1813 sed
705 1785 792 1813 neque
807 1777 862 1813 hic,

74 1811 164 1847 neque
180 1811 284 1846 uspiam
299 1812 388 1839 innuit
402 1811 589 1839 Firmiliannm
610 1812 687 1847 prius
704 1811 788 1840 fuisse
801 1811 863 1840 Oris

73 1848 152 1883 genis
171 1847 342 1883 discipulum,
369 1855 402 1874 ac
422 1848 534 1883 proinde
549 1855 563 1873 a
578 1847 704 1882 Nysscno
719 1848 863 1875 dissentire

74 1881 193 1924 videtur.
218 1881 319 1924 Deinde
343 1883 456 1924 multum
478 1881 609 1924 Nysseno’
629 1882 862 1924 nocetnGregorii

75 1918 162 1951 ipsius
178 1919 229 1944 hac
250 1919 285 1945 de
304 1925 332 1944 re
349 1918 486 1945 silentium
497 1917 510 1950 ;⁷
526 1923 553 1945 et
567 1918 637 1952 quod
654 1918 693 1945 ait
713 1917 860 1954 Nysse’nus,

74 1953 265 1993 Firmilianum
282 1960 334 1993 una
353 1960 415 1993 cum
427 1953 559 1993 Gregorio
574 1953 786 1993 Alexandria-du
802 1953 863 1980 Ori-

74 1989 153 2023 genis
171 1988 278 2016 venisse
292 1988 476 2022 diseiplinam,
494 1997 508 2015 a
525 1989 728 2023 Thaumaturgo
744 1989 804 2023 ipso
821 1996 863 2015 re-

75 2025 191 2055 l‘ellitur.
216 2024 263 2058 qui
288 2023 372 2051 refert
387 2032 417 2051 se
437 2023 536 2059 Beryto
564 2024 711 2058 praeterita,
729 2029 801 2051 recta
818 2031 865 2050 ve-

74 2059 149 2086 nisse
163 2059 317 2086 Ctesaream
331 2059 375 2085 ubi
391 2059 417 2086 in
429 2058 574 2093 Origenem
589 2058 697 2091 incidit,
709 2064 736 2086 et
748 2059 791 2086 ubi
804 2062 866 2094 post

75 2094 224 2122 multorum
241 2101 374 2121 annorum
397 2095 467 2128 apud
488 2095 561 2121 illutn
581 2095 760 2129 disciplinam,
786 2101 866 2129 panes

74 2131 196 2166 gyricam
210 2129 364 2166 orationem
387 2129 414 2156 in
435 2130 493 2164 ejus
507 2130 611 2157 laudem
632 2129 739 2162 habuit,
755 2136 818 2157 cum
837 2129 863 2156 in

74 2164 459 2200 palriattliredituut‘pararet.

110 2200 168 2236 (97)
185 2199 297 2236 Euseb,
315 2198 386 2226 Hist.
398 2201 474 2232 εδει,
488 2200 533 2227 lib.
551 2207 589 2230 vt,
605 2207 635 2227 c.
646 2199 682 2227 26
695 2199 775 2227 etii.

119 2234 166 2270 98)
183 2235 265 2270 idem,
280 2234 379 2270 libuit,
395 2243 454 2270 cap.
469 2236 505 2262 30
519 2239 546 2262 et
564 2236 610 2262 35.

122 2239 154 2262 98
183 2239 265 2266 Idem,
280 2239 327 2261 lib.
344 2243 379 2267 γι,
395 2243 454 2270 cap.
469 2239 505 2262 '10
519 2239 546 2262 et
564 2239 610 2262 55.

122 2239 167 2306 99$
181 2269 305 2304 Beryllus
327 2269 517 2306 Bostrenorum
543 2271 678 2305 episcopus
703 2271 731 2306 in
746 2271 867 2306 hwreaim

75 2305 165 2339 lapsus
191 2309 243 2338 est,
271 2309 326 2332 etc.
347 2305 454 2332 Eusebii
473 2306 555 2332 verba
589 2311 673 2333 sunt:
689 2305 741 2332 Τὸν
768 2305 868 2339 ἐκκλη-

76 2340 214 2368 σιαστικὸν
239 2340 439 2377 παρατρέπων
467 2341 578 2377 κανόνα,
604 2340 740 2377 ξέναντινὰ
753 2341 802 2376 τῆς
822 2340 867 2377 πί-

77 2376 367 2417 στεωςιπαρειςξφρρειν
383 2377 527 2417 ὲπςιρᾷτο·
548 2376 594 2417 ’ξὺν
611 2376 724 2417 Σιιζτῆρα
737 2379 795 2417 ,καὶ
809 2376 867 2417 Κύτ

78 2420 132 2448 ριον
159 2411 240 2448 ἡμῶν
270 2411 360 2445 λέγειν
389 2411 499 2448 τᾳλμῶνν
528 2411 565 2448 μὴ
589 2411 790 2448 προῦφέσςεάναι
808 2413 866 2438 κατ’

78 2446 142 2484 ζδίαν
157 2446 444 2484 οὐσίας-περιγρᾳφῂνγ
455 2446 569 2484 πρὸ
583 2446 622 2484 ei;
634 2446 795 2484 ἀνθρῴπους
808 2448 868 2474 ἑπι-

76 2482 175 2517 Signia;
187 2490 198 2518 ’γ
214 2482 282 2518 μηδὲ
376 2481 491 2518 θεόξητά
515 2481 582 2510 ἰδίαν
595 2481 762 2518 ἔχειν,’ἁλλ’
782 2484 868 2518 ἐμπο-

76 2517 251 2555 λιτεφομένην
263 2517 339 2555 αὑτῷ
356 2517 504 2555 μόνηνλεὴν
518 2517 663 2555 πατρικήν.
690 2519 731 2545 Ad
748 2517 866 2555 litterarii

76 2553 142 2580 verti
161 2558 272 2587 potest:
293 2562 302 2578 ι
321 2554 541 2581 Ecclestasticam
556 2553 717 2588 pervertens
732 2553 865 2588 regulam,

77 2595 143 2615 nova
161 2589 288 2622 quaedam
313 2595 341 2616 et
368 2589 457 2615 aliena
475 2596 490 2615 a
506 2589 559 2616 iide
583 2589 716 2616 catholica
739 2589 868 2615 inducere

75 2628 189 2651 conatus
201 2629 244 2651 est
259 2632 266 2651 :
285 2631 368 2651 ausus
388 2631 511 2651 asserere
528 2624 671 2651 Dominum
687 2631 719 2650 ac
739 2623 865 2650 Salvato-

76 2665 131 2686 rem
150 2664 286 2691 nostrum,
303 2664 450 2694 antequam
471 2659 542 2686 inter
563 2660 687 2686 homines
699 2663 865 2694 versaretur,

76 2701 127 2721 non
137 2693 301 2731 substitisse
313 2693 460 2722 secundum
478 2695 595 2729 propria:
618 2695 775 2731 substantia:
790 2693 866 2721 dilic-

75 2729 209 2763 rentiain;
237 2737 288 2756 nec
311 2730 459 2765 propriam,
488 2731 535 2757 sed
565 2729 705 2763 paternam
734 2731 867 2756 duntaxat

74 2765 246 2792 divinitatem
262 2766 290 2791 in
311 2773 340 2792 se
361 2766 523 2792 residentem
540 2765 649 2792 habere.
670 2774 679 2791 ι
697 2764 798 2796 Οὐσίας
820 2773 867 2791 πε-

75 2800 195 2837 ριγραφὴ
212 2800 281 2837 nihil
293 2801 366 2827 aliud
381 2805 440 2832 est,
458 2808 539 2837 quam
559 2801 718 2837 substantia;
740 2801 867 2827 dilieren-

75 2836 191 2863 ιὶιιζΝυιι
208 2836 322 2862 errabat
335 2836 418 2870 igitur
433 2836 565 2872 Beryllus,
579 2844 641 2863 cum
652 2836 790 2872 Christum
803 2840 866 2862 ante

75 2872 294 2899 incarnationem
320 2879 374 2898 nou
398 2872 554 2898 substitisse
573 2872 722 2899 sccnndum
739 2871 865 2898 substan-

235 2919 374 2949 Panos.
391 2919 450 2950 Ca.
470 2919 568 2949 XVII.

923 922 1023 950 habitis
1037 924 1220 957 sermonibus,
1241 923 1444 958 deprehensum
1466 921 1574 949 tandem
1591 927 1713 948 errorem

921 969 1090 1003 argumentis
1112 970 1148 997 ita
1170 969 1306 1005 coarguit,
1327 974 1357 997 nt
1380 976 1441 997 eum
1458 969 1567 1003 penitus
1594 966 1714 1001 eiuraret

922 1014 1052 1050 lieryllus.
1080 1023 1194 1050 seseque
1214 1017 1292 1044 home
1313 1016 1396 1043 menti
1424 1015 1532 1043 restitui
1562 1019 1712 1050 pateretur.

921 1061 979 1094 Qua
998 1069 1026 1089 re
1041 1068 1074 1089 ex
1090 1067 1153 1090 voto
1168 1063 1306 1095 confecta,
1324 1062 1351 1089 in
1370 1061 1542 1089 Palmstinam
1560 1061 1620 1088 sine
1637 1068 1712 1088 mora

920 1106 1051 1142 Origenes
1070 1115 1100 1136 se
1119 1110 1231 1143 recepit.
1245 1109 1337 1144 Neque
1351 1115 1417 1135 sane
1432 1108 1498 1135 tanti
1516 1107 1641 1136 beneﬁcii
1656 1113 1714 1134 me-

921 1153 1046 1185 moriam,
1071 1154 1116 1187 qui
1133 1154 1183 1182 fult
1198 1154 1317 1182 hominis
1339 1154 1453 1188 candor,
1478 1154 1549 1188 apud
1575 1161 1638 1181 sese
1655 1153 1714 1180 diu-

922 1199 1051 1227 turnitate
1066 1201 1243 1228 extabescere
1257 1209 1354 1236 passus
1371 1205 1413 1229 est
1432 1200 1571 1237 Beryllus;
1589 1200 1635 1227 sed
1649 1206 1712 1229 eant

920 1244 1099 1279 sequentibus
1124 1246 1224 1274 deinde
1250 1247 1329 1274 annis
1356 1247 1479 1280 recoluit,
1502 1252 1529 1275 et
1555 1247 1662 1282 scriptis
1677 1249 1712 1274 ad

919 1290 1065 1326 Origenem
1093 1292 1214 1326 epistolis
1241 1297 1357 1320 testatus
1383 1297 1434 1321 est.
1454 1293 1517 1321 llam
1531 1301 1593 1321 cuin
1614 1293 1712 1328 synodi

919 1337 998 1371 actis,
1030 1338 1146 1373 aliisque
1170 1338 1250 1374 hujus
1273 1338 1323 1366 viri
1340 1339 1521 1366 monumentis
1544 1338 1628 1366 multo
1651 1343 1713 1373 post

919 1389 1034 1412 servatae
1048 1390 1076 1412 et
1097 1385 1238 1412 doctorum
1263 1384 1378 1413 lectione
1398 1390 1536 1420 usurpatae
1561 1389 1641 1417 sunt;
1663 1384 1712 1412 sed

921 1432 1050 1466 temporis
1063 1432 1172 1459 demum
1189 1436 1326 1459 vetustate
1342 1431 1550 1459 interciderunt.

954 1477 1001 1505 IX.
1024 1477 1119 1506 Annus
1135 1477 1236 1506 Christi
1261 1477 1326 1510 244,
1353 1479 1400 1513 qui
1432 1477 1485 1505 l'nit
1507 1477 1635 1513 Origenis
1651 1485 1710 1509 ιιι.

919 1523 1058 1551 Gordiano
1089 1528 1195 1552 sextum
1224 1523 1280 1558 jam
1310 1531 1410 1551 annum
1436 1524 1585 1558 imperanti
1617 1523 1711 1552 feralis

879 1603 902 1633 C
920 1601 963 1629 tiae
980 1600 1162 1629 differentiam
1179 1602 1296 1633 dicebat,
1310 1602 1331 1628 si
1345 1602 1439 1634 οὐσίαις
1458 1603 1566 1630 nomine
1579 1603 1710 1630 substan-

920 1637 984 1664 tiam
1001 1644 1053 1664 non
1066 1645 1208 1672 personam
1234 1637 1421 1670 intelligebat;
1449 1645 1536 1672 neque
1560 1638 1631 1664 enim
1655 1638 1707 1665 alia

903 1676 961 1707 ,est
977 1670 1127 1708 substantia
1142 1671 1242 1704 Patris.
1256 1672 1308 1699 alia
1324 1670 1386 1699 Filii
1401 1681 1409 1699 :
1426 1680 1477 1699 non
1492 1670 1601 1700 errabat
1615 1673 1708 1708 utique

919 1714 981 1735 cum
1002 1707 1145 1734 Dominum
1171 1713 1292 1734 nostrum
1310 1715 1362 1734 nou
1390 1708 1492 1734 habere
1519 1709 1626 1735 dicebat
1643 1707 1711 1742 pro-

928 1743 1006 1770 vriam
1021 1743 1160 1778 deitatem,
1180 1744 1227 1770 sed
1243 1747 1348 1770 tantum
1365 1747 1504 1778 paternam
1518 1744 1543 1770 in
1557 1743 1615 1778 ipso
1631 1744 1710 1770 inha-

938 1778 1058 1804 itantem.
1076 1777 1167 1812 Neque
1181 1778 1252 1804 enim
1267 1777 1376 1812 propria
1401 1782 1443 1805 est
1463 1777 1591 1805 divinitas
1607 1778 1708 1810 Patris,

919 1813 1027 1847 propria
1043 1812 1122 1846 Filii;
1140 1812 1187 1839 sed
1204 1821 1254 1839 una
1269 1816 1418 1847 eademque
1434 1818 1476 1839 est
1489 1813 1580 1840 Patris
1600 1821 1632 1840 ac
1644 1813 1708 1841 Filii

917 1855 948 1875 ac
966 1848 1083 1882 Spiritus
1098 1848 1184 1875 sancti
1200 1847 1328 1875 divinitas
1343 1857 1350 1874 :
1366 1848 1465 1882 alioqui
1480 1852 1536 1875 tres
1549 1852 1643 1875 essent
1658 1850 1707 1881 dii,

917 1891 969 1910 non
984 1891 1053 1910 unus
1065 1883 1145 1911 Dens.
1163 1883 1199 1909 ll:t
1215 1883 1237 1910 si
1250 1884 1337 1910 sensit
1349 1883 1480 1918 Beryllus.
1499 1884 1635 1910 immerito
1651 1884 1710 1911 cul—

918 1925 996 1953 patur
1025 1918 1098 1953 quod
1125 1919 1341 1946 ecclesiasticam
1375 1919 1539 1953 perrerlerit
1565 1918 1706 1954 regulam:

918 1955 973 1981 imo
996 1954 1140 1980 Arianismi
1169 1961 1243 1980 reum
1269 1961 1299 1981 se
1325 1954 1415 1989 prodit
1428 1955 1485 1988 ipse
1512 1954 1655 1987 Eusabius,
1683 1956 1706 1982 si

918 1990 1007 2016 haect-e
1023 1995 1101 2016 vocat
1130 1996 1199 2015 nova
1217 1992 1245 2016 et
1259 1989 1294 2017 ab
1325 1989 1462 2016 catholica
1489 1989 1542 2017 iide
1554 1990 1641 2016 aliena
1659 1989 1709 2016 do-

917 2029 1020 2058 gmata.
1050 2024 1147 2052 Verum
1169 2024 1314 2052 admodum
1338 2024 1478 2059 probabile
1505 2030 1545 2052 est
1570 2024 1706 2060 Beryilum

916 2059 1009 2086 οὐσίαν
1025 2060 1162 2095 accepisse
1176 2067 1225 2093 pro
1237 2067 1363 2094 persona,
1386 2068 1462 2087 more
1476 2061 1516 2087 sui
1531 2059 1635 2092 saeculi,
1653 2067 1707 2095 quo

915 2095 994 2122 οὐσία
1009 2101 1036 2122 et
1058 2089 1218 2127 ὑτὲόσταᾱις,
1233 2089 1304 2123 inter
1317 2103 1347 2123 se
1357 2089 1611 2122 'conl'undebantur.
1628 2089 1708 2122 Εἶναι

918 2130 963 2157 bat
978 2131 1060 2166 igitur
1079 2130 1212 2165 Beryllus,
1229 2131 1276 2165 qui
1304 2130 1443 2166 Christum
1460 2136 1524 2157 ante
1539 2131 1707 2158 incarnatio—

918 2173 979 2192 nem
993 2165 1092 2192 itullam
1111 2167 1225 2200 propriae
1239 2173 1363 2200 persona:
1377 2165 1558 2193 diil'crentiatn
1578 2166 1707 2193 habuisse

882 2216 903 2244 ο
918 2201 1035 2244 dicebat.
1047 2201 1127 2228 Certe
1141 2201 1327 2244 Hieronymus
1340 2201 1366 2244 in
1383 2200 1511 2244 Catpiogo
1528 2201 1653 2244 Iseriptor.
1667 2209 1708 2242 ec:

921 2236 1074 2267 clesiastic.,
1100 2245 1160 2270 cap.
1182 2237 1228 2267 60.
1246 2244 1298 2263 non
1321 2237 1347 2263 id
1369 2238 1440 2270 quod
1455 2236 1587 2263 Eusebius
1599 2236 1707 2264 crimini

922 2272 1003 2307 vertit
1021 2272 1145 2306 lleryllo;
1169 2272 1216 2298 sed
1237 2272 1263 2298 id
1288 2271 1375 2299 solum
1393 2273 1503 2304 asserit,
1525 2271 1660 2307 Beryllum
1679 2272 1707 2299 in

921 2306 1047 2334 lia-resin:
1071 2307 1209 2339 incidisse,
1230 2315 1240 2332 ι
1257 2314 1317 2341 qua:
1343 2307 1480 2334 Christum
1498 2312 1561 2333 ante
1579 2306 1708 2334 incarna-

922 2342 1021 2378 tionem
1038 2347 1126 2377 negat.
1146 2351 1156 2367 ι
1173 2342 1211 2378 De
1222 2342 1318 2370 haeresi
1334 2341 1431 2378 Berylli
1454 2342 1646 2378 intelligendus
1666 2347 1709 2370 est

921 2373 1045 2411 Origenis
1057 2373 1131 2404 [deus
1148 2378 1173 2404 in
1186 2373 1530 2411 Commentariis'Ept'stolte
1544 2373 1591 2405 'ad
1608 2377 1707 2409 Titum,

921 2412 966 2447 qui
983 2412 1023 2439 sic
1039 2413 1142 2448 habet:
1158 2421 1168 2438 t
1197 2413 1250 2440 Sed
1277 2418 1305 2440 et
1332 2420 1378 2440 eos
1394 2413 1439 2448 qui
1459 2414 1595 2439 hominem
1614 2413 1707 2440 dicunt

923 2448 1063 2474 Dominum
1085 2447 1178 2475 Jesum
1201 2447 1409 2482 prmcoguitutn’
1422 2454 1450 2475 et
1470 2449 1706 2480 praedestinatum.

922 2483 967 2516 qui
986 2489 1048 2509 ante
1061 2484 1206 2510 adventum
1222 2485 1358 2510 carnalem
1374 2483 1590 2510 substantialiter
1602 2489 1629 2509 et
1647 2491 1707 2516 pro-

921 2518 980 2552 prie
1008 2526 1059 2545 non
1085 2519 1233 2550 exstilertl,
1259 2521 1306 2546 sed
1328 2520 1399 2553 quod
1416 2519 1496 2545 homo
1513 2524 1592 2544 natus
1617 2518 1707 2545 Patris

921 2554 1005 2580 solum
1021 2553 1046 2580 in
1057 2561 1087 2581 se
1103 2554 1227 2581 habuerit
1242 2554 1382 2584 deitatem.
1395 2561 1428 2580 ne
1441 2555 1513 2588 ipsos
1524 2555 1633 2587 quidem
1648 2554 1707 2580 sine

921 2590 1042 2622 periculo
1057 2589 1186 2616 Ecclesia:
1205 2589 1316 2616 sociari.
1340 2599 1348 2614 I
1371 2589 1491 2615 [Libetur
1513 2590 1555 2615 Inc
1578 2589 1652 2614 locus
1680 2590 1706 2614 in

919 2624 1087 2658 Apologetico
1105 2624 1236 2658 Pamphili
1249 2633 1295 2658 pro
1309 2625 1397 2658 θήρη
1412 2631 1436 2650 e.
1457 2624 1481 2655 i,
1498 2633 1524 2658 p.
1538 2623 1586 2649 ‘22.
1613 2623 1707 2649 Menu-

921 2661 961 2686 nit
977 2659 1058 2686 etiam
1080 2659 1236 2686 Gennadius
1258 2660 1283 2686 in
1299 2659 1369 2686 libro
1389 2659 1426 2685 De
1440 2661 1606 2693 dogmatibus
1629 2659 1705 2689 eccl.,

919 2702 980 2730 cap.
992 2695 1010 2721 4
1024 2703 1052 2721 :t
1072 2694 1164 2729 Neque
1178 2695 1218 2730 sic
1234 2699 1275 2722 cst
1294 2700 1374 2721 natus
1390 2701 1422 2721 ex
1440 2693 1560 2729 Virgine.
1579 2698 1606 2719 ut
1622 2700 1649 2720 et
1666 2695 1706 2730 dif

921 2729 1041 2758 vinitatis
1062 2731 1169 2757 initium
1191 2729 1272 2757 homo
1295 2730 1433 2757 llaSCl'lltiO
1456 2730 1602 2764 acceperit,
1628 2729 1706 2763 quasi

920 2770 1065 2800 antequam
1085 2769 1244 2793 nasceretur
1254 2774 1286 2793 ex
1306 2765 1520 2800 VirgiucLDcus
1544 2773 1596 2792 non
1614 2764 1705 2796 fuerit,

920 2799 1181 2833 sicut’Artemonmt
1213 2801 1343 2836 iicrylius,
1372 2805 1398 2827 et
1428 2799 1572 2827 Marcellus
1604 2800 1706 2827 docue-

921 2841 992 2863 ΙἸΙΙΙΙ..
1001 2846 1011 2862 Ι

1525 2917 1566 2947 22
