1915 3079
219 122 272 151 (ἱεὸ

855 120 884 148 Ρ.
905 119 1062 147 DAMIUS
1078 116 1194 146 HUETll

1793 116 1843 143 ϐω

218 184 351 209 stratqun
369 182 396 208 in
422 188 452 208 se
468 180 713 208 Alexandrinorum
729 200 736 212 .
758 180 1004 214 praefectorumque
1018 182 1041 210 Α
1056 179 1103 205 lib.
1122 187 1159 211 iv,
1175 179 1242 206 hair.
1261 177 1291 205 5i
1306 199 1313 211 ,
1331 178 1478 212 coutigisae
1491 178 1533 210 id,
1547 185 1606 204 cum
1621 176 1763 203 immotam
1782 183 1842 202 seu-

218 226 323 255 acuisse
331 226 471 258 Invidiam,
482 230 510 253 et
525 226 678 260 potentium
693 226 851 253 inimicitias
862 233 912 260 pro
922 225 1003 253 Citri-

201 307 203 311 .
219 277 260 300 sto
277 271 458 307 appetivisse;
473 277 500 298 et
516 271 550 298 ab
565 271 598 299 iis
613 271 839 305 comprehensum
855 271 1002 305 aliquando

219 318 246 345 in
260 325 320 344 eam
338 317 423 344 fuisse
440 317 629 344 necesrtitatem
645 317 803 351 adductum,
821 322 849 343 ιιι
865 317 907 345 vel
924 317 1002 344 idolis

218 363 425 391 sacriﬁcandum
442 363 492 390 sibi
508 367 596 397 esset,
612 363 655 391 vel
670 362 806 396 Ethiopis
822 362 927 390 libidini
941 370 1002 390 cor-

218 416 268 442 pus
289 408 455 436 olferendum
474 416 549 443 :qua
578 408 615 435 rei
639 409 800 442 indignitate
823 413 1000 442 commotum,

216 453 304 480 virum
327 453 416 480 omnia
442 461 496 487 pne
520 454 609 481 studio
630 454 764 481 castitatis
789 458 1000 489 postpulantem,

217 506 272 530 tam
289 500 341 527 leni
354 508 384 527 se
398 507 430 527 ac
441 500 513 527 victo
529 500 619 528 animo
636 500 799 533 ostendisse,
815 504 844 526 ut
859 499 1000 527 sacriﬁca-

217 553 305 574 turum
319 553 348 573 se
364 546 516 580 reciperet;
535 553 584 573 nec
602 545 628 572 id
647 545 747 572 fecisse
761 550 861 577 tamen,
873 545 919 572 sed
937 546 1000 573 thus

217 593 244 619 in
271 598 368 618 manus
385 590 443 624 eius
466 591 620 624 impositum
639 591 672 618 ab
697 591 849 619 astantibus
869 591 894 618 in
911 591 1000 626 ignem

218 638 301 665 fuisse
314 643 457 664 excussum
482 636 570 672 (addit
585 637 692 664 Nicetas
710 636 787 664 Tim.
814 637 918 663 orthod.
935 636 998 670 ﬁdei

218 715 354 744 Demetrio
370 713 509 747 expulsum
526 713 618 747 fuisse,
633 714 705 748 quod
717 719 804 741 tamen
818 713 939 740 melioris
953 721 1001 741 no-

219 757 252 778 tae
267 755 392 777 auctores
409 748 539 784 referunt.
553 749 628 782 Quod
642 747 664 776 si
680 748 744 776 illud
767 749 902 784 praecipue
925 747 1002 784 flagi-

219 787 285 813 tium
301 791 389 811 causze
407 783 457 810 fuit
470 791 517 809 cur
532 784 676 811 damnatus
690 788 717 810 et
740 783 886 810 sacerdotii
911 784 1003 818 digni-

219 826 275 848 tate
291 825 388 847 exilius
406 818 488 845 fuerit
502 826 516 844 a
533 819 659 850 concilio,
673 817 710 845 iiIi
725 823 802 852 putat
817 817 1001 852 Huetius,’qui

220 856 277 883 fieri
291 855 377 889 potuit
392 858 421 880 ut
438 853 612 887 Jerosdlymis
627 854 747 889 ignotum
766 852 846 889 fuerit
867 853 1002 889 ejusmodi

218 887 333 919 crimen.
353 896 413 915 cum
430 889 492 915 illuc
509 890 582 916 venit
596 888 751 923 Origenes?
765 889 796 915 4ο
821 887 919 915 Narrat
933 888 1004 915 Pho-

219 927 272 952 tius
281 925 340 951 cod.
353 923 414 955 “8,
424 924 557 957 geminant
572 925 699 950 adversus
711 931 773 950 eum
786 930 906 950 coactam
921 923 1006 951 fuisse

218 961 486 995 synodunnquarum
501 959 575 995 prior
590 958 722 993 epist-opis
735 959 841 995 aliquot
852 964 879 985 et
893 959 1005 995 presby-

220 994 284 1021 teris
300 994 413 1022 conflata
429 1001 489 1020 eum
511 994 624 1021 docendi
643 1001 753 1020 munere
779 994 960 1020 abdicandum
978 999 1006 1020 et

218 1030 383 1058 Alexandria
415 1029 566 1062 prllendum
583 1029 685 1060 sanxit,
711 1029 871 1063 presbyterii
890 1028 1005 1063 dignita-

219 1070 271 1091 tcin
289 1072 340 1090 non
360 1063 479 1090 abstulit.
497 1062 550 1089 Cur
566 1071 618 1090 non
643 1063 765 1093 abstulit,
784 1062 844 1090 cum
867 1071 898 1090 ea
922 1062 1003 1097 pinna

218 1098 494 1132 delictohujusmodi,
510 1099 610 1125 latente
628 1099 743 1132 ipsumet
763 1098 871 1129 lluetio,
896 1103 1004 1132 aposto-

221 1135 282 1162 licis
296 1134 444 1161 canentibus
474 1133 661 1168 irrogaretur?
676 1133 816 1166 Quomodo
834 1133 982 1160 Palatstiua:
996 1153 1004 1166 ,

218 1170 343 1201 Arabiae,
379 1167 578 1196 l’hmniciafet
606 1169 715 1195 Achaiae
734 1167 860 1195 Ecclesim
877 1168 1005 1202 pratsules

219 1205 241 1239 of
255 1213 277 1232 ts
297 1212 407 1231 causam
429 1203 636 1237 suscepissent,
665 1204 830 1237 ptmdicandi
858 1210 954 1230 munus
979 1204 1004 1230 ei

221 1238 429 1267 commisissent.
448 1238 554 1272 aliaque
579 1239 726 1266 sacerdotii
751 1239 791 1265 sui
818 1238 909 1264 munia
929 1238 1005 1266 obire

218 1273 428 1309 permisissent?
445 1273 557 1300 Fallitur
573 1273 686 1300 Huetius
701 1281 762 1300 cum
779 1273 817 1300 ait
833 1281 866 1300 ex
884 1272 1004 1308 Epipha-

219 1310 265 1337 .t‘o
281 1315 407 1337 constare
438 1309 576 1335 dubitasse
603 1314 705 1335 tantum
722 1308 866 1343 Origeuein
898 1308 1006 1335 idolola-

220 1345 337 1372 triamue
356 1344 520 1374 admitteret,
545 1345 578 1370 ad
595 1343 701 1371 facinus
715 1351 767 1369 non
785 1344 897 1370 ontuino
910 1351 1005 1378 perve-

220 1380 303 1406 nisse.
330 1379 369 1405 En
388 1379 443 1412 ipsa
470 1378 612 1413 Etiipltauii
640 1379 721 1405 verba
737 1388 742 1404 :
758 1378 819 1404 Τῶν
842 1378 1005 1413 ἀμφοτέρων

219 1414 404 1450 προτεθέντων
434 1412 507 1474 non":
532 1413 710 1449 πραγμάτων,
731 1413 811 1439 θῦσαι
831 1412 929 1448 μᾶλλον
947 1412 1005 1440 ἑλό-

223 1458 313 1474 uavoc.
325 1450 356 1474 οὐ
377 1449 427 1474 ιιὴν
447 1448 475 1474 δὲ
508 1449 604 1474 κουσία
617 1448 712 1474 γνώιιτι
732 1449 842 1474 uincit.
860 1449 944 1474 τοῦτο
957 1450 1005 1474 ἐπ-

221 1448 313 1484 μὲνος,
325 1450 356 1475 οὐ
376 1449 427 1484 μὴν
443 1448 475 1484 γδὲ
493 1448 604 1484 ἑκουσίᾳ
617 1448 713 1484 γνώμῃ
732 1449 842 1484 μᾶλλςνν,
860 1449 944 1475 τοῦτο
957 1450 1005 1475 ἐπ-

219 1483 351 1515 ὲτέλεσεν,
361 1484 398 1515 ὡς
408 1483 490 1514 πολὺς
499 1483 676 1518 ᾄδεταιλόγος
687 1493 693 1499 ι
700 1483 760 1510 ἀλλ’
768 1483 860 1519 ἐπειδὴ
867 1484 933 1515 ὅλως
943 1484 1005 1510 καθ-

219 1519 378 1554 ωμολόγησε
398 1519 476 1544 τοῦτο
499 1519 617 1554 πρᾶξαιλ
631 1519 756 1553 βαλόντες
773 1519 818 1545 ἐπὶ
835 1521 913 1554 χεῖρα
923 1519 1004 1546 αὑτοῦ

219 1555 337 1587 λίὸανον,
352 1555 391 1586 εἰς
405 1553 453 1589 τὴν
469 1553 626 1589 τοῦβωμοῦ
640 1555 727 1589 πυρὰν
741 1553 884 1590 καθῆκαν(
895 1554 1002 1581 Duobus

220 1590 273 1617 illis
287 1591 437 1623 propositis,
468 1590 617 1623 sacriﬁcare
645 1591 748 1616 maluit.
771 1589 926 1621 Quanquam
952 1598 1002 1616 non

220 1626 324 1651 omnino
354 1630 446 1657 sponte
463 1623 528 1650 illud
557 1633 604 1650 sua
632 1625 786 1658 prwslitisse
800 1624 874 1658 vulgo
887 1625 1002 1657 dicitur;

220 1660 264 1686 sed
278 1660 321 1686 ubi
333 1659 411 1686 semel
427 1659 474 1685 hoc
493 1668 518 1686 se
531 1667 585 1686 esse
600 1659 732 1694 [acturum
748 1668 869 1686 assensus
882 1665 929 1692 est,
944 1659 1003 1685 llius

220 1696 246 1720 in
261 1702 354 1721 manus
379 1694 450 1721 illius
466 1694 615 1729 impositum
632 1695 660 1721 in
671 1694 817 1729 subjectum
834 1702 887 1722 ara:
917 1695 1003 1728 focum

220 1731 366 1756 ea'cussiase
383 1729 489 1763 gentiles
507 1735 639 1756 asserunt.
660 1731 684 1756 Id
698 1737 761 1763 ergo
774 1730 852 1756 uuicc
867 1730 930 1756 dicit
942 1729 1005 1763 Epi-

221 1766 348 1799 pltauitts,
361 1766 499 1790 dubitasse
510 1765 652 1791 nonnullos
667 1773 700 1791 an
719 1770 859 1798 postquam
875 1765 1004 1798 Origenes

221 1801 437 1827 sacriﬁcaturum
453 1807 482 1826 se
496 1807 555 1826 esse
567 1808 696 1826 assensus
708 1806 758 1830 est,
774 1799 888 1834 ipsemet
903 1801 964 1826 thus
977 1800 1002 1825 iit

221 1835 308 1870 ignorit
324 1843 377 1860 ara:
393 1835 545 1868 imp0sitttm
560 1835 690 1870 iitjecerit.
708 1835 744 1862 De
759 1842 871 1862 assensu
888 1839 1002 1864 constat:

221 1870 295 1904 atqui
322 1870 473 1896 asseusisse
500 1871 566 1896 satis
580 1875 639 1896 erat
661 1875 688 1896 ut
704 1871 869 1904 pwnitcntia:
886 1870 999 1903 publica!

221 1905 412 1937 subjiceretur.
431 1912 461 1932 ac
480 1907 592 1939 proinde
617 1905 763 1932 sacerdotii
778 1905 910 1939 dignitate
927 1905 1001 1931 exci-

222 1942 307 1972 deret,
321 1948 381 1965 cum
394 1939 522 1974 Origenes
536 1941 592 1974 ipse
604 1940 673 1967 libro
687 1941 765 1966 tertio
780 1947 871 1966 contra
884 1939 1002 1972 Celsum,

222 1983 295 2001 ttmit.
314 1975 358 2006 51,
373 1983 432 2009 pag.
449 1975 510 2007 482,
524 1975 598 2002 dicat
611 1975 778 2009 piianitentite
793 1975 903 2008 publica:
921 1976 1004 2001 obno-

224 2011 282 2037 Χῖοι
295 2018 326 2036 ea
342 2015 446 2036 tantitnt
463 2011 617 2037 conditione
633 2011 727 2045 recipi,
750 2015 778 2036 ut
794 2011 921 2043 quoniam
936 2009 1002 2044 lapsi

222 2052 286 2072 sunt
301 2045 480 2072 excludantur
495 2046 520 2070 in
537 2050 672 2078 posterum
698 2046 732 2071 ab
746 2046 870 2077 omnibus
883 2045 999 2077 dignita-

222 2081 294 2107 tibus
311 2086 338 2107 et
353 2079 557 2113 magistratibus
568 2080 769 2107 ecclesiasticis.
788 2079 906 2111 Quod-si
925 2079 1003 2106 Nice—

223 2121 265 2143 tas
287 2116 352 2142 dicit
369 2115 512 2149 Origencnt
539 2118 679 2141 immutata
705 2116 839 2141 sententia
863 2122 1003 2141 revocasse

222 2150 397 2186 promissum,
415 2158 500 2184 eoque
517 2155 589 2177 stare
613 2149 902 2186 detrectasse,rstatitn
917 2150 1004 2186 haddit

222 2184 295 2216 eum,
308 2194 368 2212 cunt
383 2190 533 2219 urgeretur,
551 2187 574 2211 id
588 2191 676 2211 tamen
693 2184 860 2219 praestitisse.
877 2185 905 2211 5'
917 2184 1000 2211 'l‘anta

222 2220 387 2255 inOrigenis
413 2221 520 2255 scriptis
538 2220 636 2254 ubique
652 2221 738 2246 elucet
761 2220 910 2250 humilitas,
927 2224 955 2245 ut
978 2221 1001 2246 si

224 2254 375 2288 huiusmodi
391 2254 483 2289 ﬂagitii
500 2263 560 2282 rcus
575 2255 679 2288 fuisset,
693 2261 767 2281 certo
780 2255 908 2281 ailirmari
920 2259 1002 2289 queat

224 2290 343 2316 futurum
358 2289 441 2316 fuisse
456 2296 483 2316 Ill
496 2298 631 2324 nunquam
645 2298 678 2316 ex
695 2290 765 2316 illius
781 2291 911 2316 memoria
932 2291 1002 2316 exci-

223 2325 309 2351 disset
326 2325 369 2351 ille
382 2325 475 2358 psalmi
499 2326 571 2352 locus
592 2326 617 2351 ιιι
634 2334 713 2359 queui
732 2324 908 2359 Jerosolyniis
933 2326 1002 2351 ilici—

223 2360 296 2386 disse
313 2360 409 2390 fertur,
425 2365 452 2386 et
466 2360 516 2386 sibi
536 2365 665 2394 pt‘l'pelllt)
687 2360 871 2386 interdixisset
893 2365 920 2386 et
933 2368 1001 2394 μνω-

224 2395 359 2422 tlicatioue
372 2399 399 2420 et
413 2395 613 2428 Scriptnrarum
631 2395 863 2428 interpretatione.
877 2395 959 2422 Certe
975 2396 1001 2422 in

223 2437 255 2457 ea
270 2437 352 2464 quam
363 2429 505 2456 Atlibl‘OSlO
517 2436 543 2455 et
565 2429 719 2457 Protoiecto
732 2431 804 2456 misit
814 2432 885 2457 circa
903 2438 1002 2456 annum

222 2465 286 2498 255,
302 2464 495 2490 Ezltortutione
508 2466 542 2490 ad
554 2466 726 2500 martyrium,
743 2465 882 2499 pristinam
898 2466 1003 2492 idolola~

224 2501 282 2527 trite
310 2508 366 2526 su.e
383 2502 490 2532 cttlpant
515 2499 612 2527 tit-ﬂere
631 2499 686 2526 tum
705 2500 848 2527 omisisset,
865 2500 893 2526 6°
907 2500 1002 2527 Mirum

222 2543 288 2562 sane
303 2535 433 2568 ejusmodi
447 2535 552 2562 facinus
561 2535 605 2562 uiti
625 2536 694 2561 inter
706 2541 808 2561 veteres
819 2540 912 2562 notum
921 2536 1003 2562 fuisse

223 2571 385 2604 Epiphanio,
398 2571 443 2604 qui
473 2570 580 2597 aliunde
594 2578 637 2596 res
654 2578 712 2604 quae
726 2572 760 2596 ad
782 2569 906 2604 Origenis
920 2571 1001 2596 vitam

222 2607 369 2638 pertinent,
385 2613 478 2640 parum
497 2606 580 2632 scisse
601 2606 716 2631 videtnr.
732 2605 867 2638 Nusquam
881 2607 1003 2632 meminit

224 2641 404 2666 Uettietriante
422 2646 551 2667 adversus
568 2648 628 2666 eum
646 2641 840 2673 persecutionis
853 2660 860 2671 ,
890 2647 939 2667 nec
958 2647 1003 2674 ge-

223 2677 303 2702 mina:
320 2675 415 2710 synodi
431 2683 545 2708 quarunt
573 2676 658 2701 allrra
683 2676 780 2701 exsilio
800 2675 900 2709 pulstis,
918 2675 1002 2701 altera

222 2712 376 2737 sacerdotio
400 2716 427 2737 et
453 2710 571 2737 Ecclesia
600 2710 647 2736 fuit
673 2710 821 2741 abdicatus,
851 2717 1002 2744 quanquam

222 2745 354 2778 ejusmodi
372 2746 442 2772 facta
455 2753 516 2772 sese
531 2751 626 2779 sponte
636 2745 786 2772 oll‘erebant
803 2745 946 2771 inserenda
970 2744 998 2771 li-

222 2781 270 2806 bro
288 2788 339 2812 quo
362 2780 506 2815 Origcnein
535 2787 661 2814 tanquam
691 2782 845 2807 haereticutn
862 2781 1003 2807 traducere

262 2848 298 2880 (a)
320 2849 419 2875 Cuncti.
438 2854 457 2876 t.
472 2849 501 2880 Υ,
516 2857 541 2883 p.
556 2849 617 2876 tib".

1056 225 1138 252 tentia
1147 230 1289 252 revocaret
1297 225 1469 258 promissum,
1479 230 1563 257 eoque
1571 227 1644 249 stare
1650 220 1840 255 detrectaret):

1056 271 1119 298 hinc
1132 270 1219 304 ipsum
1238 273 1310 297 tanta
1324 276 1464 304 aspersum
1475 275 1535 296 esse
1544 267 1667 300 infantia,
1679 271 1708 295 ut
1721 265 1840 294 Ecclesia

1055 316 1236 351 depelleretur
1252 323 1261 348 ;
1286 322 1402 350 cumque
1419 315 1551 347 ludibria,
1575 319 1602 341 et
1615 314 1757 341 Oculorum
1775 319 1840 340 cou-

1051 363 1173 396 jectum,
1192 361 1292 396 quibus
1316 365 1346 387 ut
1372 359 1514 387 idololatra
1538 359 1747 391 destinabatur,
1771 357 1841 384 ferre

1057 416 1110 435 non
1133 412 1240 442 posset,
1262 406 1370 434 invidiae
1395 406 1559 434 detestanda:
1579 405 1665 441 gratia
1688 404 1840 432 Cmsaream

1054 453 1257 486 commigrasse.
1275 451 1388 479 Constat
1413 455 1488 478 certe
1508 459 1541 478 ex
1563 451 1657 478 eodem
1675 449 1840 485 Epiphanio,

1054 499 1193 526 dubitasse
1210 502 1313 525 tantum
1328 497 1471 532 Origenom
1486 496 1701 524 idololatriamue
1713 495 1837 523 admitte

1054 549 1106 578 ret,
1120 543 1153 570 ad
1168 543 1273 571 facinus
1288 551 1342 571 non
1364 543 1476 572 omnino
1498 542 1672 578 pervenisse;
1690 548 1752 577 quas
1778 547 1839 567 cuin

1053 589 1186 616 dubitatio
1207 588 1310 616 crimen
1340 593 1428 615 tamen
1455 587 1514 622 ipsa
1538 587 1584 618 sit,
1609 586 1666 622 (55)
1692 585 1839 612 adtnissum

1053 634 1208 663 humanitus
1220 639 1361 669 peccatum
1374 633 1532 668 tempestiva
1547 638 1575 659 et
1588 631 1690 659 salubri
1704 631 1841 666 pteniten-

1055 713 1108 751 sibi
1122 717 1310 751 proposuerat.
1323 711 1349 737 7·
1361 711 1405 737 Ait
1415 711 1631 751 Origenenipost
1644 717 1722 751 suum
1735 709 1839 751 lapsum

1055 753 1082 775 et
1098 746 1260 775 Alexandria
1276 747 1425 773 discessum
1453 747 1479 772 in
1501 746 1623 772 notitiam
1641 746 1779 772 Ambrosii
1798 753 1840 773 ve-

1053 783 1143 813 nisse;
1161 783 1222 810 huic
1247 782 1295 816 ipsi
1314 786 1343 808 ut
1356 781 1478 816 haeresim
1493 780 1612 814 eiuraret
1627 785 1774 816 auctorem
1790 789 1838 807 ex-

1058 819 1173 850 stitisse;
1187 815 1360 845 Ambrosium
1375 815 1409 842 ab
1420 815 1535 851 Origene
1550 816 1746 851 postulassent
1763 815 1838 843 Scri-

1055 858 1146 888 pturas
1162 853 1212 880 sibi
1239 850 1478 888 interpretatione
1492 851 1671 885 patefaceret;
1694 850 1838 888 origenem

1060 885 1126 914 vero
1146 893 1175 915 tit
1189 885 1469 914 ltortanti’Ambrosio
1487 893 1536 920 pro
1560 893 1592 912 eo
1616 891 1699 920 atque
1716 885 1753 912 illi
1772 893 1839 914 con-

1057 923 1184 958 gruebat,
1200 923 1377 951 satisfaceret.
1392 922 1546 958 universam
1569 921 1740 958 Scripturatn
1755 922 1841 958 inter-

1057 956 1208 991 pretatione
1228 966 1277 985 sua
1294 963 1320 984 et
1338 957 1507 989 expositione
1524 956 1662 983 declarare
1675 956 1838 985 instituit-Se.

1057 993 1133 1026 Quod
1147 1001 1207 1020 cum
1225 993 1334 1019 omnino
1348 991 1444 1018 falsum
1464 998 1524 1018 esse
1544 996 1666 1024 constet,
1683 991 1769 1024 major
1788 993 1840 1019 erit

1055 1036 1144 1062 error,
1161 1030 1182 1055 si
1202 1028 1259 1054 huic
1282 1032 1342 1062 post
1361 1027 1503 1062 Decianam
1517 1027 1735 1062 persecutionem
1749 1028 1839 1053 couti~

1056 1060 1329 1097 gisse‘exisuma‘vit.
1358 1062 1390 1089 8°
1409 1061 1538 1096 Origenes
1566 1060 1636 1087 forte
1663 1061 1758 1095 viginti
1778 1068 1841 1089 octo

1057 1098 1194 1133 incursibus
1204 1097 1265 1133 Tyri
1277 1105 1327 1124 non
1341 1102 1523 1133 commoratus
1533 1101 1585 1126 est,
1597 1101 1624 1122 et
1636 1101 1730 1133 tamen,
1738 1097 1843 1133 sirtides

1055 1138 1097 1160 est
1115 1131 1265 1167 Epiphanio
1279 1133 1325 1158 lib.
1340 1131 1377 1158 De
1390 1134 1470 1165 pond.
1485 1137 1509 1157 et
1527 1139 1619 1163 meum,
1643 1139 1704 1165 pag.
1721 1131 1783 1163 175,
1807 1133 1842 1158 ab

1056 1169 1113 1200 ejus
1129 1168 1295 1195 Alexandria
1323 1168 1443 1194 diScessu
1460 1171 1485 1193 et
1501 1171 1642 1199 postquam
1667 1167 1840 1200 aliquantum

1057 1205 1184 1237 temporis
1199 1201 1557 1262 consumpsitJerosolf'mis
1571 1207 1598 1228 et
1626 1201 1769 1232 (lassare-tt,
1799 1203 1836 1229 vi-

1057 1238 1122 1262 ginti
1140 1242 1201 1262 (ιι-ιο
1216 1238 1294 1262 annis
1317 1238 1343 1262 in
1357 1244 1463 1262 secessu
1496 1237 1561 1262 ‘vrio
1585 1244 1670 1262 sacrae
1687 1236 1836 1262 Scriptura

1056 1238 1122 1271 ginti
1140 1242 1201 1265 octo
1216 1238 1294 1264 anuis
1317 1238 1343 1264 in
1357 1244 1463 1264 secessu
1481 1236 1561 1272 Tyrio
1585 1236 1841 1272 sacrzeScriptura

1056 1281 1166 1306 operam
1186 1273 1270 1300 dedit.
1291 1273 1423 1299 Praeterea
1441 1271 1509 1305 quis
1524 1271 1593 1298 ferat
1609 1271 1786 1306 Epiphaniam
1800 1273 1843 1298 di-

1057 1305 1161 1335 centem
1175 1308 1253 1335 Decio
1264 1308 1424 1341 imperatore
1434 1307 1602 1333 Alexandriae
1610 1306 1734 1333 ﬂoruisse
1742 1305 1841 1341 Orige-

1057 1352 1128 1375 ncm,
1137 1343 1258 1376 cnmjam
1268 1343 1418 1377 imperante
1426 1341 1545 1376 Septimo
1552 1341 1663 1371 Severo.
1672 1348 1688 1367 ι.
1697 1341 1753 1368 fere
1762 1342 1843 1370 annis

1056 1384 1119 1405 ante
1132 1378 1259 1411 Decium,
1278 1376 1374 1412 magna
1390 1377 1473 1404 fuerit
1489 1376 1614 1410 Origenis
1633 1376 1780 1412 celebritas
1794 1397 1801 1408 ,
1813 1382 1843 1404 et

1055 1413 1148 1447 viginti
1170 1418 1231 1441 ante
1252 1411 1359 1441 Decium
1391 1413 1470 1439 annis
1495 1411 1676 1443 Alexandria,
1699 1419 1841 1447 nunquam

1057 1446 1119 1475 illuc
1138 1455 1312 1480 reversurus,
1327 1447 1512 1474 excessisset?
1527 1446 1604 1479 Quod
1628 1447 1649 1473 si
1665 1454 1715 1481 pro
1738 1446 1842 1473 severo

1056 1483 1158 1510 dixeris
1178 1483 1341 1518 imprudenti
1369 1484 1508 1516 irrepsisse
1532 1481 1657 1512 Decium,
1680 1489 1739 1518 cur
1752 1483 1842 1509 adhuc

1058 1516 1224 1553 Epiphanius
1235 1519 1282 1545 lib.
1301 1518 1339 1544 De
1352 1518 1433 1552 ponit.
1449 1523 1473 1544 et
1489 1525 1588 1553 mena,
1611 1524 1674 1551 pag.
1691 1516 1760 1551 174,
1775 1518 1843 1544 scri-

1056 1552 1112 1587 psit
1134 1553 1277 1587 Origeuem
1301 1553 1334 1580 ab
1357 1553 1528 1587 iittpcratoi‘is
1546 1552 1617 1578 Decii
1642 1558 1784 1587 tempore,
1806 1553 1843 1580 ad

1055 1586 1159 1616 Gallum
1175 1586 1202 1615 et
1219 1586 1403 1621 Volusiauum,
1425 1593 1455 1614 et
1470 1587 1538 1614 ultra
1562 1586 1707 1613 floruisse?
1723 1586 1775 1614 Ubi
1791 1587 1843 1614 du-

1055 1624 1114 1657 plex
1134 1631 1221 1657 error,
1241 1631 1301 1650 ctuti
1319 1623 1415 1649 Decius
1429 1630 1476 1656 pro
1498 1622 1598 1649 Severo
1613 1622 1722 1656 ponitttr
1738 1629 1765 1648 et
1783 1624 1842 1649 Uri-

1054 1659 1131 1692 genis
1147 1666 1221 1685 mors
1244 1660 1312 1684 ultra
1329 1659 1471 1692 imperium
1487 1657 1557 1684 Galli
1580 1663 1606 1683 et
1622 1657 1758 1683 Volusiani
1778 1659 1843 1692 reji-

1055 1695 1134 1721 citur.
1152 1693 1223 1728 Ergo
1240 1701 1293 1727 quo
1306 1693 1394 1720 serius
1406 1693 1546 1720 ditl'eretnr
1561 1692 1684 1726 Origeuis
1699 1693 1793 1727 lapsus
1807 1694 1842 1720 ad

1056 1729 1171 1755 Deciana
1186 1735 1316 1763 tempora.
1338 1736 1369 1755 eo
1384 1728 1483 1761 majora
1502 1732 1644 1762 suppetent
1665 1734 1837 1761 argumenta,

1055 1763 1151 1796 quibus
1169 1765 1280 1791 evidens
1299 1764 1343 1789 fiet
1367 1763 1444 1797 plane
1466 1763 1557 1789 rudem
1573 1768 1599 1789 et
1624 1763 1797 1797 peregrinum
1812 1763 1839 1789 in

1055 1799 1180 1833 tlrigeuis
1197 1799 1250 1825 vita
1267 1799 1350 1825 fuisse
1367 1798 1554 1832 Epiphaniam.
1572 1798 1600 1824 9n
1613 1797 1708 1824 Mirum
1728 1805 1781 1824 non
1800 1803 1843 1824 est

1054 1835 1075 1859 si
1092 1832 1225 1867 ejusmodi
1247 1834 1365 1861 fabulam
1388 1834 1486 1860 veteris
1512 1832 1652 1866 scriptoris
1673 1833 1843 1859 auctoritate

1055 1869 1144 1895 nixam
1168 1874 1261 1903 postea
1286 1869 1450 1903 reliquorum
1473 1867 1627 1894 Gratcoru'm
1647 1868 1743 1902 vulgus
1757 1868 1841 1903 rnuilo

1054 1902 1179 1930 examino
1193 1904 1316 1938 arripuit.
1329 1902 1407 1930 Certe
1420 1903 1490 1929 illius
1503 1903 1603 1938 mentio
1618 1902 1647 1928 fit
1658 1904 1727 1937 apud
1740 1902 1840 1929 Nemev

1053 1939 1136 1970 sitim,
1159 1940 1205 1966 sed
1225 1939 1316 1973 procul
1335 1939 1416 1965 dubio
1438 1946 1495 1965 eam
1512 1939 1538 1963 in
1561 1937 1709 1972 Epiphanio
1725 1938 1839 1971 legerat.

1055 1973 1112 2008 liirc
1137 1975 1204 2001 adde
1230 1975 1299 2008 quod
1327 1973 1464 2000 Nemesi’us
1479 1973 1570 2005 exigui
1591 1973 1735 1999 admodum
1751 1977 1794 2000 est
1812 1974 1839 2000 in

1054 2007 1172 2035 Ecclesia
1196 2007 1341 2043 ponderis,
1366 2013 1393 2034 et
1417 2010 1449 2035 tle
1474 2012 1595 2041 tempore
1614 2015 1667 2041 quo
1683 2008 1749 2034 vixit
1771 2008 1840 2035 nihil

1054 2045 1122 2070 certi
1142 2042 1292 2078 hucusque
1312 2049 1478 2078 compertum
1495 2048 1546 2070 est.
1565 2042 1602 2078 (a)
1623 2043 1740 2077 Scripsit
1753 2043 1840 2070 Justi-

1054 2080 1151 2106 itiatius
1169 2079 1247 2105 idolis
1272 2079 1441 2106 sacrificasse
1464 2079 1608 2111 Origenem
1625 2078 1734 2104 Christo
1757 2079 1841 2105 abne-

1054 2119 1127 2148 gato,
1142 2114 1221 2148 idque
1236 2114 1314 2140 fateri
1333 2115 1456 2148 proprios
1469 2113 1525 2146 ejus
1549 2118 1721 2148 sectatores:
1740 2119 1768 2139 at
1793 2122 1840 2140 au-

1055 2147 1168 2175 uli)ritas
1178 2147 1331 2175 ’Jiistiuiani
1343 2168 1350 2180 ,
1365 2147 1429 2175 licet
1442 2150 1520 2175 aliter
1534 2149 1636 2175 sentiat
1653 2147 1776 2179 Iluetiiis,
1793 2157 1842 2183 pa-

1057 2191 1115 2210 rum
1140 2184 1210 2210 valet
1234 2185 1266 2210 ad
1290 2183 1422 2217 ejusmodi
1449 2184 1588 2210 ltisioriain
1612 2185 1839 2211 continuandam.

1056 2217 1187 2246 Leontius
1202 2219 1365 2253 Byzantius,
1383 2219 1488 2246 Nicetas
1506 2218 1666 2250 Cttouiates,
1681 2218 1783 2251 aliique
1799 2227 1841 2245 re-

1055 2254 1190 2281 centiores
1204 2254 1301 2285 Graeci,
1312 2262 1405 2281 omnes
1418 2254 1528 2289 Origeui
1545 2253 1730 2285 infensissimi,
1747 2260 1841 2287 aperte

1056 2294 1202 2322 sequuntur
1216 2289 1406 2324 Epiphaniam.
1421 2291 1473 2316 acti
1494 2289 1552 2322 ejus
1564 2289 1650 2314 errori
1665 2290 1770 2324 pondus
1786 2297 1839 2315 non

1056 2324 1131 2350 addit
1142 2325 1296 2358 sequacium
1310 2324 1503 2358 numerus,qui
1515 2325 1593 2358 longo
1606 2328 1667 2357 post
1683 2323 1761 2349 illum
1771 2329 1840 2350 tent-

1056 2366 1121 2393 pore
1136 2365 1270 2387 Vixerunt.

1090 2393 1146 2429 (55)
1163 2393 1313 2421 Admissum
1328 2394 1480 2421 humanitas
1496 2398 1629 2427 peccatum
1642 2393 1794 2428 tempestiua
1815 2398 1838 2420 et

1056 2430 1155 2455 salubri
1181 2430 1332 2463 pmtttentia
1353 2431 1512 2456 emendasse.
1539 2429 1586 2456 liis
1605 2434 1680 2455 certe
1706 2433 1839 2463 repugnat

1057 2465 1126 2498 quod
1143 2465 1181 2491 ait
1194 2465 1250 2499 ipse
1265 2464 1394 2500 Origenes
1411 2465 1436 2491 iu
1457 2464 1570 2499 epistola
1585 2464 1628 2500 ad
1640 2463 1744 2490 amicos
1759 2472 1839 2498 quos-

1056 2501 1117 2525 dam
1132 2499 1330 2527 Alexandrinos
1349 2500 1427 2534 paulo
1443 2505 1583 2534 postquam
1598 2499 1763 2525 Alexandria
1779 2500 1836 2526 exi-

1057 2534 1124 2560 isset
1139 2535 1256 2569 scripta,
1268 2543 1320 2569 qua
1331 2555 1339 2569 ,
1354 2539 1422 2562 teste
1436 2535 1599 2569 Hieronymo
1628 2534 1675 2561 lib.
1692 2541 1711 2560 ti
1732 2536 1836 2561 advers.

1057 2569 1159 2602 Betim,
1175 2571 1337 2597 Demetrium
1353 2570 1463 2602 lacerat,
1479 2575 1507 2597 et
1524 2571 1549 2596 in
1563 2570 1704 2604 episcopos
1716 2575 1745 2595 et
1759 2570 1837 2596 cleri-

1057 2612 1103 2630 cos
1117 2605 1168 2632 sibi
1190 2606 1317 2632 adversos
1332 2606 1483 2638 invehitur,
1499 2610 1526 2632 et
1542 2603 1643 2631 frustra
1659 2605 1694 2632 ab
1707 2604 1837 2632 Ecclesiis

1057 2640 1320 2675 circommunicatum
1343 2648 1403 2667 esse
1422 2648 1451 2667 se
1467 2641 1540 2667 dicit.
1561 2639 1703 2674 Repugnat
1721 2645 1748 2666 et
1767 2640 1835 2675 quod

1057 2675 1094 2700 ait
1108 2675 1135 2700 in
1151 2674 1313 2708 Pro-[alioue
1336 2680 1399 2702 ton.I
1416 2676 1446 2701 Vl
1463 2677 1490 2702 in
1509 2675 1654 2707 Joannem,
1677 2682 1759 2709 quem
1785 2682 1836 2702 non

1057 2709 1141 2736 multo
1163 2714 1221 2744 post
1243 2716 1324 2744 quam
1345 2711 1508 2737 Alexandria
1523 2710 1675 2737 Casaream
1699 2711 1834 2745 migravit,

1057 2748 1146 2771 denuo
1170 2751 1283 2771 exorsus
1302 2750 1359 2778 est,
1382 2754 1414 2773 eo
1435 2747 1506 2779 quod
1524 2746 1639 2780 priorem
1660 2747 1834 2780 scripttottem

1056 2779 1220 2806 Alexandria
1236 2780 1376 2809 discedens
1390 2788 1482 2809 secum
1500 2779 1551 2809 non
1567 2779 1742 2816 asportassct.
1763 2781 1835 2814 Jan,
