1915 3079
236 117 286 146 6C7

868 115 897 142 P.
918 114 1075 142 DANIELIS
1092 113 1209 141 HUETII

1817 110 1871 138 668

236 175 332 204 fuisset
347 184 418 208 rens,
429 184 490 203 enm
505 183 557 202 non
573 180 626 201 tant
638 181 732 202 severe
747 179 924 202 tractaturum
938 176 1022 202 fuisse
1038 177 1059 205 A
1074 174 1204 206 pluribus.
1220 180 1291 200 anno
1306 172 1451 199 Alexandri
1466 179 1504 198 xu
1515 190 1522 203 ,
1537 171 1577 198 vel
1595 179 1635 204 xi,
1652 176 1681 197 ut
1700 171 1787 198 habet
1802 170 1872 198 Sca-

234 221 400 249 Demetrimn
426 221 555 248 credibilo
584 225 644 252 est,
662 227 724 248 cum
755 221 905 254 praesertim
936 221 1034 255 ipsius.

234 268 467 295 commendatione
482 267 567 294 fretus
582 268 615 294 ad
634 275 696 294 eum
717 275 746 295 se
764 268 915 302 promoveri
934 267 1022 302 digni-

234 314 297 341 tatis
309 314 419 348 gradum
433 321 528 347 passus
542 313 647 341 fuisset.
662 313 771 340 Minime
785 321 849 340 vero
863 312 926 339 facti
941 313 1021 346 hujus

233 360 413 387 narrationem
428 360 461 386 ab
473 359 588 386 Eusebio
602 360 727 386 consulto
741 360 952 394 praetermissam
970 366 1015 393 pn-

233 411 298 436 tem,
311 411 338 431 ut
359 405 516 432 idololatriae
530 406 644 433 crimine
661 406 789 432 liberaret
805 405 961 440 Origenetn,
978 404 1019 431 vel

230 452 302 486 quod
328 452 486 485 poenitentia
508 452 610 478 elutnm
636 451 778 486 postmodo
803 451 934 485 ﬂagitium
949 450 1018 477 obli-

230 496 301 523 vioni
321 497 480 524 tradendnnt
498 503 626 531 putaret;
643 497 699 532 (6|)
714 498 760 524 sed
773 498 844 531 quod
865 505 908 524 res
922 496 1019 531 Orige-

230 544 273 569 nis
291 544 401 577 proprio
418 549 445 571 ct
459 543 596 570 luculento
612 543 745 578 Apologia:
768 551 849 577 opere
870 543 925 577 jam
939 548 1018 570 antea

229 589 326 616 fuisset
345 590 520 624 complexus,
540 590 565 616 in
588 589 707 616 Historia
728 593 818 616 autent
835 590 944 616 duceret
960 597 1019 616 esse

228 635 317 662 obiter
339 636 520 669 attingendus.
536 636 600 663 lude
620 637 705 663 tacuit
730 635 860 662 eximium
877 636 962 663 illud.
987 643 1019 662 ac

228 681 302 708 omni
318 681 397 708 laude
412 682 523 716 dignum
546 681 670 718 Origenis
688 682 791 708 facinus
807 681 888 717 (quod
907 682 932 708 in
949 682 1017 709 idem

229 726 356 753 incidisse
389 731 493 761 tempus
518 728 655 755 memoriae
689 727 827 755 mandavit
856 726 965 754 Nic-etas
991 728 1016 754 in

229 768 306 797 Thes.
321 770 426 797 orthod.
440 771 487 805 βά.
502 771 564 799 libr.
581 780 623 805 tv,
647 773 712 800 haer.
732 773 778 807 51)
791 793 799 806 ,
815 774 921 808 quando
940 774 1017 806 juxta

227 815 416 852 Egyptiorum
435 818 606 845 sacerdotum
624 822 726 845 morem
744 825 758 844 a
775 818 920 853 gentilibus
936 819 1016 845 adra-

1073 218 1338 253 ligerianaChronici
1355 219 1435 254 hujus
1448 220 1541 247 editio.
1556 219 1594 246 Ex
1607 219 1650 246 his
1663 217 1871 245 ballucinatum

1073 266 1158 300 liquet
1172 265 1364 300 Epiphanium,
1382 265 1427 299 qni
1448 265 1595 300 Origenemv
1614 265 1770 298 imperante
1786 262 1872 289 Decio

1070 311 1241 338 Alexandria:
1256 309 1386 337 claruisse
1400 310 1509 344 scripsit
1527 310 1593 337 hter.
1608 309 1658 341 64,
1672 315 1735 343 cap.
1753 307 1767 334 1
1779 327 1788 339 ,
1806 314 1870 333 cum

1071 364 1207 391 nunquam
1226 363 1286 383 eum
1307 356 1422 390 posthac
1445 355 1509 382 illnc
1525 363 1676 390 regressum
1697 354 1787 380 fuisse
1804 360 1870 379 con-

1070 407 1133 429 stet.
1146 401 1314 436 Quapropter
1325 401 1444 428 concedo
1457 401 1482 428 in
1495 401 1597 428 Petavii
1613 401 1794 430 sententiam.
1812 398 1869 433 (64)

1071 447 1163 475 Severi
1179 454 1275 474 nomen
1289 446 1363 474 Decii
1381 446 1488 474 nomine
1503 453 1642 481 perperam
1660 445 1695 471 ab
1708 443 1867 478 Epiphanio

1069 498 1265 520 commutatum
1291 492 1438 527 opinantis.
1463 491 1655 519 Vehementius
1673 491 1757 517 etiam
1779 488 1868 515 hallu-

1069 540 1189 567 cinatum
1208 543 1318 566 constat
1335 538 1517 565 Abrahamum
1542 538 1694 565 Scultetum
1712 535 1772 571 (65)
1784 555 1794 568 ,
1819 535 1866 569 qui

1069 585 1210 620 Origenem
1235 589 1348 619 narrat,
1374 590 1517 620 postquam
1545 583 1708 611 Alexandria
1739 582 1810 608 exiit
1837 586 1865 608 ut

1070 631 1173 659 :emulis
1196 631 1323 662 cederet,
1336 637 1369 658 eo
1393 635 1550 658 revocatum
1566 635 1660 656 omnes
1683 635 1770 655 sacra:
1786 627 1864 654 Serio

1069 683 1153 714 plura:
1170 678 1252 704 libros
1266 677 1417 704 illustrasse
1431 674 1650 703 commentariis.

1103 723 1173 751 XIV.
1197 723 1324 758 Confugit
1342 729 1407 757 ergo
1428 721 1580 748 Ctesaream
1598 721 1631 748 ad
1656 719 1862 751 Theoctistum,

1068 770 1236 805 benigneque
1251 770 1285 796 ab
1299 775 1333 796 eo
1347 773 1374 796 et
1395 768 1542 795 liberaliter
1555 772 1697 801 exceptus,
1709 771 1738 794 et
1753 766 1790 793 ab
1803 774 1862 792 orn-

1069 815 1147 843 nibus
1171 815 1278 850 injuriis
1299 819 1326 841 et
1353 814 1527 842 contumeliis
1543 813 1694 848 prohibitus
1713 817 1766 839 est.
1790 811 1861 839 Hinc

227 870 289 894 sus,
302 863 335 889 ad
352 863 442 890 fanum
458 863 597 899 Serapidis
611 864 779 892 Christianos
798 872 892 892 omnes
905 864 938 891 ad
954 873 1018 900 pro-
1033 858 1054 885 Β
1069 869 1136 888 nova
1151 859 1267 888 snﬂ‘usus
1299 859 1485 887 malevolentia
1508 859 1659 886 Demetrius
1671 857 1785 894 Aigypti
1801 859 1861 892 epi-

227 909 396 942 pugnandnm
421 908 522 936 Christi
549 917 646 937 nomen
671 910 745 938 clara
772 918 839 938 voce
860 911 1015 938 concitavit.

226 954 332 982 Falsam
349 962 430 989 porro
444 959 470 982 et
486 955 629 983 confictam
647 963 709 984 esse
723 956 894 992 Origeniante
909 956 1017 984 idolola-

226 999 285 1027 tria:
301 1000 454 1032 historiam,
470 1008 502 1027 ac
515 1001 666 1035 Epiphanio
679 1002 714 1029 ab
728 1002 817 1029 aliena
833 1009 914 1029 manu
931 1002 1017 1029 inscr-

226 1050 280 1073 tam
301 1047 437 1080 pertendit
461 1046 612 1079 Baronins,
636 1048 669 1074 ad
700 1056 746 1075 an.
762 1048 834 1081 255,
861 1056 934 1075 nnm.
954 1048 1016 1081 l20,

224 1091 394 1126 plurimaque
405 1092 526 1126 congerit
541 1092 566 1119 in
583 1100 642 1119 eam
655 1093 831 1124 sententiam,
852 1092 908 1128 (6‘2)
925 1100 985 1127 qnze
1001 1099 1015 1120 a

223 1135 334 1163 Petavio
343 1136 449 1164 erudite
459 1135 597 1164 confutata
611 1137 695 1165 habes
703 1139 728 1164 in
736 1138 1015 1166 Animaduersionibns

225 1180 435 1216 Epiphanianis.
455 1181 522 1209 [lem
546 1182 591 1209 alii
606 1183 727 1210 tribuunt
745 1183 818 1210 Decii
840 1185 1014 1218 temporibus.

223 1227 287 1256 Haec
302 1228 371 1256 infra
388 1229 575 1263 expendentns
591 1230 765 1259 accuratius:
783 1232 831 1258 sed
850 1231 875 1258 in
889 1236 1013 1259 anteces-

223 1281 283 1302 sum
298 1274 446 1302 asserimus
459 1282 546 1309 neque
559 1283 608 1303 nos
621 1276 717 1304 horum
731 1277 866 1311 opinioni,
878 1277 919 1304 vel
935 1278 1014 1304 Baro-

223 1319 260 1346 nii
272 1319 434 1353 conjectura:
445 1320 569 1347 assentiri
582 1329 672 1356 posse.
695 1321 751 1358 (65)
766 1321 841 1350 Fidei
855 1330 963 1358 quoque
974 1323 1014 1350 iti-

223 1365 377 1399 tegritatem
394 1367 418 1392 in
437 1365 513 1392 libris
529 1365 666 1401 plerisqtte
676 1387 684 1400 ,
698 1375 730 1394 ac
745 1375 778 1395 eo
793 1369 943 1402 praesertim
967 1369 1011 1402 qni

222 1415 266 1438 est
280 1410 319 1437 De
335 1411 469 1445 principiis
484 1431 492 1443 ,
509 1412 542 1438 ab
563 1411 681 1448 Origene
697 1413 823 1440 violatam
838 1413 863 1440 id
884 1415 1013 1448 temporis

222 1461 398 1490 conquestum
421 1457 505 1485 fuisse
528 1458 695 1486 Demetrium
725 1465 935 1487 consentaneum
959 1465 1010 1494 est,

222 1503 321 1536 quippe
334 1503 378 1537 qui
394 1504 484 1531 omnia
499 1504 629 1531 adversus
641 1512 701 1532 eum
716 1510 873 1540 argumenta
891 1506 1011 1534 studiose

221 1548 372 1582 colligeret.
399 1549 561 1577 Alexandria
588 1551 679 1585 itaque
703 1551 860 1578 eliminatns
881 1552 1011 1586 Origenes

223 1594 374 1621 Caesaream
391 1594 529 1622 Stratonis
544 1596 698 1628 concessit,
720 1595 812 1631 ibique
830 1597 921 1624 sedem
939 1598 1009 1630 lixil,

222 1647 293 1666 anno
308 1640 396 1666 aetatis
414 1648 487 1672 χιιι,
503 1640 603 1668 Christi
619 1641 681 1673 951,
698 1641 843 1669 Alexandri
866 1642 958 1669 Severi
974 1651 1008 1676 x;

221 1681 264 1709 vel
278 1687 306 1709 ut
320 1687 361 1709 est
373 1683 399 1710 in
412 1684 550 1711 nonnullis
563 1685 670 1712 Eusebii
689 1686 842 1719 codicibus,
852 1692 878 1714 et
894 1687 919 1714 in
936 1687 1010 1715 Nice-

222 1729 317 1763 phoro,
339 1735 366 1757 et
381 1730 408 1757 in
423 1730 584 1766 quibusdam
607 1732 752 1760 Eusebiani
772 1732 896 1760 Chronici
913 1741 1007 1762 exem-

220 1849 277 1878 rum
293 1841 375 1876 fuisse
396 1843 553 1870 Demetrium
569 1845 692 1872 credibile
714 1850 767 1878 est,
786 1851 839 1873 etc.
857 1847 941 1874 Esto:
958 1848 1004 1875 sed

220 1877 281 1904 fidei
297 1885 404 1915 quoque
427 1878 607 1915 integritatem
625 1881 650 1906 in
673 1880 750 1907 libris
763 1881 899 1915 plerisque
912 1889 954 1914 ac,
973 1890 1006 1910 eo

220 1913 386 1951 praesertim,
401 1914 445 1951 qui
462 1919 504 1941 est
526 1914 563 1941 De
577 1915 711 1951 principiis
721 1935 729 1948 ,
746 1913 780 1942 ab
794 1913 910 1951 Origene
923 1918 1007 1944 viola-

221 1952 275 1973 tam
289 1948 314 1974 id
328 1949 457 1984 temporis
468 1955 645 1984 conquestum
661 1949 746 1977 fuisse
763 1948 925 1979 Demetrium
941 1960 1006 1979 con-

219 1987 378 2021 sentaneum
393 1989 446 2021 est,
458 1989 486 2011 ut
502 1985 558 2021 ipse
573 1985 654 2020 paulo
665 1990 726 2019 post
739 1987 777 2012 ait
789 1986 913 2014 Huetius.
929 1987 1004 2021 Quod

218 2024 284 2057 sane
309 2018 445 2057 Demetrio
466 2018 532 2057 satis
558 2018 637 2057 erat,
663 2018 692 2047 ut
707 2021 866 2057 exinsigni
881 2018 1005 2057 Origenis

218 2051 302 2086 gloria
317 2052 419 2086 jamdiu
436 2054 461 2080 in
474 2054 534 2081 sinu
547 2055 691 2082 collectum
706 2055 812 2083 invidia:
823 2051 901 2085 "virus
916 2051 1002 2085 totum

218 2094 366 2128 evomeret,
378 2096 494 2124 eumque
507 2094 560 2116 tant
576 2097 670 2118 severe
686 2091 819 2118 tractandi
834 2100 927 2120 ansam
942 2094 1004 2121 inde

217 2128 360 2157 arriperet.

252 2157 308 2199 (tit)
324 2158 387 2199 _Sed
406 2159 476 2199 quod
496 2168 536 2187 res
559 2159 678 2199 Origenis
699 2161 817 2199 proprio_
830 2167 854 2189 et
873 2163 1003 2191 luculento

217 2193 355 2234 Apologia;
369 2201 444 2234 opere
454 2195 519 2234 jam
533 2193 717 2234 antarii/uisset
731 2193 894 2234 complexus,
906 2204 959 2226 etc.
975 2199 1003 2225 Si
1019 2194 1044 2223 Ι)
1057 2193 1236 2234 fragmentum
1253 2200 1363 2227 adducit

217 2229 350 2265 pmcipue
361 2229 395 2265 ob
407 2229 567 2265 idololatriae
582 2231 703 2262 crimen,
724 2236 752 2257 ut
773 2229 909 2265 pertendit
930 2234 1002 2261 Hne-

218 2264 287 2294 tius,
301 2264 452 2303 sacerdotio
467 2270 494 2303 e_t
508 2266 628 2303 Ecclesia
637 2264 783 2303 abdicatus
796 2266 892 2295 fuisset
908 2267 1002 2303 Orige-

218 2304 276 2338 nes.
290 2298 541 2338 lrninime__profe_cto
555 2300 618 2338 facti
637 2301 720 2336 hujus
734 2303 918 2331 narrationem
935 2298 1004 2338 pra:-

218 2333 379 2374 tet-_ntisisset
395 2333 547 2374 Eusebius.
572 2333 699 2374 Attamen
719 2344 762 2374 _ne
786 2337 868 2364 ullu'm
892 2333 1001 2374 quidem

218 2367 330 2406 hujusce
342 2367 434 2406 llagjtii
453 2370 561 2396 verbum
575 2371 601 2397 in
615 2371 742 2405 Apologia
753 2379 801 2399 sua
818 2367 916 2401 fecisse
928 2374 1003 2401 vide-

218 2407 270 2427 tnr.
291 2401 357 2429 Illud
371 2401 441 2429 enim
454 2425 461 2436 ,
478 2406 499 2430 si
516 2401 755 2433 commemora-sset
767 2427 774 2438 .
791 2413 867 2435 certe
889 2409 1001 2437 Photius

216 2437 337 2475 quiAcod.
350 2437 412 2470 118,
421 2439 522 2475 exhipsa
540 2440 583 2467 illa
596 2441 723 2475 Apologia
737 2442 818 2469 refert
831 2445 901 2471 unde
914 2446 1002 2473 omnis

216 2472 243 2498 in
259 2471 402 2513 Origenem
416 2481 431 2500 a
448 2471 583 2502 Démetrio
598 2471 714 2503 excitata
739 2476 823 2505 fuerit
843 2471 999 2514 tempestas,

215 2515 267 2534 11011
281 2515 425 2536 onnsrsset.

249 2543 305 2583 (Et?)
320 2543 389 2583 θυαε.
401 2553 416 2571 a
432 2545 540 2583 Retario
553 2546 654 2572 erudite
670 2547 811 2583 confutata
834 2549 912 2576 habes
924 2571 932 2583 ,
946 2555 998 2578 etc.

215 2578 332 2616 Levibus
357 2580 502 2616 admodum
525 2582 691 2616 argumentis
713 2578 855 2611 veritatem
882 2578 1001 2613 historia!

215 2613 335 2654 vindicat
357 2612 504 2642 Petavius:
526 2612 586 2651 qu'te
607 2617 629 2643 si
650 2624 712 2644 cum
741 2619 842 2647 nostris
863 2620 998 2654 conferas,

215 2653 342 2676 comtnno
357 2654 447 2677 rttunt.

250 2683 397 2718 (65).Fidei
410 2686 700 2726 quoqueintegritatent
718 2689 746 2726 in
764 2689 839 2726 libris
856 2689 997 2726 plerisque,

214 2727 245 2745 ac
263 2727 293 2746 eo
313 2722 456 2759 vrtcsertim
475 2721 521 2759 qui
544 2727 581 2748 est
600 2724 636 2750 De
656 2724 813 2758 principiis,
833 2721 864 2751 ab
888 2721 1000 2759 Uridene

217 2760 338 2780 .nvllf‘ﬂm
354 2755 380 2780 id
397 2756 519 2792 temporis
540 2755 707 2792 conquestum
730 2755 813 2792 {iam
838 2755 999 2787 Demetfiunt

214 2793 415 2826 consentaneum
429 2795 477 2816 est.
493 2790 558 2826 Illnd
577 2790 686 2826 quidem
702 2790 797 2821 eruere
817 2795 879 2822 licet
896 2800 951 2821 tum
965 2804 996 2822 ex

215 2823 249 2856 iis
272 2831 332 2858 qua:
357 2824 485 2854 adversus
513 2823 657 2861 Origenem
681 2828 802 2856 decrevrt
827 2831 997 2858 Dentetriana

1069 915 1164 942 scopos
1177 926 1185 938 .
1209 911 1238 933 ut
1256 905 1329 939 dixi,
1351 906 1378 933 in
1400 906 1531 942 synodum
1550 905 1636 940 cogit,
1655 904 1860 939 Origenemque

1068 953 1235 988 presbyterio
1253 951 1407 986 abjudicat,
1433 957 1459 979 et
1473 952 1507 979 ab
1522 951 1650 979 Ecclesia:
1665 951 1801 979 societate
1815 958 1860 978 se-

1065 998 1164 1033 jungit,
1179 999 1304 1025 universo
1317 998 1509 1033 propemodum
1523 997 1588 1024 orbe
1604 998 1742 1024 decretum
1756 1005 1859 1032 appro-

1067 1045 1146 1072 bante
1164 1049 1191 1072 et
1206 1045 1395 1072 confirmante.
1415 1045 1548 1071 Ardentes
1571 1051 1680 1078 quoque
1694 1044 1720 1071 in
1744 1051 1808 1070 eum
1828 1048 1858 1070 et

1066 1091 1202 1118 aculeatas
1217 1098 1423 1125 quoquoversus
1447 1090 1634 1118 dissentinavit
1655 1090 1761 1117 litteras
1782 1099 1789 1117 :
1807 1090 1857 1117 sed

1066 1136 1183 1164 hominis
1199 1137 1344 1164 iracundiae
1359 1137 1437 1163 simul
1453 1141 1480 1164 et
1495 1137 1566 1168 vitae,
1575 1136 1680 1169 eodem,
1692 1141 1721 1164 ut.
1733 1137 1855 1168 videtur,

1065 1191 1118 1219 quo
1132 1183 1255 1211 discessit
1271 1184 1401 1219 Origenes
1415 1192 1497 1218 anno,
1514 1185 1592 1211 finem
1605 1190 1708 1210 matttra
1723 1191 1799 1210 mors
1811 1192 1857 1218 po-

1065 1228 1119 1254 snit
1137 1227 1163 1254 in
1182 1227 1296 1262 ejusque
1311 1227 1496 1262 episcopatum
1513 1227 1640 1254 Heraclas
1653 1226 1784 1253 suffectus
1801 1232 1853 1253 est.

1064 1273 1126 1301 llaec
1140 1281 1173 1300 eo
1185 1273 1280 1301 ordine
1297 1278 1391 1300 narrat
1413 1272 1545 1300 Eusebius
1568 1273 1594 1300 in
1613 1271 1750 1306 Historia,
1764 1280 1819 1307 quo
1839 1280 1854 1299 a

1064 1319 1142 1346 nobis
1157 1319 1291 1353 descripta
1307 1323 1387 1352 sunt;
1402 1318 1482 1346 aliter
1497 1319 1523 1346 in
1539 1318 1677 1351 Chronico,
1694 1319 1720 1346 in
1733 1326 1787 1353 quo
1799 1319 1853 1346 De-

1063 1365 1153 1392 metrii
1163 1371 1235 1392 mors
1248 1364 1372 1400 Origenis
1387 1365 1488 1392 exitum
1505 1369 1561 1392 toto
1574 1365 1686 1393 biennio
1698 1365 1850 1399 praevertit,

1063 1411 1133 1446 quod
1148 1410 1305 1446 neutiquam
1318 1415 1390 1439 stare
1406 1415 1503 1446 potest.

1098 1456 1156 1484 XV.
1171 1455 1250 1484 Certe
1263 1476 1271 1489 ,
1295 1465 1329 1484 ne
1346 1457 1411 1492 quid
1437 1456 1602 1484 dissimulem
1613 1477 1622 1489 .
1639 1456 1799 1484 Gennadius
1821 1457 1850 1484 in

1063 1503 1124 1531 libr.
1139 1503 1178 1531 De
1192 1504 1241 1531 vir.
1255 1503 1354 1531 illustr.
1367 1525 1374 1538 ,
1397 1511 1457 1540 cap.
1481 1504 1516 1532 '53
1526 1526 1533 1538 ,
1556 1504 1650 1531 scribit
1670 1503 1850 1539 Theophilum

1025 1533 1045 1562 ο
1061 1550 1273 1577 Alexandrinum
1289 1533 1444 1585 episcopum
1468 1533 1611 1578 tradidisse
1634 1557 1686 1576 non
1710 1558 1726 1576 α
1742 1533 1770 1576 se
1785 1549 1850 1576 Ori—

1059 1603 1153 1631 genem
1169 1596 1283 1630 primum
1293 1615 1301 1629 ,
1316 1596 1360 1623 sed
1376 1596 1407 1622 ab
1420 1597 1535 1632 antiquis
1550 1596 1687 1628 Patribus,
1700 1600 1723 1622 et
1735 1596 1850 1623 maxime

1060 1642 1173 1669 Heracla
1191 1642 1272 1677 fuisse
1297 1647 1322 1669 et
1340 1651 1356 1669 α
1366 1643 1526 1678 presbyterio
1541 1643 1664 1677 ejectum,
1679 1648 1703 1669 et
1717 1643 1750 1670 de
1765 1643 1849 1670 eccle-

1057 1689 1098 1716 u'a
1116 1689 1230 1723 pulsum,
1247 1693 1271 1715 et
1289 1689 1320 1716 de
1337 1689 1443 1716 civitate
1453 1689 1583 1724 fugatum.
1602 1689 1657 1725 (66)
1670 1689 1742 1717 Idem
1767 1690 1849 1718 habet

1057 1735 1174 1770 scriptor
1193 1735 1262 1762 Vita:
1272 1734 1302 1763 S.
1312 1735 1451 1763 Pachomii
1465 1735 1532 1771 (67),
1549 1740 1576 1764 et
1589 1735 1702 1771 epistola
1715 1736 1846 1772 synodica

1059 1849 1188 1883 synodus,
1203 1853 1258 1884 tum
1271 1855 1304 1876 ex
1320 1848 1405 1883 ipsius
1421 1847 1544 1884 Origenis
1562 1849 1674 1883 epistola
1690 1850 1723 1877 ad
1744 1851 1847 1879 amicos

1061 1885 1190 1918 quosdam
1202 1883 1413 1916 Alexandrinos,
1422 1883 1465 1911 ubi
1474 1883 1600 1918 queritur
1610 1885 1681 1919 quod
1693 1885 1846 1914 adversarii

1061 1919 1112 1952 Slll,
1127 1926 1159 1946 ac
1175 1919 1295 1946 hteretici
1309 1919 1434 1954 quidam,
1452 1919 1550 1953 aliique
1561 1920 1689 1947 "nonnulli
1710 1920 1846 1949 Ecclesias

1060 1954 1223 1981 conturbare
1230 1954 1361 1986 volentes,
1372 1955 1455 1982 libros
1466 1962 1529 1982 suos
1542 1955 1756 1983 adulterassent.
1768 1955 1846 1984 Hanc

1057 1989 1139 2016 etiam
1175 1994 1286 2024 propter
1312 1989 1465 2024 dogmatum
1490 1990 1635 2017 novitatem
1661 1996 1688 2018 et
1718 1991 1844 2019 haeresim

1057 2024 1214 2051 damnatum
1228 2024 1311 2052 fuisse
1322 2024 1449 2052 dicebant
1461 2024 1520 2059 ejus
1536 2025 1637 2052 inimici
1655 2029 1736 2053 aetate
1746 2026 1844 2054 Hiero-

1058 2060 1129 2096 nymi
1142 2079 1152 2096 ε
1165 2060 1392 2096 quemadmodum
1416 2060 1473 2096 ipse
1489 2064 1602 2096 testatur
1622 2060 1804 2096 Hieronymus
1818 2063 1843 2089 in

1058 2094 1170 2130 epistola
1184 2095 1303 2130 quadam
1314 2095 1346 2120 ad
1361 2094 1482 2126 Paulam,
1497 2095 1573 2128 cujus
1589 2094 1751 2130 particulam
1766 2097 1843 2124 aﬂ'crt

1057 2128 1171 2167 [iutilius
1182 2129 1229 2156 lib.
1249 2137 1267 2156 ll
1290 2129 1415 2167 Ιηνιὲκίυ.
1436 2129 1514 2167 νΙιΙεηι
1531 2128 1609 2167 docet
1629 2131 1742 2164 epistola
1759 2139 1842 2167 syno-

1057 2164 1116 2191 dica
1130 2166 1317 2199 episcoporum
1332 2164 1449 2227 @gjpti-
1459 2169 1539 2206 atque
1557 2165 1729 2207 Alexandria:
1740 2187 1749 2200 ,
1765 2164 1842 2202 cujus

1057 2198 1236 2234 fragmentum
1253 2200 1363 2235 adducit
1400 2204 1552 2227 ustmtanns
1566 2209 1592 2227 tn
1607 2201 1721 2235 epistola
1739 2202 1774 2230 ad
1789 2203 1841 2231 Me-

1445 2208 1552 2227 tntanus
1566 2209 1592 2227 ιη
1607 2208 1721 2231 eptstota
1739 2208 1774 2230 ad
1789 2208 1841 2231 Μθο

1055 2242 1129 2269 nam,
1141 2236 1213 2269 quod
1227 2234 1307 2268 paulo
1323 2235 1392 2261 infra
1405 2235 1515 2262 exhibet
1531 2234 1653 2263 Hnetius.

1088 2268 1248 2303 (64)’Set-eri
1264 2277 1357 2297 nomen
1373 2270 1443 2297 Decii
1456 2271 1569 2304 nomine,
1581 2276 1634 2300 etc.
1647 2271 1837 2301 Verumtamen

1053 2303 1220 2343 Epiphanius
1235 2305 1282 2331 lib.
1299 2305 1336 2343 De
1347 2306 1461 2343 pond:_et
1474 2303 1567 2338 mena,
1587 2314 1655 2343 pagL
1665 2305 1727 2343 174,
1741 2307 1837 2343 Orige-

1054 2347 1114 2378 neut
1128 2340 1161 2378 ab
1177 2340 1435 2378 iinperatoris_‘Deci‘i
1451 2344 1582 2378 tempore,
1591 2343 1624 2378 ad
1636 2340 1743 2378 Gallum
1757 2340 1839 2378 iisque

1053 2379 1080 2402 et
1094 2373 1281 2413 Volusianuin,
1296 2380 1324 2402 et
1336 2374 1404 2402 ultra
1415 2375 1542 2413 floruisse
1553 2373 1658 2413 scribit.
1675 2377 1724 2404 Ubi
1740 2373 1838 2413 duplex

1052 2417 1140 2443 error,
1155 2417 1217 2448 eum
1235 2409 1338 2448 Decius»
1349 2418 1397 2444 pro
1410 2411 1513 2448 _Se_vero
1532 2412 1652 2448 ponitur,
1668 2413 1698 2439 et
1714 2409 1838 2448 Origenis

1052 2452 1128 2483 mors
1149 2445 1220 2472 ultra
1243 2445 1387 2479 imperium
1406 2445 1474 2483 Galli
1493 2450 1520 2473 et
1543 2445 1678 2483 Volusiani
1705 2445 1836 2483 rejicitur.

1052 2480 1128 2512 Quod
1144 2486 1302 2515 argumento
1314 2484 1356 2507 est
1376 2487 1427 2507 non
1450 2481 1612 2515 imprudenti
1639 2480 1750 2510 Decium
1769 2485 1836 2512 irre-

1052 2516 1139 2552 psisse
1153 2523 1202 2550 pro
1220 2514 1330 2547 Severo,
1344 2515 1390 2542 sed
1411 2515 1448 2542 ita
1472 2514 1618 2552 credidisse
1642 2517 1835 2552 Epiphaniuin,

1051 2550 1175 2587 adeoque
1183 2551 1274 2587 rudem
1282 2555 1309 2577 et
1320 2552 1491 2587 peregrinum
1504 2552 1529 2578 in
1537 2550 1724 2587 Origenis’vi'ta
1736 2550 1833 2582 fuissei

1051 2585 1122 2619 quod
1136 2585 1204 2613 infra
1219 2584 1390 2620 fatetur'ipse
1401 2584 1522 2620 ﬂitetius.

1087 2620 1142 2656 (65)
1167 2621 1233 2682 A‘br.
1253 2619 1350 2649 Scult.
1363 2621 1390 2648 in
1406 2619 1516 2648 Medull.
1532 2622 1611 2649 theol.
1632 2622 1764 2657 Patrum,
1789 2625 1833 2653 lib.

1105 2663 1166 2682 can.
1203 2675 1210 2681 .

1050 2662 1087 2683 Vl.
1105 2663 1166 2683 can.
1184 2662 1196 2682 1
1203 2675 1210 2681 .

1080 2663 1231 2726 ’(ἕὲξὶιίειη
1246 2690 1323 2726 habet
1340 2691 1452 2726 scriptor
1476 2689 1542 2718 Vita:
1564 2691 1595 2720 S.
1611 2691 1763 2721 Pachumii.
1782 2694 1828 2722 0b-

1050 2725 1150 2752 servari
1166 2726 1245 2752 velim
1260 2726 1285 2751 in
1304 2725 1362 2752 Vita
1371 2725 1401 2753 δᾳ
1422 2725 1557 2753 Pachumii
1570 2735 1584 2754 a
1599 2728 1729 2756 Bollando
1741 2730 1831 2758 Latine

1050 2761 1119 2787 edita
1134 2761 1167 2787 M
1181 2760 1252 2792 Maii,
1268 2760 1386 2788 Heraclia
1400 2762 1563 2789 mentionem
1577 2771 1630 2790 non
1647 2771 1719 2791 esse.

1085 2795 1141 2836 (67)
1159 2794 1208 2823 Vit.
1222 2795 1305 2836 Puch.
1318 2795 1363 2822 lib.
1374 2804 1440 2836 hip.
1454 2796 1506 2824 125
1514 2797 1590 2831 Boll.,
1605 2806 1650 2826 xtv
1665 2798 1740 2833 Mai.,
1756 2799 1810 2836 §21
1822 2808 1829 2833 ;

1050 2829 1153 2867 Cuncti,
1168 2835 1231 2858 tom.
1249 2830 1279 2863 V,
1295 2838 1355 2866 pag.
1372 2829 1434 2859 660.
