1915 3079
53 110 121 140 689

52 169 264 205 episcoporum
271 171 392 208 Egypti,
404 173 480 208 cujus
497 174 678 210 fragmentum
691 178 768 207 aﬂ‘ert
781 179 862 208 Justi-

52 214 174 262 rtianrus
191 217 217 244 in
232 218 346 252 epistola
357 220 392 246 ad
404 219 518 248 Menam.
532 221 618 249 Verba
635 223 692 251 hazc
706 231 781 252 sunt:
799 227 859 262 Ἀρ-

53 258 190 296 ξαμένου
201 262 256 298 γὰρ
264 264 346 290 αὑτοῦ
355 264 528 301 βλασφήμους
541 268 647 303 ὁμιλίας
655 270 768 305 ὁμιλεῖν,
777 273 791 298 ὁ
799 258 859 298 κατ’

52 305 160 334 ἐκεῖνο
178 309 332 346 μακαρίτης
350 311 485 346 Ἠρακλᾶς
508 314 522 339 ὁ
539 314 694 347 ἐπίσκοπος,
708 317 745 348 ὡς
757 318 858 354 ἀροτὴρ

53 353 114 399 καὶ
131 354 325 399 αμπελουργὸς
341 357 489 393 φιλαλήθης
501 359 548 385 τοῦ
562 361 612 395 τῆς
629 361 792 397 Ἐκκλησίας
803 373 856 399 χω-

55 394 295 436 ρίου’τυγχάνων,
308 403 340 428 ὲκ
356 403 438 437 μέσον
456 404 502 430 τοῦ
519 405 601 432 καλοῦ
618 407 688 434 σίτου
705 394 858 443 τὸῡτονέξ-

53 443 183 478 έτιλενμ
192 447 230 479 ὡς
246 448 293 475 τοῦ
308 449 425 485 πονηροῦ
443 449 560 482 ζιζανεου
577 453 639 480 ὅντα
657 454 772 490 ἀληθῶς.
791 455 857 483 Cum

53 491 137 518 enim
152 493 249 526 impias
263 495 394 522 orationes
414 496 510 524 habere
525 500 651 532 cepisset,
665 501 746 528 beatw
760 511 858 529 memo-

53 536 116 563 ria
136 536 271 566 Heracles
290 541 435 576 episcopus,
456 544 502 577 qui
519 550 581 572 tunc
595 547 715 581 ﬂorebat,
730 553 856 583 tanquam

53 588 162 610 arator
182 589 208 612 et
218 586 315 614 vinitor
330 589 446 616 veritatis
460 591 594 618 studiosus
607 592 776 620 ecclesiastici
787 595 855 629 agri,

54 637 125 656 eum
143 639 158 658 e
172 632 258 658 medio
273 633 390 667 pulchra
401 636 502 669 segetis,
527 638 565 664 sic
585 644 709 674 umquam
726 648 784 667 uere
797 648 855 667 ma-

54 676 120 702 lam
134 677 269 705 zizaniam
282 680 376 708 evellit.
389 680 491 714 Quibus
504 683 554 711 alia
569 691 650 711 causa
667 693 717 712 cur
729 686 856 720 expulsus

54 722 151 750 fuerit
164 723 295 758 Origenes
309 732 406 761 praeter
421 729 575 762 superiores
595 729 717 758 affertur.
735 731 791 768 (68)
808 732 855 759 Est

54 769 157 797 simile
173 772 311 806 quidpiam
332 773 403 808 apud
425 774 534 802 Petrum
562 776 774 804 Alexandrinum
795 778 851 812 epi-

53 823 181 851 scopum
205 819 232 846 in
255 818 436 855 Mystagogia,
455 821 532 854 cujus
561 822 721 855 particulam
747 831 853 858 quoque

54 864 166 891 recitat
182 863 348 894 Justinianus
365 868 391 894 in
407 869 500 895 eadem
512 868 644 903 epistola:
668 870 700 895 Τί
721 869 750 896 δὲ
773 870 852 903 εἴπω,

55 909 175 944 inquit,
202 911 338 946 Ἡρακλᾶν
357 913 404 940 καὶ
432 914 588 950 Δημήτριον
612 916 674 947 τοὺς
703 917 853 952 μακαρίους

54 955 234 988 ἐπισκόπους
249 966 256 990 ;
279 958 352 990 οἴους
367 960 536 995 πειρασμοὺς
560 961 715 997 ὑπέστησαν
739 962 791 989 ὑπὸ
806 962 852 989 τοῦ

58 1000 200 1036 μνὲπος
222 999 384 1038 Ὠριγένοὺς,
405 1006 450 1031 καὶ
466 1005 547 1032 αὑτοῦ
563 1007 699 1042 σχίσματα
711 1007 852 1042 βάλλοντος

55 1050 89 1075 ὲν
98 1051 135 1085 τῇ
145 1049 304 1087 Ἐκκλησίᾳ,
319 1052 354 1078 τὰ
365 1052 417 1084 ἕως
433 1053 552 1088 σήμερον
565 1054 687 1089 ταραχὰς
701 1055 768 1090 αὐτῇ
782 1055 853 1090 ἐγεί-

58 1102 169 1128 ραντα·
191 1095 260 1128 Quid
280 1101 369 1123 autem
391 1098 476 1124 dicam
492 1098 633 1126 Heraclam
655 1105 678 1126 et
693 1100 852 1128 Demetrium

55 1139 156 1167 beatos
173 1142 308 1176 episcopos
327 1142 339 1169 ?
355 1142 452 1175 Quales
468 1145 622 1172 tentatianes
638 1145 669 1171 ab
681 1146 776 1173 insano
791 1146 853 1173 Ori-

55 1193 128 1220 gene
135 1186 211 1218 passi
219 1192 290 1219 sunt.
298 1194 386 1215 cumet
398 1189 507 1216 discidia
519 1195 613 1217 sereret
622 1191 648 1217 in
659 1189 785 1223 Ecclesia,
794 1199 852 1225 qute

57 1232 97 1258 ad
114 1232 184 1259 hanc
198 1241 279 1268 usque
293 1234 360 1260 diem
380 1234 469 1260 turbat
483 1234 511 1261 in
532 1243 561 1261 ett
581 1235 728 1262 excitarunt
741 1235 754 1261 .’
770 1235 851 1262 Deni-

56 1285 116 1313 que
128 1278 270 1312 Eusebius,
284 1284 314 1307 ut
328 1280 384 1314 jam
402 1288 416 1307 a
429 1288 472 1307 me
487 1285 608 1308 notatum
623 1285 674 1313 est,
685 1281 710 1308 in
723 1280 851 1308 Chronico

57 1325 212 1361 Origenem
225 1326 364 1354 exsulasse
379 1327 454 1362 ﬁngit
466 1346 474 1360 ,
490 1327 598 1354 biennio
628 1332 768 1362 postquam
790 1327 849 1362 epi-

56 1380 165 1407 scopus
192 1378 300 1401 creatus
319 1378 362 1401 est
389 1374 527 1402 Heraclas.
548 1374 604 1410 (69)
616 1374 707 1402 Facile
728 1374 850 1409 equidem

55 1420 193 1447 existimo
209 1419 336 1447 Demetrii
353 1420 484 1447 adversus
503 1419 646 1454 Origenem
662 1421 771 1448 decreto
786 1421 852 1448 asliv

56 1465 186 1500 putatum
209 1464 292 1492 fuisse
315 1464 455 1492 Heraclam
475 1465 565 1492 adhuc
590 1465 797 1501 presbyterum,
824 1470 851 1494 et

57 1510 146 1540 simul
163 1515 193 1538 ut
214 1503 400 1546 episcopatum
423 1510 536 1545 adeptus
554 1515 616 1543 est,
637 1511 787 1539 decessoris
810 1512 849 1539 sui

58 1558 244 1586 conﬁrmasse
264 1558 393 1590 edictum,
407 1562 434 1584 et
454 1558 598 1592 quominus
617 1559 808 1586 restitueretur
823 1559 848 1586 in

58 1603 202 1638 integrum
215 1602 346 1636 Origenes
366 1602 555 1637 impedivisse:
573 1603 610 1629 ait
625 1603 723 1637 quippe
738 1602 850 1631 Photius

57 1649 125 1677 cod.
144 1648 216 1680 “8,
241 1649 329 1675 edicto
347 1647 475 1675 Demetrii
500 1648 693 1682 subscripsisse
717 1654 849 1683 quotquot

58 1695 114 1729 ipsi
124 1694 237 1730 Origeni
250 1698 330 1721 antea
341 1693 480 1728 snlI'ragati
494 1693 613 1721 inerant.
628 1694 725 1721 Verum
740 1702 849 1729 persua-

58 1740 120 1767 deri
140 1747 194 1766 non
209 1746 316 1774 possum
333 1738 388 1772 jam
407 1744 462 1765 tum
476 1739 575 1769 abiisse
598 1740 772 1772 Demetrium,
787 1748 847 1767 cum

58 1784 230 1812 Alexandria
248 1784 369 1819 deiectus
381 1789 423 1811 est
435 1784 574 1820 Origenes,
592 1791 618 1812 et
631 1793 680 1812 cur
695 1785 850 1820 expellere-

59 1836 108 1858 tur
122 1835 262 1857 auctorem
286 1829 370 1857 i'uisse
392 1830 552 1862 Heraclam,
571 1836 665 1858 contra
688 1830 848 1858 Eusebianos

61 1876 193 1903 Historite
210 1876 442 1909 testiﬁcationem,
459 1880 486 1903 et
506 1875 660 1910 Ilierouymi
675 1876 737 1904 libr.
753 1884 771 1904 ιι
787 1877 846 1903 adv.

59 1921 154 1957 Rufin.
167 1943 176 1956 ,
191 1929 252 1956 cap.
271 1922 289 1948 5
301 1942 309 1955 ,
334 1927 362 1950 et
386 1922 471 1957 ipsius
495 1922 576 1949 etiam
597 1923 721 1957 Origeuis
733 1944 740 1956 ,
757 1924 801 1957 qui
821 1923 847 1950 in

60 1968 174 2003 epistola
189 1969 222 1995 ad
235 1969 337 1995 amicos
347 1968 546 1995 Alexandrinos
556 1973 617 2003 post
627 1968 753 1995 exsilium
763 1969 847 2003 ipsius

59 2015 165 2050 scripta
176 2034 185 2047 ,
200 2015 365 2042 Demetrium
382 2015 506 2050 aliosque
527 2014 670 2043 adversum
686 2023 715 2042 se
731 2022 847 2044 consen-

60 2061 163 2088 tientes
176 2061 326 2088 ulciscitur.

97 2106 171 2135 XVI.
189 2107 247 2143 (70)
266 2107 410 2142 Postquam
437 2115 470 2135 ex
495 2107 548 2135 hoc
564 2107 676 2135 tumultu
695 2107 847 2136 Caesaream

59 2161 122 2181 sese
135 2154 238 2189 recepit
252 2153 392 2188 Origenes,
405 2153 483 2181 fama:
493 2162 548 2182 suae
562 2159 599 2182 tot
610 2155 754 2182 calumniis
763 2162 848 2190 appe~

60 2201 118 2228 tita:
132 2200 280 2234 consuluit,
297 2205 324 2228 et
350 2201 498 2229 submissae
526 2202 553 2229 in
573 2202 689 2229 nominis
703 2202 745 2230 sui
760 2209 845 2237 oppu-

605 117 892 148 ORIGENIANORUM
911 121 976 149 LIB.
996 122 1018 154 l,
1035 121 1112 150 CAP.
1132 120 1166 150 II.

1640 121 1692 149 670

877 183 899 211 A
913 181 1068 216 gnatiouem
1084 189 1098 208 a
1112 181 1249 210 Demetrio
1266 182 1372 210 litteras
1385 182 1485 216 scripta
1497 189 1529 209 ea
1545 188 1626 216 quam
1639 181 1693 208 dixi

912 229 945 254 ad
961 229 1062 256 amicos
1081 229 1211 262 quosdam
1232 236 1295 255 suos
1310 229 1500 255 Alexandriam
1524 227 1637 262 epistola
1652 227 1695 253 lu-

909 274 1031 301 culenter
1047 275 1207 302 confutavit.
1226 275 1253 301 In
1273 282 1324 309 qua
1344 275 1449 302 etiamsi
1462 274 1612 301 maledictis
1628 274 1692 300 abs-

909 320 995 346 tinere
1018 328 1047 347 se
1072 321 1140 348 velle
1161 320 1289 352 declarat,
1325 328 1420 354 aspere
1448 325 1537 347 tamen
1552 325 1578 346 et
1593 319 1693 346 acerbe

909 364 1085 398 Demetrium,
1101 367 1180 400 eique
1202 367 1400 393 consentientes
1422 367 1563 393 adversum
1584 373 1614 393 se
1635 365 1691 399 epi-

908 416 1005 444 scopos
1030 411 1197 445 perstringit,
1222 415 1249 437 et
1273 410 1372 436 illatam
1389 410 1438 437 sibi
1466 409 1689 443 injitriam..inﬂi-

908 463 1019 491 ctosque
1036 457 1278 484 anathematismos
1296 455 1403 483 refellit.
1422 455 1475 482 Nec
1490 456 1577 482 minus
1589 456 1623 483 ob
1640 455 1689 483 De-

909 502 999 529 metrii
1026 502 1136 528 decreta
1153 506 1180 528 et
1203 501 1402 528 Alexandrinas
1417 501 1535 536 synodos
1562 500 1688 528 ecclesia-

907 547 984 573 sticis
1002 546 1102 573 muniis
1118 546 1259 573 defunctus
1278 551 1335 578 est;
1351 538 1467 572 docebat
1488 545 1604 580 publice,
1622 549 1648 572 et
1660 545 1687 572 iu

906 592 1018 619 ecclesia
1049 592 1082 619 de
1111 593 1192 620 rebus
1216 593 1303 619 sacris
1324 592 1358 619 ad
1378 592 1503 626 populum
1520 592 1684 624 lllsserl‘lml;

906 642 987 673 atque
1000 638 1057 665 haec
1074 645 1126 665 non
1142 637 1316 665 Cresariensis
1332 638 1450 672 episcopi
1467 638 1555 670 modo,
1569 642 1595 664 et
1611 637 1689 665 Jero-

906 683 1061 719 solymitani
1081 683 1226 718 permissu,
1245 684 1291 711 sed
1305 683 1381 716 jussu
1399 683 1497 716 etiam;
1513 683 1557 717 qui
1573 683 1605 709 ad
1617 683 1688 710 hunc
1702 686 1707 691 '

906 737 986 757 unum
1002 730 1150 764 Scriptura:
1165 737 1250 756 sacra:
1266 729 1474 762 interpretanda:
1490 736 1588 755 munus
1610 729 1687 756 detu-

904 775 1005 802 lerunt.
1022 775 1089 802 Cum
1107 775 1177 802 enim
1199 776 1224 802 iu
1248 775 1307 810 ejus
1329 783 1409 803 causa
1427 777 1509 803 variae
1534 781 1624 803 essent
1642 783 1688 803 va-

905 821 1009 848 riorum
1024 821 1176 853 sententiae,
1189 821 1309 855 duasque
1324 822 1396 849 velut
1411 822 1437 848 in
1453 826 1543 857 partes
1561 823 1686 850 universa

869 857 891 885 Β
904 866 1016 894 abiisset
1027 866 1149 894 Ecclesia
1159 887 1167 899 ,
1181 867 1294 894 infensis
1308 867 1421 902 reliquis
1438 867 1616 901 patrocinium
1629 867 1686 900 ejus

903 921 934 941 ac
965 913 1146 940 defensionem
1176 914 1339 946 Palaestina,
1368 913 1505 941 Phoenicia
1537 917 1564 940 et
1585 913 1684 940 Arabia

903 964 1081 994 susceperunt
1096 966 1229 993 :quarum
1245 959 1407 986 auctoritate
1417 959 1502 986 fretus
1519 966 1578 987 sese
1594 967 1686 987 sacer-

902 1004 976 1032 dotio
996 1013 1027 1032 ac
1045 1005 1175 1032 Ecclesiae
1205 1005 1398 1033 communione
1417 1005 1551 1033 excidisse
1575 1005 1686 1032 minime

904 1055 980 1078 ratus
996 1055 1049 1083 est,
1061 1055 1088 1078 et
1103 1050 1174 1078 inter
1185 1057 1232 1078 eas
1249 1050 1362 1085 gradum
1379 1058 1459 1080 suum
1476 1058 1508 1079 ac
1524 1050 1684 1086 dignitatem

901 1096 1026 1124 obtinuit.

939 1141 1020 1170 XVII.
1036 1141 1231 1177 Jerosolymam
1247 1149 1355 1177 quoque
1378 1142 1472 1169 iisdem
1491 1142 1600 1170 circiter
1617 1148 1684 1170 tem-

903 1188 1012 1222 poribus
1031 1188 1105 1219 adiit.
1123 1188 1223 1215 Christi
1246 1188 1485 1223 apostolorumque
1514 1189 1622 1215 visurus
1637 1195 1684 1216 ve-

902 1234 992 1269 stigia.
1011 1234 1068 1269 (il)
1080 1234 1116 1261 lbi
1134 1234 1306 1261 vehementer
1317 1234 1351 1261 ab
1365 1242 1397 1261 eo
1416 1234 1493 1268 petiit
1511 1235 1682 1262 sacerdotum

901 1279 1043 1315 collegium
1057 1280 1124 1315 (72),
1141 1285 1170 1307 ut
1192 1280 1218 1307 in
1235 1280 1350 1308 ecclesia
1374 1280 1454 1307 verba
1472 1279 1591 1312 iaceret;
1610 1287 1684 1307 cum-

901 1332 953 1361 que
968 1326 1021 1352 vim
1043 1328 1076 1353 ad
1092 1326 1289 1361 impetrandum
1306 1325 1498 1360 propemodum
1520 1325 1683 1353 adhiberent

902 1373 948 1407 qui
967 1377 1102 1407 praeerant
1127 1373 1224 1406 sacris,
1240 1380 1385 1407 assurgens
1406 1373 1450 1401 ille
1463 1377 1601 1407 assumpto
1614 1372 1684 1399 libro

902 1418 972 1445 unde
997 1418 1048 1445 sibi
1070 1423 1256 1453 argumentum
1281 1419 1419 1455 deligeret,
1437 1420 1463 1446 in
1489 1419 1562 1447 hunc
1584 1419 1684 1454 epsal-

902 1471 945 1491 mo
960 1471 1036 1496 XLIX,
1061 1471 1167 1492 versum
1191 1464 1261 1492 forte
1291 1465 1385 1492 incidit
1406 1475 1413 1493 :
1434 1465 1568 1493 Peccatori
1595 1470 1684 1492 autem

901 1508 1057 1543 dixitDeus
1071 1519 1079 1538 :
1092 1510 1180 1543 Quare
1193 1515 1221 1537 tu
1233 1519 1343 1538 enarra:
1354 1511 1475 1546 justitias
1491 1519 1573 1543 meas.
1590 1515 1614 1538 et
1635 1519 1684 1538 tu-

900 1556 982 1582 tumis
997 1561 1182 1584 testamentum
1197 1565 1283 1584 meum
1307 1565 1354 1591 per
1375 1565 1404 1584 os
1428 1558 1524 1584 tuum?
1537 1557 1595 1590 Quo
1614 1557 1683 1584 reei-

900 1607 967 1635 tato,
982 1603 1062 1637 quasi
1080 1610 1128 1630 sua
1144 1603 1195 1630 sibi
1219 1611 1235 1630 a
1258 1603 1313 1630 Deo
1326 1603 1437 1638 perﬁdia
1460 1604 1682 1638 exprobraretur,

900 1648 1032 1675 in'tantos
1047 1648 1135 1676 luctus
1159 1648 1264 1681 incidit,
1280 1653 1308 1675 ut
1325 1648 1477 1676 astantibus
1493 1649 1626 1676 universis
1643 1649 1683 1674 la-

899 1701 1006 1729 crymas
1019 1699 1166 1721 excuteret.
1187 1694 1255 1721 Cum
1273 1702 1337 1721 vero
1356 1701 1385 1722 se
1410 1694 1554 1729 aliquando
1568 1693 1681 1727 Christi,

899 1739 1138 1775 apostolorumqne
1149 1740 1331 1774 perlustrasse
1346 1741 1459 1776 vestigia
1474 1740 1680 1775 signiﬁcaverit,

900 1790 965 1812 tom.
984 1793 1008 1813 vr
1033 1786 1062 1813 in
1088 1786 1183 1818 Joan.,
1198 1794 1272 1813 num.
1289 1786 1335 1818 24,
1354 1794 1416 1821 pag.
1434 1786 1497 1818 MO,
1515 1786 1557 1813 his
1579 1791 1682 1820 tempo—

899 1833 974 1860 ribus
987 1833 1013 1860 id
1025 1833 1106 1859 tribui
1118 1840 1197 1868 posse
1211 1840 1363 1861 ceusemus.
1375 1834 1438 1861 lude
1450 1841 1515 1861 vero
1530 1841 1582 1860 non
1597 1833 1681 1861 multo

898 1884 958 1915 post
971 1879 1108 1914 digressus
1117 1884 1169 1906 est.

933 1925 1026 1952 XVIII.
1043 1925 1143 1953 Scribit
1158 1924 1325 1960 Epiphanius
1342 1926 1408 1953 harr.
1422 1925 1468 1959 64,
1485 1934 1545 1962 cap.
1559 1927 1586 1960 5,
1601 1932 1628 1954 et
1642 1926 1682 1955 De

896 1972 976 2008 pomi.
993 1978 1016 1999 et
1035 1980 1128 2005 meum,
1148 1979 1212 2007 cap.
1230 1972 1274 2004 18,
1290 1971 1392 2008 Tyrum
1408 1974 1576 2000 concessisse
1593 1973 1680 2008 ipsqu

897 2023 959 2052 post
980 2017 1236 2054 Jerosolymitanum
1252 2018 1312 2049 iter,
1327 2023 1411 2053 atque
1433 2018 1470 2045 ibi
1484 2026 1532 2052 per
1546 2026 1680 2045 annorum

896 2069 959 2093 octo
973 2069 1000 2092 et
1016 2064 1112 2099 viginti
1133 2064 1278 2091 decursum
1305 2064 1331 2090 in
1363 2063 1582 2099 interpretandis,
1605 2064 1681 2097 juxta

897 2110 1032 2138 Ambrosii
1058 2110 1205 2146 postulata,
1231 2109 1381 2144 Scripturis
1402 2110 1486 2136 otium
1512 2117 1590 2137 suum
1613 2118 1681 2137 con-

897 2157 1056 2192 sumpsisse.
1076 2156 1197 2184 Dicerem
1225 2162 1383 2191 corruptum
1409 2164 1424 2183 a
1448 2155 1569 2183 librariis
1593 2164 1682 2183 nurne—

898 2209 968 2234 rum,
985 2201 1036 2229 nisi
1054 2201 1159 2230 duobus
1175 2201 1244 2235 apud
1257 2200 1437 2236 Epiphanium
1451 2200 1518 2228 locis
1535 2200 1682 2228 haberetur

94 2315 152 2352 (68)
166 2315 325 2352 Gombelis.,
338 2315 395 2342 Act.
409 2315 440 2343 V.
459 2315 530 2343 Petr.
546 2323 572 2351 p.
583 2315 655 2350 203;
671 2316 772 2343 Concil.
781 2320 847 2343 tom.
864 2313 887 2341 Β
902 2314 1067 2352 Demetriani
1080 2315 1186 2343 concilii
1205 2316 1274 2352 actis
1285 2315 1493 2352 subscripsisse.
1500 2315 1580 2343 Certe
1587 2303 1681 2344 nullibi

59 2350 171 2378 Ἳζυεὶα.
188 2351 251 2378 652.

85 2360 267 2422 ’(ῗὶξῗῐῗὲίε
290 2386 408 2422 (quidem
435 2386 556 2422 existimo
584 2387 707 2422 Demetrii
723 2387 848 2413 adversus

63 2421 204 2456 Origenem
224 2421 328 2448 decreto
349 2421 520 2454 ustipulatum
535 2421 616 2455 fuisse
629 2421 782 2452 Heraclam,
795 2427 848 2448 etc.

60 2456 88 2483 Id
105 2462 134 2483 ut
148 2457 274 2483 crederet
289 2457 400 2483 lluetius
414 2456 545 2483 adductus
566 2461 606 2483 est
630 2456 698 2482 male
714 2456 850 2483 intellecto

61 2492 111 2517 hoc
127 2491 218 2518 Photii
237 2491 295 2517 loco
311 2493 372 2518 cod.
390 2491 440 2517 Il8
454 2500 460 2518 :
483 2491 544 2518 Ἀλλ
559 2492 605 2525 ὅγε
620 2491 774 2526 Δημήτριος
791 2492 848 2526 ἅμα

60 2527 130 2553 τισὶν
162 2526 321 2562 ὲπςσκόποις
348 2526 521 2560 Αἰγυπτίοις,
547 2527 595 2553 καὶ
622 2527 670 2562 τῆς
702 2526 849 2562 ἱερωσύνης

61 2561 229 2597 ἀπεκήρυξε,
245 2561 507 2596 συνυπογραψὰντων
523 2561 623 2597 καὶσῇ
647 2561 782 2596 ἀποφάσει
795 2561 848 2588 τῶν

63 2595 221 2633 συμψῆᾳων
232 2596 319 2633 -αὺτῷ
337 2595 537 2632 γεγεννημένωνι
573 2595 666 2624 Veium
701 2595 846 2633 Demetrius

64 2631 115 2658 una
131 2640 191 2658 cum
214 2631 323 2666 [Ἐφυρὶί
340 2631 467 2665 episcopis
486 2632 599 2666 aliquot,
619 2632 765 2658 sacerdotio
786 2640 849 2666 quo-

62 2675 110 2701 que
133 2668 212 2694 illum
236 2668 393 2701 abjudicat,
412 2666 632 2694 subscribentibus
657 2667 737 2693 etiam
761 2668 845 2694 edicto

63 2703 134 2734 huic,
148 2708 274 2736 quotquot
293 2707 369 2729 antea
383 2702 525 2737 tuﬂ'ragati
538 2702 562 2728 ei
580 2701 743 2737 fuissentplu
760 2710 792 2728 eo
815 2709 845 2729 se

63 2738 150 2771 decipi
168 2745 265 2771 passus
284 2742 334 2768 est,
349 2740 419 2771 quod
445 2745 537 2764 vocem
563 2737 637 2772 αὐτῷ
652 2737 684 2762 ad
695 2736 843 2772 'Qrigeuem

63 2770 177 2804 delerat,
189 2780 251 2799 cum
266 2774 298 2798 ad
315 2770 477 2799 Demetrium
493 2770 631 2799 referenda
645 2772 691 2798 sit.
702 2770 756 2797 Hoc
772 2772 843 2798 enim

63 2815 144 2834 unum
172 2808 212 2834 ait
241 2807 362 2839 Pbotius,
386 2811 517 2842 quotquot
544 2807 641 2841 prioris
664 2807 843 2833 Demetrium:

63 2842 156 2877 synodi
183 2843 295 2871 decreto
315 2841 543 2877 subscripserunt,
559 2842 666 2870 eosdem
685 2841 841 2876 posterioris

902 2350 972 2383 apud
1000 2350 1189 2387 Hieronymum
1213 2351 1325 2387 legimus
1348 2350 1512 2387 abAlleracla
1530 2352 1680 2387 quidquam

903 2389 995 2412 contra
1010 2385 1156 2420 Origenem
1172 2385 1261 2413 actum
1279 2385 1368 2413 fuisse.
1383 2385 1480 2420 Ecquis
1493 2385 1564 2412 enim
1583 2385 1682 2414 id'cre-

903 2420 948 2447 dat
963 2421 995 2447 de
1010 2420 1134 2452 Hei-acia,
1149 2429 1230 2456 quem
1255 2421 1386 2456 Origenes
1414 2429 1461 2455 per
1488 2421 1595 2454 triginta
1627 2422 1682 2449 fere

903 2463 989 2482 annos
1004 2455 1163 2490 discipulum
1181 2455 1336 2483 habuerat:
1354 2456 1396 2483 cui
1413 2457 1576 2483 Alexandria
1598 2457 1684 2484 disce-

904 2490 969 2526 dens
983 2491 1154 2526 cateclteticae
1170 2491 1269 2526 scholae
1288 2499 1385 2518 munus
1409 2491 1527 2525 reliquit,
1545 2496 1571 2517 et
1586 2492 1629 2526 qui
1645 2492 1682 2518 si-

903 2524 1210 2587 bitnetipsifubrogavit
1226 2525 1381 2561 Dionysium
1407 2524 1531 2560 Origenis
1548 2524 1629 2553 etiam
1641 2526 1683 2553 di-

903 2567 974 2587 scum
988 2568 1030 2586 um

901 2567 1030 2587 BCIDIIIUIII

950 2595 996 2630 70)
1015 2593 1156 2630 Postquam
1182 2603 1214 2621 ea;
1241 2595 1289 2621 hoc
1321 2596 1433 2622 tumultu
1450 2596 1611 2626 Ctesareum.
1624 2601 1676 2623 etc.

901 2630 977 2663 Quod
996 2635 1051 2657 toto
1079 2632 1105 2657 in
1139 2631 1221 2657 hocce
1247 2630 1360 2656 articulo
1381 2632 1419 2656 ait
1435 2631 1557 2662 Iluetius,
1572 2631 1696 2662 minime,

900 2671 974 2693 certe
998 2666 1117 2692 cohaeret
1134 2673 1195 2692 cuin
1211 2664 1336 2700 Origenis
1350 2664 1451 2700 ﬂagitio
1468 2671 1495 2692 et
1508 2667 1679 2700 paenitentia,

899 2705 928 2727 ut
940 2701 995 2736 jam
1011 2701 1138 2736 diximus.

934 2734 991 2770 (Ἠ)
1006 2734 1020 2762 1
1024 2736 1049 2762 bi
1064 2736 1224 2762 vehementer
1237 2735 1269 2761 ab
1284 2742 1313 2761 eo
1326 2735 1402 2769 petiit
1419 2735 1584 2762 sacerdotum
1600 2736 1680 2764 colle-

897 2771 979 2804 gium,
994 2775 1046 2797 etc.
1063 2770 1125 2798 Haec
1148 2778 1180 2797 ex
1205 2771 1298 2797 iisdem
1313 2771 1425 2803 impuris
1442 2771 1559 2798 fontibus
1573 2778 1604 2798 ae
1620 2770 1681 2799 Ori-

899 2807 980 2841 genis
990 2805 1146 2832 idololatria:
1161 2806 1300 2832 historiam
1323 2805 1412 2841 hausit
1427 2805 1605 2841 Epiphanius.

929 2840 985 2876 (7‘2)
1003 2841 1098 2876 Epipll.
1111 2842 1176 2869 bmr.
1190 2841 1233 2873 64,
1253 2848 1311 2875 cap.
1327 2840 1354 2867 2.
