1915 3079
74 149 106 177 ϐἾ
109 148 127 176 Ἰ

607 149 893 178 ORIGENIANORUM
911 149 1007 183 LIBJ,
1026 149 1101 180 CAP.
1125 150 1169 179 lll.

1653 152 1706 182 678

73 217 126 236 nus
151 209 252 237 Scottis
275 210 308 237 ad
331 218 376 237 an.
401 209 502 237 Christi
525 209 587 237 259.
616 210 731 243 Idcirco.
759 212 867 246 opinor,
884 214 906 241 Α
921 211 1062 238 succisivis
1080 211 1156 238 horis
1171 211 1245 238 varia
1259 211 1346 246 ipsum
1363 211 1530 246 exemplaria
1546 212 1626 240 simul
1642 220 1706 240 con-

72 256 146 290 quod
162 255 241 290 hujus
258 257 393 291 praecipue
411 257 523 290 pietate,
539 257 657 290 scriptis,
677 257 862 290 concionibus,

70 307 100 329 et
130 302 258 337 exemplo
278 302 432 330 Christiana
455 304 521 331 fides
550 312 677 339 magnum
692 304 748 339 jam
774 305 863 333 incre-

69 353 196 376 mentum
210 349 372 384 accepisset.
387 355 414 377 et
425 357 508 383 porro
522 355 636 384 captura
651 351 799 378 videretur.

106 394 140 422 ll.
154 395 292 430 lngruenti
310 396 430 430 periculo
446 396 506 431 fuga
522 404 552 424 se
567 397 695 425 subduxit
718 397 861 432 Origenes.

69 441 130 477 (85)
145 450 208 469 cum
237 442 318 477 paulo
342 448 405 469 ante
422 442 593 477 Gregorium,
609 448 638 470 ct
657 443 861 471 Athenodorum

67 492 134 522 post
148 492 262 515 exactos
279 489 307 515 in
335 488 462 516 exhedris
489 488 546 515 suis
571 496 658 515 annos
683 489 803 523 quinque
834 489 861 516 in

67 534 191 568 patriam
210 534 344 562 redituros
360 542 374 560 a
387 541 416 561 se
427 534 571 561 amisisset.
592 534 624 562 Et
643 539 699 561 tum
717 535 750 562 ad
767 534 863 562 Firmi-

66 579 177 607 lianum
202 579 333 607 Cmsarea
363 579 538 615 Cappadocia
567 581 734 615 episcopum,
754 588 860 608 summa

67 626 125 654 sibi
149 628 350 654 necessitudine
363 627 528 659 devinctum,
541 631 597 654 tota
621 635 681 654 cum
701 627 878 654 Firmiliano-

66 671 209 698 invitante
223 680 283 698 eum
302 671 484 706 Cappadocia,
500 671 601 707 fugisse
614 673 697 700 certis
711 673 861 700 rationibus

65 718 104 745 ad
121 718 287 745 credendum
301 719 374 745 ducti
392 726 495 745 sumus.
520 717 587 745 Cum
612 719 685 746 enim
702 719 861 753 probaveri-

65 769 132 789 mus
158 769 240 796 supra
260 761 285 788 in
304 762 405 797 quinta
417 763 614 797 persecutionis
631 768 750 798 tempora
768 763 859 798 fugam

66 807 143 833 hanc
156 807 255 834 cadere
266 807 422 842 neutiquam
437 814 527 841 posse,
541 812 666 841 superest
689 812 718 835 ut
735 808 768 835 ad
795 816 859 835 scx-

66 856 139 885 tam,
158 860 219 886 qua
232 851 280 879 fuit
291 852 439 885 Maximini,
455 853 498 881 vel
509 855 542 881 ad
552 854 694 882 Decianam
713 854 857 882 referatur.

65 899 153 933 Atqui
178 898 275 926 Decius
293 899 431 926 biennium
456 907 509 926 non
538 899 655 934 explevit
680 900 706 927 in
732 900 856 934 imperio,

65 945 173 979 diuque
187 945 284 978 etiam,
307 945 370 973 dum
386 953 478 973 rerum
496 946 597 977 potitus
616 951 668 979 est,
690 946 717 973 in
743 947 858 974 vinculis

65 991 120 1018 fuit
135 991 286 1026 Origenes;
297 999 359 1018 cum
375 995 432 1019 toto
448 991 558 1019 biennio
570 991 624 1019 illic
637 992 707 1026 apud
721 991 856 1019 Julianam

65 1036 192 1069 latuerit,
212 1042 241 1064 ut
255 1038 385 1073 scriptum
402 1043 444 1065 est
466 1045 481 1064 a
498 1037 629 1064 Palladio.
644 1037 761 1065 Omnino
778 1037 858 1072 igitur

65 1083 95 1109 in
111 1082 252 1110 Maximini
269 1083 485 1117 persecutionem
502 1083 597 1110 incidit
610 1083 785 1110 Casariensis
807 1083 857 1109 iste

63 1135 205 1155 secessus.
221 1128 407 1155 Firmilianum
420 1136 537 1163 quoque,
555 1136 615 1155 cum
633 1128 713 1155 rebus
728 1128 785 1162 ipse
802 1129 858 1155 suis

63 1174 226 1201 consuleret
248 1174 292 1209 (ad
317 1174 447 1202 Ecclesia
473 1175 571 1209 quippe
596 1175 725 1209 praesides
749 1174 857 1209 potissi-

63 1229 143 1248 mum
158 1221 308 1256 pertinebat
323 1221 494 1257 periculurn),
505 1222 603 1249 alicubi
620 1221 741 1255 latuisse,
755 1226 780 1248 et
795 1229 854 1248 cum

62 1267 188 1302 Origene
208 1267 332 1301 fortasse,
350 1268 481 1295 credibile
496 1273 547 1301 est,
563 1273 705 1302 postquam
730 1275 854 1295 securum

63 1315 89 1341 ei
105 1314 178 1348 apud
190 1313 325 1340 Julianam
339 1313 489 1349 perfugium
507 1314 666 1349 assignavit.
684 1313 747 1340 Hac
768 1313 853 1340 abun-

63 1360 136 1387 dans
153 1360 261 1395 opibus,
282 1367 382 1396 easque
402 1361 428 1387 in
444 1360 571 1388 Ecclesia
584 1360 725 1388 commoda
742 1361 855 1396 profun-

63 1406 133 1433 dere
156 1406 248 1438 solita,
264 1413 369 1433 summa
386 1405 548 1433 liberalitate
575 1407 712 1434 hominem
729 1407 761 1434 de
777 1415 855 1442 repu-

62 1451 139 1478 blica
155 1450 309 1478 Christiana
321 1451 422 1485 optime
436 1451 563 1478 meritum
575 1452 714 1486 complexa
729 1457 785 1485 est;
807 1461 856 1482 nec

61 1497 186 1532 hospitio
196 1497 302 1531 excepit
314 1496 412 1530 solum,
425 1497 471 1524 sed
483 1497 644 1525 bibliotheca
662 1499 757 1530 etiam,
773 1506 854 1533 quam

917 256 1047 288 tendisse,
1064 257 1111 291 qui
1121 256 1201 284 labor
1213 257 1246 283 ad
1259 257 1399 284 condenda
1416 257 1537 293 Hexapla
1552 263 1611 286 erat
1623 259 1705 287 veluti

916 303 1089 338 παρασκευή.

950 347 995 375 1V.
1018 348 1179 376 Ambrosius
1196 348 1304 376 interim
1315 348 1371 383 jam
1389 357 1471 384 supra
1488 350 1566 378 nobis
1583 358 1705 379 comme-

914 400 1047 427 moratus,
1072 399 1099 422 et
1121 394 1301 422 Caesariensis
1317 395 1446 423 Ecclesia
1472 397 1615 432 presbyter
1639 397 1706 425 Pro-

916 443 1041 471 toctetus,
1067 438 1199 475 ﬂagrante
1224 440 1275 467 hac
1304 441 1494 474 persecutione
1514 443 1702 477 comprehensi

914 490 942 512 et
957 485 983 512 in
995 486 1145 512 custodiam
1160 485 1215 513 acti
1232 491 1305 513 sunt.
1322 487 1452 520 Quamvis
1473 492 1563 516 autem
1586 490 1636 523 ipsi
1656 497 1704 524 per

914 540 944 559 se
955 532 1058 558 Christi
1077 539 1187 559 causam
1204 537 1407 567 propugnarent
1421 533 1547 566 viriliter,
1572 543 1624 562 non
1642 543 1700 563 me-

913 577 1044 604 diocriter
1073 581 1163 604 tamen
1185 583 1329 613 utrumque
1354 578 1530 606 confirmavit
1557 579 1700 614 Origenes,

913 624 998 650 misso
1013 631 1095 650 aureo
1117 623 1217 656 libello,
1231 632 1286 659 quo
1303 625 1335 651 ad
1354 625 1513 659 martyrium
1528 633 1574 653 eos
1594 632 1635 653 est
1654 628 1702 654 ad-

913 669 1047 696 hortatus.
1063 668 1175 696 Librum
1195 670 1268 696 hunc
1283 669 1402 704 igiturin
1413 669 1573 698 Caesariensi
1590 671 1702 700 latibulo

912 716 1043 750 scriptum
1069 715 1152 743 fuisse
1175 716 1272 743 merito
1298 716 1421 743 videmur
1445 716 1580 750 conjicere
1610 726 1617 744 :
1645 726 1701 753 quo

910 769 975 788 vero
990 762 1142 789 destinatus
1174 761 1267 795 fuerit,
1297 769 1343 789 seu
1364 761 1463 796 quibus
1491 762 1517 789 in
1543 763 1609 790 locis
1635 765 1698 792 torti

911 806 1014 834 fuerint
1039 807 1201 836 Ambrosius
1225 812 1253 835 et
1280 806 1465 840 Protoctetus,
1494 809 1518 835 id
1543 809 1700 843 conjectura

913 854 1019 888 assequi
1033 854 1113 881 facile
1129 862 1184 882 non
1205 859 1257 882 est.
1271 854 1318 881 Sic
1336 862 1383 881 eos
1405 854 1552 889 alloquitur
1568 855 1700 890 Origenes

912 899 938 925 in
953 906 997 931 eo,
1017 899 1050 926 de
1066 907 1119 934 quo
1134 900 1293 934 quaerimus,
1316 899 1406 927 libello
1425 908 1500 927 num.
1522 900 1553 926 M
1571 910 1577 926 :
1594 900 1700 931 Παῦλος

912 944 962 980 μὲν
984 944 1098 979 λεγέτω,
1115 945 1140 971 ει
1167 945 1237 972 κατὰ
1259 945 1413 981 ἄνθρωπον,
1444 945 1651 981 ἐθηριομάχησα
1669 946 1698 973 ὲν

915 992 1038 1028 Ἐφέσῳ·
1066 994 1146 1029 ἡμεῖς
1162 994 1199 1026 δὲ,
1217 995 1240 1020 εἰ
1260 994 1331 1021 κατὰ
1346 994 1501 1030 ἄνθρωπον,
1519 995 1654 1031 ἀνῃρέθην
1669 996 1699 1022 ἐν

908 1040 1057 1076 Γερμανίᾳ.
1079 1050 1088 1066 ι
1119 1041 1195 1068 Dicat
1210 1041 1319 1076 quidem
1342 1041 1466 1069 Paulus:
1488 1041 1515 1068 Si
1532 1042 1695 1074 (secundum

910 1086 1059 1121 hominem)
1068 1087 1100 1113 ad
1112 1087 1214 1113 bestias
1225 1087 1340 1122 pugnavi
1353 1086 1450 1120 Ephesi
1467 1087 1499 1120 ⁶;,
1515 1095 1565 1115 nos
1578 1093 1667 1115 autem
1687 1095 1695 1113 :

909 1132 936 1159 Si
952 1132 1113 1168 (secundum
1128 1132 1278 1167 hominem)
1294 1133 1450 1160 interfectus
1466 1138 1525 1160 sum
1543 1133 1568 1160 in
1582 1133 1696 1161 Germa-

909 1177 963 1204 nia.
983 1187 991 1203 I
1007 1177 1094 1212 Loqui
1114 1177 1270 1213 \Origenem
1288 1184 1321 1204 ex
1342 1178 1478 1205 Ambrosii
1499 1183 1526 1206 et
1545 1178 1694 1207 Protocteti

908 1231 1022 1258 persona
1042 1223 1216 1251 manifestum
1231 1229 1291 1256 est;
1308 1223 1409 1251 nullum
1423 1224 1481 1259 ipse
1497 1225 1628 1259 siquidem
1645 1225 1696 1252 huc

908 1275 1029 1304 tempore
1048 1271 1195 1298 discrimen
1217 1271 1295 1299 adiit.
1313 1269 1381 1304 Quid
1398 1270 1432 1298 sit
1445 1275 1535 1298 autem
1551 1270 1696 1298 Germania

908 1315 966 1349 illa,
983 1324 1080 1351 magna
1098 1316 1260 1352 dijudicatio
1273 1320 1325 1343 est.
1344 1315 1494 1343 Addubitat
1513 1315 1635 1344 Ortelius
1649 1324 1697 1343 au-

909 1369 960 1388 uon
976 1361 1122 1389 Germania
1140 1362 1176 1389 sit
1199 1361 1416 1396 Germanopolis,
1437 1369 1517 1395 quam
1535 1362 1561 1388 in
1577 1361 1695 1396 Paphla-

907 1415 1006 1443 gonum
1030 1407 1240 1435 mediterraneis
1267 1408 1384 1435 collocat
1406 1408 1569 1436 Ptolemaus
1595 1407 1694 1443 Geogr.

906 1453 954 1481 lib.
972 1460 999 1485 ν,
1014 1460 1075 1487 cap.
1095 1453 1354 1488 6.Gerinanopolim
1370 1459 1462 1481 autem
1487 1454 1609 1481 eamdem
1635 1461 1696 1481 esse

906 1501 1060 1535 suspicatur
1074 1507 1105 1526 ac
1121 1499 1369 1534 Germanicopolim
1387 1499 1466 1526 Plinii
1483 1499 1550 1534 (86),
1562 1499 1589 1526 in
1602 1499 1696 1535 Bithy—

61 1544 305 1572 instruetissimam
322 1551 336 1570 a
349 1543 510 1579 Symmacho
523 1543 699 1572 hareditario
711 1544 772 1579 jure
784 1546 854 1573 obti-
866 1553 887 1582 α
907 1546 949 1572 nia
965 1545 999 1572 ad
1013 1552 1088 1572 mare
1101 1545 1193 1572 sitam.
1209 1545 1277 1572 Falli
1294 1545 1368 1572 illum
1385 1549 1439 1571 tam
1455 1545 1523 1577 scio,
1538 1552 1619 1579 quam
1637 1546 1695 1572 scio

61 1592 158 1619 nebat.

101 1636 145 1664 Ill.
164 1636 221 1664 lllic
241 1636 347 1671 insigne
364 1635 545 1670 Hexaplorum
561 1640 693 1670 opuslum
709 1636 854 1664 inchoasse

62 1682 214 1717 Origenem
240 1681 378 1714 existimo,
405 1681 553 1708 maximam
583 1686 691 1708 nactum
719 1682 852 1708 librorum

60 1728 272 1763 supellectilem,
298 1733 325 1755 et
338 1728 590 1762 iuterpretationum
606 1728 756 1762 prasertim
775 1728 852 1756 Scri-

61 1780 164 1810 ptura,
181 1782 248 1808 quas
271 1774 297 1801 in
329 1781 393 1802 suos
407 1781 472 1802 usus
496 1774 636 1809 collegisse
657 1773 850 1809 Symmachum

60 1820 214 1848 verisimile
228 1825 282 1853 est,
298 1828 359 1847 cum
377 1820 434 1855 ipse
450 1827 526 1846 suam
545 1820 699 1847 adornaret.
716 1819 774 1846 Jam
796 1820 852 1854 pri-

61 1875 136 1894 mum
154 1867 261 1900 quidem
284 1874 378 1894 eorum
398 1865 609 1899 descriptionem
626 1866 717 1893 animo
739 1866 851 1901 praefur-

61 1920 167 1943 masse.
181 1920 242 1939 cum
259 1916 419 1939 versaretur
441 1912 625 1943 Alexandria,
651 1911 850 1945 nonnullasque

62 1960 98 1986 ad
112 1959 139 1986 id
158 1959 307 1993 Scriptura
330 1959 571 1993 interpretationes
584 1958 728 1992 collegisse
743 1962 770 1985 et
785 1966 850 1985 con-

60 2006 158 2033 tulisse
179 2006 332 2041 signilicare
347 2005 452 2032 videtur
470 2005 613 2038 Eusebius,
632 2004 702 2031 Hist.
730 2012 789 2039 cap.
807 2004 849 2035 16,

59 2059 132 2086 quas
156 2056 183 2078 et
210 2051 315 2085 magnis
340 2050 426 2083 ipsum
456 2050 612 2084 sumptibus
639 2048 787 2075 redemisse
812 2049 850 2075 ait

58 2097 244 2132 Hieronymus
261 2096 337 2130 Apol.
356 2096 384 2122 5n
400 2095 502 2130 Nolim,
520 2096 565 2122 lib.
584 2102 614 2127 ll,
630 2101 691 2128 cap.
708 2094 734 2121 9.
760 2094 849 2121 Casa-

58 2150 112 2170 rea
128 2149 193 2168 vero
204 2141 380 2176 Cappadocia
390 2141 461 2167 serio
476 2147 586 2166 manum
605 2140 678 2173 operi
694 2139 849 2166 admovisse

58 2195 137 2223 puto,
153 2188 218 2224 Tyri
237 2188 345 2222 penitus
365 2186 526 2214 absolvisse.
554 2186 593 2212 Ex
611 2193 664 2220 quo
686 2185 846 2220 intelligitur

58 2234 205 2270 Epiphanii
233 2234 311 2266 ratio,
330 2233 393 2269 Tyri
418 2240 448 2260 ea
474 2233 612 2260 elaborata
641 2232 723 2259 fuisse
749 2230 847 2258 testifi-
864 2228 885 2255 D

57 2281 158 2313 cautis,
174 2281 225 2307 hoc
242 2284 293 2311 est,
306 2280 404 2313 partim
420 2279 495 2314 Tyri,
515 2279 615 2313 partim
632 2278 659 2304 in
679 2278 711 2305 iis
726 2277 804 2308 locis,
819 2277 845 2304 in

57 2327 156 2361 quibus
170 2333 276 2353 moram
290 2324 353 2352 fecit
370 2324 500 2359 Origenes
516 2322 613 2359 viginti
628 2327 690 2350 octo
709 2329 842 2349 annorum

55 2373 186 2403 decursu,
218 2378 287 2405 quos
311 2370 374 2405 Tyri
401 2375 477 2397 actos
502 2369 669 2403 Epiphanius
694 2367 751 2404 (84)
773 2368 842 2395 falso

57 2417 253 2444 arbitrabatur.
269 2416 331 2443 Haec
356 2423 370 2442 a
388 2416 466 2442 nobis
494 2416 686 2442 tractabuntur
713 2414 840 2441 inferius.

56 2463 204 2490 Cmnmode
221 2470 287 2489 rcro
304 2462 336 2488 ad
350 2469 409 2488 eam
434 2461 652 2488 lucubrationein
678 2460 774 2488 referri
795 2467 844 2494 po-

57 2515 107 2536 test
124 2510 199 2543 quod
215 2508 254 2542 de:
269 2515 299 2534 se
320 2508 385 2534 dicit
400 2507 543 2541 Origenes,
563 2506 632 2541 apud
648 2506 759 2533 Suidam
772 2506 844 2538 (85).

55 2556 162 2583 solitum
178 2563 239 2582 esse
250 2554 312 2586 sibi,
326 2554 355 2580 ὲν
368 2554 474 2589 καιροῖς
490 2553 608 2584 ἀνέσεως
623 2552 782 2588 φιλολογεῖν,
799 2553 845 2580 καὶ

55 2600 186 2636 ἀκριϐοῦν
205 2599 240 2626 τὰ
267 2598 437 2634 (Ξιντίγροιςρσ.⁸
464 2598 543 2625 facile
573 2599 646 2625 enim
679 2589 846 2632 pel-suadeor

89 2648 99 2663 '
114 2647 123 2674 Ι
135 2647 198 2673 Cur.
214 2654 260 2677 xv,
273 2645 319 2672 52..

87 2707 142 2742 (85)
158 2706 233 2742 Cum»
255 2705 416 2742 paulouanle
454 2703 609 2742 Gregorium
637 2709 661 2730 et
678 2703 840 2742 _Allieuo_do-

54 2738 120 2774 runt,
133 2738 192 2769 'etc.
213 2738 368 2767 Verisimile
384 2747 436 2766 non
461 2745 501 2766 est
515 2740 571 2774 jam
597 2744 652 2774 tum
677 2739 705 2765 in
723 2738 840 2772 patriam

53 2779 163 2805 rediisse
180 2775 344 2810 Gregorium
358 2780 384 2801 et
398 2775 456 2809 ejus
472 2773 592 2801 fratrem.
610 2773 741 2801 Videntur
752 2774 841 2810 potius

52 2813 128 2840 ambo
139 2807 341 2839 Alexandriam
363 2807 505 2844 migrasse,
522 2810 619 2836 deinde
635 2814 741 2835 mortuo
755 2807 840 2834 Illuxi-

53 2849 122 2875 mino
137 2849 171 2874 ad
187 2847 348 2878 Origenem.
365 2853 397 2872 ac
414 2846 522 2872 demum
534 2844 567 2871 ad
580 2845 694 2878 patriam
712 2844 839 2871 rediisse.

52 2882 114 2911 Vide
129 2888 211 2911 notas
227 2882 263 2908 77
279 2885 307 2908 et
320 2880 364 2907 78.

907 1598 948 1618 me
964 1591 1068 1618 vivere.
1083 1590 1186 1618 Catena
1204 1596 1283 1618 vetus
1297 1591 1392 1619 Graca
1420 1591 1447 1618 in
1470 1590 1615 1626 Evangelia
1636 1591 1695 1618 lau-

904 1636 950 1663 dat
972 1636 1102 1664 Severum
1129 1637 1329 1664 Antiochennm
1358 1637 1385 1663 in
1409 1636 1497 1671 Opere
1511 1637 1544 1663 ad
1562 1636 1694 1663 Thomam

904 1682 1056 1709 Germania
1072 1681 1241 1717 episcopum.
1265 1682 1336 1709 Hinc
1355 1683 1453 1718 aliquis
1469 1682 1617 1717 coniecerit
1632 1689 1694 1709 eam

903 1736 963 1755 esse
978 1728 1180 1756 Germaniciam
1205 1736 1265 1763 qua
1293 1728 1481 1763 Euphratesia
1503 1728 1569 1755 urbs
1585 1731 1627 1755 est
1650 1736 1692 1755 ar-

903 1775 1123 1810 chiepiscopalis,
1152 1774 1331 1802 Antiochense
1352 1774 1460 1801 subdita
1488 1773 1626 1801 Ecclesia.
1658 1774 1692 1800 At

902 1819 1047 1847 Germania
1067 1820 1224 1855 metropolis
1236 1824 1289 1852 est,
1306 1819 1618 1854 Gonstantinopolitana
1641 1819 1692 1846 Ec-

901 1865 993 1892 clesia
1021 1864 1154 1899 subjecta.
1185 1864 1281 1892 ordine
1306 1865 1351 1896 68,
1379 1865 1456 1899 juxta
1487 1864 1690 1900 Dispositiouem

901 1911 1000 1939 Leonis
1024 1910 1180 1946 Philosophi
1198 1919 1258 1946 qua
1277 1911 1347 1946 juris
1364 1910 1589 1938 Graco-Romani
1610 1911 1691 1937 C0lll‘-

905 1957 988 1985 ctioni
1001 1956 1210 1985 Leunclaniana
1228 1957 1330 1985 inserta
1348 1961 1389 1984 est
1400 1956 1469 1992 (87),
1487 1961 1515 1984 et
1539 1957 1572 1983 ad
1589 1957 1689 1983 calcem

901 2003 964 2031 libri
993 2003 1032 2030 De
1057 2004 1147 2039 officii:
1169 2003 1444 2038 Constantinopoleos
1464 2002 1572 2038 Georgii
1594 2003 1690 2031 Codiui

900 2054 944 2077 est
957 2054 1070 2077 attexta.
1087 2049 1115 2077 In
1136 2050 1221 2076 altera
1250 2057 1314 2077 vero
1341 2049 1484 2082 Palaologi
1502 2049 1687 2080 Disposiliane,

901 2104 961 2131 qua
976 2097 1095 2132 priorem
1114 2097 1185 2123 hanc
1199 2095 1302 2130 excipit
1322 2096 1348 2122 in
1375 2095 1469 2122 eodem
1485 2094 1580 2121 Codini
1607 2094 1686 2124 libro.

900 2144 939 2170 sic
957 2144 1092 2170 habetur:
1112 2142 1142 2169 '0
1158 2142 1286 2177 Γερμιου,
1300 2141 1347 2168 καὶ
1365 2140 1434 2167 αὐτὰ
1457 2141 1494 2174 ξςν
1510 2140 1574 2167 ὄντα
1591 2140 1628 2167 οθ¹
1644 2150 1689 2175 γε-

900 2190 1022 2225 γόνασιν.
1044 2190 1113 2217 Hinc
1141 2194 1254 2224 apparet
1279 2189 1420 2224 legendum
1444 2187 1580 2223 Γερμίων,
1607 2192 1688 2222 atque
1713 2188 1715 2190 ’

900 2235 971 2262 idem
983 2243 1045 2262 esse
1059 2234 1169 2262 Germia
1185 2242 1217 2261 ac
1229 2233 1414 2261 Germaniam.
1432 2233 1540 2261 Germia
1557 2238 1646 2259 autem
1662 2235 1687 2259 in

899 2280 1005 2308 Galatia
1023 2279 1141 2307 secunda
1160 2286 1208 2306 seu
1237 2278 1357 2306 Salutari
1380 2278 1551 2305 constituunt
1577 2276 1688 2303 Noliliw

899 2331 1005 2358 veteres,
1020 2330 1047 2353 et
1065 2326 1136 2352 inter
1148 2324 1403 2359 archiepiscopatus
1428 2324 1631 2358 αὑτοκεφάλους
1646 2331 1688 2350 re-

898 2371 998 2399 ferunt.
1012 2371 1064 2398 Sed
1081 2371 1123 2398 his
1140 2374 1274 2404 repugnat
1286 2370 1381 2397 eadem
1406 2369 1505 2397 Leonis
1518 2369 1663 2404 Dispositio
1676 2376 1686 2400 ;

899 2426 959 2444 nam
977 2421 1121 2452 postquam
1143 2415 1318 2450 metropoles,
1340 2419 1368 2442 et
1390 2415 1416 2442 in
1448 2416 1483 2443 iis
1507 2415 1685 2443 Germaniam

899 2463 1046 2494 recensuit,
1062 2462 1201 2497 subjungit
1221 2461 1486 2496 archiepiscopatus.
1502 2467 1528 2488 et
1552 2462 1623 2488 inter
1637 2468 1685 2487 eos

898 2508 1013 2536 Germiis
1031 2508 1178 2535 secundum
1197 2507 1284 2534 locum
1301 2507 1431 2542 assignat.
1447 2507 1517 2540 Quid
1527 2507 1613 2542 igitur
1627 2512 1683 2534 sta-

900 2558 983 2586 tuam,
1003 2560 1056 2579 uon
1080 2553 1169 2579 habeo
1186 2563 1192 2579 ;
1208 2559 1286 2578 suum
1304 2551 1452 2585 unicuique
1476 2552 1598 2586 relinquo
1613 2552 1683 2587 judi-

899 2599 983 2632 cium,
997 2599 1085 2626 satius
1099 2598 1203 2625 ducens
1218 2597 1297 2624 silere
1311 2597 1338 2624 in
1355 2604 1385 2624 re
1408 2597 1525 2629 incerta,
1539 2605 1621 2632 quam
1637 2605 1684 2624 va-

927 2703 981 2765 (ξέ)
1002 2703 1099 2738 Epiph.
1114 2703 1180 2730 har.
1197 2702 1243 2733 6i.
1264 2710 1288 2729 c.
1305 2702 1333 2732 5.
1349 2706 1376 2728 et
1394 2701 1431 2728 De
1448 2702 1529 2736 pond.
1543 2707 1566 2729 et
1583 2710 1681 2737 meum,

891 2746 905 2765 ο

938 2807 982 2841 86)
996 2808 1081 2839 Plin.,
1100 2808 1148 2835 lib.
1162 2815 1196 2840 Iv,
1213 2814 1272 2842 cap.
1286 2807 1332 2834 32.

937 2759 981 2806 is;
1000 2773 1097 2800 status
1112 2773 1140 2799 in
1156 2771 1231 2806 Orig.

1000 2774 1097 2814 Suidas
1112 2774 1140 2813 in
1156 2774 1231 2806 Orig.
1305 2807 1320 2826 ὁ

926 2774 1336 2881 i3?)fé;"6.ifl1;.iia.f£?13:.
1353 2842 1372 2875 l,
1391 2842 1435 2870 lib.
1453 2850 1481 2869 ιι.
