1915 3079
79 131 131 160 681

616 122 901 157 ORlCENiANORUM
919 121 983 154 LIB.
1002 125 1024 158 Ι,
1046 120 1123 154 CAP.
1141 117 1187 153 lli.

1667 126 1721 154 68‘2

79 191 203 225 quinque
230 194 319 216 tomos
345 188 372 216 in
401 195 433 216 ea
462 187 613 216 elaboravit
636 188 700 215 sede
716 196 723 220 ;
756 186 874 222 reliquos
888 191 911 217 Α
926 184 1025 213 ﬂorens
1038 176 1162 219 Beryll'us
1180 182 1236 220 (99)
1251 181 1444 210 Bostrenorum
1456 183 1599 218 episcopus
1618 182 1646 211 in
1662 183 1722 211 haz-

80 234 196 263 to'tidem
218 234 351 262 Caesareas
378 233 516 262 Stratonis
537 233 668 261 confecit.
704 233 782 261 Circa
805 233 876 259 hanc

79 289 192 317 quoque
208 284 397 316 tempestatem
417 279 580 315 jampridem
597 278 732 307 inchoatis
747 279 776 305 in
789 277 875 305 Joan-

79 336 140 355 nem
154 326 360 355 Commentariis
379 326 460 353 linem
478 326 641 361 imposuisse
658 324 807 352 verisimile
819 329 873 355 est.

78 379 111 401 ut
126 373 197 401 infra
213 373 365 401 ostendam.
378 372 504 399 Annuum
522 378 629 406 tetupus
644 370 802 399 Atheniensi
812 370 874 398 huic

79 427 167 447 πνοι-ω
193 418 290 447 tribuit
325 417 475 450 Halloxius,
509 425 559 445 nec
583 417 760 450 contradico;
794 416 875 444 liceat

78 465 165 493 modo
197 464 343 499 unicuique
369 463 504 498 judicium
533 462 606 490 aliud
633 469 667 490 ex
696 469 727 490 re
753 462 872 497 capienti

77 511 239 539 dissentire.

117 555 246 591 Vll.(92‘)
259 554 403 583 Pristinam
415 555 506 590 itaque
518 555 622 588 sedem,
631 555 783 583 Caesaream
798 555 874 582 Straa

78 602 156 629 tonis
175 601 257 636 longo
271 605 331 636 post
345 604 469 635 tempore
479 599 610 635 Origenes
619 600 738 635 repetiit,
747 604 829 634 atque
837 599 873 627 ibi

77 651 239 683 susceptum
259 644 516 674 Commentariorum
538 647 566 673 in
588 645 726 674 Canticum
749 652 818 680 opus
841 645 874 672 ad

58 706 67 712 ι
76 693 184 721 exitum
195 693 280 721 duxit.
290 693 434 721 Falluntur
444 697 535 720 autem
546 691 793 728 Magdeburgenses
804 691 872 728 (95),

76 746 143 766 cum
170 738 246 766 aiunt
268 738 412 775 scripsisse
439 737 571 769 Suidam,
600 736 745 772 Origenem
771 744 872 764 annum

77 785 171 813 aetatis
187 792 243 813 sua:
255 785 344 820 egisse
367 784 577 819 sexagesimum,
599 791 661 811 cum
682 790 714 811 ea
729 783 874 810 Commen-

79 830 151 857 taria
171 834 299 859 exararet
315 836 322 857 ε
339 828 392 857 tale
408 830 482 857 enim
497 829 646 865 quidquam
671 829 742 864 apud
761 827 872 856 Suidam

929 231 1010 260 resim
1026 231 1116 264 lapsus
1133 235 1194 263 est;
1210 236 1271 257 cum
1284 229 1434 261 Christum.
1454 233 1599 265 antequam
1616 229 1716 256 huma—

928 286 963 306 no
976 285 1035 306 sese
1056 277 1174 311 illigaret
1196 275 1316 311 corpori.
1336 276 1403 303 nihil
1420 276 1548 304 habuisse
1565 273 1719 311 proprium,

927 325 975 352 sed
997 324 1080 351 Deum
1104 324 1248 352 divinitate
1269 329 1382 359 paterna
1408 327 1525 356 tantum,
1543 330 1595 349 non
1610 324 1717 358 propria

928 375 960 397 ac
975 378 1024 397 sua
1044 369 1127 398 fuisse
1153 370 1273 398 doceret.
1296 371 1382 404 Quam
1407 369 1531 397 haeresim
1548 369 1647 396 deinde
1673 368 1719 395 ἰη-

927 416 1058 442 stauravit
1074 423 1105 443 ac
1123 416 1299 451 propugnavit
1309 415 1604 451 Sabellius.Episc0pos
1612 414 1719 442 adver—

927 469 987 489 sum
1003 469 1032 489 se
1060 459 1211 498 complures
1229 462 1351 498 Beryllus
1366 462 1471 490 nefario
1486 462 1614 497 dogmate
1627 460 1719 488 conci-

927 507 976 535 vit.
1003 507 1128 536 Bostram
1156 508 1194 536 illi
1221 509 1248 536 in
1274 509 1408 545 synodum
1438 513 1547 541 coeunt,
1570 508 1718 542 multisque

927 552 1066 581 hominem
1082 554 1285 583 velitationibus
1301 554 1471 582 adoriuntur.
1499 552 1527 580 ld
1544 561 1604 580 cum
1622 558 1717 587 parum

927 599 1096 634 procederet,
1115 600 1149 628 ad
1170 600 1379 635 expugnandam
1397 599 1515 628 hominis
1534 598 1717 634 pervicaciam

927 646 1077 674 accersitus
1101 650 1144 675 est
1169 646 1322 682 Origenes;
1351 647 1378 674 in
1405 646 1463 682 ejus
1488 646 1588 680 quippe
1619 643 1717 679 peritia

926 692 1017 719 omnia
1035 693 1085 720 sibi
1103 693 1232 728 proclivia
1258 693 1316 721 fore
1340 693 1488 729 sperabant
1500 699 1605 723 omnes.
1619 695 1647 717 et
1658 690 1717 725 ejus

927 737 1050 766 consiliis
1077 739 1302 774 acquiescebant.
1329 738 1528 774 Frequentibus
1549 737 1594 764 ille
1622 736 1718 763 adver-

927 792 987 812 sum
1001 785 1143 814 hatreticos
1160 791 1188 813 et
1203 785 1311 813 Iudaeos
1335 784 1564 820 disputationibus
1576 784 1632 819 jam
1654 783 1718 809 ante

927 829 1073 864 exercitus,
1101 830 1236 867 Beryllum
1256 837 1360 858 summa
1388 829 1558 857 humanitate
1577 835 1609 854 ac
1629 827 1718 854 dexten

77 883 217 912 nusquam
235 876 364 911 reperias.
381 876 429 904 Est
444 876 515 912 apud
534 875 727 911 Hieronymum
741 874 809 911 (94),
827 882 874 902 ve-
890 882 910 909 n
926 877 1007 904 ritate
1021 884 1168 913 aggressus
1195 882 1248 911 est,
1266 877 1403 911 variisque
1420 883 1501 911 super
1517 874 1576 909 ejus
1590 873 1716 901 doctrina

77 924 155 952 uisse
165 923 353 951 Firmilianum
369 923 503 952 Caesareae
525 922 703 958 Cappadociae
715 922 873 957 episcopum

77 970 112 996 ad
128 969 286 1004 Origencm,
305 977 352 1004 per
373 976 484 997 causam
510 968 633 996 locorum
661 972 828 1001 sanctorum,
846 971 875 994 ut.

77 1016 151 1050 apud
167 1022 229 1043 eum
251 1014 380 1049 majorem
409 1014 556 1050 Scriptura:
573 1018 676 1041 sanctae
701 1018 873 1049 compararet

77 1061 218 1094 notitiam,
228 1068 290 1089 cum
305 1061 392 1096 ipsum
407 1065 485 1088 antea
498 1061 524 1087 in
537 1059 706 1096 Cappadocia
721 1060 767 1088 diu
780 1067 873 1088 secum

78 1108 232 1136 habuisset.
250 1108 286 1136 At
302 1108 450 1143 Gregorius
471 1106 609 1142 Nyssenus
623 1106 682 1142 (95)
697 1107 724 1134 in
748 1106 873 1142 Origenis

77 1155 249 1191 disciplinam
269 1161 407 1190 receptum
430 1155 515 1183 fuisse
539 1159 635 1183 narrat
654 1162 717 1183 cum
740 1155 873 1191 Gregorio

78 1202 284 1237 Thaumatnrgo
296 1201 496 1234 Firmilianum,
510 1202 656 1230 Patricium
671 1202 871 1238 Cappadocem,

77 1247 200 1275 nondum
225 1247 394 1282 episcopum.
423 1247 472 1285 Bis
499 1247 591 1282 itaque
615 1247 727 1282 Origeni
746 1249 874 1276 erudien—

77 1293 144 1320 dum
157 1299 218 1320 sese
233 1292 372 1320 tradiderit
385 1292 577 1326 Firmilianus;
596 1293 712 1328 primum
727 1299 871 1328 antequam

77 1338 222 1371 Ecclesiae,
240 1343 322 1373 atque
337 1339 405 1366 adeo
420 1338 530 1366 Christo
547 1347 645 1367 nomen
668 1339 804 1371 dedisset;
824 1339 872 1366 ite-

77 1392 152 1416 rum,
169 1389 310 1420 postquam
331 1392 364 1412 ex
381 1385 467 1412 altero
494 1385 654 1412 Atheniensi
674 1385 771 1412 itinere
784 1385 873 1412 Caesa-

77 1437 155 1458 ream
177 1429 314 1458 Stratonis
336 1435 462 1458 reversus
484 1435 536 1458 est.
555 1430 610 1466 (96)
627 1430 695 1458 Item
717 1435 808 1458 autem
834 1430 871 1458 ita

77 1481 176 1505 narrat
190 1476 324 1505 Eusebius
336 1476 405 1512 (97),
421 1482 449 1504 ut
463 1484 480 1505 a
497 1481 594 1504 neutro
610 1477 761 1505 dissentiat.

114 1520 183 1550 VllL
202 1521 259 1557 (98)
276 1521 437 1550 Eruditione
449 1529 498 1558 per
508 1521 579 1550 idem
597 1526 703 1558 tempus
715 1527 743 1549 et
759 1522 868 1558 ingenio

113 1599 312 1637 (92‘)7Euseh.,
326 1600 429 1628 Hister.
445 1600 521 1634 δαείη
538 1601 585 1628 lib.
601 1609 638 1632 vt.
652 1608 713 1636 cap.
729 1600 775 1629 52.

117 1635 178 1670 (95)
191 1635 315 1671 Magdeb.
327 1641 399 1663 cent.
416 1637 444 1668 5,
458 1644 518 1671 cap.
536 1637 578 1664 tu.

125 1672 172 1700 94)
189 1671 298 1707 llieron.
312 1671 400 1698 Catul.
414 1672 504 1707 «uim.
520 1672 622 1707 ardes"
642 1679 703 1707 cap.
719 1671 765 1699 5L.

125 1707 173 1741 95)
187 1706 301 1742 (ξι-θεον.
317 1707 431 1742 Nyssen.
449 1705 503 1733 Vit.
523 1706 663 1734 Tltaumal.

113 1742 174 1778 (96)
190 1741 252 1768 Rem
272 1748 359 1769 autent
374 1742 412 1769 ita
428 1747 520 1778 narrat
542 1742 684 1774 Eusebius,
698 1747 750 1770 etc.
776 1741 871 1778 Hiero-

77 1777 162 1814 nymo
179 1778 288 1814 quidem
304 1778 441 1814 consent_it
462 1777 613 1814 Eusebius;
639 1777 687 1814 sed
709 1785 796 1814 neque
811 1777 867 1814 hic,

77 1811 169 1848 neque
185 1812 289 1848 uspiam
303 1812 392 1839 innuit
407 1812 603 1848 Firmilianuiu
616 1812 692 1847 prius
709 1811 793 1840 fuisse
805 1811 868 1839 Oris

77 1847 157 1883 genis
176 1847 348 1883 discipulum,
374 1855 406 1875 ac
426 1848 539 1883 proinde
554 1856 567 1873 a
583 1847 708 1882 Nysscno
723 1847 868 1875 dissentire

77 1882 198 1911 videtur.
223 1882 324 1910 Deinde
347 1883 461 1910 multum
483 1882 609 1918 Nysseno
634 1882 867 1918 noeetﬁGregorii

78 1919 172 1954 ipsius
183 1919 234 1945 hac
255 1919 290 1945 de
309 1925 337 1945 re
353 1918 490 1954 silentium
502 1917 515 1950 ;⁷
531 1924 558 1945 et
571 1918 641 1954 quod
659 1918 701 1954 ait
717 1917 865 1954 Nyssenus.

102 1953 270 1989 irmilianum
287 1960 339 1980 una
359 1961 420 1980 cum
432 1953 564 1989 Gregorio
579 1953 751 1980 Alexandriae
765 1954 790 1980 in
806 1953 867 1980 Ori-

77 1989 158 2024 genis
176 1988 283 2016 venisse
297 1989 481 2024 disciplinam,
494 1988 513 2016 'a
530 1989 733 2023 Thaumaturgo
749 1989 809 2023 ipso
825 1996 867 2015 re-

77 2023 196 2055 fellitur.
221 2024 267 2058 qui
293 2023 376 2051 reiert
392 2032 422 2051 se
442 2023 540 2059 Beryto
569 2024 716 2059 praeterita,
734 2029 806 2051 recta
823 2031 870 2050 vc-

77 2060 154 2087 nisse
168 2059 322 2086 Cazsaream
336 2059 380 2086 ubi
395 2059 421 2087 in
434 2058 578 2094 Origencm
594 2058 701 2091 incidit,
713 2064 740 2086 et
753 2059 796 2086 ubi
809 2062 870 2094 post

78 2095 229 2122 multorum
246 2101 379 2121 annorum
402 2095 472 2129 apud
493 2095 565 2122 illum
585 2094 765 2129 disciplinam,
791 2101 871 2129 pauca

77 2131 201 2167 gyricam
215 2129 369 2167 orationem
392 2130 418 2156 in
440 2130 498 2164 ejus
512 2130 616 2158 laudem
637 2129 743 2162 habuit,
760 2136 823 2157 cum
842 2129 868 2156 in

77 2165 464 2201 pintriattt_redittttu_pararet.

125 2201 173 2237 97)
189 2198 391 2237 Eusebuﬂiu.
403 2200 538 2237 eccl.,7|ib.
556 2207 640 2237 viLc.
651 2199 687 2227 26
699 2200 780 2227 et27.

124 2235 171 2270 98)
188 2235 270 2267 Idem,
285 2235 384 2270 Μὴν,
400 2243 459 2270 cap.
475 2236 510 2262 ΞΟ
524 2239 551 2262 et
569 2236 614 2262 35.

126 2239 160 2263 98
188 2239 270 2267 Idem,
285 2239 332 2262 ιιι).
349 2243 384 2267 \‘l,
400 2243 459 2270 cap.
475 2239 510 2262 30
524 2239 551 2262 et
569 2239 614 2262 55.

126 2239 172 2307 99$
186 2270 310 2305 Beryllus
333 2269 531 2307 Brittanorum,
548 2271 683 2305 episcopus
695 2271 736 2307 in
750 2271 872 2307 heresim

77 2305 170 2340 lapsus
196 2310 248 2339 est,
276 2310 332 2332 etc.
352 2305 459 2333 Eusebii
478 2306 560 2333 verba
594 2311 678 2333 sunt:
694 2305 746 2332 Τὸν
772 2305 873 2340 ἐκκλη-

79 2341 219 2368 σιαστικὸν
244 2341 443 2377 παρξκτρέπων
472 2341 583 2377 κανόνα,
609 2340 671 2373 ξένα
684 2341 745 2368 τινὰ
758 2341 807 2376 τῆς
827 2340 872 2368 πί-

80 2376 372 2417 στεωςιπα-ρειτξφρρειν
387 2377 532 2417 ἑπςιρᾷτο·
553 2376 599 2417 ’ξὺν
616 2376 730 2417 Σιρτῆρα
742 2379 800 2417 ,καὶ
814 2376 872 2417 Κύτ

81 2420 137 2448 ριον
164 2411 245 2447 ἡμῶν
276 2411 365 2446 λέγειν
393 2411 504 2448 τολμῶν
533 2412 570 2447 μὴ
593 2411 795 2448 προῦφέσςτάναι
813 2413 871 2438 κατ’

81 2446 148 2484 ξδξαν
162 2446 448 2484 οὖσίας-περξγρᾳφῂν
460 2446 575 2484 πρὸ
588 2446 627 2484 εζξ
639 2446 800 2484 ἁνθρῲῗτῖᾳυς
813 2448 873 2474 ὲπι-

79 2483 180 2518 δημίας
193 2491 199 2497 ·
219 2482 288 2518 μηδὲ
309 2482 361 2518 μὴν
381 2482 496 2518 θεότητά
520 2482 587 2510 ἰδίαν
601 2482 767 2518 ἔχειν,’ὰλλ’
787 2484 873 2518 ἐμπο-

79 2518 256 2555 λιτεψομὲνην
269 2518 343 2554 αὐτῷ
361 2518 444 2554 μόνην
459 2519 509 2555 τὴν
523 2519 668 2555 πατρικήν.
696 2519 736 2545 Ad
753 2518 871 2555 litteram

80 2554 147 2580 verti
165 2559 256 2588 potest
270 2561 277 2579 :
297 2562 307 2579 ί
325 2553 547 2581 Ecclesiasticatn
561 2553 723 2588 pervertens
738 2553 870 2588 regulam,

80 2596 148 2615 nova
167 2589 293 2623 quaedam
319 2595 346 2616 et
373 2589 462 2616 aliena
480 2596 495 2615 a
511 2589 564 2616 llde
588 2589 722 2616 catholica
744 2589 872 2615 inducere

79 2629 193 2651 conatus
205 2630 249 2651 est
264 2633 271 2651 :
289 2631 374 2652 ausus
393 2631 516 2652 asserere
533 2625 676 2652 Dominum
692 2631 725 2651 ac
744 2623 871 2651 Salvato-

79 2666 135 2686 rem
155 2665 291 2692 nostrum,
308 2665 455 2694 antequam
476 2660 547 2687 inter
568 2660 692 2686 homines
705 2664 870 2694 versaretur,

79 2702 131 2722 non
141 2694 307 2731 substitisse
319 2693 466 2722 secundum
483 2695 600 2730 propria:
623 2695 781 2731 substantiae
795 2693 872 2721 dill‘e-

78 2730 214 2763 reutiam;
243 2738 293 2757 nec
316 2731 465 2765 propriam,
493 2731 540 2757 sed
570 2730 711 2764 paternam
740 2731 872 2756 duntaxat

77 2765 252 2793 divinitatem
268 2766 295 2791 in
316 2774 346 2792 se
366 2766 528 2793 residentem
545 2765 655 2792 habere.
676 2775 685 2791 ι
703 2765 804 2796 οὐσίας
825 2773 872 2791 πε-

77 2801 200 2838 ριτρᾳφὴ
217 2800 287 2838 nihil
299 2801 373 2838 aliud
387 2806 445 2838 est,
464 2808 545 2838 quam
564 2801 723 2838 substantia;
746 2801 872 2827 diti'erem

77 2836 198 2864 nam»;
213 2836 327 2863 errabat
340 2837 423 2870 igitur
438 2836 570 2872 Beryllus,
585 2844 646 2863 cum
657 2836 795 2872 Christum
808 2840 872 2862 ante

77 2872 299 2900 incarnationem
325 2879 379 2899 non
403 2872 559 2898 substitisse
578 2872 728 2899 scentulum
744 2871 871 2898 substan-

241 2919 379 2949 ΡΑτιιοι..
397 2919 456 2950 Cu.
476 2919 574 2949 XVII.

927 922 1027 950 habitis
1041 924 1224 956 sermunibus,
1246 923 1448 958 deprehensum
1470 921 1578 948 tandem
1595 927 1716 947 errorem

926 969 1094 1004 argumentis
1117 970 1152 997 ita
1175 970 1309 1006 coarguit,
1331 974 1362 996 ut
1383 976 1445 996 eum
1462 968 1571 1004 penitus
1597 966 1718 1000 ejuraret

926 1013 1056 1050 Beryllus.
1084 1023 1198 1050 seseque
1219 1017 1295 1044 bona:
1317 1015 1401 1043 tuenti
1428 1015 1536 1043 restitui
1566 1018 1716 1050 pateretur.

925 1061 983 1094 Qua
1002 1068 1030 1089 re
1045 1068 1079 1089 ex
1095 1067 1157 1089 voto
1173 1063 1311 1095 coniecta,
1329 1062 1356 1089 in
1375 1061 1546 1089 Paltcstinam
1564 1061 1624 1088 sine
1640 1067 1717 1088 mora

925 1106 1055 1142 Origenes
1074 1115 1105 1136 se
1123 1110 1235 1143 recepit.
1249 1108 1341 1144 Neque
1355 1115 1421 1135 sane
1436 1108 1503 1135 tanti
1519 1106 1646 1135 beneﬁcii
1660 1112 1718 1133 me.

925 1153 1050 1185 muriam,
1076 1154 1121 1187 qui
1137 1154 1188 1181 fuit
1202 1154 1321 1182 hominis
1344 1154 1458 1188 candor,
1482 1154 1553 1188 apud
1579 1160 1642 1181 sese
1659 1152 1718 1179 diu-

926 1199 1055 1226 turnitate
1071 1201 1247 1228 extabescere
1261 1208 1358 1236 passus
1375 1205 1417 1228 est
1436 1200 1575 1237 Bcryilus;
1593 1200 1639 1227 sed
1653 1206 1717 1228 eam

924 1245 1104 1278 sequentibus
1129 1246 1228 1273 deinde
1254 1247 1334 1274 annis
1360 1247 1483 1280 recoluit,
1506 1252 1534 1275 et
1559 1246 1666 1282 scriptis
1681 1248 1716 1274 ad

924 1290 1070 1326 Origenem
1097 1291 1218 1326 epistolis
1246 1297 1361 1320 testatus
1387 1297 1438 1320 est.
1459 1293 1521 1321 llzec
1536 1300 1597 1321 cum
1619 1293 1716 1328 synodi

924 1337 1002 1371 actis,
1035 1337 1151 1373 aliisque
1174 1338 1254 1374 hujus
1277 1338 1327 1365 viri
1344 1339 1526 1366 monumentis
1548 1338 1632 1365 multo
1656 1342 1717 1372 post

923 1389 1038 1412 servatae
1052 1389 1080 1412 et
1102 1385 1242 1412 doctorum
1267 1384 1383 1413 lectione
1403 1389 1540 1420 usurpatae
1565 1388 1645 1417 sunt;
1667 1384 1716 1411 sed

925 1431 1055 1466 temporis
1068 1432 1176 1459 demum
1193 1436 1331 1459 vetustate
1347 1431 1555 1459 interciderunt.

958 1477 1006 1505 lx.
1028 1477 1124 1506 Annus
1139 1477 1240 1506 Christi
1266 1477 1331 1510 244,
1358 1479 1405 1513 qui
1437 1477 1489 1504 fuit
1512 1477 1639 1513 Origenis
1655 1485 1714 1509 LIX,

923 1523 1062 1551 Gordiano
1093 1528 1200 1551 sextum
1229 1523 1285 1558 jam
1314 1531 1415 1550 anmnn
1441 1523 1589 1558 imperanti
1621 1523 1716 1551 feralis

883 1603 906 1633 (ι
924 1601 968 1629 tia:
985 1600 1166 1629 dili‘erentiam
1184 1602 1300 1633 dicebat.
1315 1602 1335 1628 si
1349 1601 1444 1633 οὐσίας
1462 1603 1571 1630 nomine
1584 1602 1714 1630 substan-

924 1637 989 1664 tiam
1005 1644 1057 1664 non
1070 1644 1212 1672 personam
1239 1637 1425 1670 intelligebat;
1454 1644 1540 1671 neque
1564 1637 1635 1664 enim
1659 1638 1711 1665 alia

907 1676 966 1707 ,est
981 1671 1131 1708 substantia
1147 1671 1247 1704 Patris,
1260 1672 1313 1698 alia
1329 1671 1391 1699 Filii
1406 1681 1413 1699 :
1431 1679 1482 1698 non
1496 1673 1606 1700 errabat
1619 1673 1713 1708 utique

923 1714 985 1735 cum
1007 1707 1149 1734 Dominum
1175 1713 1296 1735 nostrum
1314 1715 1367 1734 non
1395 1708 1497 1734 habere
1523 1708 1631 1734 dicebat
1648 1707 1715 1742 pro-

922 1743 1010 1804 l’yriam
1026 1743 1164 1774 deitatem.
1185 1743 1232 1783 sed
1248 1743 1550 1784 untumnpaternam‘iu
1561 1743 1620 1777 ipso
1635 1743 1714 1784 inha-

942 1782 1063 1804 itautcm.
1081 1777 1172 1804 Nenue
1186 1784 1257 1804 enim
1272 1785 1381 1804 orourta
1406 1781 1448 1804 est
1467 1778 1596 1804 dlvmitas
1611 1778 1712 1804 Patris.

942 1778 1063 1804 itautcm.
1081 1777 1172 1812 Neque
1186 1778 1257 1804 enim
1272 1777 1381 1812 propria
1406 1781 1448 1805 est
1467 1778 1596 1805 divinitas
1611 1778 1712 1810 Patris.

923 1813 1032 1847 propria
1047 1812 1127 1846 Filii;
1144 1813 1192 1839 sed
1208 1821 1259 1839 una
1274 1816 1423 1847 eademque
1439 1817 1480 1839 est
1494 1812 1584 1840 Patris
1605 1821 1636 1840 ac
1649 1813 1712 1841 Filii

921 1855 953 1875 ac
970 1848 1088 1882 Spiritus
1103 1848 1189 1874 sancti
1205 1848 1333 1875 divinitas
1349 1857 1355 1874 :
1371 1848 1470 1882 aliaqui
1485 1852 1541 1875 tres
1554 1852 1647 1875 essent
1662 1849 1712 1881 dii,

922 1891 974 1910 non
989 1891 1057 1909 nitus
1069 1883 1149 1911 Deus.
1168 1883 1203 1909 Ita
1219 1883 1242 1910 si
1255 1884 1341 1910 sensit
1354 1883 1485 1918 Beryllus.
1504 1883 1639 1910 immerito
1656 1884 1714 1911 cul-

922 1924 1000 1952 patur
1030 1919 1103 1952 quod
1130 1919 1346 1946 ecclesiasticam
1379 1919 1543 1953 perrerlerit
1570 1918 1711 1953 regulam:

923 1955 977 1981 imo
1001 1953 1145 1980 Arianismi
1173 1960 1248 1980 reum
1273 1961 1303 1981 se
1329 1954 1420 1988 prodit
1433 1954 1489 1988 ipse
1517 1954 1660 1987 Eusebius,
1687 1956 1711 1981 si

922 1989 1012 2016 haecre
1028 1994 1106 2015 vocat
1134 1996 1203 2015 nera
1222 1989 1299 2017 etab
1330 1989 1466 2016 catholica
1494 1989 1547 2016 ﬁde
1559 1990 1646 2016 aliena
1664 1989 1713 2016 do-

922 2029 1024 2058 gmata.
1055 2023 1152 2052 Verum
1174 2024 1319 2052 admodum
1343 2024 1482 2059 probabile
1509 2030 1550 2052 est
1575 2024 1711 2060 Beryllum

921 2059 1014 2095 οὐσίαν
1030 2059 1167 2095 accepisse
1181 2066 1229 2092 pro
1241 2066 1368 2094 persona,
1391 2067 1466 2087 more
1481 2061 1521 2086 sui
1536 2060 1640 2092 saeculi,
1658 2067 1712 2095 quo

920 2094 998 2122 οὐσία
1014 2101 1041 2122 et
1063 2090 1223 2127 ὐῆόσταᾱις,
1238 2090 1309 2122 inter
1322 2102 1351 2122 se
1361 2090 1616 2122 'conl’undehantur.
1632 2090 1713 2122 Erra-

923 2130 968 2158 bat
983 2130 1065 2166 igitur
1084 2130 1216 2165 Beryllus,
1234 2131 1281 2165 qui
1309 2130 1448 2166 Christum
1465 2135 1529 2157 ante
1544 2131 1712 2157 incarnatio-

923 2173 984 2192 nem
997 2165 1097 2193 nullam
1115 2166 1230 2200 propriae
1244 2173 1368 2200 persona:
1382 2165 1563 2193 diﬂ'crentiam
1583 2165 1712 2193 habuisse

887 2216 908 2243 ο
923 2201 1040 2243 dicebat.
1053 2201 1132 2228 Certe
1146 2201 1332 2243 Hieronymus
1345 2201 1371 2243 in
1388 2200 1516 2243 (latnt-oga
1533 2201 1658 2243 scriptor.
1673 2208 1713 2242 eo:

926 2236 1079 2267 clasiuatic..
1105 2245 1165 2270 cap.
1187 2237 1232 2267 60.
1251 2244 1303 2263 non
1326 2236 1352 2263 id
1373 2238 1445 2270 quod
1460 2236 1592 2263 Eusebius
1604 2236 1712 2263 crimini

927 2272 1008 2298 vertit
1026 2271 1150 2307 Beryllo;
1174 2271 1221 2298 sed
1242 2272 1268 2298 id
1294 2272 1380 2299 solum
1398 2273 1507 2303 asserit,
1529 2270 1665 2307 Beryllum
1685 2272 1712 2298 in

926 2306 1051 2333 lia-resin:
1076 2307 1214 2339 incidisse,
1235 2316 1245 2332 ‹
1262 2315 1322 2342 quae
1348 2307 1485 2334 Christum
1503 2312 1566 2333 ante
1584 2306 1713 2334 incarna-

927 2342 1026 2377 tionem
1043 2347 1131 2377 negat.
1151 2351 1161 2367 ι
1178 2342 1216 2377 De
1228 2341 1324 2370 haeresi
1339 2341 1436 2377 Berylli
1459 2342 1651 2376 intelligendus
1670 2347 1713 2370 est

926 2372 1051 2411 Origenis
1062 2372 1136 2404 idcus
1153 2377 1178 2403 in
1192 2372 1535 2411 Contmentariis'Epistola:
1549 2372 1596 2404 'ad
1613 2377 1712 2409 Titum,

926 2413 971 2446 qui
989 2412 1028 2439 sic
1044 2412 1147 2447 habet:
1164 2421 1173 2438 ι
1202 2412 1255 2439 Sed
1283 2418 1310 2439 et
1338 2420 1384 2439 eos
1399 2413 1444 2447 qni
1465 2414 1599 2439 hominem
1619 2413 1713 2439 dicunt

928 2448 1069 2474 Dominum
1090 2447 1183 2475 Jesum
1206 2449 1399 2482 prmcognitnm
1427 2454 1455 2475 et
1475 2449 1711 2481 praedestinatum.

927 2483 972 2516 qui
991 2488 1053 2509 ante
1066 2484 1212 2510 adventum
1228 2484 1363 2510 carnalem
1379 2483 1595 2510 substantialitcr
1608 2488 1634 2509 et
1652 2490 1713 2516 pro-

927 2518 986 2552 prie
1013 2526 1065 2545 non
1091 2518 1238 2549 exstiterit,
1264 2519 1311 2545 sed
1333 2519 1404 2552 quod
1421 2519 1501 2545 homo
1518 2524 1598 2544 natus
1622 2517 1712 2544 Patris

926 2554 1011 2580 solum
1026 2553 1052 2580 in
1063 2561 1092 2580 se
1108 2553 1232 2580 habuerit
1247 2553 1387 2583 deitatem.
1400 2560 1433 2579 ne
1446 2555 1518 2587 ipsos
1529 2555 1638 2587 quidem
1653 2554 1712 2579 sine

926 2590 1047 2622 periculo
1062 2588 1191 2616 Ecclesia:
1211 2588 1321 2615 sociari.
1345 2598 1354 2614 ι
1376 2588 1496 2614 Ιιιιὺωιιι·
1518 2590 1560 2615 Inc
1583 2590 1657 2615 iocus
1686 2590 1711 2614 iu

925 2624 1092 2658 Apologetico
1110 2624 1241 2658 Pamphili
1255 2632 1301 2657 pro
1314 2624 1402 2657 Orig.,
1417 2630 1442 2649 c.
1462 2624 1486 2654 l,
1504 2633 1529 2658 p.
1544 2623 1591 2649 22.
1618 2623 1712 2650 Menn-

926 2660 966 2686 nit
982 2660 1064 2686 etiam
1085 2659 1241 2686 Gennadius
1263 2659 1289 2685 in
1305 2659 1375 2685 libro
1395 2658 1431 2684 De
1446 2660 1612 2692 dogmatibus
1634 2659 1711 2689 eccl..

925 2702 985 2730 cap.
997 2694 1015 2721 4
1030 2703 1058 2721 :r
1078 2694 1169 2729 Neque
1184 2694 1224 2730 sic
1239 2699 1281 2721 est
1299 2700 1379 2721 natus
1395 2701 1428 2720 ex
1445 2692 1565 2728 Virgine.
1584 2698 1612 2718 ut
1627 2700 1655 2720 et
1671 2695 1711 2730 (Ιιτ

927 2728 1046 2757 vinitatis
1068 2728 1174 2757 initium
1197 2729 1278 2757 homo
1301 2730 1439 2756 nascendo
1461 2729 1608 2763 acceperit,
1634 2728 1711 2762 quasi

925 2770 1071 2800 antequam
1090 2769 1292 2792 miscereturcx
1312 2764 1525 2800 Virgincchus
1549 2773 1601 2791 non
1619 2763 1710 2795 fuerit,

925 2799 1186 2833 sicut’Ai-tcnionwt
1219 2800 1349 2836 Bcrylius,
1377 2805 1403 2827 et
1433 2799 1578 2826 Marcellus
1609 2799 1710 2826 docue-

927 2841 998 2863 I'lllll.
1006 2845 1016 2862 ι

1531 2917 1571 2946 22
