1915 3079
247 124 298 153 685

248 189 317 219 fuit:
339 195 400 214 nam
415 190 558 221 postquam
576 184 635 217 ejus
660 184 749 211 lorum
768 190 817 218 per
830 191 963 211 summam
977 191 1039 219 per-

249 235 339 260 tidiam
363 231 462 260 invasit
486 231 634 266 Philippus,
649 231 730 257 vitam
752 231 775 258 ei
794 230 886 258 statim
903 231 960 266 pari
978 237 1038 256 sre-

249 281 305 308 lcre
332 279 468 307 exhausit.
496 277 550 305 Sed
575 281 707 313 concepta
733 278 853 305 facinora
879 277 1036 311 pmnilettlia

249 327 418 357 emendasse,
436 330 463 352 et
484 324 517 351 ad
544 325 644 352 Christi
663 332 772 358 quoque
798 330 888 359 partes
907 324 1038 351 transisse

248 373 371 400 historici
386 372 495 406 quidam
510 371 670 404 Christiani,
688 371 726 398 uti
740 379 801 398 mox
820 371 918 398 dicturi
931 379 1036 404 sumus,

247 419 436 455 prodiderunt.
449 418 514 445 Utut
528 423 579 451 est,
593 418 701 444 tertium
715 417 770 451 jam
799 416 903 450 imperii
916 423 948 443 eo
960 424 1038 452 agen-

248 470 274 491 te
289 471 388 491 annum
408 463 538 490 Eccledae
563 461 753 489 Alexandriam
773 461 1036 488 administrationem

248 511 392 546 capessivit
409 509 554 545 Dionysius
576 509 634 541 illc,
648 516 729 542 quem
752 507 922 535 Alexandria:
940 507 1036 542 Orige-

247 564 296 584 nes
311 556 454 591 prazeeptis
470 555 535 582 olim
563 554 768 586 informaverat,
799 558 907 580 mortuo
924 552 1035 580 lleracla

247 602 376 638 Origenis
392 607 418 629 et
437 602 496 636 ipso
506 600 649 636 discipulo,
668 604 811 634 postquam
823 598 1036 626 Alexandrinum

247 650 432 683 episcopatum
459 655 508 682 per
530 647 627 673 multos
649 654 736 674 annos
761 646 859 673 tenuit.
896 645 1036 672 Annorum

248 695 397 722 octodecim
410 701 550 721 numerum
560 693 655 720 definit
665 692 797 720 Eusebius
812 691 838 718 in
849 691 978 718 Chronico
987 691 1036 726 (1),

248 742 384 771 sexdecim
396 743 422 769 in
442 741 560 768 Historia
576 747 585 765 :
601 747 694 766 verum
712 746 761 774 pro
774 738 932 771 ἑκκαίδεκα,
948 737 1036 772 aliqua

248 789 415 824 exemplaria
438 786 589 821 praetulisse
614 785 719 816 ἕνδεκα,
739 784 781 812 vel
797 785 833 811 ita
850 789 924 812 certe
940 784 1037 819 legisse

249 837 411 870 interpretes
431 833 547 868 aliquos.
573 839 604 858 ex
629 831 662 857 iis
687 831 771 865 liquet
794 830 893 863 quzein
913 830 938 856 id
956 837 1037 864 argu-

248 887 368 910 mentum
387 880 497 915 scripsit
511 878 644 905 Baronius
655 877 705 912 (2).
727 877 854 904 Errorem
871 876 930 910 ipse
944 876 973 902 in
988 883 1037 902 uu-

248 935 352 956 merum
378 927 450 954 ltunc
474 925 618 960 irrepsisse
635 923 715 955 vidit,
731 927 758 950 et
772 930 804 949 ex
830 921 946 949 Eusebio
970 928 1037 955 qua-

248 974 398 1001 tuordccim
424 972 520 1000 saltem
547 970 626 998 annis
651 970 678 996 in
701 968 886 996 Alexandrina
904 968 1035 995 cathedra

247 1018 389 1048 "uraclam
409 1018 509 1046 sedisse
533 1015 678 1044 conclusit.
697 1014 780 1042 Plane
803 1022 896 1041 verum
916 1019 958 1041 est
967 1013 1037 1043 totis

247 1065 402 1100 quindecim
416 1064 519 1091 sedisse
535 1062 630 1094 annis;
659 1069 722 1088 nam
739 1062 774 1088 ab
793 1067 865 1087 anno
890 1059 1035 1087 Alexandri

247 1109 365 1142 decimo,
380 1117 433 1144 quo
448 1117 518 1135 anno
535 1107 660 1144 ponimtts
676 1107 844 1142 acquievisse
857 1105 1035 1136 Demetrium,

248 1158 281 1184 ad
299 1156 413 1190 Philippi
429 1155 551 1186 tertium,
570 1153 642 1188 pleni
660 1152 815 1187 quindecim
836 1152 899 1178 anni
917 1151 1036 1178 interce-

248 1204 324 1230 dunt.
341 1201 490 1228 Dicendum
510 1206 576 1234 ergo
594 1198 749 1233 quindecim
763 1197 790 1224 in
807 1197 966 1232 pontificatu
982 1201 1037 1222 tra-

247 1249 337 1276 ductis
350 1247 441 1278 annis,
467 1245 573 1272 decimo
593 1249 671 1271 sexto
691 1243 834 1271 lleraclam
851 1248 955 1270 natura:
968 1249 1036 1270 con-

247 1295 374 1322 cessisse.
391 1293 427 1319 lta
452 1291 656 1327 intelligendum
679 1290 744 1326 puto
768 1289 915 1317 Eusebium
934 1298 940 1316 :
957 1294 1037 1324 atque

247 1342 269 1367 si
290 1343 364 1367 recte
382 1338 553 1372 conjicimus,
577 1345 609 1365 eo
625 1337 684 1372 ipso
698 1343 770 1363 anno
785 1335 939 1363 Demetrius
961 1335 1037 1363 obie-

249 1388 293 1417 rit,
312 1393 367 1420 qtto
390 1384 522 1420 Origenes
536 1383 684 1418 Aigyptum
702 1382 821 1416 reliquit.
840 1381 910 1408 Hinc
929 1388 1038 1416 quoque

248 1429 406 1456 manifestus
423 1427 567 1461 Nicephori
591 1427 629 1462 (5)
642 1433 730 1458 error,
755 1426 800 1460 qui
821 1430 882 1460 post
900 1425 1036 1453 decimum

248 1474 358 1501 tertium
385 1473 559 1508 episcopatus
585 1479 684 1499 annum
720 1472 871 1506 itnperaute
897 1471 1036 1498 Gordiano

248 1520 391 1548 lleraclam
416 1519 566 1547 decessisse
596 1518 701 1546 scribit.
731 1518 766 1545 At
803 1517 923 1553 Scaliger
939 1518 977 1553 (4)
992 1518 1036 1545 hic

247 1565 377 1594 memoria
389 1565 494 1599 lapsum
504 1563 645 1591 contendit
658 1563 815 1595 Eusebium,
825 1562 937 1597 ejusque
949 1563 1037 1591 adlue-

249 1616 290 1639 ret
303 1610 444 1642 Chronico,
461 1609 531 1644 quod
552 1617 625 1636 anno
645 1608 761 1644 Philippi
779 1609 875 1644 quinto
892 1609 1036 1644 episcopa-

248 1661 305 1683 tum
325 1655 538 1683 Alexandrinum
554 1662 568 1681 a
586 1653 715 1689 Dionysio
731 1653 827 1681 iuitutn
846 1653 929 1681 fuisse
943 1655 1032 1681 docet.

247 1703 274 1729 id
289 1709 323 1729 ex
338 1701 475 1729 constanti
493 1701 623 1728 duntaxat
639 1700 761 1727 codicum
776 1708 911 1727 consensu
929 1700 1035 1735 probat,

246 1749 292 1783 qui
325 1748 365 1775 sic
391 1747 501 1775 habent.
520 1747 608 1775 Futile
633 1752 824 1782 argumentum
849 1747 952 1780 :quasi
981 1755 1035 1775 non

248 1793 374 1822 Historiae
399 1795 558 1822 Eusebi-ana:
583 1795 691 1822 codices
715 1794 793 1822 tertio
820 1794 935 1828 Philippi
965 1801 1036 1820 anno

246 1847 405 1869 constanter
419 1849 527 1876 quoque
544 1841 570 1868 id
582 1842 734 1876 assignent.
748 1841 828 1868 Certe
844 1841 865 1868 si
880 1849 911 1867 ex
928 1841 1035 1868 Eusebii

246 1888 376 1921 Chronico
402 1888 559 1921 castiganda
589 1891 629 1914 est
655 1887 715 1922 ejus
743 1886 872 1918 Historia,
899 1887 1036 1913 soxceutis

246 1934 396 1969 castigetur
410 1933 491 1966 locis,
507 1934 534 1960 in
557 1934 658 1968 quibus
673 1933 846 1960 dissentiunt.
875 1932 920 1960 Vel
939 1934 965 1960 iu
985 1933 1036 1960 hoc

246 1980 368 2007 Ilcracla:
393 1987 526 2007 annorum
544 1979 713 2016 ἐπιλογισμῷ
729 1979 834 2006 initium
854 1979 912 2012 ejus
931 1979 1037 2013 episco-

245 2033 325 2061 patus
347 2025 454 2054 confert
471 2025 622 2053 Chronican
643 2026 670 2052 in
698 2033 797 2053 annum
822 2025 968 2051 Alexandri
991 2031 1037 2052 no-

246 2081 328 2105 num;
356 2073 458 2100 exitum
482 2071 608 2107 Origenis
634 2079 667 2099 ex
687 2071 852 2098 Alexandria
873 2071 898 2097 in
923 2071 1036 2097 undeci-

246 2127 335 2152 mum;
350 2127 410 2146 cum
423 2119 507 2146 exitui
527 2118 653 2153 Origenis
668 2126 768 2145 annuat
798 2118 944 2145 Alexandri
961 2117 1035 2144 deci-

246 2174 319 2193 tnuut
347 2164 624 2200 ascribatlﬂiuoria,
655 2169 683 2193 et
706 2169 766 2200 post
790 2165 909 2199 ejusdem
931 2164 1034 2191 exitum

245 2210 392 2238 decessisse
412 2209 576 2237 Demetrium
593 2210 738 2245 significet,
764 2218 825 2237 cum
843 2210 886 2237 cui
903 2209 1033 2237 lleraclas

246 2258 385 2285 successit.

282 2303 316 2330 Χ.
332 2304 465 2331 Baronius
481 2304 513 2330 ad
527 2311 626 2330 annum
650 2302 713 2334 2&8,
733 2310 807 2329 num.
829 2303 854 2335 1,
878 2303 987 2338 Origeni
1006 2304 1032 2330 in

247 2350 370 2378 omnibus
388 2350 528 2378 lleraclam
554 2350 654 2378 favisse
669 2350 775 2382 scribit,
793 2355 873 2384 atque
891 2350 951 2378 ideo
971 2357 1032 2386 post

247 2397 374 2424 Demetrii
395 2401 509 2424 mortem
537 2397 662 2424 concitas
689 2396 820 2423 adversus
844 2403 905 2423 eum
937 2397 1030 2424 turbas

280 2511 316 2546 (Ι)
331 2510 440 2546 Euseb,
460 2510 530 2537 Ηίιι.
546 2511 622 2543 eccl.,
637 2510 684 2537 lib.
697 2517 734 2541 vt,
752 2517 814 2546 cap.
829 2509 875 2536 '55.

279 2544 318 2578 (2)
337 2545 435 2573 Baron.
451 2547 483 2572 ad
497 2554 540 2572 an.
556 2547 620 2577 248,
633 2553 708 2572 num.
723 2545 735 2572 1
753 2549 780 2572 et
793 2544 821 2571 5.

235 2583 239 2605 ι
279 2582 318 2614 (5)
335 2580 460 2615 Niceph.,
475 2581 521 2607 lib.
538 2589 565 2612 ν,
581 2589 642 2614 cap.
656 2580 703 2607 26.

249 2617 318 2667 δῆξῇ
333 2616 434 2651 Scalig.
455 2617 637 2643 Animadvers.
652 2616 681 2642 in
696 2614 794 2642 Chron.
812 2614 911 2642 Euseb.
923 2615 954 2642 ad
969 2623 1032 2642 anu.

247 2652 324 2679 εξυι,

280 2687 320 2721 (5)
335 2687 423 2721 Supra
446 2687 651 2720 demonstratum
681 2694 697 2712 a
722 2685 796 2712 nobis
821 2690 858 2712 est
884 2685 1032 2721 testimonia

247 2719 388 2753 Gennadii,
406 2725 459 2748 etc.
478 2721 631 2748 Verisimile
647 2729 699 2748 non
710 2725 752 2748 est
767 2721 915 2755 quidquam
933 2721 967 2746 ab
982 2719 1035 2748 Hc-

248 2757 317 2782 racla
331 2761 425 2783 contra
439 2756 583 2790 Origenent
608 2761 699 2784 actutn
720 2755 816 2788 fuisse,
836 2761 864 2782 ut
882 2756 938 2789 jam
953 2763 1032 2790 supra

248 2791 414 2818 ostendimus
429 2791 456 2818 itt
472 2798 532 2825 cap.
545 2791 572 2823 2,
592 2799 618 2819 n.
640 2791 683 2819 15.

281 2826 447 2878 (ὓζξιιιὶιοι.
477 2826 569 2853 Natat.
605 2828 638 2853 ad
664 2826 772 2862 Origen.
806 2826 907 2860 iterent.
939 2825 986 2854 lib.
1014 2834 1033 2860 t,

248 2867 303 2894 cap.
318 2864 362 2887 22.

880 121 911 149 Ρ.
932 117 1091 147 DANIELIS
1111 119 1227 148 HUETll

1828 125 1870 153 685

1057 185 1077 213 Α
1092 183 1199 217 penitus
1213 182 1299 210 fuisse
1313 182 1487 218 consopitas;
1507 182 1664 219 Dionysium
1676 191 1742 212 vero
1761 184 1866 213 lleracta

1089 237 1275 257 successorem
1299 229 1409 264 Origeni
1434 230 1646 258 infensissimum
1664 238 1693 258 se
1719 231 1869 265 praebuisse

1090 275 1128 311 (5)
1155 275 1243 311 Supra
1267 276 1483 303 demonstratutn
1510 284 1524 303 a
1546 276 1624 304 nobis
1649 282 1691 304 est
1726 277 1870 305 testimonio

1089 321 1238 354 Geuuadii,
1268 321 1340 349 Petri
1372 322 1564 354 Alexandrini,
1593 323 1715 355 epistola:
1743 324 1869 358 synodica

1089 368 1276 403 Egyptiorum
1303 369 1459 402 pra-stilum,
1488 373 1517 396 et
1539 368 1640 400 Photii,
1665 376 1719 396 non
1753 370 1829 397 aliter
1847 371 1867 398 in

1089 414 1231 449 Origeuem
1250 414 1398 441 animatum
1420 414 1503 441 fuisse
1525 414 1678 447 lleraclam,
1704 422 1738 442 ac
1756 416 1867 444 decesso-

1089 468 1145 488 rent
1165 461 1248 493 ipsius
1273 460 1450 488 Demetrium.
1471 460 1587 487 Causam
1606 468 1671 488 vero
1684 469 1736 488 cur
1756 462 1866 490 eumdem

1089 515 1103 534 a
1121 507 1247 543 Dionysio
1263 512 1446 542 oppugnatum
1464 506 1586 533 crederet
1601 507 1748 540 Baronius,
1775 509 1830 536 sive
1841 517 1866 536 ex

1089 554 1263 585 auctoritate,
1277 555 1334 581 sive
1353 561 1386 581 ex
1401 554 1637 582 verisimilitudine
1651 556 1766 589 petitam
1781 556 1867 585 addere

1089 598 1196 630 debuit;
1213 607 1274 634 qua:
1288 605 1361 626 certe
1376 599 1448 626 nulla
1459 605 1512 626 est.
1528 600 1624 627 Merito
1638 601 1731 635 itaque
1743 602 1812 630 hanc
1820 603 1867 637 ejus

1087 645 1243 680 opinionem
1263 645 1416 680 repudiavit
1440 645 1579 673 Halloxius
1595 647 1644 681 (6),
1662 652 1689 674 et
1715 647 1866 684 Origenetn,

1088 693 1176 726 quoad
1196 691 1274 724 vixit,
1290 699 1463 727 summopere
1480 700 1494 719 a
1511 692 1638 729 Dionysio
1649 694 1834 728 observatum,
1846 702 1873 723 εί·

1088 741 1148 768 post
1165 742 1278 765 mortem
1291 737 1373 764 etiam
1386 737 1522 765 laudatum
1536 738 1620 767 fuisse
1630 740 1792 774 contendit;
1808 742 1866 777 quod

1088 787 1115 810 et
1129 791 1178 811 nos
1194 783 1263 810 infra
1280 785 1468 812 ostendemus.

1124 828 1170 856 XI.
1185 828 1223 863 (7)
1240 829 1374 856 Caeterum
1388 831 1568 865 sexagettario
1578 831 1635 865 jam
1649 832 1738 865 major
1749 832 1867 869 Origenes

1090 875 1159 902 hami
1185 876 1295 910 segnius
1315 884 1406 903 rerum
1430 877 1582 905 divinarum
1611 879 1766 913 satagebat,
1793 888 1866 915 neque

1089 922 1174 948 ullum
1198 921 1256 950 fere
1280 923 1478 950 intermittebat
1495 925 1578 957 diem,
1597 925 1664 958 qttin
1690 926 1734 952 vel
1751 927 1783 953 ad
1796 934 1866 962 popu-

1088 968 1142 995 lum
1157 968 1190 995 de
1203 968 1257 995 Deo
1281 970 1363 996 verba
1382 969 1496 1002 faceret,
1513 971 1554 998 vel
1581 972 1728 1005 scriberet,
1749 974 1789 1000 vel
1808 973 1866 1009 lege-

1088 1019 1139 1046 ret,
1155 1012 1196 1040 vel
1211 1013 1422 1048 colloqueretur.
1437 1016 1532 1043 Testcs
1547 1021 1611 1043 sunt
1624 1017 1700 1043 omni
1719 1024 1803 1044 sacrae.
1813 1025 1865 1045 eru-

1089 1059 1199 1087 ditionis
1226 1059 1302 1094 fruge
1327 1060 1418 1089 referti
1441 1061 1500 1089 libri
1516 1068 1607 1088 contra
1633 1061 1754 1094 Celsum,
1782 1064 1865 1097 quibus

1089 1103 1211 1140 Epicurei
1246 1106 1375 1141 sophistae
1407 1107 1586 1140 petulantiam
1619 1108 1761 1136 Ambrosii
1796 1117 1864 1137 suasu

1089 1153 1212 1180 contudit
1241 1154 1373 1188 (quosque
1399 1154 1538 1182 Gordiano
1576 1155 1733 1189 lmpcrante
1764 1156 1865 1191 scriptos

1089 1197 1156 1226 falso
1177 1199 1318 1227 Marianus
1342 1200 1439 1228 Scotus
1457 1200 1494 1236 (8)
1512 1202 1690 1235 existimavit,
1719 1209 1747 1231 et
1762 1211 1863 1239 quorum

1088 1244 1305 1273 lucubratiouem
1321 1246 1354 1273 ad
1369 1253 1471 1274 annum
1487 1247 1540 1274 257
1555 1256 1698 1283 perperam
1718 1250 1807 1277 retulit
1820 1250 1863 1276 Da-

1089 1290 1134 1317 vid
1155 1290 1309 1318 Blondellus
1323 1291 1372 1327 (9),
1389 1299 1562 1327 summopere
1582 1293 1655 1327 licet,
1670 1294 1699 1320 in
1723 1301 1753 1321 re
1765 1301 1862 1328 przeser-

1090 1335 1137 1363 tim
1151 1337 1353 1372 chronologica,
1366 1342 1464 1365 cautus
1478 1343 1504 1365 et
1521 1338 1652 1373 diligens;
1671 1346 1755 1374 atque
1771 1341 1805 1366 ita
1819 1343 1863 1366 toto

1088 1383 1227 1410 aberravit
1250 1383 1399 1416 decennio,
1424 1384 1522 1419 quippe
1551 1385 1597 1420 qui
1623 1385 1730 1412 obitum
1755 1385 1864 1420 Origenis

1088 1436 1159 1456 anno
1171 1427 1223 1455 256
1238 1429 1423 1464 assignasset),
1439 1435 1519 1457 testes
1534 1431 1605 1458 docti
1624 1431 1650 1458 in
1672 1430 1824 1458 Manlia-mn
1843 1435 1863 1457 et

1088 1476 1116 1502 in
1149 1475 1294 1510 Prophetas
1315 1473 1356 1503 ἰιι
1383 1475 1589 1509 Commentarii;
1615 1481 1701 1504 testes
1730 1477 1863 1504 innantem

1049 1531 1072 1560 ο
1088 1522 1122 1549 ad
1138 1522 1227 1549 varios
1240 1523 1350 1558 scripta:
1365 1523 1502 1557 Epistolaz,
1519 1531 1590 1558 quas
1603 1523 1752 1558 plusquam
1769 1529 1862 1551 centum

1089 1568 1268 1603 undecunque
1284 1573 1380 1596 nactas
1402 1569 1549 1604 collegerat
1566 1574 1646 1597 :etate
1662 1578 1713 1597 sua
1734 1570 1861 1601 Eusebius,

1088 1619 1115 1641 et
1131 1613 1157 1639 in
1184 1613 1268 1640 libros
1291 1613 1451 1649 digesserat.
1472 1614 1529 1649 (l0)
1547 1613 1609 1642 Illas
1631 1622 1767 1643 annorum
1792 1615 1862 1642 series

1088 1660 1265 1694 consumpsit.
1804 1651 1808 1689 ί

1124 1705 1181 1732 XII.
1197 1707 1284 1740 Atque
1301 1705 1402 1732 utinam
1427 1705 1469 1732 vel
1485 1706 1544 1733 dua:
1557 1706 1608 1734 illis
1624 1711 1796 1741 superessent
1815 1706 1862 1739 cpi-

1088 1752 1174 1783 stola},
1200 1759 1267 1786 quas
1294 1751 1327 1778 ad
1354 1751 1506 1786 Philippum
1533 1752 1740 1785 imperatorem.
1767 1752 1861 1786 ejusque

1087 1804 1198 1824 uxorem
1229 1796 1358 1824 Severum
1378 1798 1527 1832 Augustam
1551 1799 1672 1833 scripsit.
1706 1798 1774 1826 Hinc
1799 1802 1860 1825 certo

1087 1844 1185 1879 conjici
1209 1848 1312 1878 posset,
1337 1851 1437 1871 verene
1455 1843 1564 1871 Christo
1581 1845 1757 1876 adhaeserunt,
1781 1852 1860 1879 quem-

1087 1890 1231 1917 admodum
1247 1890 1281 1916 ab
1296 1889 1454 1917 auctoribus
1474 1890 1635 1918 Christianis
1659 1891 1792 1924 proditum
1807 1893 1839 1916 est
1853 1897 1859 1914 :

1087 1943 1121 1962 an
1135 1944 1150 1962 a
1168 1935 1331 1962 Christianis
1353 1935 1481 1975 partibus
1491 1934 1593 1962 fuerint
1615 1936 1711 1968 alieni,
1727 1936 1795 1971 quod
1809 1943 1859 1970 pcr-

1087 1982 1184 2009 suadet
1210 1981 1381 2009 ethnicorum
1402 1985 1544 2008 auctorum
1559 1982 1593 2009 de
1607 1989 1675 2009 nova
1692 1983 1726 2009 ab
1741 1983 1772 2009 iis
1783 1988 1860 2009 su5ce-

1086 2033 1132 2063 pta
1150 2028 1279 2062 religione
1292 2027 1429 2054 silentium
1442 2036 1450 2056 :
1475 2031 1502 2055 et
1515 2027 1659 2055 multortnu
1674 2033 1801 2062 prteterea
1815 2032 1859 2054 tum

1087 2074 1320 2105 Christianorum,
1343 2077 1399 2100 tum
1424 2073 1596 2100 ethnicorum
1610 2081 1771 2106 consensus,
1784 2082 1797 2101 a
1812 2073 1860 2108 qul-

1087 2120 1137 2148 bus
1154 2120 1258 2155 printus
1283 2119 1354 2146 inter
1385 2119 1563 2154 imperatores
1580 2119 1718 2147 Christum
1741 2121 1859 2156 professos

1088 2165 1282 2194 Constantinus
1304 2165 1467 2192 celebratur.
1501 2165 1556 2199 Ego
1581 2166 1690 2200 quidem
1722 2173 1858 2202 magnorum

1051 2210 1073 2237 D
1089 2213 1208 2239 virorum
1225 2212 1367 2239 sententiis
1382 2220 1471 2239 meum
1487 2220 1594 2247 quoque
1605 2213 1737 2247 judicium
1748 2235 1755 2245 ,
1769 2212 1858 2248 quando

1079 2267 1133 2289 me
1151 2266 1194 2286 res
1215 2259 1241 2286 id
1255 2258 1392 2290 admonet,
1419 2258 1600 2293 interponam.
1628 2259 1656 2285 Si
1681 2259 1784 2294 publice
1796 2257 1859 2285 Chri—

1089 2305 1240 2333 stianorum
1255 2304 1334 2331 fidem
1350 2304 1487 2339 professus
1503 2304 1596 2332 fuisset
1611 2304 1763 2340 Philippus,
1778 2303 1859 2331 verisi-

1089 2351 1152 2378 mile
1181 2350 1276 2384 utique
1305 2353 1415 2376 nonest
1444 2349 1576 2378 taciluros
1603 2350 1628 2378 id
1656 2351 1739 2378 fuisse
1754 2351 1858 2378 ethnicos

1086 2397 1244 2431 scriptores,
1259 2395 1432 2430 futuramque
1446 2395 1483 2422 rei
1505 2395 1596 2429 hujus.
1615 2396 1686 2424 sicut
1701 2397 1760 2430 fuit,
1773 2397 1855 2424 obscu-

1125 2510 1165 2581 (7;
1182 2511 1292 2542 Euseb,
1306 2509 1412 2537 Histor.
1424 2510 1500 2542 each,
1514 2511 1561 2538 lib.
1578 2519 1616 2544 vt,
1630 2519 1690 2546 cap.
1704 2512 1748 2539 36.

1125 2547 1151 2580 (8
1178 2546 1290 2573 Marian.
1307 2545 1382 2573 Scot.
1399 2546 1431 2581 ad
1444 2554 1487 2572 an.
1504 2546 1605 2574 Christi
1617 2546 1683 2574 242.

1124 2545 1163 2580 (8)
1178 2546 1290 2573 Marian.
1307 2545 1382 2573 Scot.
1399 2546 1431 2572 ad
1444 2554 1487 2572 an.
1504 2546 1605 2574 Christi
1617 2545 1683 2574 242.

1087 2580 1275 2643 Ε
1286 2580 1335 2608 lib.
1350 2580 1376 2607 iu
1393 2580 1599 2609 llluuramentis
1614 2582 1700 2615 famil.
1713 2586 1818 2609 conitor.
1829 2580 1852 2605 dt

1307 2659 1437 2679 armorum
1465 2652 1545 2678 series
1569 2652 1739 2686 consuntpsil~
1770 2651 1852 2687 llarutn

1087 2685 1238 2721 fragmenta
1251 2687 1373 2720 quaedam
1388 2687 1522 2714 edidimus
1534 2687 1611 2714 initio
1627 2685 1717 2714 tomiol
1728 2685 1852 2722 quasdam-

1088 2729 1141 2756 que
1160 2721 1296 2756 integras;
1314 2728 1345 2748 ac
1371 2723 1483 2757 proinde
1505 2730 1558 2749 non
1580 2730 1675 2750 omnes
1702 2721 1849 2749 intercidere.

1087 2757 1180 2791 Neque
1201 2757 1283 2783 etiam
1305 2765 1400 2792 omnes
1415 2757 1465 2783 illae
1485 2757 1615 2791 epistolzn,
1636 2765 1704 2792 quas
1727 2757 1850 2790 collegerat

1087 2792 1230 2824 Eusebius,
1256 2792 1290 2819 ab
1305 2791 1423 2827 Origene
1439 2793 1619 2827 sexagenario
1646 2792 1745 2826 majore
1761 2793 1850 2827 scriptis

1087 2832 1161 2890 sunt,
1174 2831 1202 2854 ut
1219 2823 1293 2862 patet
1318 2823 1463 2856 ex'nostra
1480 2823 1573 2856 in'has
1598 2823 1727 2862 epistolas
1748 2823 1850 2855 admoui-

1101 2869 1171 2890 Ione.

1101 2869 1171 2890 IODC.

1053 860 1075 888 Β
