1915 3079
105 110 160 140 685

637 121 926 151 ORIGENIANURUM
947 123 1010 152 LIB.
1031 125 1051 156 l,
1071 125 1145 152 CAP.
1167 123 1210 152 Ill.

1685 127 1737 155 685

102 185 163 205 ram
180 177 284 207 famam‘
298 186 326 207 et
337 181 480 209 incertam.
493 181 546 209 Nec
560 182 644 210 multo
655 183 830 211 verisimilius
845 189 896 216 est,
912 187 936 213 A
950 193 1012 219 pum
1032 186 1066 212 ab
1081 186 1203 214 Ecclesia
1224 190 1361 221 segregat,
1376 191 1552 222 veterumque
1565 187 1736 215 Christiano-

100 224 125 252 si
139 225 315 253 Christianus
328 235 381 255 non
395 227 499 259 fuisset,
513 229 539 256 id
552 229 722 262 proditurum
735 230 893 264 Eusebium,

101 271 270 305 temporibus
284 272 339 300 illis
357 274 521 307 proximum,
537 283 597 302 cum
612 280 757 310 utramque
782 284 843 304 eum
863 278 895 304 ad

100 316 255 352 Philippum
270 323 297 346 et
316 319 447 347 Severam
461 320 496 347 ab
517 320 634 355 Origene
649 322 778 356 scriptam
794 324 896 356 episto-

99 364 156 391 lam
172 364 274 392 vidisse
294 371 411 400 constet,
432 372 513 401 quam
539 375 594 394 non
618 368 712 402 paucis
733 373 793 403 post
811 369 894 396 Euse-

100 409 177 436 bium
193 410 274 438 annis
289 411 389 438 vidiSse
407 420 517 447 quoque
532 413 704 440 Vincentium
722 413 894 441 Lirinensetn

99 454 220 482 solerter
236 455 415 489 deprehendit
439 456 572 485 Baronius
588 459 657 493 (il).
677 458 732 494 (i2)
752 459 798 486 Sic
812 460 895 494 igitur

99 501 203 532 sentio,
226 501 328 528 Christi
356 503 442 531 sacris
468 512 483 531 a
506 504 627 532 Fabiano
660 512 730 539 papa
758 505 893 532 initiatum

98 545 185 574 fuisse
201 546 364 582 Philippum,
380 549 427 576 sed
444 550 562 583 occulte,
579 550 661 586 idque
675 550 746 578 clam
769 551 894 579 etlmicos

98 593 240 625 habuisse,
259 601 292 621 tte
313 594 378 629 quid
403 594 466 622 inde
489 603 534 623 res
553 604 609 623 sum
634 596 789 624 detrimenti
816 605 891 630 cape-

97 643 173 669 rent,
189 646 257 672 quas
267 639 390 673 pristina:
406 640 547 675 religionis
560 642 672 675 eiurata:
689 643 760 670 fama
777 642 892 671 forsitan

95 684 301 712 conturbasset.
319 685 387 712 Hinc
404 686 438 713 ab
454 687 570 715 ethnicis
585 689 766 724 scriptoribus
778 691 892 717 tacitum

96 730 168 758 illud
184 737 235 764 est,
252 739 265 758 a
277 731 442 760 Christianis
458 733 637 763 celebratum.
659 735 735 769 Quod
752 741 842 763 autem
858 744 891 763 ex

95 776 217 805 Eusebio
232 778 290 813 (13)
311 778 392 813 objici
422 784 521 815 potest,
538 781 643 816 publice
662 789 723 809 etim
747 782 774 809 in
798 782 891 809 Eccle-

97 824 170 850 siatu
183 823 217 850 ab
232 824 360 859 episcopo
382 825 418 860 (is
432 825 481 852 fuit
495 824 624 862 Babylas)
653 827 812 861 admissum,
828 836 891 863 pre-

95 869 238 897 cationum
253 871 413 906 participem
429 872 514 900 fuisse
536 873 635 900 factum
647 896 653 905 ,
678 861 891 909 postquam‘cri-
908 861 930 891 Β

96 917 174 942 mina
196 916 336 945 c‘0nfessus
361 918 387 945 in
406 919 595 953 ptenitentium
616 919 740 948 ordinem
764 921 892 948 redactus

94 968 158 996 est;
180 962 206 990 id
217 970 282 991 sane
298 964 565 992 animadvertendum
587 970 629 992 est
643 968 675 993 ex
695 966 799 994 incerta
815 967 892 994 audi-

96 1008 174 1036 tione
187 1007 483 1038 EuSebium-rctulisse.
499 1011 649 1039 Antiochia:
668 1016 799 1047 prmterea
824 1021 890 1040 con-

95 1056 193 1090 tigisse
206 1055 293 1083 fertur
309 1055 383 1088 illud,
398 1056 442 1084 ubi
455 1056 587 1084 florebant
603 1065 645 1084 res
658 1057 887 1091 Christianorum,

95 1095 198 1134 quibus
212 1106 267 1128 tum
284 1107 400 1137 prteerat
414 1103 556 1138 episcopus
567 1103 700 1139 Babylas;
718 1104 743 1131 in
759 1107 890 1133 extremis

94 1147 225 1175 videlicet
240 1147 369 1175 Romana:
389 1149 501 1176 ditionis
523 1149 591 1181 oris,
615 1150 736 1184 procula
755 1151 890 1180 Romano-

94 1201 159 1220 rum
175 1198 335 1229 conspectu,
358 1202 426 1229 quos
450 1203 505 1230 pra:
519 1195 625 1223 cmteris
639 1196 771 1230 ejusmodi
785 1197 891 1225 facinus

94 1244 208 1274 poterat
234 1243 416 1268 commovere.
434 1240 491 1268 Huc
511 1242 617 1269 accedit
646 1242 673 1269 in
692 1243 782 1270 medio
809 1244 891 1271 Chri—

93 1286 249 1314 stianorum
265 1291 347 1320 cmtu,
367 1288 476 1314 conscio
500 1296 559 1314 ctttn
578 1289 669 1321 paucis
684 1289 822 1324 episcopo,
839 1291 890 1317 itu-

92 1338 250 1367 peratorent
266 1332 345 1360 facile
361 1333 472 1360 delitere
495 1333 626 1366 potuisse,
650 1340 751 1361 imitata
768 1341 843 1363 veste
859 1342 885 1363 ct

91 1378 281 1413 imperatoriis
296 1379 445 1413 insignibus
463 1380 602 1407 detractis.

132 1424 191 1459 (H)
200 1424 257 1452 Sub
267 1425 322 1460 ipsa
334 1433 414 1459 porro
424 1426 528 1459 imperii
539 1427 578 1452 sui
589 1427 663 1454 initia
675 1428 773 1455 Christi
787 1429 871 1456 doctri
880 1445 888 1448 -

93 1478 159 1497 ttatn
171 1470 323 1504 amplexum
335 1472 419 1499 fuisse
431 1472 581 1507 Philippum
594 1482 625 1500 ex
638 1482 669 1500 eo
678 1475 769 1508 liquet,
780 1476 849 1509 quod
861 1476 886 1502 in

92 1521 198 1543 ccetutn
214 1516 431 1545 Christianorum
444 1519 499 1553 jam
514 1525 624 1547 creatus
637 1521 788 1555 imperator
801 1522 885 1556 recipi
900 1539 922 1569 ς

92 1563 276 1597 postulaverit
292 1564 456 1597 Antiochiaa,
477 1572 531 1599 quo
548 1566 655 1593 nonnisi
674 1572 733 1601 post
747 1572 884 1603 arreptum

92 1616 194 1637 recens
209 1610 351 1644 imperium
367 1618 427 1638 sese
442 1619 557 1646 usquam
575 1612 700 1640 contulit.
713 1613 886 1649 Quaecunque

90 1660 187 1681 autem
208 1656 338 1684 adversus
363 1656 438 1692 hanc,
457 1659 617 1685 seutentiant
640 1664 798 1693 argumenta
823 1668 887 1695 pro-

89 1699 148 1727 fert
169 1700 302 1729 Baronius
332 1701 399 1738 (15),
432 1708 462 1730 ut
494 1705 641 1738 postremis
668 1704 775 1739 imperii
806 1706 885 1734 annis

90 1746 204 1774 Christo
224 1756 319 1775 nonteu
344 1747 497 1785 Philippum
524 1751 632 1778 dedisse
653 1751 771 1785 probet,
792 1760 824 1779 ex
853 1752 886 1780 iis

91 1800 154 1826 qua-
185 1793 302 1821 diximus
334 1794 414 1822 facile
443 1796 615 1823 refelluntur.
649 1796 758 1824 Cadunt
791 1798 884 1825 itidem

90 1839 276 1872 pronuntiata:
300 1840 327 1867 in
346 1847 407 1867 eam
428 1849 483 1868 rem
506 1850 520 1868 a
542 1841 682 1878 Scaligero
707 1842 763 1878 (i6)
790 1843 883 1878 κυρίαι

89 1884 177 1917 δὸξαι·
193 1886 232 1913 sic
257 1886 328 1914 cuitu
349 1886 429 1914 effata
447 1888 505 1922 ejus
528 1874 643 1922 appcllo:
662 1874 760 1922 quibus
778 1874 881 1923 Philip-

127 1944 186 1979 (H)
200 1945 298 1972 Bat‘on.
316 1945 348 1972 ad
362 1954 407 1972 an.
427 1946 491 1978 246,
505 1955 580 1974 num.
594 1948 621 1975 8.

127 1980 186 2017 με)
199 1980 245 2017 Sit:
257 1981 444 2017 igiturrsrntio,
457 1980 558 2009 Christi
572 1982 654 2008 sacris
666 1991 682 2008 α
698 1981 819 2009 Fabiano
835 1991 883 2017 pa-

89 2024 124 2048 pa
144 2016 281 2052 initiatam
306 2016 388 2052 fuisse
414 2016 574 2051 Philippum.
589 2017 639 2044 Hic
656 2017 745 2052 aliqtta
758 2024 791 2044 ex
806 2023 883 2051 parte

89 2050 215 2084 scqttitttr
240 2050 353 2087 liuetius
368 2054 433 2078 Acta
465 2050 506 2079 ὃ(
523 2052 623 2083 Pontii,
639 2050 709 2087 qua!
728 2050 882 2087 Philippum

90 2090 206 2112 narrant
219 2094 233 2111 a
264 2086 294 2113 S.
315 2086 411 2114 Pontio
429 2088 461 2113 ad
478 2087 578 2114 Christi
607 2087 686 2114 fidem
713 2086 883 2114 fuissech-

91 2128 213 2151 versum,
236 2121 299 2148 duttt
317 2121 370 2147 ludi
397 2123 544 2150 saaculares
569 2122 631 2149 attni
658 2122 740 2150 Urbis
767 2123 883 2150 coadita:

89 2156 229 2192 millesimi
241 2162 399 2191 agerentur,
413 2162 439 2183 et
453 2165 467 2183 a
480 2157 602 2184 Fabiano
618 2166 685 2192 papa
702 2158 879 2191 baptizatum.

89 2192 144 2218 Sed
157 2191 262 2226 jamdiu
279 2192 337 2219 hate
349 2192 415 2219 Acta
439 2193 473 2220 ab
495 2191 659 2220 eruditis’ut
670 2201 761 2227 spurta
775 2198 803 2220 et
818 2193 884 2220 licti-

90 2227 128 2253 tia
148 2227 339 2260 reprobautur.

126 2261 185 2297 (15)
200 2262 313 2292 Euseb.,
329 2261 433 2291 Hister.
449 2263 524 2296 θεώ,
541 2263 588 2290 lib.
604 2271 641 2294 vt,
656 2271 714 2296 cap.
730 2263 774 2290 5L

127 2297 186 2330 (14)
221 2297 276 2324 Sub
300 2298 357 2331 ipsa
379 2306 457 2330 porro
477 2300 579 2332 imperii
608 2299 648 2325 sui
676 2300 754 2325 initia
783 2298 882 2325 Christi

87 2333 240 2359 doctrinam
253 2333 402 2368 amplexum
414 2333 496 2367 fuisse
515 2332 669 2367 Philippum
689 2342 721 2360 ea;
741 2342 770 2360 eo
791 2334 880 2368 liquet,

87 2371 172 2402 quod,
191 2371 243 2394 etc.
260 2367 298 2394 Eu
316 2368 371 2401 ipsa
391 2368 498 2395 Eusebii
514 2370 612 2399 verba,
635 2377 667 2395 ex
692 2369 791 2402 quibus
813 2368 882 2395 male

90 2403 133 2439 hic
148 2402 287 2439 concludit
301 2402 412 2439 Huetius
425 2413 430 2429 :
441 2403 540 2430 Τοῦτον
549 2404 658 2437 κατέχει
668 2403 744 2438 λόγος
752 2404 882 2439 Χριστια-

88 2437 134 2474 you
146 2438 267 2474 liv-tabi
283 2438 374 2474 ἡμέρᾳ
385 2438 434 2473 τῆς
445 2439 563 2474 ὑστάτης
577 2440 624 2466 τοῦ
640 2440 731 2474 πάσχα
749 2437 881 2473 πάννυχί-

88 2472 144 2504 δος,
160 2473 216 2510 τῶγ
226 2473 273 2510 sit!
291 2472 346 2508 si]:
356 2472 504 2509 ἐκκλησίας
520 2472 607 2509 εὖχῶν
623 2474 662 2509 τῷ
678 2472 775 2510 πλήθει
796 2472 880 2510 pm—

89 2510 164 2543 σχεῖν
179 2507 306 2545 ἐεξελῆσᾳι
319 2507 330 2523 7·
345 2510 375 2535 οὐ
394 2507 526 2545 πρότερον
552 2507 580 2536 δὲ
604 2507 656 2536 ὑπὸ
676 2507 730 2536 ’ποῦ’
753 2507 880 2545 τηύικάδε

88 2543 264 2580 προεστῶτος
279 2543 464 2580 ἐπιτραπῆναι
481 2543 640 2575 ἐἰσϐαλεῐν,
654 2545 670 2580 ἢ
683 2543 881 2580 ὲξομολὸγήσα-

89 2552 109 2568 π
144 2552 264 2574 sonoro;
279 2552 464 2580 επιτραπηναι
494 2552 640 2575 εισοαΛεεν,
654 2552 670 2580 η
683 2552 880 2580 εςομολογησα-

89 2552 162 2610 σει,
182 2579 298 2615 καὶτοῖς
314 2581 343 2606 ὲν
361 2580 580 2615 παραπτώμασιν
603 2580 815 2614 ἐξεταζομένοις,
835 2588 880 2614 με-

88 2615 198 2650 τανοίας
211 2622 240 2640 τε
259 2614 350 2650 χώραν
360 2614 489 2650 ῐσχὸυσιν,
500 2614 600 2642 ἑαυτὸν
622 2615 783 2647 καταλέξαι·
793 2615 880 2646 ἄλλως

88 2649 144 2687 γᾴρ
158 2649 238 2687 μὴᾼᾷγ
249 2658 317 2687 ποτε
327 2649 394 2687 πρὸξ
406 2651 498 2682 αὑτοῦ,
512 2651 549 2687 μὴ
558 2651 618 2686 οὐχὶ
629 2651 707 2677 τοῦτο
715 2651 877 2687 πᾳίήςξᾳντα,

87 2684 133 2711 διά
159 2685 261 2721 πολλὰς
284 2684 338 2721 τῶν
351 2684 423 2712 ⁷κατ’
453 2684 549 2713 αὐτόν
563 2684 651 2718 alsia;
666 2686 876 2721 παραδεχθῆναι-

87 2721 135 2757 καὶ
164 2720 349 2757 πειθμρχῆᾳαί
365 2729 397 2753 γε
411 2721 558 2757 προθύμως
578 2721 696 2755 λέγεται,
706 2720 711 2721 ⁷
723 2721 753 2747 τὸ
768 2722 878 2757 γνήσιον

87 2756 134 2782 καὶ
159 2751 346 2792 εὐλαόξξίίτῆς
373 2751 439 2792 ᾖερῖ
458 2751 507 2783 τὸκᾶ
528 2751 599 2783 θέῖον
615 2751 708 2791 ’φόϐόν
731 2751 877 2787 διαθέὰεως

87 2791 178 2826 ἔργοις
197 2791 425 2827 ἐπιδεδειγμένον.
442 2801 451 2817 ι
466 2792 543 2819 Hunc
563 2797 655 2826 tttpote
677 2793 875 2822 Christianum.

87 2827 158 2853 fama
171 2832 215 2853 est
232 2827 258 2853 in
272 2832 406 2861 postrema
422 2826 533 2854 Pascha:
544 2828 631 2862 vigilia
650 2828 833 2861 prccationum
849 2827 874 2852 itt

88 2862 203 2890 ecclesia
218 2862 379 2897 participem
397 2862 477 2890 simul
490 2870 560 2900 ‘Clllll
574 2863 686 2899 _t'eliqtt0
701 2863 800 2899 populo
817 2862 874 2899 lictji

948 238 1008 257 rum
1026 233 1215 259 auctoritatem
1232 232 1386 266 proculcat,
1413 240 1467 260 tino
1490 233 1540 260 hoc
1564 234 1639 261 nisus
1655 241 1736 268 argu-

947 281 1050 309 mento,
1082 278 1153 312 quod
1186 278 1311 313 injuriatn
1334 278 1443 305 Christo
1469 278 1582 311 faciunt,
1605 279 1650 313 qtti
1689 280 1737 306 ho-

948 323 1047 350 minem
1079 331 1208 358 nequam,
1241 328 1270 351 et
1296 324 1402 351 Domini
1434 325 1474 352 sui
1509 323 1736 355 interfectorem,

946 369 1132 396 Christianum
1153 369 1211 396 ausi
1237 374 1301 396 sunt
1328 370 1430 397 dicere.
1456 371 1493 398 Ac
1522 371 1543 398 si
1572 371 1639 398 nulli
1666 372 1736 399 inter

946 415 1116 443 Christianos
1140 416 1247 444 scelesti
1270 417 1438 451 reperiantur
1453 426 1460 444 :
1475 425 1507 444 ac
1534 418 1556 445 si
1577 418 1735 453 nequiSsimi

947 467 1000 487 non
1025 460 1123 487 fuerint
1141 461 1319 495 imperatores
1335 462 1445 496 quidam
1473 463 1633 490 Christiani.
1658 462 1732 490 Prae-

947 511 1021 533 terea
1038 506 1155 533 ttondum
1170 506 1357 534 Christianum
1371 507 1455 535 fuisse
1472 508 1628 543 Philippum
1643 507 1734 536 docui-

947 558 1016 582 mus,
1035 558 1095 577 cuttt
1115 550 1219 585 ﬂagitia
1243 552 1300 580 haec
1322 553 1443 580 admisit.
1470 553 1525 581 Nec
1555 554 1620 581 tttilti
1649 556 1734 590 magis

945 595 1017 622 Petri
1032 595 1147 623 Halloxii
1169 596 1225 631 (i7)
1245 598 1378 632 probatur
1391 597 1546 632 conjectura
1562 608 1569 632 ;
1587 608 1648 627 cutn
1670 601 1734 629 Ori~

945 649 1040 676 geueut
1055 650 1087 669 ex
1101 650 1134 670 co
1148 642 1203 677 jam
1222 649 1347 679 tempore
1369 651 1423 679 quo
1439 644 1565 671 Arabiam
1591 646 1733 680 petiverat.

944 686 1070 722 Philippo
1086 688 1257 723 imperatori,
1270 693 1365 724 utpote
1382 689 1478 724 Arabi,
1493 695 1521 718 et
1536 691 1642 719 Bostris
1659 698 1733 726 nato,

945 732 1030 761 fuisse
1058 735 1199 769 cognitum
1225 736 1392 770 suspicatur.
1432 736 1455 762 Δ
1490 744 1574 771 puero
1600 738 1734 772 siquidem

945 778 1039 806 relicto
1054 780 1142 814 patrio
1159 780 1218 807 solo
1241 781 1268 808 in
1296 781 1420 808 militiam
1446 782 1586 816 profectus
1611 784 1733 811 creditur

945 824 1095 859 Philippus.
1117 826 1150 852 Et
1172 830 1201 852 ut
1220 825 1340 854 nondum
1360 827 1447 861 patria
1463 829 1641 861 excessisset,
1667 837 1733 864 quo-

945 879 1006 898 nam
1022 877 1184 906 arpumento
1201 873 1309 907 probari
1338 878 1427 907 potest
1454 874 1591 902 hominem
1617 876 1733 904 obscuro

944 918 1003 945 loco
1018 922 1121 951 natum,
1138 924 1165 946 et
1180 919 1294 946 fortunze
1308 920 1408 951 tenuis,
1423 921 1450 947 in
1465 922 1590 948 notitiam
1607 922 1733 958 Origeuis

943 964 1061 997 venisse,
1080 965 1130 991 viri
1149 966 1253 1000 magnis
1275 966 1307 992 de
1322 966 1402 993 rebus
1421 966 1454 993 ad
1478 967 1537 994 haec
1561 967 1620 995 loca
1645 969 1731 1002 missi,

942 1013 969 1036 et
986 1010 1278 1045 gravissimisnegotiis
1293 1010 1430 1038 districti?
1450 1011 1518 1044 Quid
1533 1017 1576 1039 est
1591 1013 1732 1047 hariolari,

942 1056 964 1082 si
981 1056 1032 1083 ltoc
1048 1064 1101 1083 non
1119 1057 1178 1083 est?
1204 1056 1314 1084 Minime
1337 1062 1426 1083 autem
1449 1058 1570 1086 omnium
1584 1060 1732 1088 audiendus

943 1102 984 1128 vir
1004 1103 1137 1135 eruditus,
1161 1102 1205 1136 qui
1225 1103 1251 1129 itt
1276 1103 1499 1131 Adnotationibus
1527 1105 1562 1132 ad
1597 1104 1730 1140 Nicepho-

943 1155 1002 1174 rum
1017 1147 1074 1183 (l8)
1094 1148 1215 1175 Fabiano
1230 1156 1306 1183 papa:
1320 1149 1425 1182 tribuit,
1437 1150 1508 1184 quod
1527 1159 1581 1178 uno
1596 1159 1731 1179 consensu

942 1193 1072 1222 Leontius
1092 1195 1292 1227 Autiochenus,
1310 1194 1532 1229 Chrysostomus,
1550 1200 1576 1224 et
1591 1204 1625 1224 ex
1643 1197 1731 1224 Leon-

943 1240 979 1267 tio
994 1240 1119 1268 Cltronici
1137 1240 1312 1267 Alexandrini
1326 1246 1424 1267 auctor
1439 1240 1548 1277 Babylte
1562 1242 1727 1271 tribuerunt.

941 1286 999 1314 Non
1012 1287 1069 1321 jam
1086 1287 1194 1321 disputo
1209 1294 1340 1314 verumne
1355 1288 1390 1315 sit
1404 1289 1475 1322 quod
1494 1289 1629 1323 conjectat
1643 1289 1729 1317 Baro-

941 1333 1012 1366 nius,
1030 1332 1183 1368 Philippum
1198 1334 1349 1368 Augustum
1368 1342 1429 1361 cum
1446 1334 1570 1370 Philippo
1587 1336 1731 1372 Augustali

940 1378 1051 1415 [Egypti
1076 1379 1205 1414 praefecto
1228 1379 1356 1407 confundi
1373 1380 1438 1408 :ltic
1465 1386 1540 1409 certe
1561 1382 1651 1410 locum
1665 1402 1673 1415 ,
1691 1384 1731 1410 uti

940 1425 1043 1452 fatetur
1064 1426 1138 1460 ipse,
1163 1426 1264 1453 habere
1291 1426 1317 1453 id
1345 1427 1503 1461 neutiquam
1536 1433 1645 1462 potest;
1675 1437 1729 1457 non

940 1472 1040 1499 idcirco
1053 1477 1170 1505 tantum,
1185 1473 1257 1508 qttod
1278 1473 1346 1500 duas
1367 1473 1578 1509 illas.0rigenis
1601 1475 1730 1510 epistolas

939 1519 1043 1546 viderat
1061 1518 1192 1546 Eusebius
1206 1528 1213 1552 ;
1226 1519 1273 1546 sed
1285 1519 1368 1546 multo
1383 1519 1467 1554 magis
1479 1520 1563 1554 quod,
1577 1521 1730 1556 imperante

941 1563 1053 1596 Severo,
1081 1565 1212 1600 martyrio
1246 1571 1422 1600 consutnptus
1444 1565 1483 1592 'sit
1510 1565 1649 1601 Philippus
1685 1568 1729 1595 ille

940 1610 1099 1644 Augustalis
1116 1611 1281 1644 praefectus;
1305 1611 1340 1637 ab
1357 1611 1473 1638 Eusebio
1489 1617 1580 1639 autem
1595 1621 1729 1641 memora-

941 1661 996 1683 tum
1017 1656 1131 1691 Philippi
1159 1657 1273 1692 Augusti
1303 1656 1418 1690 facinus,
1441 1658 1501 1691 ipso
1511 1657 1569 1692 jam
1585 1659 1728 1693 imperium

940 1702 1037 1737 adepto
1066 1703 1169 1729 edituttt
1198 1703 1244 1729 sit.
1273 1702 1369 1729 Exstat
1395 1703 1459 1729 hinc
1484 1703 1568 1730 ctiatn
1593 1704 1728 1732 meritone

941 1747 1081 1782 scripserit
1092 1747 1258 1781 Pomponius
1273 1747 1374 1780 Laetus,
1389 1746 1554 1783 Philippum,
1577 1754 1606 1776 ut
1626 1750 1727 1777 scelera

941 1798 1051 1828 tegeret,
1073 1794 1174 1820 cultutn
1194 1792 1341 1820 Christiani
1367 1793 1486 1821 nominis
1503 1794 1656 1823 simulasse.
1674 1796 1727 1824 Sed

938 1845 1109 1867 revertamur
1124 1840 1157 1866 ad
1174 1840 1354 1874 propositum.

972 1885 1041 1912 Xlll.
1056 1885 1113 1922 (i9)
1131 1885 1187 1912 Hac
1199 1886 1316 1920 primum
1334 1891 1494 1922 tempestate
1510 1887 1636 1915 ltomilias
1651 1896 1725 1920 suas,

896 1948 898 1951 ‘
940 1945 1057 1973 voluisse
1075 1954 1081 1972 :
1097 1945 1142 1981 sed
1155 1945 1366 1980 episcopuutqui
1378 1950 1444 1973 tunc
1460 1945 1586 1974 Ecclesiae
1599 1953 1725 1981 praeerat.

939 1989 991 2008 non
1009 1981 1084 2015 prius
1104 1980 1141 2007 illi
1159 1981 1261 2007 aditum
1280 1981 1444 2015 pcrntisisse,
1468 1989 1548 2015 qttattt
1576 1980 1726 2010 confessio-

938 2024 999 2043 nem
1015 2015 1148 2052 scelerum
1172 2016 1292 2048 fecisset,
1312 2017 1398 2051 iisque
1411 2017 1456 2050 qui
1478 2017 1635 2045 hutttanittts
1656 2018 1727 2052 lapsi

938 2052 1056 2082 fuerant,
1081 2055 1108 2077 et
1133 2051 1158 2077 itt
1187 2052 1376 2085 patttiteutiuut
1403 2052 1499 2079 ordine
1519 2053 1640 2083 stabant.
1663 2051 1725 2081 sese

938 2087 1117 2121 adjunxissct.
1153 2085 1256 2120 Quippe
1281 2086 1316 2113 ob
1347 2086 1430 2113 tnttlta
1461 2095 1521 2121 qum
1550 2088 1725 2115 commiserat

937 2122 1074 2151 crimina.
1102 2129 1240 2155 nunquam
1272 2122 1385 2148 omnino
1414 2122 1448 2148 ab
1472 2123 1601 2156 episcopo
1630 2122 1725 2151 fuisset

938 2157 1084 2193 admissus,
1101 2156 1150 2183 nisi
1167 2157 1192 2183 id
1210 2157 1284 2184 prius
1306 2156 1425 2184 fecisset.
1445 2157 1479 2184 Et
1496 2158 1645 2191 imperator
1661 2160 1724 2193 qui-

938 2193 998 2218 dem
1018 2192 1140 2229 libenter
1169 2200 1373 2229 o_t)tentpetasse
1388 2193 1505 2229 rotc_iturr,
1531 2192 1724 2229 sincerumque

937 2235 968 2263 ac
986 2227 1140 2263 religiosum
1159 2226 1283 2263 all'ectutn
1305 2228 1409 2254 timoris
1433 2227 1492 2259 Dei,
1508 2228 1634 2261 operibus
1657 2226 1722 2263 ipsis

935 2261 1101 2289 declarasse.
1120 2271 1129 2287 ι
1163 2262 1248 2288 Porro
1277 2270 1311 2289 ex
1339 2263 1390 2289 ltac
1422 2263 1530 2290 Eusebii
1563 2261 1723 2291 narratione

936 2297 1030 2330 liquet,
1056 2296 1214 2333 Philippum
1240 2305 1294 2324 non
1322 2298 1432 2332 quidem
1459 2298 1609 2332 postulasse
1637 2303 1666 2325 ttt
1694 2300 1721 2333 in

934 2332 1262 2359 coetumChristianorum
1276 2333 1511 2366 recipet'etur,sed
1525 2333 1579 2367 jatn
1594 2334 1723 2361 Christia-

935 2375 998 2404 num
1021 2367 1138 2394 voluisse
1167 2368 1353 2404 precatiouutn
1376 2368 1401 2394 itt
1425 2368 1546 2395 Ecclesia
1561 2370 1721 2404 participem

934 2402 991 2429 ﬁeri
1008 2409 1014 2427 :
1033 2409 1118 2435 neque
1138 2403 1253 2436 proinde
1272 2404 1321 2430 sub
1346 2404 1402 2438 ipsa
1432 2404 1537 2437 itttperii
1558 2405 1598 2430 sui
1624 2402 1698 2431 initia
1711 2425 1720 2438 ,

933 2438 978 2463 sed
1000 2443 1145 2471 antequam
1167 2438 1310 2471 imperium
1333 2439 1532 2472 adipisceretur
1551 2439 1651 2466 Christi
1673 2441 1721 2466 do-

932 2474 1047 2499 ctrinam
1068 2473 1123 2508 jam
1149 2473 1302 2507 amplexum
1324 2482 1386 2501 etttn
1414 2473 1498 2501 fuisse
1517 2483 1523 2501 :
1539 2475 1612 2508 qttod
1636 2475 1718 2501 etiam

934 2513 1068 2544 testantur
1084 2507 1214 2544 Leontius
1237 2509 1423 2536 Atttiocheuus
1434 2528 1441 2538 ,
1464 2507 1676 2544 Clu-ysuslomus
1693 2516 1720 2537 et

931 2550 964 2569 ex
983 2542 1096 2569 Leontio
1111 2542 1271 2569 Chronicum
1296 2542 1527 2570 Alexandrinum;
1549 2544 1613 2570 Vide
1639 2545 1719 2571 'l‘ille-

933 2578 1076 2614 montium,
1097 2577 1169 2604 Hist.
1187 2579 1311 2612 imperat.
1338 2584 1402 2605 lout.
1418 2578 1461 2611 lll,
1479 2579 1542 2606 Not.
1562 2580 1588 2605 itt
1602 2579 1717 2614 Philipp.

932 2620 990 2647 pag.
1009 2613 1061 2639 645
1079 2619 1105 2640 et
1120 2622 1196 2647 seqq.

966 2648 1021 2683 (l5)
1038 2649 1148 2680 Baron.,
1164 2649 1197 2675 ad
1210 2657 1254 2675 an.
1265 2648 1328 2681 9.46,
1347 2656 1421 2675 lllilll.
1433 2648 1461 2681 2,
1476 2649 1492 2676 5
1508 2654 1536 2676 ct
1551 2649 1575 2677 ι.

966 2684 1021 2719 (16)
1037 2684 1137 2718 Scalig.
1152 2686 1180 2710 in
1192 2684 1317 2711 Animad.
1333 2686 1360 2710 in
1385 2683 1484 2711 Chron.
1500 2685 1597 2712 Euseb.
1619 2686 1652 2712 ad
1669 2693 1715 2712 an.

965 2754 1021 2788 (i7)
1036 2753 1145 2790 Hallox.
1165 2753 1239 2788 Orig.
1257 2754 1358 2788 defens.
1377 2754 1423 2781 lib.
1441 2763 1461 2787 l,
1477 2763 1539 2790 cap.
1557 2755 1600 2783 18.

965 2790 1020 2823 (i8)
1036 2789 1147 2824 Ntccplt.
1165 2790 1211 2816 lib.
1232 2797 1258 2820 v,
1272 2798 1334 2823 cap.
1351 2790 1396 2817 ‘25.

964 2825 1019 2859 (l9)
1036 2825 1145 2858 Euseb.,
1162 2824 1265 2852 Hister.
1281 2826 1357 2857 ect'!.,
1379 2826 1423 2853 lib.
1444 2834 1482 2860 v1,
1499 2834 1558 2861 cap.
1575 2826 1620 2854 36.
