1915 3079
220 115 272 143 637

853 113 883 141 Ι).
904 113 1063 142 DANIELIS
1082 115 1199 143 HUETII

1790 114 1837 143 688

218 183 286 209 quas
300 173 360 202 fere
371 172 490 209 quotidie
501 172 529 199 in
543 171 664 199 Ecclesia
682 171 798 199 habebat
815 179 848 199 ex
866 177 1000 207 tempore,
1015 177 1038 204 Α
1086 173 1156 201 XIV.
1173 173 1230 209 (21)
1244 173 1278 201 At
1295 173 1414 201 nonduin
1428 174 1512 201 etiam
1523 173 1703 202 Adamantius
1720 174 1836 200 vacatio-

217 230 231 248 a
259 220 372 248 notariis
397 219 466 246 inter
492 217 706 246 concionandum
738 217 825 251 excipi
843 224 944 252 passus
959 222 1001 245 est

216 267 358 301 Origenes,
381 265 451 300 quod
476 267 556 291 antea
582 271 721 298 nunquam
746 263 803 291 fieri
825 264 999 298 permiserat.

218 314 285 340 llinc
306 318 403 339 nomen
420 310 479 345 ejus
500 310 586 344 magis
610 310 748 345 magisque
767 309 959 337 celebrabatur
972 311 999 338 in

217 359 293 389 dies;
310 357 356 384 sed
370 356 406 383 ita
422 360 511 382 tamen
540 360 568 381 ut
586 362 692 382 summa
714 354 865 382 alliceretur
880 355 999 382 admira-

217 404 290 431 tione
303 410 317 429 a
333 401 477 436 plurimis;
493 408 508 428 a
522 400 671 432 nonnullis,
692 405 722 427 ut
744 401 812 427 varii
830 408 891 428 esse
911 400 1000 428 solent

215 448 353 476 hominum
380 453 497 478 sensus,
527 446 715 474 infamaretur.
742 447 843 473 Ansam
865 447 1000 481 praecipue

218 495 320 521 dabant
335 493 593 528 reprehensionibus
609 492 714 519 erudita
727 492 847 526 quidem,
864 499 916 519 non
933 492 999 519 satis

215 543 305 566 tamen
320 538 449 565 meditate
469 537 570 572 scripta
587 544 680 571 opera,
702 541 730 564 ct
754 536 781 563 in
800 541 922 564 secretos
941 536 1000 563 fere

213 584 351 612 elaborata
364 592 440 617 usus,
452 591 484 610 ac
504 583 614 610 incaute
627 587 716 610 tamen
733 583 868 617 evulgata.
893 582 1000 617 Oppor-

215 633 279 655 tuna
303 628 362 656 haec
385 634 465 656 erant
486 627 609 656 sinistris
623 628 812 655 lmretieorum
834 628 998 662 interpreta-

215 672 349 704 tionibus,
372 677 399 699 et
416 679 487 707 saepe
506 671 549 700 vel
569 672 602 699 ad
618 671 789 700 conﬂanilam
804 671 913 706 Origeni
929 671 1000 698 invi-

214 719 298 751 diam,
316 725 435 753 eumque
451 718 526 746 falsis
537 718 703 745 criminibus
715 717 999 750 circumveniendum,

215 765 256 792 vel
274 765 307 792 ad
322 765 499 800 quaerendum
514 763 628 791 nefariis
643 763 815 797 dogmatibus
827 762 998 797 splendidum

215 810 395 846 patrocinium
410 809 646 838 adulterabantur.
666 809 714 836 Cui
732 809 803 836 malo
817 813 847 836 ut
868 815 998 836 occurre-

1053 226 1113 246 nem
1129 227 1144 246 a
1159 219 1300 247 laboribus
1320 219 1423 247 habuit.
1442 219 1542 247 Exorta
1561 219 1662 254 quippe
1677 225 1748 245 nova
1771 219 1836 253 apud

1050 264 1154 291 Arabes
1167 265 1262 292 haeresi
1273 284 1282 297 .
1298 272 1358 298 qua:
1378 264 1496 291 animam
1510 264 1602 291 statim
1627 271 1641 290 a
1669 270 1759 291 niorte
1778 271 1834 290 cum

1050 308 1213 342 corporibus
1227 308 1364 343 exstingui
1376 328 1385 341 ,
1399 313 1482 343 atque
1496 309 1589 336 itidem
1607 316 1668 337 cum
1679 308 1836 343 corporibus

1051 353 1077 380 in
1100 358 1221 380 extrema
1238 354 1283 381 die
1306 355 1453 382 excitatum
1476 355 1508 381 iri
1531 355 1684 388 sciscebat,
1711 358 1834 382 coactum

1049 400 1142 426 statim
1159 405 1201 427 est
1225 399 1352 436 frequens
1377 400 1537 433 concilium,
1565 401 1598 427 ad
1623 401 1703 435 idque
1735 400 1835 427 accitus

1049 445 1182 480 Origenes
1214 447 1358 475 luereticos
1387 447 1523 474 rationum
1555 454 1666 474 suarum
1694 445 1835 472 momentis

1049 493 1187 520 convictos
1206 497 1234 520 et
1252 501 1397 528 oppressos
1417 494 1450 520 ad
1473 493 1611 521 meliorem
1635 498 1757 520 mentem
1782 498 1830 519 tra-

1049 538 1137 566 duxit.
1154 537 1216 565 Pan‘
1233 546 1342 574 quoque
1358 538 1490 566 felicitate
1503 538 1716 566 Helcesaitarum
1738 538 1836 566 doctri—

1050 591 1123 617 nam,
1136 591 1150 610 a
1166 583 1248 618 Papia
1266 585 1375 612 Achaize
1390 585 1552 620 presbytero
1566 584 1629 612 olim
1643 592 1707 611 eum
1721 584 1834 619 primum

1048 629 1167 657 oriretur
1194 635 1396 664 expugnatam,
1426 635 1490 658 tunc
1519 634 1705 657 renascentem
1734 630 1835 663 denuo,

1049 681 1101 701 non
1115 674 1354 709 congressionibus
1368 679 1396 702 et
1410 675 1564 709 colloquiis,
1576 675 1623 702 sed
1641 674 1752 708 scriptis
1771 681 1834 701 con-

1049 721 1130 748 tudit.
1161 721 1264 749 Auctor
1291 721 1478 748 Theodoretus
1494 720 1563 755 (22),
1585 720 1630 755 qui
1647 720 1707 748 haec
1731 719 1834 746 habet:

1024 778 1026 780 τ
1048 765 1126 793 Κατὰ
1149 766 1251 801 ταύτης
1274 766 1324 802 τῆς
1345 766 1477 802 αἱρέσεως
1505 766 1647 802 Ὠριγένης
1667 765 1835 802 συνέγραψεν

1047 811 1153 847 ἀληθῶς
1174 820 1182 826 ·
1202 812 1382 847 συνεκρότησε
1411 812 1439 838 δὲ
1468 811 1553 848 αὐτὴν
1591 812 1781 848 Ἁλκιϐιάδης,
1808 812 1836 845 ἐξ

213 863 267 889 rct,
294 863 377 891 seque
405 857 456 884 hac
485 856 641 891 suspicione
663 854 811 888 evolveret,
842 853 993 881 consultum

1054 858 1205 893 Ἀπαμείας
1228 859 1278 893 τῆς
1295 858 1396 894 Συρίας
1417 857 1586 893 ὁρμώμενος.
1604 858 1760 893 Legendum
1779 858 1834 886 for-

212 903 274 930 fore
291 907 366 930 ratus
380 906 422 929 est
436 908 512 929 suam
525 901 559 929 de
579 900 644 933 Deo,
662 900 799 934 rebusque
818 900 918 927 divinis
936 906 999 927 sen-

214 948 326 975 tentiam
345 947 436 975 missis
457 947 490 974 ad
510 946 661 974 Fabianum
689 953 787 982 papam
810 946 932 980 aliosque
950 953 998 972 an-

212 994 310 1022 tistites
322 993 445 1028 epistolis
459 992 581 1028 proﬁteri
592 1012 600 1025 ,
618 997 646 1019 et
662 992 685 1020 si
699 992 764 1027 quid
778 991 923 1019 scribendo
933 990 997 1026 pee-

210 1045 341 1072 caverat,
371 1045 481 1067 matura
506 1038 668 1074 pmnitentia
700 1038 859 1067 emendare.
893 1037 997 1065 Causas

210 1090 300 1113 autem
327 1085 493 1113 temeritatis
521 1085 615 1112 retulit
639 1085 666 1112 in
697 1084 892 1114 Ambrosium,
925 1083 997 1118 quod

211 1131 398 1159 secretoedita
418 1132 445 1158 In
459 1131 595 1165 publicum
619 1130 786 1166 protulisset.
810 1129 931 1157 Gravem
953 1129 998 1157 hic

214 1177 330 1204 Eusebio
344 1177 433 1204 dicam
449 1176 573 1210 impingit
587 1175 721 1203 Baronius
733 1175 805 1209 (9.0),
821 1174 894 1210 quod
909 1181 994 1209 repu-

211 1222 313 1252 dlltam
327 1222 397 1250 hanc
411 1229 426 1249 a
439 1221 562 1249 Fabiano
574 1221 772 1257 professionem
787 1220 860 1253 ﬁdei.
869 1225 896 1248 et
909 1220 997 1255 ipsum

211 1269 244 1296 ad
267 1276 379 1296 causam
396 1267 539 1295 dicendam
559 1268 676 1295 accitum
698 1267 783 1295 fuisse
800 1267 912 1294 Romam
935 1265 997 1294 Ori-

209 1321 305 1349 genem
319 1314 382 1342 dolo
400 1314 472 1341 malo
485 1314 642 1347 reticuerit;
664 1314 711 1342 sed
727 1313 783 1348 jam
798 1320 879 1347 supra
893 1313 927 1339 ab
946 1311 997 1339 hac

209 1359 316 1387 Barouil
341 1359 478 1386 calumnia
507 1359 652 1387 Eusebium
683 1359 882 1387 vindicavimus
905 1368 912 1385 :
934 1364 996 1385 nam

209 1405 273 1439 quid
296 1405 347 1432 hae
363 1404 533 1440 professione
551 1405 651 1432 factum
674 1405 710 1432 sit
731 1405 864 1431 incertum
885 1407 949 1436 est,
969 1407 997 1430 et

209 1449 354 1476 admodum
369 1449 454 1477 semel
469 1449 584 1478 Romam
607 1449 689 1478 ivisse
704 1450 852 1484 Origenem
875 1448 997 1476 certissi-

212 1502 284 1522 tnlttll
300 1500 351 1522 est.

1049 907 1131 935 tasse,
1156 904 1342 940 συνεκράτησε
1359 912 1367 919 ”
1382 905 1422 931 sic
1444 905 1516 931 enim
1538 905 1571 932 de
1588 904 1682 932 eadem
1706 912 1736 931 re
1758 903 1835 932 Nice-

1048 946 1149 980 phorus
1177 946 1233 982 (25)
1249 955 1256 974 :
1272 947 1343 974 κατὰ.
1362 947 1391 974 δὲ
1415 947 1517 984 ταύτης
1541 949 1588 975 καὶ
1613 948 1784 985 Ἀλκισιάἂης
1807 949 1837 982 ἐξ

1054 992 1203 1028 ’Δπαμείας
1223 993 1271 1028 τῆς
1293 993 1392 1029 Συρίας
1402 993 1548 1029 πάμπολλα
1568 995 1720 1029 ἠγωνίσατο
1735 1003 1742 1010 ·
1766 995 1835 1031 Ὠρι-

1047 1039 1129 1074 γένης
1149 1039 1178 1066 δὲ
1194 1040 1251 1071 τοῖς
1269 1039 1329 1066 κατ’
1344 1039 1429 1076 αὐτῆς
1445 1040 1566 1076 ἐλέγχοις
1583 1041 1721 1077 thyle-caus.
1743 1040 1834 1074 Quan-

1047 1091 1127 1119 quam
1150 1085 1218 1112 nihil
1249 1085 1355 1113 aflirmo
1376 1094 1384 1113 :
1410 1093 1473 1112 nam
1505 1086 1651 1121 Nicephori
1679 1087 1835 1114 auctoritati

1047 1138 1144 1166 parum
1172 1131 1273 1160 tribuo.
1305 1130 1448 1159 Geminam
1474 1132 1543 1159 hanc
1565 1132 1599 1159 ab
1619 1131 1737 1167 Origene
1751 1132 1834 1159 victo-

1047 1176 1116 1203 riam
1131 1175 1193 1203 dolo
1214 1175 1284 1203 malo
1296 1175 1406 1203 reticuit
1428 1176 1561 1212 Georgius
1578 1176 1736 1212 Syncellus,
1757 1177 1832 1205 Gne-

1047 1229 1141 1250 corum
1168 1223 1289 1250 omnium
1325 1230 1428 1250 morem
1464 1223 1491 1250 in
1520 1223 1690 1258 suggillamlo
1718 1223 1836 1260 Origene

1046 1272 1168 1295 secutus.
1194 1267 1250 1295 Nec
1265 1268 1410 1296 absurdum
1427 1268 1542 1295 fortasse
1560 1268 1642 1295 fuerit
1658 1269 1756 1296 iisdem
1769 1277 1834 1298 con-

1044 1312 1159 1348 jungere
1194 1313 1362 1348 temporibus
1386 1313 1562 1347 Apellitarum
1589 1313 1810 1349 proﬂigationem
1825 1335 1834 1349 ,

1046 1366 1114 1394 quos
1141 1366 1189 1394 per
1209 1358 1350 1386 Orientem
1369 1365 1524 1394 grassantes
1549 1359 1670 1387 coercuit
1691 1359 1834 1396 Origenes,

1046 1409 1073 1433 et
1085 1412 1134 1440 per
1148 1405 1269 1440 singulas
1285 1412 1406 1440 quasque
1423 1405 1503 1433 urbes
1523 1406 1675 1434 insectatus
1694 1406 1838 1434 concioni-

1046 1450 1098 1479 bus
1117 1452 1257 1486 repressit.

752 1626 942 1672 CAPUT
978 1626 1289 1680 QUARTUM.

207 1724 228 1752 Ι.
258 1723 397 1759 Philippm
428 1725 574 1758 imperator
602 1724 768 1758 inter/icitur.
797 1725 963 1759 Subrogatur
987 1721 1094 1759 Decii".
1111 1723 1227 1757 Septima
1250 1723 1405 1759 persecutio.
1439 1723 1471 1751 ll.
1502 1723 1628 1758 Origenes
1655 1732 1704 1758 pro
1727 1723 1834 1751 Christo

241 1753 408 1794 gravissimos
421 1753 555 1794 cruciatus
571 1753 690 1786 melius}.
707 1759 749 1786 Ill.
765 1753 925 1786 Librumbe
943 1753 1178 1794 inarlyrio_scriltit
1193 1759 1229 1785 od
1243 1753 1302 1785 eum
1318 1758 1461 1793 Dionysius
1476 1753 1681 1786 Alexa'ndriuu's.
1705 1759 1750 1786 IV.
1769 1759 1831 1787 Ori-

258 1795 312 1822 wia
326 1796 463 1822 modestia.
482 1793 577 1821 Utrum
589 1795 623 1821 ad
641 1794 775 1822 uitandum
785 1795 920 1829 Aitliiopis
933 1799 1055 1829 stupr1_1_r_n
1071 1792 1169 1829 Citriin
1183 1794 1260 1826 [idem
1272 1792 1396 1828 ήμην-ἰή
1409 1800 1432 1821 et
1447 1803 1498 1829 quo
1513 1795 1540 1820 id
1552 1799 1666 1829 tempore
1679 1795 1833 1829 contigerit.

258 1803 312 1822 una
326 1802 463 1822 modestia.
482 1802 577 1821 utrum
589 1802 623 1821 aa
641 1802 775 1822 uitandum
785 1802 920 1829 munopu
933 1802 1055 1827 stuprum
1071 1802 1169 1820 utrm:
1183 1802 1260 1826 paeni
1272 1802 1395 1828 qurum.
1409 1802 1432 1821 et
1447 1803 1498 1829 quo
1513 1802 1539 1820 ta
1552 1802 1666 1826 tempore
1679 1802 1833 1829 contigerit.

240 1802 274 1858 ἒ.
296 1829 448 1864 Castigatur
469 1829 620 1856 criticorum
643 1830 827 1856 nonnullorum
851 1830 994 1856 temeritas.
1013 1826 1056 1854 Vl.
1080 1827 1185 1855 Mortuo
1209 1829 1298 1864 Decio,
1317 1829 1429 1864 vinculis
1454 1829 1566 1864 soluitur
1582 1827 1721 1864 Origenes.
1752 1830 1834 1856 Decio

240 1862 381 1891 succedunt
405 1865 498 1891 Gallus
513 1870 538 1891 et
561 1864 730 1891 Volusianus.
751 1865 803 1892 VII.
823 1864 883 1891 Obit
906 1864 1039 1898 0rigenes_
1055 1871 1126 1898 anno
1149 1863 1232 1890 (statis
1260 1871 1333 1890 thx.
1356 1862 1471 1891 Pereunt
1486 1863 1580 1890 Gallus
1595 1862 1638 1898 iet
1657 1863 1832 1891 Volusianus.

245 1899 310 1935 Vill.
336 1900 457 1933 lilogium
477 1898 608 1934 Origem‘s.
628 1898 673 1927 IX.
688 1899 822 1934 Sepelitur
837 1899 906 1935 Tyri.
930 1896 1006 1926 vana
1021 1896 1054 1924 de
1069 1897 1126 1932 (jus
1139 1898 1224 1925 salute
1235 1900 1346 1933 quanio
1357 1899 1578 1932 praetermittitur.
1594 1897 1627 1926 Χ,
1642 1898 1735 1934 Ipsius
1750 1900 1830 1926 disci-

238 1934 294 1969 puli
310 1940 486 1962 resoluantur.

999 1981 1034 1988 ..-

239 2053 337 2089 1.(26)
361 2053 507 2088 Triplicem
532 2053 616 2085 hanc,
641 2059 721 2087 quam
737 2053 860 2087 proxime
871 2054 1023 2084 comme-c
1038 2052 1180 2080 secutione
1215 2052 1341 2087 princeps
1375 2051 1502 2080 occubuit
1532 2053 1671 2082 Fabianus
1706 2054 1831 2090 pontifex

203 2099 380 2132 inoravimus.
391 2099 525 2125 adversus
539 2101 744 2125 succrescentes
759 2097 879 2125 btercses
894 2096 990 2124 velita-

203 2146 304 2172 tionem
331 2145 437 2172 videtur
452 2144 584 2179 Origenes
601 2143 759 2170 exercuisse
780 2143 926 2178 postremis
942 2143 990 2170 im-

204 2190 270 2224 perii
287 2189 401 2223 Philippi
418 2190 519 2221 annis;
540 2187 597 2224 (25)
614 2187 659 2222 qui
678 2195 740 2215 cum
763 2189 908 2222 septimum
931 2187 988 2222 jam

202 2242 302 2261 annum
332 2242 420 2261 rerum
446 2235 588 2269 potiretur,
606 2235 678 2262 Decii
702 2233 796 2262 fraude
816 2234 929 2262 Verona:
952 2234 987 2261 ab

201 2280 324 2306 exercitu
339 2280 501 2307 interfectus
522 2286 573 2307 est.
592 2280 761 2315 Subrogatnr
774 2281 800 2306 iu
815 2280 874 2313 ejus
894 2280 983 2307 locum

201 2324 311 2357 Decius,
331 2325 376 2360 qui
393 2331 422 2352 ut
436 2325 462 2352 in
480 2325 594 2361 Philippi
610 2326 769 2354 memoriam
784 2326 911 2353 incensus
925 2330 985 2353 erat

200 2371 273 2401 iulio.
290 2370 517 2403 Christianorum,
533 2379 601 2407 quos
612 2373 686 2399 visus
698 2375 759 2399 erat
772 2371 872 2399 charos
886 2371 986 2399 habere

199 2414 338 2449 Philippus
354 2416 418 2442 dum
431 2416 544 2447 viveret.
560 2423 605 2444 res
618 2421 740 2448 vastare,
758 2423 791 2443 ac
804 2423 903 2444 nomen
923 2416 985 2443 lun-

203 2460 276 2486 ditus
294 2459 385 2488 delere
398 2461 552 2489 constituit.
567 2461 596 2488 ln
609 2462 747 2488 teterrima
759 2461 809 2488 hac
823 2462 903 2496 igitur
925 2469 987 2496 per-

246 2526 292 2561 20)
303 2527 400 2555 Baron.
419 2528 452 2555 ad
468 2535 515 2557 an.
527 2528 588 2559 9.48.
605 2537 679 2556 num.
695 2529 722 2558 ‘I.
741 2529 769 2554 Ξ.

245 2561 290 2595 21)
307 2562 419 2594 Euseb.,
434 2563 534 2590 Hister.
549 2564 626 2594 εει-ι..
645 2564 691 2590 lib.
704 2571 740 2595 vt,
748 2572 809 2597 cap.
822 2564 867 2594 57,
882 2563 927 2591 38.

246 2598 292 2631 2‘2)
305 2597 468 2624 'l‘lieodoret.
485 2598 562 2625 Hier.
575 2598 643 2625 Fab.
659 2599 705 2625 lib.
722 2607 752 2630 Il,
763 2607 823 2633 cup.
836 2598 863 2625 8.

244 2632 289 2649 θῖι
306 2631 406 2649 ΝἰιιηηΙι
434 2633 469 2649 Iil.
497 2641 511 2649 u
538 2641 588 2649 nun
615 2633 648 2649 οι

232 2632 289 2666 (25)
306 2631 416 2666 Niceph.
434 2633 479 2674 lib.
497 2641 523 2665 ν,
538 2641 598 2668 cap.
615 2633 660 2674 ﬁt.
798 2631 804 2633 ⁷

306 2667 415 2707 Euseb”
433 2667 533 2707 llistor.
549 2669 623 2707 eccl._.
642 2668 685 2694 lib.
700 2676 736 2702 γι,
754 2676 814 2703 cap.
830 2668 875 2695 39.

232 2701 288 2736 (25)
305 2702 356 2734 Qui
375 2710 434 2729 cum
456 2704 592 2736 septimum
606 2704 664 2737 jam
688 2701 795 2730 annum'
806 2711 892 2729 rerum
911 2703 979 2737 poti-

197 2740 292 2773 retur.»
305 2737 413 2772 Septem
434 2738 511 2764 annis
530 2739 684 2773 regnavisse
701 2737 852 2772 Philippum
879 2738 974 2765 scribit

199 2770 350 2810 iiiisebius.‘
377 2779 457 2810 quem
485 2770 636 2810 sequuntur
664 2770 973 2810 Orosiu_s,'_[¢;utychius,

196 2804 394 2840 Albul‘arayus,‘
415 2804 548 2843 Georgius
574 2807 726 2843 Syncellus,
758 2804 927 2843 Epiphanius
948 2814 975 2835 ct

1043 2098 1187 2129 malimus,
1202 2098 1230 2125 in
1245 2097 1324 2132 cujus
1344 2097 1435 2126 locum
1454 2097 1584 2126 sulIectus
1605 2105 1647 2126 est
1671 2099 1829 2129 Cornelius.

1041 2142 1071 2170 in
1083 2151 1223 2170 carcerem
1234 2151 1342 2179 quoque
1357 2144 1488 2179 compacti
1503 2150 1566 2172 sunt
1577 2146 1680 2174 nobiles
1694 2147 1830 2182 episcopi,

1040 2187 1206 2219 Alexander,
1229 2188 1252 2216 is
1280 2196 1294 2215 a
1318 2196 1372 2224 quo
1394 2189 1466 2216 inter
1487 2189 1663 2225 presbyteros
1689 2194 1830 2227 quondam

1039 2232 1171 2268 Origenes
1191 2233 1280 2260 fuerat
1305 2239 1457 2269 cooptatus,
1481 2241 1509 2262 et
1538 2235 1653 2271 Babylas
1669 2246 1676 2264 :
1693 2238 1741 2273 qui
1767 2246 1833 2266 cum

1040 2279 1112 2306 letho
1126 2279 1254 2306 destinati
1274 2279 1302 2306 in
1318 2279 1433 2308 vinculis
1447 2280 1578 2309 obiissent
1589 2301 1597 2315 ,
1621 2283 1684 2310 huic
1704 2283 1810 2313 Fabius
1821 2305 1833 2318 ,

1040 2325 1076 2352 illi
1094 2324 1255 2353 Mazabanes
1267 2326 1410 2353 successit.
1435 2326 1466 2353 Et
1482 2328 1546 2361 quid
1560 2336 1607 2355 eos
1619 2336 1717 2357 Omnes
1731 2339 1834 2359 recen-

1039 2379 1099 2398 sere
1115 2371 1223 2403 attinet,
1237 2379 1306 2406 quos
1329 2371 1513 2400 funestissima
1528 2373 1573 2401 illa
1593 2374 1723 2403 Ecclesia:
1735 2378 1836 2405 clades

1039 2418 1228 2452 consumpsit?
1244 2418 1357 2445 Referta
1381 2423 1444 2446 sunt
1464 2427 1558 2447 eorum
1581 2422 1737 2451 nominibus
1754 2425 1834 2452 anti-

1039 2471 1092 2497 qna
1122 2463 1328 2500 Martyrologia.
1352 2464 1406 2492 Sed
1432 2464 1604 2493 Palicstinaiu
1630 2469 1770 2503 praecipue
1797 2478 1830 2497 ea

1036 2530 1361 2567 NicephoriChronicou.
1372 2531 1424 2559 Sed
1437 2540 1470 2560 ex
1486 2532 1616 2561 Chronico
1629 2535 1835 2567 Alexandrino,

1036 2571 1151 2601 utroque
1174 2566 1293 2599 Victore,
1310 2567 1450 2601 Eutropio,
1480 2567 1595 2600 lanata,
1612 2566 1829 2599 nuruismat‘ibus

1035 2601 1168 2635 pini-bnis.
1187 2602 1280 2629 codice
1305 2601 1460 2629 Iustiniano
1480 2607 1508 2630 et
1534 2611 1567 2630 es
1592 2605 1653 2632 aliis
1669 2607 1827 2633 auctorita-

1035 2637 1106 2676 tibus
1132 2641 1188 2662 tum
1206 2637 1346 2671 antiquis,
1378 2642 1434 2664 tum
1462 2639 1671 2676 recentioribus,
1702 2641 1830 2676 quinque

1034 2672 1164 2709 duntaxat
1179 2679 1264 2698 annos
1280 2677 1310 2709 _et
1327 2673 1554 2709 mensesﬂaliquot
1575 2672 1727 2709 imperasse
1750 2672 1826 2703 νὶῖιεο

1034 2711 1076 2732 tnr
1096 2706 1245 2742 Philippus,
1261 2707 1296 2734 ab
1312 2714 1384 2734 anno
1396 2706 1503 2742 scilicet
1515 2708 1578 2740 ΞΗ,
1598 2706 1631 2735 all
1641 2706 1746 2737 animm
1758 2711 1826 2742 24.9,

1027 2748 1080 2775 quo
1095 2749 1109 2767 a
1124 2741 1204 2768 Decio
1218 2742 1325 2779 occisus
1338 2746 1388 2769 est.
1399 2741 1476 2779 _Vide
1492 2743 1658 2776 Tilleinont.,
1678 2745 1751 2772 Hist.
1776 2741 1830 2779 ius}

1027 2780 1112 2810 perat.
1128 2782 1196 2806 tom.
1218 2776 1262 2810 ιιι,
1278 2776 1340 2805 Not.
1353 2778 1381 2805 in
1394 2777 1523 2811 Gordiani.
1541 2785 1567 2806 et
1580 2779 1610 2807 iu
1631 2779 1752 2815 Philipp.
