1915 3079
89 158 139 186 689
613 157 872 186 ORIGENIANORU
877 157 899 184 M

89 222 192 251 strages
208 215 298 243 aﬁ‘ecit
314 223 320 241 :
337 215 416 243 multi
439 215 575 251 siquidem
593 215 719 251 Origenis
738 216 867 243 exliorta-
882 218 903 246 Α

90 262 205 289 tionibus
221 261 328 288 accensi
348 260 422 288 Decii
441 260 581 288 furoribus
598 268 660 288 sese
674 260 781 288 fortiter
795 261 870 295 obje-

89 312 191 335 cerunt.

123 353 152 381 lI.
169 353 218 386 Qui
244 353 345 388 Tyrum
368 352 425 387 jam
452 359 515 380 ante
533 353 703 380 concessisse
724 352 868 388 Origeuem

89 400 210 432 credunt,
230 407 309 434 quam
323 399 471 426 Christiani
492 407 507 426 a
524 399 605 426 Decio
620 399 770 434 oppugnari
788 400 869 434 coepti

88 448 151 478 sint,
167 447 244 474 facile
258 447 290 473 iis
301 447 437 473 assentior
448 453 589 473 :secessns
605 454 705 472 annum
718 446 868 480 assignare,

90 493 212 521 hariolari
230 497 284 520 est.
310 491 338 519 In
354 500 416 519 eum
434 498 509 520 certe
529 492 647 519 maxima
673 491 869 527 persecutionis

94 540 169 575 hujus
199 539 321 572 gravitas
348 538 490 571 incubuit,
520 546 601 572 quam
634 538 728 564 cadent
759 537 869 570 pertulit

91 587 252 617 constantia,
268 593 320 620 qua
334 585 395 613 aliis
406 593 466 612 eam
481 590 510 612 ut
522 584 685 620 perferrent,
700 589 796 610 auctor
811 584 869 612 fue-

89 638 137 661 rat.
159 631 224 659 Nam
244 632 360 666 primunt
378 632 405 659 in
424 631 586 666 profundum
613 638 751 657 carcerem
778 629 869 657 detru-

89 687 131 706 sus
144 683 201 711 est;
214 678 321 713 torquis
331 677 437 705 ferreus
449 677 518 704 collo
534 677 664 712 injectus;
683 675 869 711 pedesligneis

89 725 185 759 pedicis
198 724 298 759 grandi
311 723 456 751 intervallo
474 723 588 751 invicem
603 723 714 750 remotis
729 723 764 750 ita
775 722 868 750 inserti

88 775 157 804 sunt,
174 775 202 797 ut
216 770 375 797 divaricatis
389 770 517 798 cruribus
533 770 695 796 distractum
709 777 807 804 corpus
821 776 869 802 per

88 816 180 844 multos
206 816 265 843 dies
291 815 430 842 dirissitne
450 820 623 850 torqueretur
640 823 647 842 :
663 815 870 842 intentabantur

87 862 182 897 ignium
197 866 225 889 et
239 861 434 896 suppliciorum
448 861 540 893 mime,
553 868 586 888 ac
596 860 737 895 multiplici
752 860 869 894 denique

88 913 215 935 tormento
227 907 315 935 senile
327 915 425 941 corpus
437 907 623 934 cruciabatur.
641 906 732 933 Altum
745 906 790 933 ille
802 913 868 933 con—

87 958 135 986 tra,
149 959 175 981 et
187 958 310 981 erectum
322 953 443 980 animum
460 960 544 988 super
560 952 699 980 fortunam
714 959 825 987 gerens,
841 955 869 979 et

87 1000 162 1027 vitam
180 1007 259 1027 suam
275 1004 336 1033 post
347 999 450 1026 Christi
461 998 543 1026 ﬁdem
557 998 667 1031 ducens,
681 1005 777 1025 omnes
792 1005 870 1032 aspe-

88 1045 175 1072 ritates
191 1044 354 1079 supervasit.
370 1044 409 1072 Ac
419 1052 512 1072 secum
524 1043 657 1079 praeclare
672 1048 762 1071 actum
772 1043 869 1071 existi-

88 1096 189 1122 masset,
212 1091 234 1118 si
258 1096 413 1118 extremum
433 1091 467 1117 ab
487 1097 520 1118 eo
540 1090 705 1125 supplicium
727 1089 870 1124 improbus

89 1137 257 1170 expetivisset
275 1136 377 1171 judex,
396 1137 439 1163 cui
465 1144 547 1163 unum
572 1136 598 1162 id
616 1135 667 1163 fuit
688 1135 868 1170 propositum,

87 1190 174 1210 onmes
198 1183 324 1217 martyrii
347 1182 486 1210 cruciatus
516 1182 740 1210 innocentissimo
763 1181 867 1209 homini

90 1228 210 1263 infligere,
226 1229 354 1256 eumdem
376 1236 441 1256 vero
463 1234 570 1264 sperata
589 1236 638 1263 per
656 1233 773 1255 mortem
793 1236 867 1254 mar-

89 1271 144 1306 tyrii
165 1272 288 1299 mercede
311 1272 429 1308 privare.
454 1273 625 1301 Ostentatutn
651 1273 742 1308 itaque
775 1279 867 1300 certa—

88 1317 162 1345 minis
183 1323 211 1346 et
232 1318 358 1346 laborum
374 1319 513 1354 prannium
532 1319 558 1346 in
581 1319 656 1346 aliud
676 1324 783 1354 tempus
799 1319 867 1346 dila-

88 1370 138 1393 tum
152 1372 200 1394 est.

119 1412 158 1441 Ill.
175 1413 229 1447 (‘26)
244 1413 320 1441 Bene
333 1418 424 1441 autem
439 1414 471 1441 de
483 1421 512 1441 se
532 1413 630 1441 merito
643 1414 786 1448 magistro,
803 1415 866 1442 dum

88 1458 112 1485 in
127 1459 266 1486 tormentis
279 1464 362 1491 esset,
384 1459 502 1495 optimus
524 1459 687 1495 discipulus,
713 1465 743 1488 et
766 1463 868 1490 veteris

87 1504 203 1531 amicitia:
218 1512 324 1532 memor
334 1505 478 1540 Dionysius
489 1504 688 1534 Alexandrinus
699 1514 754 1534 non
771 1507 865 1540 defuit,

87 1548 231 1584 librumque
252 1550 287 1577 ad
309 1557 371 1578 eum
387 1551 423 1578 De
439 1551 567 1586 martyrio
583 1551 704 1586 scripsit,
726 1559 780 1587 quo
808 1553 865 1580 ani-
879 1558 901 1589 ε

87 1602 153 1622 mum
178 1595 213 1622 illi
229 1596 322 1623 dolore
339 1604 370 1624 ac
385 1596 494 1624 miseria
516 1597 701 1625 tabescentem
719 1598 864 1630 reievaret,

85 1645 110 1666 et
122 1640 145 1668 ei
166 1641 255 1668 solatii
274 1647 416 1676 praestaret
431 1642 530 1676 vicem,
545 1642 592 1678 qui
609 1643 671 1671 aliis
692 1643 762 1671 hanc
778 1644 867 1672 omni-

88 1684 134 1712 bus
146 1688 265 1720 praebere
276 1687 372 1715 solitus
386 1693 454 1715 erat.

118 1730 158 1758 IV.
182 1732 350 1767 Nicephorus
363 1733 471 1761 Eusebii
487 1739 633 1769 perpetuus
650 1741 801 1763 assectalor
817 1736 867 1763 du-

86 1783 138 1803 cem
151 1786 225 1805 suum
243 1779 290 1806 hic
306 1780 424 1813 deserit,
443 1785 470 1807 et
486 1781 511 1808 in
531 1785 643 1815 atroces
660 1782 791 1813 adversus
805 1782 866 1810 Ori-

87 1830 183 1855 genem,
213 1832 290 1852 more
318 1826 468 1853 recentium
501 1827 663 1855 Graecorum
681 1848 689 1861 ,
715 1828 867 1856 calumnias

86 1867 197 1897 divertit.
218 1871 287 1897 Eum
311 1871 349 1898 ait
376 1873 507 1900 modestia
528 1881 562 1901 ac
585 1874 740 1902 Christiana
759 1875 867 1902 humili-

89 1916 149 1945 tate,
162 1922 220 1949 qua:
234 1915 366 1943 virtututn
377 1917 502 1944 omnium
518 1925 618 1952 parens
631 1924 684 1951 est,
701 1919 812 1951 amissa,
838 1920 864 1947 in

90 1957 196 1986 Deciana
223 1961 415 1995 persecutione
441 1964 585 1991 tortuentis
608 1963 754 1998 aﬂictum,
788 1973 864 1992 suam

86 2004 184 2037 quidem
196 2007 377 2034 constantiam
392 2015 423 2035 ac
440 2007 520 2035 iidem
538 2008 670 2037 Ecclesia:
686 2010 863 2045 praestitisse;

86 2056 171 2078 verum
185 2053 296 2081 admoto
313 2053 442 2089 .Ethiope
458 2055 504 2089 qui
521 2055 675 2082 eastissimo
686 2056 793 2091 corpori
809 2055 867 2083 illu-

87 2096 168 2131 deret,
182 2098 264 2126 thura
280 2099 333 2127 diis
348 2101 459 2128 adolere
474 2100 620 2134 maluisse,
636 2109 718 2135 quam
732 2102 864 2136 ejusmodi

87 2142 206 2173 probrum
222 2144 249 2171 in
266 2152 295 2172 se
314 2145 460 2173 admittere
475 2154 482 2172 :
497 2151 581 2181 atque
596 2147 658 2175 inde
674 2147 764 2175 divina
778 2149 864 2182 gratia

87 2194 140 2214 cum
155 2190 310 2224 excidisset,
331 2192 358 2218 in
376 2193 468 2219 varias
482 2193 599 2220 haereses
621 2193 771 2228 delapsum,
794 2194 864 2221 lltltI-

87 2233 167 2268 lisque
188 2236 216 2263 in
237 2245 359 2264 errorem
390 2239 521 2272 inductis,
552 2239 586 2266 ab
613 2239 734 2267 Ecclesia
760 2240 861 2268 Christi
879 2236 902 2264 Ι)

86 2276 157 2315 iongo
172 2287 230 2316 post
244 2289 365 2317 tempore
374 2283 459 2312 fuisse
471 2285 691 2313 exterminatum.
705 2285 769 2313 Ηίυο
782 2287 863 2314 habet

87 2323 244 2360 Nicephorus
263 2328 334 2365 (27),
349 2337 408 2364 quae
425 2331 459 2358 ad
477 2331 602 2359 veritatis
627 2332 757 2359 amussim
784 2339 857 2360 revo-

85 2377 197 2405 cata,et
223 2382 286 2402 cum
315 2380 438 2403 veterum
461 2377 585 2413 scriptis.
611 2377 682 2404 unde
705 2378 861 2413 deprompta

86 2423 151 2450 sunt,
176 2420 313 2454 c0nflicta,
341 2421 422 2448 ﬁdem
448 2430 525 2450 suam
554 2424 714 2457 decoquent.
742 2423 858 2451 Nimiam

85 2461 148 2489 enim
173 2464 223 2491 sibi
250 2466 406 2500 superbiam
433 2471 496 2498 tunc
523 2468 670 2502 sumpsisse
696 2467 856 2503 Origenem,

84 2509 198 2540 quamvis
207 2516 273 2539 ante
281 2511 463 2547 Nicephorum
475 2513 634 2548 scripserint
644 2513 804 2542 Anastasius
815 2514 861 2541 Bi-

885 889 905 916 Β

116 2628 168 2669 (26.)
186 2631 298 2669 Euseb.2
311 2631 380 2659 Iliu.
392 2632 470 2669 (ρει,
479 2632 527 2661 lib.
540 2641 578 2665 «VI,
595 2641 654 2669 cap.
671 2633 716 2661 46.
727 2633 796 2661 Bene
808 2642 858 2661 au-

86 2667 129 2689 tem
145 2665 214 2702 deice
233 2667 325 2702 merito
346 2667 482 2702 magistro,
499 2669 561 2695 dum
577 2670 604 2696 in
624 2665 760 2696 [armentis
781 2675 858 2701 esset,

86 2702 134 2737 εις.
166 2701 232 2739 Cum
261 2701 398 2739 Eusebius
418 2702 537 2739 libellum
565 2704 603 2730 De
633 2705 762 2739 martyrio
789 2705 860 2731 inter

87 2734 202 2773 Epistolas
237 2737 314 2770 paulo
342 2742 402 2771 post
433 2738 659 2775 Deciinstragem
685 2734 716 2765 a'
732 2739 860 2774 Dionysio

87 2772 190 2807 scriptas
217 2777 373 2804 recenseat,
400 2772 549 2800 verisimile
572 2772 624 2801 non
646 2775 753 2801 videtur
777 2772 859 2807 hunc,

85 2801 339 2867 ἓίἳῦᾨιὲιξειξιηεηιίς
359 2801 432 2834 esset
445 2807 589 2843 Origenes,
604 2808 686 2837 fuisse
701 2817 716 2837 a
732 2801 860 2845 Dionysio

118 2873 171 2908 (27)
189 2875 300 2911 Niecph.
317 2877 355 2904 lib
381 2885 407 2911 v,
424 2885 483 2913 cap.
498 2878 542 2906 32.

921 157 984 186 LIB.
1005 159 1026 192 I,
1047 159 1122 186 CAP.
1144 159 1188 188 IV.
1654 165 1706 193 6.90

920 216 1109 245 bliothecarius
1117 217 1174 252 (28)
1180 221 1206 244 et
1214 216 1334 246 Zonaras
1344 217 1411 254 (29),
1426 219 1468 247 vix
1480 219 1604 254 equidem
1612 223 1704 254 credo,

920 263 965 296 qui
985 262 1184 298 subjectissime
1205 264 1237 291 de
1259 271 1289 292 se
1305 272 1337 292 ac
1356 265 1535 293 demisissitne
1553 266 1581 293 in
1598 266 1674 294 libris
1687 276 1703 294 a

920 315 950 335 se
966 309 1017 336 hoc
1038 314 1158 343 tempore
1185 310 1296 345 scriptis
1320 314 1348 337 et
1373 311 1492 345 loquitur
1506 316 1532 338 et
1546 313 1639 340 sentit.
1664 313 1704 340 Ad

920 353 979 381 haec
1000 359 1144 389 postquam
1171 355 1198 382 in
1223 356 1412 390 persecutione
1440 356 1556 384 Deciana
1582 358 1704 385 nuntium

920 400 1030 428 Christo
1046 401 1185 429 remisisse
1199 402 1342 437 Origenem
1358 402 1478 437 scripsit,
1502 404 1577 430 addit
1596 404 1623 431 itt
1637 405 1706 431 tnul-

922 450 963 472 tas
985 445 1080 473 deinde
1111 447 1237 475 incidisse
1269 448 1405 480 hatreses.
1430 448 1574 483 multisque
1597 451 1704 477 errandi

920 499 1031 519 causam
1045 492 1165 525 dedisse,
1182 501 1215 521 ac
1233 494 1317 521 multo
1327 499 1389 528 post
1402 498 1522 529 tempore
1537 494 1705 522 Christiano-

921 545 981 565 rum
1012 539 1205 566 communione
1237 539 1322 568 fuisse
1350 540 1484 575 privatum
1502 549 1509 567 :
1527 549 1587 575 quin
1613 548 1704 568 secum

921 583 1066 611 manifesto
1089 589 1219 619 pugnant,
1250 593 1310 612 cum
1332 585 1475 620 perpaucis
1499 591 1562 613 ante
1582 586 1707 621 Origenis

919 629 1026 657 obitum
1047 631 1127 658 annis
1149 631 1294 659 instinctus
1309 631 1403 658 furore
1424 631 1522 659 Decius
1544 632 1707 661 Christianis

920 675 1018 704 bellum
1043 676 1181 704 indixerit.
1204 677 1350 705 Sciendum
1374 682 1506 712 praetera:
1536 678 1561 705 id
1585 679 1708 706 hausisse

920 721 1102 756 Nicephorum
1117 729 1153 750 ex
1167 722 1330 758 Epiphanio,
1346 724 1391 758 qui
1406 724 1477 760 hanc
1497 723 1623 759 Origenis
1644 732 1706 759 per-

920 765 1082 793 duellimiem
1109 774 1225 794 narrans
1247 767 1313 795 hair.
1331 767 1377 800 64.
1392 776 1453 802 cap.
1476 768 1503 800 2,
1524 768 1557 796 de
1580 776 1707 803 persecu-

920 813 992 839 tione
1015 812 1131 841 Deciana
1150 814 1235 841 altum
1261 814 1333 847 silet,
1359 815 1585 850 quemadmodum
1609 815 1707 843 Cedre-

921 867 970 887 nus
985 864 1013 886 et
1029 858 1129 887 Suidas
1144 869 1153 887 :
1171 860 1198 887 in
1209 860 1278 888 libro
1292 866 1382 888 autem
1407 861 1446 888 De
1465 870 1548 888 mens.
1567 867 1591 889 et
1610 862 1707 896 ponat,

921 914 950 932 ιι.
965 905 1009 938 IS,
1025 913 1086 933 cum
1108 905 1231 933 Deciana:
1246 906 1445 940 persecutionis
1467 907 1601 939 meminit,
1616 907 1707 943 Orige-

919 959 981 978 nem
999 951 1108 986 quidem
1131 952 1214 979 multa
1233 956 1299 979 tunc
1321 959 1478 987 perpessum
1506 953 1589 980 fuisse
1617 955 1707 986 docet,

919 997 1078 1032 Ethiopem
1092 1005 1158 1025 vero
1173 998 1330 1033 neutiquam
1344 1004 1551 1027 commemorat.
1567 999 1623 1026 Nec
1635 1007 1706 1027 cont-

920 1046 1055 1069 memorat
1080 1046 1156 1070 certe
1185 1041 1303 1070 Joannes
1332 1042 1455 1070 Zonaras
1479 1042 1546 1078 (50),
1572 1043 1617 1078 qui
1644 1052 1705 1071 cunt

920 1092 1010 1115 tamen
1029 1087 1174 1115 tormentis
1187 1088 1288 1114 victum
1301 1088 1351 1115 sub
1366 1088 1449 1116 Decio
1465 1095 1480 1116 a
1494 1088 1545 1116 [ide
1559 1089 1707 1117 descivisse

919 1133 1023 1166 tradit;
1046 1138 1073 1161 et
1088 1133 1247 1168 arrOgantia
1267 1133 1368 1160 elatum
1390 1142 1534 1168 pravorum
1550 1135 1706 1172 dogmatum

918 1184 1056 1206 auctorem
1074 1179 1166 1206 fuisse.
1183 1178 1317 1206 Zonaram
1333 1179 1485 1207 fefellerunt
1508 1180 1577 1207 male
1594 1186 1706 1216 accepta

919 1225 975 1252 haec
991 1225 1133 1260 Epiphanii
1148 1226 1230 1253 verba
1242 1227 1312 1253 :Kai
1323 1226 1403 1258 αὐτὸς
1418 1226 1446 1253 δὲ
1465 1227 1605 1263 Ὡριγένης
1620 1227 1707 1254 πολλὰ

918 1271 1068 1303 πεπονθὼς,
1084 1272 1123 1304 εἰς
1136 1271 1211 1304 τέλος
1230 1271 1276 1298 τοῦ
1297 1272 1446 1308 μαρτυρίου
1459 1272 1509 1299 οὐκ
1521 1272 1645 1308 ἐφοανεν,
1657 1274 1706 1301 ob-

918 1323 1007 1345 stante
1022 1319 1149 1345 nimirum
1174 1319 1277 1345 stcvitia
1296 1319 1405 1353 judicis,
1421 1326 1473 1345 non
1484 1318 1609 1353 Origcnis
1626 1320 1706 1354 perti-

918 1364 974 1397 dia,
997 1364 1144 1399 quominus
1169 1364 1293 1400 martyrii
1321 1372 1451 1392 coronam
1479 1371 1704 1401 consequeretur.

918 1409 987 1437 Male
1001 1417 1032 1438 ea
1046 1417 1157 1445 quoque
1174 1410 1312 1438 intellecta
1328 1416 1391 1438 sunt
1402 1411 1436 1438 ah
1453 1411 1706 1440 AnastasioBiblio—

918 1456 1050 1490 thecario,
1061 1461 1088 1483 et
1100 1456 1133 1483 ad
1145 1463 1246 1483 annum
1257 1456 1359 1484 Christi
1369 1456 1422 1483 244
1441 1464 1584 1492 perperam
1596 1457 1682 1484 relata
1696 1467 1703 1484 :

917 1510 972 1537 quo
985 1511 1057 1530 anno
1070 1503 1214 1537 imperium
1226 1503 1339 1537 adeptus
1354 1507 1395 1531 cst
1408 1503 1560 1538 Philippus,
1573 1504 1705 1533 sexennio

917 1557 1005 1583 eoque
1020 1542 1135 1584 amplius
1152 1554 1216 1576 ante
1236 1549 1380 1576 Decianam
1397 1550 1624 1584 persecutionem.
1639 1550 1705 1586 Gly-

916 1604 964 1624 cas
971 1600 1060 1623 autem
1071 1595 1225 1630 Epiphanio
1236 1595 1348 1623 adhaasit
1357 1595 1425 1631 (5|).
1433 1595 1703 1632 Nicephorusigitur,

915 1643 962 1678 qui
981 1643 1033 1669 hoc
1049 1641 1109 1669 loco
1120 1642 1228 1669 videtur
1246 1642 1428 1677 Epiphanium
1444 1647 1581 1676 sectatus,
1601 1648 1628 1671 et
1641 1643 1704 1678 qui-

915 1697 1024 1724 cunque
1040 1689 1092 1717 hoc
1110 1689 1237 1726 Origenis
1251 1689 1357 1716 facinus
1369 1689 1493 1716 Deciana:
1504 1689 1704 1724 persecutionis

917 1735 1085 1770 temporibus
1098 1735 1252 1771 assignant,
1269 1734 1381 1762 minime
1397 1734 1508 1769 quidem
1523 1734 1704 1770 Epipltanium

918 1787 1058 1810 auctorem
1082 1782 1194 1810 habent.
1215 1780 1274 1808 Imo
1297 1789 1372 1814 vero,
1387 1784 1481 1815 aperte
1495 1781 1548 1809 illis
1564 1781 1704 1809 contradi-

916 1834 989 1860 cere,
1015 1826 1039 1854 si
1061 1826 1123 1861 quis
1144 1825 1177 1853 ad
1195 1825 1362 1853 narrationis
1386 1825 1458 1853 illius
1473 1830 1629 1853 contextum
1645 1826 1704 1852 ani-

917 1872 1083 1903 madvertat,
1101 1871 1182 1906 plane
1198 1870 1329 1897 fatebitur
1345 1879 1351 1897 :
1369 1870 1397 1898 id
1412 1870 1512 1905 quippe
1532 1870 1703 1898 Alexandriae

916 1918 1066 1953 contigisse
1082 1917 1179 1944 Scribit
1190 1936 1199 1949 ,
1219 1921 1301 1951 atque
1319 1916 1467 1952 Origenem
1484 1916 1585 1945 idcirco
1599 1917 1633 1944 ab
1651 1917 1702 1945 Ec-

916 1964 1001 1992 clesia
1033 1963 1117 1991 fuisse
1144 1963 1295 1998 dejectum;
1319 1969 1437 1997 cumque
1461 1970 1491 1989 se
1518 1963 1610 1990 irrisui
1642 1970 1702 1990 esse

916 2009 1081 2045 perdoleret,
1092 2009 1181 2044 patria
1193 2007 1398 2035 excessisse.At
1412 2007 1528 2035 Deciana
1541 2011 1703 2042 tempestate

916 2063 1003 2089 neque
1023 2055 1195 2082 Alexandriae
1214 2054 1296 2082 fuisse
1318 2053 1475 2088 Origenem,
1491 2061 1579 2088 neque
1597 2055 1631 2082 ab
1650 2054 1702 2081 Ec—

915 2102 1007 2129 clesia
1021 2100 1215 2129 comtnunione
1231 2105 1416 2135 segregatum,
1434 2107 1521 2135 neque
1537 2100 1701 2127 Alexandria

917 2147 998 2174 fuisse
1027 2145 1178 2182 profectum
1202 2145 1245 2173 vel
1265 2145 1358 2173 docuit
1384 2146 1539 2180 quisquam,
1567 2145 1608 2172 vel
1626 2145 1700 2173 credi

917 2196 1024 2227 potest;
1040 2196 1068 2219 et
1083 2199 1116 2218 ex
1132 2191 1255 2223 Eusebii,
1269 2191 1410 2225 ipsittsqne
1423 2190 1565 2225 Nicephori
1576 2210 1583 2223 ,
1595 2194 1623 2216 et
1636 2189 1700 2216 alio-

916 2244 975 2264 rum
988 2236 1110 2266 historiis
1119 2236 1187 2263 satis
1197 2235 1341 2263 refellitur.
1353 2235 1410 2269 (32)
1420 2235 1484 2269 Quae
1492 2235 1600 2270 quidem
1611 2235 1701 2262 omnia

919 2283 982 2311 huic
1008 2282 1130 2317 apprime
1151 2282 1223 2309 artati
1249 2282 1424 2313 conveniunt,
1452 2282 1478 2308 in
1504 2289 1583 2315 quam
1602 2280 1702 2307 factum

918 2329 984 2357 illud
999 2328 1178 2363 coniecimus.
1192 2327 1258 2355 Nam
1273 2333 1300 2355 et
1314 2335 1370 2355 tum
1387 2327 1559 2355 Alexandriae
1572 2326 1701 2353 Versaba-

918 2380 961 2402 tur
991 2374 1141 2409 Origenes,
1165 2379 1193 2401 et
1222 2374 1313 2401 statim
1340 2378 1400 2408 post
1426 2372 1558 2408 ﬂagitium
1592 2372 1701 2407 reliquit

916 2420 1121 2452 Alexandriam,
1135 2424 1162 2446 et
1175 2427 1189 2446 a
1200 2418 1419 2447 Christianorum
1433 2419 1564 2447 societate
1574 2419 1700 2454 depulsus

914 2472 966 2499 est,
983 2474 1035 2494 nec
1052 2466 1137 2493 multo
1152 2472 1213 2501 post
1230 2465 1430 2502 Jcrosolymam
1445 2466 1528 2498 adiit,
1547 2466 1592 2493 ubi
1609 2466 1635 2492 in
1651 2473 1700 2501 pu-

913 2514 986 2542 blico
999 2513 1216 2541 Christianorum
1233 2518 1305 2540 cuttu
1320 2513 1496 2540 commissum
1506 2512 1596 2541 scelus
1609 2512 1697 2548 lacry-

957 2632 1004 2660 28)
1023 2632 1116 2660 Antist.
1137 2633 1162 2658 in
1177 2631 1246 2659 Hist.
1261 2632 1294 2659 ad
1313 2639 1358 2659 an.
1376 2631 1474 2660 Christi
1488 2631 1551 2659 2M.

957 2669 1003 2702 29)
1018 2668 1115 2695 Zonar.
1135 2667 1205 2696 Hist.
1223 2667 1268 2694 lib.
1286 2674 1315 2694 tt.

959 2703 1003 2735 50)
1019 2703 1057 2730 Id.
1075 2703 1139 2730 ibid.

960 2738 1005 2773 51)
1030 2738 1106 2773 Glyc.
1121 2737 1230 2770 Annal.,
1244 2742 1314 2772 part.
1332 2745 1374 2765 ιιι.

960 2772 1005 2807 52)
1025 2772 1090 2806 om
1104 2773 1208 2807 quidem
1221 2773 1309 2799 omnia
1321 2773 1383 2800 huic
1398 2772 1514 2807 apprime
1537 2772 1696 2799 conueniunt

912 2807 1000 2840 auriti,"
1010 2809 1042 2844 in
1055 2816 1133 2844 quam
1148 2807 1249 2844 factum
1263 2807 1331 2844 illud
1355 2807 1522 2844 coniecimus.
1532 2808 1600 2844 VVide
1609 2815 1692 2844 supra

914 2845 941 2870 in
955 2851 1015 2877 cap.
1030 2842 1147 2875 Ξζιιιιιιι.
1163 2843 1207 2874 15,
1224 2842 1268 2870 ubi
1281 2842 1350 2870 hanc
1366 2843 1507 2878 Epiphanii
1522 2843 1554 2870 de
1569 2842 1693 2878 Origeuis

914 2878 1063 2906 idololatria
1076 2878 1191 2907 fabulati:
1202 2878 1373 2907 destruituus.
