1915 3079
234 153 279 182 591
483 135 486 138 ’
872 153 901 180 Ρ.
922 153 1080 181 DANIELIS
1098 153 1217 181 uuam
1802 152 1845 182 692

237 217 285 242 mis
302 220 463 250 prosecutus
475 218 526 242 est.
543 213 675 247 Quamvis
686 219 776 240 autem
795 214 876 242 rebus
889 215 1019 241 Christia-
1036 217 1059 245 Α
1074 220 1164 250 partes
1183 215 1361 250 transfugisse
1380 218 1552 243 commentus
1564 217 1677 242 est:res
1693 212 1753 240 lucc
1764 213 1845 241 abillis

234 261 276 288 nis
301 262 416 294 faveret,
440 261 485 296 qui
507 265 571 289 tunc
598 261 711 296 imperio
731 261 883 295 potiebatur
902 260 1018 289 Severus

185 320 187 322 τ
231 307 398 341 Alexander,
413 307 470 343 (53)
491 315 539 336 cas
557 314 647 335 tamen
667 314 717 342 pro
733 306 844 334 libidine
858 307 1022 342 divexabant

233 353 440 386 provinciarum
466 359 598 385 rectores.
620 353 848 388 Christianosque
868 353 1021 387 complures

232 398 290 424 neci
306 397 416 426 dabant.
434 399 460 426 Id
487 399 628 426 declarant
649 398 823 426 ecclesiastici
846 398 975 429 Annales,
995 404 1021 426 et

213 469 217 480 ν
233 443 438 480 Martyruiogia.
455 446 569 473 Constat
585 453 651 480 ergo
674 445 870 472 hallucinatum
887 445 1020 480 Nicepho-

231 498 301 523 rum,
316 499 366 518 nec
378 492 410 518 ad
429 491 573 519 Deciauam
589 492 692 520 cladem
707 491 758 518 hoc
775 490 900 526 Origenis
915 491 1019 519 facinus

230 535 284 562 ullo
301 537 381 564 modo
395 539 544 572 pertinere.

266 582 365 610 Verum
381 590 545 619 praepostere
558 585 673 626 agimus,
691 587 736 622 qui
751 588 789 615 rei
805 587 884 620 hujus
895 594 1019 621 perscru-

229 632 321 656 tamur
343 635 457 665 tempus,
479 638 557 658 resne
573 632 631 666 ipsa
655 632 737 660 fuerit
757 633 902 668 aliquando
915 638 1017 666 certum

229 678 350 705 nomium
368 678 508 706 habemus.
526 679 654 712 Quamvis
671 682 743 708 enim
757 681 909 710 clarissimo
924 689 1019 708 monu-

230 729 322 750 mento
347 724 535 758 consignatum
565 725 592 757 id
611 729 700 753 exstet
717 727 742 753 in
761 726 840 754 libris
864 726 1016 762 Epiphanii,

228 770 476 805 cgrcgiiscriptoris
485 775 510 797 et
527 771 642 805 antiqui,
654 780 710 799 rem
729 777 818 801 tamen
835 781 913 800 suum
928 773 1018 800 adex-

229 822 307 842 amen
320 815 596 843 revocavilBaronius
606 816 712 853 (54),ut
721 817 850 849 diximus,
863 817 1018 848 confictam-

229 869 282 896 que
296 861 445 895 judicavit;
474 867 502 889 et
519 871 552 890 ne
565 872 661 892 manus
678 873 739 892 cum
758 865 907 900 Epiphanio
920 872 1017 892 conse-

1072 266 1115 288 est
1137 261 1246 289 silentio
1263 261 1468 295 prmlermissa;
1496 261 1580 297 igitur
1599 268 1633 288 ne
1660 267 1722 286 vera
1737 260 1844 295 quidem.

1073 306 1173 334 Eadem
1189 307 1246 334 hate
1259 306 1316 334 fere
1325 312 1501 342 repraesentat
1514 306 1663 336 Halloxius.
1671 311 1698 333 et
1711 305 1845 340 ampliﬁcat

1072 352 1188 380 dicendo
1201 359 1233 379 ac
1250 352 1355 383 dilatat.
1377 359 1518 387 unumque
1543 351 1618 378 addit
1639 351 1709 385 quod
1740 351 1845 377 animad-

1072 398 1199 426 versione
1215 398 1325 433 dignum
1342 403 1395 429 est,
1406 405 1468 425 eum
1487 397 1584 425 fabulae
1598 396 1676 423 istius
1687 396 1801 431 primum
1815 397 1846 422 vi-

1071 444 1128 471 deri
1149 444 1327 477 inventorem,
1345 445 1390 479 qui
1404 444 1558 472 Justiniano
1574 443 1733 479 imperatori
1748 442 1844 469 dictavit

1072 490 1214 527 epistolam
1232 491 1264 518 ad
1277 490 1383 518 Menam
1398 490 1728 524 Constantinopolitanum
1745 488 1845 523 patriar—

1071 538 1150 565 eham
1166 539 1296 566 adversus
1322 538 1480 574 Origenem,
1499 546 1558 573 quae
1579 538 1605 565 in
1630 537 1738 565 concilii
1756 545 1771 563 v
1787 537 1845 563 actis

1071 582 1156 610 relata
1177 589 1230 611 est.
1252 584 1306 611 Cur
1323 585 1358 611 ita
1373 585 1499 616 sentiret,
1515 592 1568 612 non
1586 584 1728 618 apposuit,
1751 587 1777 609 et
1791 589 1845 609 vero

1075 631 1138 665 quid
1153 635 1303 665 apponeret
1320 638 1372 658 non
1384 630 1582 658 habuitznullis
1599 630 1670 657 enim
1688 630 1844 661 auctoribus,

1069 674 1152 701 nullis
1167 675 1337 709 argumentis
1349 682 1394 703 res
1411 675 1477 702 falsa
1496 679 1603 709 poterat
1616 674 1776 711 approbari;
1790 674 1844 701 facti

1069 721 1203 756 siquidem
1219 721 1290 749 illius
1307 727 1407 756 praeter
1423 721 1603 756 Epiphanium
1621 720 1745 748 meminit
1761 719 1844 747 Neme-

1069 767 1125 795 sius
1137 767 1196 803 (57)
1210 767 1365 795 Justiuiano
1376 767 1529 802 antiquior;
1543 766 1667 794 meminit
1685 771 1713 793 et
1727 765 1845 793 Leontius

1068 814 1216 850 Byzantius
1230 815 1297 850 (58),
1312 823 1391 850 quem
1420 813 1601 841 Bellarminus
1627 813 1725 847 quinta
1754 812 1844 845 synodo

1069 861 1236 896 superiorem
1255 861 1337 889 fuisse
1351 865 1454 888 censet.
1466 860 1524 888 Huc
1542 859 1611 887 adde
1623 858 1784 886 idololatria:
1794 858 1844 892 qui-

228 914 290 933 rere
305 913 461 942 cogeretur,
477 908 534 944 (55)
545 915 667 937 assutum
687 910 746 945 ejus
762 898 870 945 scriptis
882 910 1016 946 fragmen-
1033 898 1053 925 Β
1068 907 1129 935 dem
1142 907 1286 941 Origenem
1307 908 1358 935 hac
1370 907 1481 943 epistola
1496 906 1680 934 Justinianum
1695 911 1842 935 arcessam;

230 957 285 980 tum
299 953 364 980 illud
381 958 409 980 et
423 954 554 981 insertum
569 956 766 990 pronuntiavit.
779 956 896 984 Baronio
909 956 1013 987 assensi

226 1003 290 1025 sunt
306 998 457 1032 l'lalloxius,
471 999 578 1035 Origen.
597 1001 702 1036 Defens.
719 1002 767 1030 lib.
784 1011 819 1034 tv,
835 1008 930 1039 quzest.
946 1003 973 1035 5,
989 1008 1015 1030 et

227 1049 284 1071 not.
298 1053 359 1080 pag.
376 1046 420 1078 55,
436 1046 482 1079 56,
500 1047 546 1080 57,
570 1047 744 1083 Raynaudus,
762 1048 932 1084 Haplotllecw
947 1055 1015 1076 sect.

225 1089 252 1121 2.
266 1091 337 1118 serie
348 1091 374 1124 l,
390 1099 450 1125 cap.
466 1091 483 1118 2
498 1097 525 1119 et
536 1091 658 1120 Valesius
673 1093 706 1120 ad
722 1093 820 1121 Euseb.
837 1093 908 1121 Hist.
923 1094 1016 1126 lib.vt,

226 1143 248 1163 c.
263 1136 315 1169 59;
330 1137 494 1164 contradixit
507 1137 631 1165 Petavius
641 1139 709 1175 (56).
720 1139 773 1167 Nos
782 1140 922 1175 utriusque
932 1141 1016 1175 partis

227 1183 379 1210 rationibus
398 1183 532 1215 adductis,
541 1185 607 1212 nihil
623 1184 786 1219 prtejudiciis
801 1185 842 1212 vel
860 1185 1015 1213 auctoritati

227 1229 384 1258 tribuentes
408 1234 528 1258 nostram
552 1231 714 1258 sententiam
730 1232 823 1266 paucis
838 1239 1012 1266 exponemus.

224 1275 370 1304 Rationum
387 1276 496 1304 Baronii
511 1285 617 1304 summa
633 1278 690 1305 haec
702 1283 755 1313 est.
770 1277 798 1305 Si
812 1286 855 1306 res
868 1279 902 1305 ita
925 1279 1015 1305 seba-

225 1324 314 1357 beret,
326 1323 365 1354 uti
386 1330 514 1358 expressa
534 1324 652 1351 habetur
669 1325 739 1362 apud
752 1324 943 1362 Epiphaniam,
959 1333 1016 1352 me-

226 1370 370 1403 minissent
391 1369 486 1405 utique
505 1371 575 1405 ejus,
591 1371 634 1398 vel
655 1371 807 1406 objiciendo
827 1371 953 1406 Origenis
970 1371 1016 1400 ad-

227 1416 344 1443 versarii
365 1415 530 1451 Theophilus
548 1423 575 1444 et
601 1417 797 1452 Hieronymus;
811 1417 852 1444 vel
871 1417 1016 1444 refutando

225 1463 345 1502 fautores
361 1463 420 1497 ejus
434 1463 578 1498 Eusebius,
593 1464 752 1499 Pamphilus
767 1469 794 1492 et
817 1464 950 1498 Rufinus;
973 1465 1014 1492 vel

226 1508 327 1535 vetusti
356 1508 454 1535 Patres
477 1509 655 1544 Augustinus,
679 1508 839 1537 Vincentius
867 1509 1016 1537 Lirinensis

225 1553 337 1589 aliique,
355 1554 401 1589 qui
415 1554 448 1581 de
460 1562 493 1583 eu
518 1554 576 1581 fuse
598 1559 626 1581 et
644 1554 779 1589 explicate
800 1559 926 1589 egerunt,
943 1559 970 1582 et
987 1555 1013 1582 in

225 1601 421 1629 controversiis
431 1601 578 1636 Justiniani
588 1609 645 1629 mvo
661 1601 789 1629 adversus
799 1601 945 1638 Origenem
959 1606 1014 1628 tan-

226 1653 254 1684 to
267 1648 356 1676 studio
366 1648 475 1683 agitatis
485 1648 574 1682 aliqua
589 1648 696 1675 tandem
709 1648 837 1676 facinoris
851 1648 909 1683 ejus
919 1647 1015 1675 fuisset

226 1693 326 1729 injecta
345 1694 462 1727 mentio;
485 1702 535 1722 nec
546 1695 572 1722 id
590 1702 697 1730 qttoque
716 1688 936 1730 praetermisisset
948 1693 1015 1722 Por-

225 1740 348 1779 phyrius,
363 1747 424 1768 cum
440 1741 615 1768 Ammonium
631 1749 646 1768 a
665 1741 776 1769 Christo
791 1739 824 1768 ad
841 1740 1012 1768 ethnicorum

267 1799 325 1835 (55)
343 1799 397 1826 Eas
414 1805 500 1828 tamen
513 1809 560 1835 pro
572 1801 679 1829 libidine
695 1800 853 1829 diuexabant
868 1800 1018 1835 provincia-

230 1843 288 1872 rum
301 1839 421 1865 rectores.
440 1835 656 1872 Christianosque
674 1836 820 1870 contplures
838 1836 894 1863 neci
906 1835 1016 1862 dabant.

227 1871 374 1906 Nunquam
389 1875 453 1906 itam
480 1872 557 1905 pauci
590 1871 666 1899 fuere
695 1877 1016 1906 martyrestquamrquo

223 1909 353 1939 7tempore
364 1905 529 1933 Alexandria
547 1907 661 1934 recessit
678 1905 820 1940 Origenes.
839 1905 898 1933 Jain
913 1905 985 1933 enim
999 1913 1015 1932 a

231 1941 325 1975 viginti
341 1940 397 1967 fere
410 1941 489 1968 annis
502 1949 583 1970 nemo
595 1942 794 1975 persecutionis
807 1941 952 1969 scintillam
973 1940 1015 1967 vi-

230 1977 319 2008 derat.
343 1975 431 2002 Unum
461 1977 556 2004 saltem
586 1977 701 2005 lluetius
728 1976 850 2011 proferre
878 1976 1016 2011 debuisset

230 2015 395 2047 martyrem.
417 2018 495 2045 quem
511 2013 666 2040 Alexandro
680 2012 830 2046 imperante
844 2010 1015 2047 Alexandria:

230 2045 338 2080 passum
365 2053 427 2074 esse
453 2052 526 2074 certa
548 2052 575 2074 et
591 2045 744 2074 indubitata
775 2047 913 2074 traderent
929 2045 1016 2072 moni-

227 2086 329 2108 menta.

264 2116 478 2151 (54)Barou.ad
499 2125 544 2144 an.
565 2117 629 2148 355.
646 2126 672 2144 n.
693 2118 743 2144 1‘20
756 2122 784 2146 et
794 2124 852 2149 seq.

274 2152 318 2188 55)
335 2152 460 2178 Assulum
474 2152 532 2188 ejus
544 2153 649 2186 scriptis
671 2153 847 2188 fragmentum
869 2152 946 2186 illud,
962 2159 1014 2181 etc.

226 2187 299 2214 Nihil
312 2195 400 2213 causa:
412 2193 470 2213 erat
481 2196 530 2214 cur
546 2188 608 2215 illuc
626 2188 784 2222 confugeret
794 2187 936 2215 Baronius.
950 2189 1015 2216 Cum

225 2230 242 2249 θ
253 2223 298 2249 lim
307 2222 412 2249 aliunde
420 2223 708 2258 constetEpiphanium
721 2223 872 2250 falsissimis
881 2223 1015 2251 interdum

227 2258 368 2284 adlucrere
380 2258 566 2290 monimentis,
577 2259 647 2292 quod
667 2258 707 2285 vel
718 2266 751 2285 ex
769 2259 801 2285 iis
813 2258 897 2292 liquet
908 2265 968 2292 qua:
981 2261 1013 2288 de

227 2292 336 2319 Meletio
348 2292 446 2319 etArio
459 2294 578 2327 scripsit,
594 2294 664 2321 hanc
678 2294 710 2320 de
722 2293 837 2327 Origene
849 2293 965 2320 fabulam
979 2302 1013 2322 ex

227 2328 322 2354 iisdem
339 2327 452 2361 impuris
468 2328 588 2356 fontibus
603 2329 726 2356 haustam
739 2336 800 2356 esse
817 2328 898 2356 facile
916 2329 939 2356 ci
953 2337 1013 2358 crat

227 2363 402 2399 t-vincereex
421 2362 455 2390 iis
476 2363 612 2399 rationum
642 2365 797 2396 momentis,
814 2372 874 2399 quae
886 2364 942 2399 jam
965 2366 1013 2392 ad-

226 2400 352 2433 duximus
366 2398 391 2424 in
405 2405 466 2433 cap.
478 2398 506 2430 Ξ,
527 2407 601 2426 ιιιιιιι.
622 2399 663 2426 15.

263 2432 320 2468 (56)
336 2431 569 2471 Patavi-Annum.
588 2434 622 2460 ad
639 2434 781 2471 Epiphann
802 2435 867 2461 liter.
886 2435 932 2467 (54,
950 2444 1010 2471 cap.

224 2468 252 2499 ‘2,
268 2464 294 2494 et
311 2464 344 2493 ad
360 2464 407 2496 lib.
424 2469 459 2496 De
474 2471 554 2503 pomi.
568 2474 590 2496 et
603 2464 696 2501 mens,
712 2478 738 2497 c.
753 2466 797 2496 18.

262 2504 319 2537 (57)
339 2502 448 2531 Netnes.
469 2502 493 2530 c.
509 2505 554 2532 50.

262 2539 320 2572 (58)
334 2539 429 2566 Leont.
443 2539 532 2567 Schol.
552 2541 651 2568 action.
663 2541 707 2567 10.

263 2574 318 2609 (59)
338 2573 405 2609 Ejus
418 2581 504 2602 autem
514 2577 619 2602 tacendi
631 2584 675 2603 eas
689 2575 835 2602 habuerunt
846 2584 940 2604 causas
954 2577 1012 2604 Ori-

227 2610 331 2645 geuiani
345 2615 535 2644 oppugnatores
547 2611 670 2644 nominis,
684 2619 748 2645 quas
762 2612 866 2644 exponit
875 2611 1010 2645 Petavius;

228 2644 267 2681 uel
278 2645 360 2679 quod,
377 2650 430 2671 etc.
449 2645 476 2672 Si
489 2645 656 2680 Epiphanius
669 2644 702 2673 ad
720 2646 872 2673 ventilanda
887 2646 1011 2681 Origeuis

228 2680 501 2716 dogmataattenlus,
527 2682 609 2709 hocce
634 2687 723 2708 tamen
739 2681 868 2716 flagitium
891 2680 947 2708 non
964 2689 1011 2715 ne-

229 2714 310 2751 glexit
321 2724 327 2748 ;
340 2715 362 2741 si
371 2715 427 2748 ipse
437 2723 470 2742 ac
483 2718 617 2750 praacipue
630 2724 758 2751 sequaces
769 2714 827 2751 ejus
839 2717 1009 2743 emendatum

234 2749 392 2786 pteniteutia
415 2749 518 2777 crimen
538 2749 676 2786 olijicercf
689 2749 819 2779 illiberale
841 2756 867 2778 et
889 2752 1009 2785 iniquum

233 2791 286 2810 non
304 2785 457 2815 duxerunt;
471 2794 554 2820 quare
572 2785 620 2813 alii
635 2788 773 2815 duxissent
787 2787 942 2818 Origeniani
963 2795 1009 2820 op-

234 2825 396 2856 pugnatores
413 2821 544 2853 nominis,
567 2829 651 2855 quare
666 2821 865 2856 neglexissent?
877 2821 944 2848 Num
956 2822 1008 2848 illi-

235 2854 383 2891 tll-raliores
394 2859 421 2881 et
438 2854 586 2890 iniquiores
600 2854 777 2891 Epiphanius.
793 2862 819 2884 et
841 2862 972 2891 quotquot
984 2858 1011 2890 ei,

229 2888 373 2929 sull'ragati
398 2895 471 2929 sunt,
482 2888 588 2923 caeteris
603 2888 726 2928 O‘ri'geuis
739 2888 901 2919 adversariis
917 2888 1007 2920 haberi

1069 954 1102 982 de
1113 954 1242 989 Ethiope
1254 962 1287 982 ne
1300 954 1411 981 verbum
1423 954 1531 989 quidem
1544 952 1666 987 injicere.
1680 951 1773 986 Neque
1783 955 1844 978 certe

1068 1001 1210 1036 probabile
1223 1006 1264 1028 est
1281 1001 1306 1027 in
1325 1000 1464 1036 encyclica
1479 999 1530 1026 hac
1541 997 1655 1034 epistola
1667 997 1701 1024 ad
1714 997 1844 1024 universos

1068 1049 1209 1083 episcopos
1237 1043 1388 1080 destinata,
1409 1048 1614 1081 imperatorem,
1629 1044 1672 1072 vel
1685 1044 1732 1079 qui
1749 1044 1845 1071 nomine

1068 1094 1240 1130 imperatoris
1251 1094 1370 1129 scripsit,
1384 1093 1556 1121 mendacium
1572 1100 1602 1120 re
1617 1091 1690 1119 nulla
1705 1091 1844 1126 postulante

1067 1141 1228 1173 conﬁctum,
1243 1140 1370 1168 Patribus
1384 1141 1410 1167 in
1431 1147 1461 1168 os
1481 1139 1625 1175 objecisse,
1641 1138 1709 1165 viris
1725 1144 1777 1165 non
1788 1136 1844 1163 illit-

1068 1187 1174 1219 teratis,
1186 1191 1213 1214 et
1227 1187 1265 1214 rei
1283 1186 1413 1214 inauditae
1427 1185 1575 1213 novitatem
1590 1184 1685 1220 procul
1709 1178 1788 1211 dubio
1800 1182 1843 1210 mi-

1068 1233 1179 1264 raturis.
1191 1232 1305 1269 ejusque
1323 1232 1469 1260 falsitatem
1488 1231 1569 1259 facile
1590 1231 1784 1266 perspecturis.
1799 1229 1845 1257 Rc-

1068 1280 1181 1315 pudiata
1198 1280 1281 1315 igitur
1301 1280 1353 1307 hac
1368 1278 1483 1306 [lalloxii
1511 1277 1682 1312 conjectura,
1711 1277 1844 1305 Baronium

1067 1327 1157 1362 ipsum
1172 1326 1338 1354 adoriamur.
1357 1318 1396 1352 Ae
1411 1325 1528 1360 primutn
1546 1324 1664 1353 fateatur
1679 1332 1793 1352 necesse
1802 1329 1845 1357 est,

1067 1373 1215 1400 admissum
1236 1372 1270 1400 ab
1290 1372 1408 1408 Origene
1433 1371 1592 1399 idololatria:
1610 1371 1701 1399 scelus
1719 1370 1844 1401 Nemesio.

1067 1419 1181 1447 Leontio
1207 1423 1235 1446 et
1259 1418 1419 1446 Justiniano
1445 1423 1538 1446 nolunt
1564 1425 1595 1445 ac
1614 1421 1846 1445 commemoratum

1067 1465 1163 1493 fuisse.
1173 1465 1230 1500 ('59)
1242 1465 1305 1500 Ejus
1315 1469 1405 1491 autem
1415 1464 1520 1491 tacendi
1536 1471 1582 1491 eas
1597 1464 1751 1491 habuerunt
1761 1469 1846 1489 causas

1066 1510 1225 1545 Origeniani
1241 1515 1444 1546 oppugnatores
1459 1510 1589 1542 nominis,
1605 1517 1674 1544 quas
1684 1507 1846 1544 exponitPe-

1067 1557 1173 1590 tavius;
1192 1557 1233 1584 vel
1254 1557 1326 1592 quod
1348 1557 1381 1584 ad
1396 1557 1553 1584 ventilanda
1577 1556 1707 1583 nimirum
1734 1554 1846 1590 Origenis

1066 1602 1192 1637 dogmata
1207 1603 1315 1635 attenti,
1329 1603 1476 1631 admissum
1493 1602 1647 1630 humanitus
1661 1601 1792 1637 ﬂagitium
1805 1607 1846 1627 ne-

1068 1647 1218 1681 glexerint;
1234 1648 1275 1675 vel
1292 1649 1364 1683 quod
1381 1647 1555 1676 emendatum
1569 1647 1732 1682 poenitentia
1754 1647 1846 1674 crimen

1069 1693 1200 1728 objicere,
1222 1694 1355 1721 illiberale
1378 1698 1405 1721 et
1418 1694 1539 1729 iniquum
1560 1701 1621 1721 esse
1643 1692 1846 1730 duxerint.(40)

1068 1739 1140 1782 Quas
1148 1740 1181 1767 ad
1190 1748 1299 1775 causas,
1309 1741 1369 1769 illas
1376 1742 1458 1769 etiam
1469 1741 1618 1768 accessisse
1626 1746 1692 1775 puto
1702 1748 1751 1768 cur
1759 1740 1784 1767 id
1792 1739 1847 1767 reti-

1071 1801 1190 1833 debent!
1204 1801 1283 1829 Certe
1295 1809 1347 1829 non
1364 1801 1382 1828 ii
1400 1804 1478 1828 erant
1487 1799 1669 1833 Hieronymus
1684 1797 1846 1833 etTheophi-

1073 1836 1124 1868 lus,
1140 1837 1186 1871 qui
1205 1837 1275 1864 hanc
1290 1836 1397 1872 Origeni
1409 1836 1514 1872 culpam
1527 1836 1846 1868 condonarent,quanta-

1072 1879 1179 1904 cunque
1194 1872 1266 1898 illam
1285 1870 1443 1906 paenitentia
1456 1870 1576 1897 cluisset.

1106 1906 1162 1942 (40)
1176 1907 1249 1939 Quas
1262 1905 1297 1933 ad
1306 1915 1410 1938 causas,
1419 1906 1480 1933 illa:
1491 1906 1570 1932 etiam
1584 1905 1727 1942 accessisse
1735 1909 1847 1942 puto‘car

1069 1942 1097 1968 id
1112 1940 1246 1969 reticet-ent
1258 1941 1380 1976 Origenis
1392 1941 1550 1972 adversarii,
1558 1941 1628 1974 quod
1643 1940 1847 1976 licetrsacrifica-

1070 1983 1158 2004 mrum
1174 1985 1202 2004 se
1212 1975 1359 2011 recepisset,
1371 1983 1425 2005 etc.
1436 1977 1521 2004 Leves
1530 1976 1675 2007 admodum
1691 1975 1779 2003 Huetii
1788 1982 1845 2002 con-

1067 2013 1190 2047 jecturae.
1211 2011 1282 2039 Satis
1305 2017 1364 2039 erat
1381 2012 1541 2043 assensisse,
1563 2015 1592 2037 ut
1615 2011 1776 2038 idololatrias
1790 2016 1843 2037 reas

1070 2048 1217 2075 haberetur
1230 2048 1371 2082 Origenes,
1384 2055 1416 2074 ac
1434 2047 1547 2081 proinde
1565 2052 1593 2073 ut
1615 2047 1784 2080 paenitentia:
1798 2052 1840 2079 pu-

1068 2082 1138 2120 blice
1153 2082 1348 2120 subjiceretur,
1368 2087 1396 2110 et
1415 2082 1558 2120 sacerdotii
1575 2082 1793 2120 _dig_nitate_jure
1815 2086 1842 2120 ac

1068 2118 1166 2150 merito
1177 2118 1313 2145 excideret
1330 2126 1336 2144 :
1356 2125 1405 2145 nec
1419 2118 1523 2145 crimen
1546 2116 1690 2144 minuisset
1705 2117 1764 2152 ejus
1777 2116 1843 2150 pudi—

1068 2153 1139 2180 citite
1155 2152 1283 2184 studium,
1311 2153 1485 2187 quantumvis
1511 2151 1617 2179 dicatur
1641 2152 1707 2178 inde
1722 2151 1842 2187 elucere.

1068 2187 1209 2222 Egregiam
1225 2195 1288 2215 vero
1306 2185 1472 2223 pudicitiam,
1485 2195 1544 2221 qua:
1558 2187 1743 2223 abnegalione
1755 2185 1844 2223 Christi

1069 2223 1236 2251 servaretur!
1250 2222 1335 2251 Porro
1351 2224 1373 2251 si
1390 2224 1424 2251 ob
1437 2231 1498 2250 eam
1514 2229 1624 2250 causam
1645 2222 1744 2250 fuisset
1759 2222 1845 2249 Deme-

1069 2258 1111 2292 trii
1125 2258 1357 2293 compluriumque
1371 2260 1557 2294 episcoporum
1571 2256 1673 2294 judicio
1688 2258 1722 2284 ab
1734 2256 1844 2294 Ecclesia

1067 2293 1275 2328 sacerdotioque
1298 2293 1427 2326 deiectus.
1449 2301 1511 2321 num
1532 2293 1556 2319 id
1583 2293 1757 2328 ignorassent
1785 2293 1844 2318 Ara-

1067 2328 1126 2360 biae,
1142 2328 1299 2361 Palmstinaz,
1321 2329 1466 2357 thniciu:
1479 2333 1506 2355 et
1523 2328 1630 2355 Achaia:
1643 2327 1772 2356 Ecclesia:
1784 2334 1844 2362 prat-

1066 2365 1160 2391 sules?
1172 2365 1220 2391 Sin
1235 2366 1333 2397 minus,
1347 2365 1483 2399 quomodo
1500 2371 1610 2391 causam
1640 2363 1700 2397 ejus
1716 2362 1844 2397 suscepis-

1066 2404 1137 2431 sent,
1167 2400 1330 2434 prredicandi
1359 2407 1455 2426 munus
1475 2399 1499 2426 ei
1514 2399 1730 2430 commisissent,
1746 2399 1844 2431 aliaque

1066 2435 1215 2463 sacerdotii
1229 2436 1269 2463 sui
1291 2435 1381 2462 munia
1398 2435 1474 2462 obire
1492 2434 1701 2469 permiSissent?
1724 2434 1843 2469 Criminis

1065 2477 1131 2504 ergo
1157 2470 1237 2505 hujus
1265 2470 1369 2497 falsitas
1383 2470 1425 2497 vel
1442 2478 1474 2497 ex
1492 2468 1522 2497 ea
1545 2477 1574 2496 re
1586 2470 1642 2498 sola
1657 2470 1758 2498 elucet.
1781 2468 1843 2503 quod

1067 2504 1210 2540 Origenem
1237 2511 1312 2533 tanta
1330 2513 1389 2532 cum
1403 2506 1537 2533 charilate
1550 2506 1721 2539 susceperim
1737 2505 1772 2532 illi
1793 2505 1842 2540 epi-

1065 2539 1151 2575 scopi,
1172 2541 1284 2576 ejusque
1307 2541 1488 2576 patrocinium
1513 2546 1590 2568 tanto
1609 2541 1700 2576 studio
1720 2539 1842 2576 Complexi

1065 2577 1137 2608 sint;
1155 2575 1315 2611 ac'proindé
1324 2583 1376 2603 non
1391 2582 1500 2610 propter
1510 2584 1557 2603 eas
1571 2583 1638 2611 quas
1652 2575 1763 2603 Huetius
1777 2575 1843 2611 affert

1065 2619 1172 2641 causas,
1191 2610 1261 2639 hanc
1277 2613 1309 2639 de
1320 2611 1445 2647 Origenis
1463 2610 1613 2641 idololatria
1629 2610 1771 2647 historiam
1787 2610 1843 2636 reti-

1066 2653 1180 2682 cuerunt
1193 2647 1252 2682 ejus
1271 2646 1483 2679 adversarii,sed
1499 2648 1562 2681 quia
1579 2646 1647 2674 nihil
1666 2646 1720 2674 tale
1735 2652 1841 2679 unquam

1066 2678 1175 2718 Qrigeni
1188 2678 1312 2718 contigit.
1327 2681 1413 2709 Porro
1423 2683 1496 2717 quod
1506 2678 1604 2709 factum
1617 2689 1670 2718 non
1678 2687 1749 2718 erat.
1757 2689 1841 2718 quatu-

1064 2715 1158 2743 ubrem
1176 2715 1317 2752 quisquam
1342 2715 1487 2745 excusaret
1510 2718 1578 2745 ratio
1609 2717 1680 2744 nulla
1708 2715 1770 2743 fuit.
1788 2715 1841 2742 lude

1065 2759 1113 2787 pur
1128 2754 1197 2786 apud
1215 2751 1341 2787 Origenis
1364 2753 1523 2781 defensores
1544 2760 1576 2780 ea
1591 2752 1624 2779 de
1646 2759 1675 2779 re
1701 2751 1839 2779 silentium.

1065 2786 1133 2823 llinc
1143 2796 1176 2814 ne
1187 2789 1239 2823 γρὺ
1249 2786 1357 2822 quidem
1371 2787 1449 2821 hujus
1457 2789 1527 2821 apud
1540 2788 1686 2815 Eusebium
1696 2794 1704 2818 ;
1713 2794 1766 2823 nec
1776 2787 1839 2814 enim

1065 2821 1145 2859 γει-⁷1η
1164 2821 1222 2859 ipsa
1238 2821 1288 2858 pro
1302 2823 1420 2857 Origene
1435 2823 1565 2859 Apologia
1581 2822 1661 2857 hujus
1684 2822 1838 2851 mentione".l

1066 2856 1163 2886 iecisse
1174 2856 1294 2896 videtur,
1309 2863 1339 2886 ut
1349 2856 1405 2897 jam
1422 2856 1549 2890 diximus.
