1915 3079
71 136 133 166 693

613 134 900 164 ORIGENMNORUM
920 134 984 161 LIB.
1005 135 1025 166 l,
1045 133 1122 161 CAP.
1144 133 1188 161 IV.

1660 132 1710 160 691

73 199 176 223 cerent
193 194 319 229 Origcnis
331 194 491 228 adversarii,
502 193 870 228 quodlicetsacriﬁcaturum
887 194 907 221 Α
925 192 1001 218 nobis
1015 191 1104 218 fucum
1120 191 1261 218 facientes.
1279 190 1310 217 Et
1325 195 1381 217 tum
1399 189 1438 217 vel
1452 190 1568 217 maxlme
1584 197 1645 217 sese
1659 190 1712 216 cri-

71 249 110 268 se
127 241 285 275 recepisset,
303 248 355 267 non
370 240 428 276 ipse
441 245 541 271 tamen,
557 239 603 266 sed
614 239 660 272 qui
676 246 737 265 eum
755 238 870 264 circurn-

72 287 188 313 stabant
212 286 342 313 facinoris
359 291 484 313 auctores
502 290 529 313 et
556 285 726 319 impulsores.
747 284 871 310 manibus

72 333 137 367 ejus
151 333 329 368 apprehensis
338 332 563 366 etexcussis,ipsi
578 331 732 358 viderentur
741 330 799 357 loco
812 330 872 357 thus

73 379 214 411 intulisse,
228 379 302 413 quod
317 379 380 406 licet
393 379 427 406 ab
442 378 564 406 Ecclesia
579 377 674 405 luisset
687 378 721 404 ob
736 385 794 404 eam
807 384 873 403 cau-

72 433 136 452 sam
154 426 259 461 ejectus
275 425 404 452 Demetrii
426 424 661 460 compluriumqne
683 423 870 463 episcoportnn

70 471 190 505 judicio,
217 472 250 499 ab
286 471 440 498 Alexandro
470 475 560 498 tamen
587 475 614 497 et
633 468 789 496 Theoctisto
815 468 871 502 epi-

74 518 174 552 scopis
184 522 257 544 tanta
272 518 483 544 essetcharitate
493 521 645 551 susceptus,
661 516 772 550 ejusque
782 519 873 549 patro-

72 563 183 589 cinium
208 568 282 589 tanto
307 563 396 590 studio
412 562 560 597 complexae
576 566 668 590 essent
687 561 804 593 Arabiae,
822 561 872 588 Pa-

75 609 208 639 lmstinm,
237 609 384 636 Phtnnic'ue
398 613 425 635 et
448 608 557 636 Achaia:
581 608 723 639 Ecclesiae,
744 613 772 634 ut
789 616 820 634 ea
845 615 872 634 rc

76 656 142 682 fere
156 655 280 682 criminis
297 655 418 690 depulsio
438 656 641 687 contineretur;
658 654 728 689 quod
751 654 813 680 licet
827 661 873 681 ca-

76 701 174 736 pitalis
199 701 234 728 sit
253 701 296 728 vel
315 701 406 728 tennis
422 702 546 729 admissa:
561 700 718 728 idololatria:
742 699 871 734 suspicio,

73 753 105 774 et
120 748 243 782 graviter
263 755 390 781 peccasse
408 747 552 781 Origenem
566 747 704 774 fatendum
725 746 771 778 sit,
799 747 874 773 mini-

73 801 122 820 me
145 798 236 819 tamen
261 793 312 819 hoc
335 793 444 819 nomine
469 797 561 826 posset
585 791 719 824 accusari,
735 792 799 826 quin
815 792 874 825 ejus

74 839 180 873 ingens
195 839 334 872 pudicitiae
355 839 473 865 studium
497 846 548 865 una
575 837 783 872 praedicaretur;
800 837 871 872 qttod

73 884 199 918 denique
210 884 279 911 diris
295 886 345 911 sub
369 884 449 911 Decio
461 884 590 918 singulari
603 884 755 911 constantia
773 883 871 911 tolera-

74 931 112 958 tis
129 931 286 962 tormentis,
309 930 409 964 prioris
434 930 559 957 criminis
575 938 671 957 noxam
690 931 758 958 satis
780 938 872 957 corre-

73 974 164 1006 xisse,
179 974 292 1008 ejusque
304 975 388 1002 luisse
404 981 510 1008 pmnas,
527 979 555 1002 et
567 975 710 1009 pristinam
731 975 871 1002 mollitiem

72 1017 208 1051 expias~e
219 1018 368 1046 videretur.
393 1019 484 1052 Atque
509 1019 603 1046 iisdem
629 1019 687 1047 fere
711 1020 872 1052 rationibus,

73 1062 225 1095 quominus
250 1063 276 1089 id
300 1062 461 1090 Christianis
484 1064 671 1097 exprobraret,
698 1064 871 1092 absterritum

74 1107 165 1135 fuisse
181 1107 360 1144 Porphyrium
380 1108 519 1136 existimo.
533 1109 609 1142 Quod
630 1109 719 1137 mtllus
730 1118 795 1145 ergo
807 1111 872 1139 vitio

73 1155 207 1187 dederat,
236 1155 414 1190 quamobrem
440 1156 588 1190 quisquam
615 1162 776 1190 excusaret,
802 1158 872 1186 ratio

73 1200 152 1227 nulla
172 1201 235 1229 fuit.
254 1201 317 1229 inde
330 1209 380 1236 par
395 1202 465 1235 apud
482 1202 581 1229 multos
593 1209 624 1229 ea
636 1203 668 1230 de
682 1210 711 1230 re
723 1203 869 1231 silentium.

73 1246 227 1273 Eusebium
241 1252 342 1278 autem,
367 1255 414 1274 cur
431 1247 456 1274 id
471 1247 617 1275 scribendo
638 1249 870 1282 prmtermitteret,

72 1299 108 1318 eo
129 1291 216 1319 fuisse
230 1292 375 1326 impulsum
388 1292 445 1326 jam
460 1301 542 1327 supra
557 1292 624 1325 dixi,
635 1293 660 1320 in
679 1295 750 1328 quod
766 1294 872 1329 inApo-

74 1338 151 1373 logia
166 1347 215 1373 pro
227 1337 341 1374 Origene
359 1339 410 1366 hoc
436 1344 462 1366 et
489 1338 622 1372 ejusmodi
637 1339 753 1374 plurima
777 1340 872 1369 fuisset

74 1384 255 1419 complexus,
270 1392 332 1419 quas
346 1385 384 1425 fad
403 1384 532 1413 Historia:
552 1394 609 1414 sua:
624 1387 791 1420 propositum
818 1396 870 1414 non

75 1431 195 1458 omnino
213 1432 399 1465 accommoda,
418 1432 517 1467 quippe
533 1434 578 1467 qui
607 1441 651 1460 res
664 1433 697 1460 ad
715 1434 871 1462 universam

74 1477 231 1504 Ecclesiant
245 1482 399 1512 spectantes
411 1483 617 1514 exsequeretur,
627 1485 751 1514 repetere
762 1480 872 1515 insuper

73 1524 185 1551 habuit.
208 1523 306 1551 lacent
322 1525 406 1559 igitur
431 1525 545 1552 collecta
570 1533 584 1552 a
605 1525 723 1554 Baronio
741 1527 872 1555 adversus

925 239 992 266 ticos
1008 239 1062 265 dici
1089 242 1195 269 amant,
1223 237 1329 271 sibique
1353 236 1475 269 placent,
1499 235 1606 270 quando
1634 235 1712 262 nobis

923 289 1065 311 auctorum
1082 283 1182 315 larvas,
1200 283 1272 310 veris
1289 282 1354 316 ipsis
1370 281 1528 308 deformatis
1543 281 1710 313 auctoribus,

925 330 1095 364 obiecerunt.
1111 329 1201 364 Atque
1222 329 1280 355 haec
1307 328 1391 362 pestis
1408 327 1474 354 nihil
1494 335 1546 353 non
1566 333 1711 362 pervagata

923 382 974 404 est.
991 376 1118 403 Plurimze
1142 375 1250 410 quidem
1270 375 1364 402 sordes
1384 374 1424 400 vcl
1443 382 1490 409 per
1511 375 1639 409 temporis
1653 375 1713 401 diu-

924 424 1094 455 turnitatem,
1122 422 1162 449 rel
1193 428 1240 455 per
1267 421 1440 448 librariorum
1464 420 1615 448 socordiam
1640 420 1713 446 anti-

923 477 1037 504 quortnn
1051 468 1160 502 scriptis
1174 466 1249 494 allini
1266 472 1349 501 atque
1366 465 1552 493 adhaerescere
1563 465 1622 491 sine
1632 468 1710 497 sunt;

923 521 952 542 at
969 523 1015 542 eas
1032 514 1139 541 nonnisi
1157 513 1316 540 manifestas
1334 511 1399 544 elui,
1417 519 1466 538 nec
1492 510 1638 545 quidquam
1661 510 1711 536 nisi

925 561 964 589 vel
983 568 1064 588 manu
1091 560 1256 594 scriptorum
1273 558 1397 586 codicum
1421 565 1483 592 ope.
1510 557 1553 584 vel
1577 557 1659 584 certis
1685 561 1714 582 ct

924 607 1096 634 evidentibus
1112 605 1282 640 argumentis
1298 604 1427 638 supponi,
1445 608 1473 630 et
1488 604 1514 629 in
1531 608 1607 629 notas
1624 602 1712 635 politis

925 660 1001 681 extra
1018 653 1137 680 auctoris
1152 652 1236 686 ipsius
1250 656 1423 682 contextum,
1438 648 1615 684 quantumvis
1634 652 1712 674 acute

925 700 1060 735 cogitatas
1085 698 1258 732 conjecturas
1276 698 1352 732 rejici
1374 697 1464 725 velim.
1483 696 1536 723 Sed
1563 695 1620 722 haec
1635 697 1714 722 erant

926 747 1037 774 alterius
1053 745 1116 772 loci.
1135 743 1212 771 Nunc
1229 745 1261 771 ad
1279 752 1348 770 rem.

961 792 1003 819 \ll.
1029 791 1119 824 Quoto
1134 789 1209 817 Decii
1237 797 1309 818 anno
1322 789 1488 817 cruciatibus
1517 793 1605 816 tortus
1633 787 1715 815 fuerit

925 838 1071 873 Origenes,
1101 836 1242 868 nescitur;
1263 840 1290 863 at
1315 844 1375 862 cum
1400 835 1537 863 biennium
1565 834 1663 862 Decius
1687 833 1713 860 in

892 885 912 911 Β
928 885 1042 919 imperio
1053 891 1105 911 non
1117 883 1276 918 expleverit,
1293 883 1359 909 levis
1368 887 1410 910 est
1420 881 1561 909 dubitatio.
1572 881 1599 908 Id
1609 881 1714 908 videtur

925 939 998 958 anno
1009 930 1114 957 Christi
1129 929 1193 962 250,
1210 929 1335 963 Origenis
1351 936 1412 959 va,
1430 927 1642 954 attribuendum.
1660 926 1715 954 Nec

924 982 1038 1012 apparet
1058 976 1124 1003 item
1154 975 1292 1010 quomodo
1313 974 1430 1002 vinculis
1450 974 1559 1008 elapsus
1583 974 1628 1000 sit.
1658 973 1714 1008 Ego

925 1031 990 1050 vero
1005 1023 1030 1050 id
1046 1029 1094 1057 per
1111 1022 1214 1049 obitum
1233 1021 1305 1048 Decii
1321 1020 1467 1055 contigisse
1490 1020 1604 1053 opinor;
1629 1027 1683 1053 quo
1698 1027 1713 1045 a

924 1069 1049 1097 barbaris
1062 1068 1151 1096 deleto
1174 1075 1236 1095 cum
1253 1068 1388 1097 exercitu.
1409 1066 1552 1100 imperium
1569 1065 1714 1099 capessivit

925 1116 1020 1143 Vibius
1032 1115 1136 1147 Gallus,
1163 1114 1250 1142 ascito
1265 1114 1291 1141 in
1308 1113 1476 1141 consortium
1493 1112 1638 1140 Volusiano
1647 1112 1712 1139 ﬁlio.

923 1162 1000 1190 Tunc
1015 1162 1086 1190 enim
1106 1161 1290 1196 tranquillatis
1304 1159 1520 1187 Christianorum
1531 1159 1622 1190 rebus,
1633 1158 1711 1185 liber-

924 1212 1008 1235 tatem
1025 1214 1133 1243 quoque
1157 1214 1233 1234 suam
1258 1206 1385 1241 adeptum
1404 1204 1546 1240 Origenem
1567 1203 1714 1231 verisimile

923 1258 975 1281 est.
989 1253 1045 1289 (11)
1060 1253 1095 1280 At
1112 1260 1145 1280 ne
1159 1256 1214 1279 tum
1230 1251 1339 1286 quidem
1352 1255 1417 1278 a-tas
1433 1250 1467 1277 ad
1478 1249 1584 1278 senium
1600 1249 1713 1280 devexa.

923 1299 1064 1326 laboribus
1078 1297 1207 1330 fractum,
1219 1296 1276 1324 0tio
1289 1304 1321 1323 ac
1339 1296 1443 1324 desidia
1458 1295 1572 1323 mollivit
1586 1304 1593 1322 :
1608 1295 1654 1322 sed
1671 1296 1713 1322 vix

923 1344 1085 1380 aegritudine
1102 1343 1243 1371 relaxatus
1262 1350 1293 1370 ac
1307 1342 1431 1374 miseria,
1444 1349 1504 1377 qua:
1518 1348 1579 1368 eum
1594 1341 1619 1367 in
1641 1340 1713 1368 Decii

924 1391 1032 1418 laniena
1059 1397 1130 1425 pene
1155 1389 1278 1422 eliserat,
1291 1389 1352 1416 aliis
1372 1396 1441 1423 quos
1470 1389 1565 1415 eadem
1579 1387 1714 1413 alllixerat

923 1437 1023 1469 clades,
1039 1437 1115 1463 utilia
1129 1435 1225 1463 solatia
1238 1443 1287 1470 per
1301 1434 1431 1470 epistolas
1451 1433 1714 1463 subministraritJd

924 1482 1104 1509 ostendebant
1119 1481 1269 1508 innumerae
1284 1480 1342 1514 ejus
1366 1479 1498 1514 epistolae,
1512 1487 1573 1514 quae
1586 1485 1645 1513 post
1661 1479 1714 1507 De-

924 1527 1031 1554 cianam
1053 1525 1232 1553 vastationem
1245 1525 1363 1560 scriptae,
1376 1529 1404 1552 et
1421 1524 1505 1552 multo
1517 1530 1580 1560 post
1596 1532 1610 1551 a
1625 1525 1676 1559 piis
1688 1529 1714 1552 et

75 1570 153 1596 hunc
170 1569 316 1604 Epiphanii
346 1571 434 1597 locum
456 1576 629 1606 argumenta,
646 1580 727 1606 quem
744 1573 784 1600 vel
815 1573 870 1608 ipsa
886 1571 908 1602 C
924 1572 1052 1599 studiosis
1065 1572 1222 1599 hominibus
1231 1576 1356 1604 servatae,
1368 1574 1503 1598 vetustate
1511 1571 1617 1598 demum
1627 1571 1714 1605 perie-

74 1616 144 1651 styli
173 1616 336 1649 similitudo,
352 1622 381 1644 ut
398 1622 474 1645 recte
507 1619 610 1646 notavit
634 1618 775 1652 Petavius,
804 1620 870 1648 satis

75 1661 233 1696 Epiphanio
249 1662 396 1696 adjndicat.

110 1706 148 1734 γ.
162 1707 277 1735 Cautius
294 1708 418 1742 equidem
438 1717 469 1736 ac
491 1711 660 1738 reverentius
685 1711 870 1746 antiquorum,

75 1752 125 1779 sed
139 1751 250 1779 Patrum
275 1755 426 1787 praesertim
455 1760 628 1782 monumenta
648 1758 745 1791 attingi
763 1757 868 1784 vellem.

75 1798 145 1825 Nam
164 1800 290 1833 quamvis
303 1806 395 1833 parce,
411 1805 438 1826 et
453 1808 504 1827 non
522 1801 582 1827 sine
599 1801 689 1836 aliqua
714 1802 869 1830 verisimili-

77 1844 175 1870 tudine
201 1852 299 1871 manns
315 1844 468 1879 Epiphanio
486 1845 608 1874 attulerit
634 1848 684 1874 hoc
711 1847 770 1875 loco
787 1848 870 1875 Baro-

77 1889 150 1921 nius,
170 1889 252 1916 homo
266 1894 295 1915 ut
315 1891 453 1917 excellens
468 1891 528 1926 ejus
549 1892 697 1926 ingenium,
708 1897 735 1920 et
746 1894 868 1928 singula-

77 1941 135 1961 rem
157 1935 313 1962 doctrinam
324 1936 430 1968 sileam,
448 1937 632 1972 sagacissimis:
653 1939 679 1965 in
697 1943 756 1966 arte
773 1940 868 1967 critica

75 1985 103 2011 et
117 1982 262 2008 acerrimtc
277 1982 352 2009 naris
363 1990 371 2016 ;
383 1983 433 2010 huc
443 1988 532 2010 tatnen
547 1984 700 2019 exemplum
713 1985 740 2012 in
751 1993 869 2021 sequens

75 2034 163 2054 aevum
181 2027 270 2054 labem
284 2029 392 2056 trahere
408 2033 508 2064 potest,
519 2034 548 2056 ut
560 2030 626 2057 tanti
639 2031 690 2058 viri
707 2033 869 2060 auctoritate

76 2074 200 2108 producti
227 2074 340 2102 litterati
364 2075 505 2108 homines,
544 2077 704 2105 veneranda:
729 2081 869 2107 vetustatis

75 2119 207 2152 operibus
225 2118 347 2151 illndere,
366 2127 452 2154 caque
466 2121 499 2147 ad
526 2121 631 2150 libitum
650 2131 808 2158 recoquere,
837 2132 870 2152 ac

76 2163 170 2191 incudi
179 2172 236 2192 sua:
250 2165 362 2192 reddere
373 2158 489 2194 fortasse
498 2169 589 2195 ausuri
599 2169 664 2197 sint.
677 2170 792 2203 Quaesivi
804 2179 869 2198 sane

76 2209 191 2236 multum
208 2218 240 2238 ac
253 2210 311 2243 diu,
330 2211 425 2245 plusne
437 2214 566 2247 perniciei
580 2215 606 2241 in
628 2215 733 2243 litteras
745 2224 779 2243 an
796 2217 869 2244 ritili-

77 2255 140 2282 tatis
159 2256 257 2282 critica
272 2263 317 2284 ars
332 2257 540 2291 intulerit.Quot
551 2260 622 2286 enim
638 2268 703 2287 sana
720 2266 747 2288 et
762 2262 867 2296 integra

77 2305 199 2328 reterum
233 2301 335 2336 scripta
362 2304 493 2337 pervertit
519 2304 678 2332 criticorum
716 2306 867 2340 temeritas,

77 2346 137 2373 dum
150 2347 285 2381 quidquid
295 2349 385 2376 minus
398 2355 488 2377 mente
499 2351 684 2386 perciperent,
700 2351 725 2378 id
745 2353 777 2379 ad
794 2352 868 2379 arbi-

80 2392 162 2418 trium
190 2400 270 2419 snutn
296 2394 443 2430 relingcndi
473 2395 610 2423 licentiam
637 2396 686 2423 sibi
719 2396 868 2424 fecerunt?

76 2436 146 2469 Quot
163 2438 301 2465 volumina
322 2440 378 2466 suis
405 2444 459 2467 tota
476 2441 654 2468 detraxerunt
674 2443 869 2477 scriptoribus,

76 2483 175 2510 alienis
201 2485 406 2513 attribuerunt?
430 2485 547 2513 Dilleror
574 2487 627 2520 ira,
651 2489 867 2523 quotiescunque

76 2528 143 2556 viles
160 2530 194 2556 de
224 2530 302 2564 plebe
329 2532 569 2565 grammaticorum
588 2533 756 2561 litteratores
786 2535 866 2562 bouis

77 2576 237 2603 auctoribus
250 2576 365 2604 inscitia:
383 2586 437 2605 sua:
451 2579 525 2606 virus
545 2585 704 2614 spargentes
720 2581 815 2614 video;
838 2586 866 2608 et

77 2621 98 2648 si
111 2623 223 2656 quando
236 2630 306 2650 nova
320 2631 383 2655 vox,
405 2629 433 2651 et
444 2623 646 2660 lexicographis
657 2626 793 2660 incognita
807 2635 867 2655 sese

77 2666 130 2700 tlet,
143 2675 205 2695 eam
220 2669 326 2702 absque
341 2671 514 2698 cunctatione
529 2673 606 2699 obelo
626 2680 675 2699 suo
688 2672 845 2707 jugulantcs
858 2695 865 2707 ,

77 2717 101 2738 et
113 2713 237 2741 obtrusis
251 2715 307 2741 suis
327 2715 492 2750 conjecturis
512 2724 560 2752 per
578 2725 711 2745 sumntum
725 2719 865 2747 audaciam

110 2796 167 2834 (ili)
178 2797 292 2834 Euseb”
308 2797 378 2825 Ilisl.
396 2799 471 2832 eccl.,
487 2799 534 2826 lib.
550 2807 587 2832 vt,
604 2807 664 2834 cap.
677 2801 720 2828 59.

111 2833 175 2872 (ait)
191 2833 289 2860 Euseb.
309 2834 386 2872 ίωμτ,
421 2835 468 2863 lib.
488 2843 533 2868 vn,
550 2843 611 2870 cap.
628 2833 653 2863 1.
670 2835 779 2865 ilicrou.
806 2837 864 2866 Cal.

82 2873 124 2894 nr.
140 2867 242 2895 Μηδέν.
271 2876 330 2903 cap.
347 2869 390 2896 5-5.

926 1624 1000 1646 rtml.
1017 1617 1113 1646 Aliane
1131 1623 1268 1653 praeterea
1280 1623 1343 1644 ante
1356 1623 1473 1645 mortem
1487 1617 1587 1645 litteris
1601 1617 1715 1644 manda-

924 1665 1004 1696 verit,
1024 1665 1153 1699 quoniam
1171 1665 1204 1692 de
1217 1671 1250 1691 eo
1267 1663 1334 1690 nihil
1356 1663 1460 1697 antiqui
1483 1663 1631 1698 scriptores
1657 1666 1710 1689 tra-

925 1711 1032 1744 didere,
1046 1715 1217 1745 compertum
1234 1718 1286 1738 non
1299 1715 1352 1737 est.
1373 1711 1424 1737 Vix
1444 1709 1520 1737 credi
1548 1713 1638 1735 tamen
1666 1715 1714 1742 po-

925 1763 988 1790 test,
998 1757 1263 1792 impatientissimum
1274 1757 1322 1784 otii
1335 1757 1471 1792 ingenium
1486 1756 1519 1782 ab
1528 1759 1636 1782 assueto
1646 1755 1713 1781 scri-

925 1804 1004 1830 bendi
1025 1803 1129 1834 labore,
1144 1809 1198 1836 quo
1214 1807 1253 1829 tot
1263 1802 1423 1830 elucubrata
1440 1801 1563 1829 feruntur
1581 1801 1710 1826 librorum

925 1849 1018 1881 millia,
1036 1847 1234 1882 conquievisse.

960 1895 1016 1922 Vll.
1043 1893 1099 1929 (42)
1113 1893 1230 1928 Jamque
1256 1901 1350 1920 novem
1374 1902 1406 1921 ac
1423 1893 1562 1928 sexaginta
1582 1892 1714 1927 Origenes

924 1940 1081 1967 confecerat
1098 1946 1195 1972 annos,
1213 1947 1274 1965 cum
1297 1939 1390 1966 labore
1403 1943 1432 1966 et
1456 1947 1534 1966 annis
1558 1943 1712 1965 contectum

924 1986 1087 2020 tempestiva
1104 1992 1177 2012 mors
1190 1985 1258 2020 Tyri
1270 1985 1449 2020 consumpsit,
1458 1992 1530 2011 anno
1542 1990 1600 2021 post
1612 1984 1712 2011 Christi

924 2038 1014 2060 ortum
1031 2032 1085 2059 254
1099 2039 1105 2058 :
1121 2039 1174 2066 quo
1185 2039 1256 2058 anno
1272 2030 1436 2059 Interamnae
1461 2030 1554 2058 Gallus
1578 2034 1606 2057 et
1632 2030 1714 2057 Volu-

924 2079 1016 2106 sianus
1032 2077 1167 2105 interfecti
1177 2082 1250 2105 sunt.
1264 2077 1331 2104 Cum
1345 2078 1415 2104 enim
1424 2081 1587 2104 natumeum
1600 2076 1713 2103 demon-

924 2122 1106 2149 straverittlus
1122 2129 1192 2150 anno
1211 2126 1268 2157 post
1286 2122 1424 2149 Christum
1450 2121 1512 2154 185,
1529 2121 1643 2156 adjectis
1665 2121 1711 2151 69.

924 2172 992 2203 quot
1004 2168 1065 2195 Viue
1080 2168 1199 2203 explevit
1220 2176 1317 2201 annos,
1334 2169 1445 2195 omnino
1467 2167 1582 2195 eiiicitur
1605 2174 1712 2193 summa

923 2222 1056 2241 annorum
1075 2214 1139 2242 254.
1155 2214 1285 2247 Quamvis
1298 2218 1388 2241 autem
1405 2214 1440 2240 ita
1457 2214 1600 2248 scripserit
1625 2213 1711 2240 Euse-

885 2254 906 2281 Ῐ)
922 2261 981 2288 bius
997 2261 1052 2296 (15)
1062 2269 1068 2287 :
1078 2261 1204 2288 Δέκιον...
1222 2261 1430 2296 κατασφαγέντα
1440 2260 1539 2292 Γάλλος
1549 2260 1710 2295 διαδέχεταιν

927 2307 1067 2344 Ὠριγένης
1083 2309 1112 2334 ἐν
1126 2307 1212 2343 τούτῳ
1227 2307 1438 2342 ὲνὸςδέοντατῆς
1447 2307 1520 2343 ζωῆς
1529 2307 1712 2343 ἑϐδομήκοντα

922 2354 1084 2390 ἁποπλήσας
1100 2354 1158 2389 ἐτη,
1173 2354 1295 2389 τελευτᾷ,
1310 2362 1362 2382 ιιοιι
1377 2354 1410 2381 iis
1423 2354 1536 2389 praecise
1551 2353 1713 2387 signiﬁcavit

924 2401 974 2428 hoc
1004 2401 1063 2436 ipso
1081 2406 1202 2435 tempore
1232 2401 1334 2427 obiisse
1362 2399 1518 2435 Origenem,
1537 2407 1589 2433 quo
1613 2398 1709 2425 Gallus

924 2448 1061 2475 exstincto
1079 2448 1159 2474 Decio
1173 2447 1317 2479 successit,
1340 2447 1411 2481 quod
1430 2445 1550 2474 nonnulli
1566 2452 1709 2480 perperam

923 2493 1025 2528 opinati
1039 2498 1122 2525 sunt;
1138 2493 1186 2520 sed
1199 2493 1341 2527 imperium
1357 2498 1465 2520 tenente
1476 2492 1564 2524 Gallo,
1578 2492 1633 2518 l'ato
1652 2492 1712 2517 l'nn-

921 2545 992 2567 ctum
1007 2539 1152 2573 Origenem
1162 2540 1257 2568 fuisse.
1272 2540 1329 2575 (44)
1339 2539 1441 2566 Scribit
1452 2539 1563 2565 Photius
1576 2539 1637 2565 cod.
1650 2539 1709 2570 118,

923 2593 1036 2612 narrare
1051 2584 1235 2620 Pamphilum,
1260 2585 1381 2619 aliosque
1401 2584 1565 2618 complures,
1584 2583 1712 2618 Origenis

922 2631 1005 2657 vitam
1022 2635 1049 2657 et
1065 2638 1110 2658 res
1127 2636 1217 2664 gestas
1233 2639 1266 2657 ex
1290 2631 1322 2657 iis
1336 2630 1404 2665 ipsis
1418 2630 1464 2663 qui
1481 2629 1618 2656 hominem
1636 2629 1711 2656 vide-

924 2680 985 2702 rant
1001 2680 1197 2710 perscrutatos,
1213 2675 1239 2702 in
1249 2675 1365 2702 Deciana
1375 2680 1466 2709 strage
1479 2675 1609 2709 martyrio
1624 2675 1710 2708 ipsum

925 2722 1008 2749 vitam
1027 2722 1156 2750 ﬁnivisse.
1182 2722 1209 2749 ld
1234 2721 1475 2754 relellitl‘botius,
1495 2721 1562 2748 Galli
1578 2725 1604 2748 et
1629 2720 1710 2748 Volu-

963 2805 1018 2842 (45)
1039 2806 1149 2842 Ευδεϋη
1171 2806 1240 2833 Hist.
1255 2808 1328 2839 τίει,
1343 2807 1388 2834 lib.
1406 2816 1453 2838 vn,
1468 2815 1528 2842 cap.
1545 2808 1568 2834 1.

958 2841 1013 2874 (44)
1029 2841 1125 2870 Scribit
1141 2842 1251 2869 Pholius
1262 2843 1321 2870 cad.
1334 2844 1344 2869 1
1355 2844 1394 2875 l8,
1409 2851 1517 2870 narrare
1531 2843 1710 2876 Pamphilum,

923 2881 975 2904 ctr.
995 2877 1090 2904 Mirum
1106 2883 1180 2906 certe
1199 2879 1305 2906 videtur
1321 2880 1391 2909 uitud
1409 2879 1490 2907 rclcrt
1506 2879 1625 2907 l‘hutin‘s.
1644 2880 1709 2907 Cum
