1915 3079
858 143 886 170 p.
908 143 1065 172 ruamus
1084 143 1200 172 HUETII
1718 137 1725 145 '
1801 147 1842 176 roo

791 220 981 266 CAPUT
1017 222 1277 268 PRIMUM.

877 309 1027 349 Origenis
1043 310 1194 343 eruditio.

222 384 242 412 1.
258 383 619 421 ScripturqeaQentiuimus
632 383 682 418 fuit
695 384 840 419 Origenes;
854 384 885 411 ll.
901 384 946 410 sed
961 383 1099 421 Hebraicm
1112 384 1209 421 lingua:
1221 393 1315 419 parum
1328 385 1477 421 consultus,
1490 385 1666 414 Samaritana:
1680 395 1741 414 tero
1750 388 1840 421 peni/tu

255 419 373 455 ignarus.
389 417 595 455 Illiscriplurte
611 417 766 452 interpretes
778 420 967 455 scriptoresqne
978 417 1169 446 ecclesiasticos
1182 417 1298 447 studiose
1318 421 1390 455 legit.
1407 420 1450 448 IV.
1465 420 1554 448 Sacrae
1565 423 1694 449 doctrinm
1710 417 1791 449 causa
1802 431 1840 448 e1;-

256 453 335 480 coluit
346 452 395 484 τὰς
412 453 522 485 ἔξωθεν,
540 453 733 488 philosophiam
744 455 910 488 prmsertim;
925 452 955 481 ν.
970 455 1016 480 sed
1025 460 1048 480 et
1062 455 1176 489 reliquas
1189 452 1354 490 disciplinas:

254 585 275 612 Ι.
290 585 410 612 Primum
422 585 486 612 illud
497 593 529 613 ac
545 586 710 626 praecipuum
729 586 914 621 fuitOrigenis
931 595 945 614 a
966 592 1000 614 te-

1060 587 1153 614 l’rivola
1177 587 1220 614 illa
1243 587 1395 619 distinctio,
1423 587 1535 624 οὐρανόν
1559 587 1630 614 inter
1650 593 1680 614 et.
1708 589 1839 624 οὐρανούς,

219 629 292 656 neris
310 629 432 663 pueritiat
448 631 525 657 annis
537 630 569 656 ad
590 630 692 657 obitum
709 637 793 665 usque
812 631 943 662 studium.
972 632 1007 659 ad

219 676 377 702 interiorem
394 683 425 702 ac
439 676 606 703 reconditam
621 683 761 704 sacrarum
781 677 932 704 litterarum
957 685 1004 712 pe-

218 721 308 748 ritiam
325 726 476 755 penetrare.
493 721 520 748 In
537 729 590 755 quo
607 722 714 756 quidem
726 722 762 748 ita
779 730 809 749 se
827 724 963 757 tractavit,
980 729 1009 750 ut

219 766 380 794 admirabile
405 773 487 800 esset,

218 815 246 841 in
269 823 300 842 ea
315 816 510 843 exercitatione
538 821 699 842 consecutus
725 817 777 848 sit;
804 817 862 843 sive
889 816 1006 844 litteram

219 861 322 896 ipsam,
355 862 584 896 quemadmodum
621 866 733 893 vocant,
770 866 892 896 spectes,
926 871 1007 897 quam

218 911 301 934 totam
320 908 455 934 memoria:
483 908 520 934 ita
537 908 787 939 commendaverat,
813 913 841 934 ut
857 908 930 936 locos
949 916 1009 936 om-

217 959 265 980 nes
292 960 324 979 ex
357 957 486 987 tempore,
512 954 594 980 etiam
619 953 696 980 libris
725 953 898 985 inconsultis,
925 961 1007 988 appo-

216 999 267 1026 site
296 998 438 1031 recitaret;
468 999 524 1026 sive
554 999 665 1026 intimos
695 1006 727 1025 ac
753 998 868 1026 latentes
896 1006 1006 1031 sensus,

216 1051 283 1078 quos
311 1049 383 1071 tanta
415 1045 565 1079 sagacitate
587 1045 668 1077 eruit,
693 1045 731 1076 ὡς
759 1045 789 1077 ἐξ
822 1046 938 1078 ἐκείνου,
966 1047 1009 1073 in-

216 1091 274 1124 quit
296 1090 403 1122 Suidas,
434 1091 537 1122 πάντας
565 1091 628 1121 τοὺς
657 1090 803 1125 μετέπειτα
833 1091 884 1126 τῆς
910 1091 1008 1126 ἐκκλη-

217 1135 277 1167 σίας
286 1135 460 1168 διδασκάλους
474 1136 520 1162 καὶ
540 1136 666 1171 ἀφορμὰς
676 1136 824 1171 εἰληφέναι.
841 1136 868 1163 Id
886 1137 964 1164 facile
973 1145 1007 1165 ex

216 1182 317 1209 nostris
341 1183 481 1217 apparebit
504 1183 759 1215 Ohservationibus,
782 1183 807 1209 in
824 1184 924 1218 quibus
947 1184 1005 1212 loca

215 1227 324 1255 Patrum
336 1228 497 1261 consimilia,
507 1233 533 1256 et
545 1229 578 1256 ab
587 1228 759 1263 Origenianis
769 1229 890 1264 profecta
900 1237 948 1265 per
958 1239 1006 1256 πα-

528 776 577 795 nec
602 768 745 802 quisquam
776 769 873 796 deinde.
903 775 1020 797 tantum!

1060 640 1138 667 qtiam
1154 633 1367 660 comminiscitur
1382 633 1416 659 ad
1425 633 1520 660 Matth.
1532 641 1609 665 xvnt,
1625 633 1669 665 l8,
1685 639 1714 661 et
1729 634 1839 668 adquam

1059 678 1195 705 Christum
1206 680 1354 712 respexisse
1363 679 1459 712 tradit;
1472 680 1547 713 quasi
1560 680 1629 706 hanc
1643 680 1838 707 distinctionem

1060 725 1127 752 l'erat
1143 724 1254 760 Syriaca
1270 725 1410 757 dialectos,
1426 733 1507 759 quam
1531 725 1656 753 Christus
1673 725 1818 760 usurpabat
1832 735 1838 752 ε

1057 771 1210 805 cnjnsmodi
1228 776 1269 797 est
1292 771 1360 797 falsa
1377 771 1421 797 illa
1437 771 1553 797 nominis
1567 771 1634 798 Aser
1647 771 1839 806 interpretatio,

1059 824 1118 850 quae
1139 817 1253 843 habetur
1275 817 1311 843 ad
1336 816 1432 845 Matth.
1455 824 1532 849 xvul,
1551 816 1595 848 19,
1616 816 1764 844 Comment.
1783 822 1838 844 tom.

1059 868 1114 892 xtv,
1134 869 1160 896 p.
1180 862 1241 894 6l6,
1258 862 1334 896 quasi
1352 862 1491 889 derivetur
1505 870 1520 888 a
1542 866 1592 891 Ὃν
1617 871 1626 888 t
1648 863 1760 895 erudiit,
1782 863 1838 896 liga-

1059 907 1107 940 vit,
1127 917 1137 933 ι
1157 914 1218 934 cum
1237 907 1284 934 ﬁat
1298 908 1331 934 ab
1350 913 1410 936 nos:
1432 917 1440 933 ε
1464 907 1566 942 ligavit.
1589 917 1599 933 ι
1618 907 1781 942 Quanquam
1797 916 1838 934 au-

1061 952 1190 979 ctoritate
1215 952 1316 979 Senum
1342 953 1521 987 Septuaginta
1546 953 1674 980 excusari
1701 953 1727 980 id
1751 959 1837 987 potest,

1059 999 1104 1033 qui
1117 1004 1176 1029 -ιβκ
1195 999 1341 1033 aliquando
1356 998 1392 1026 ita
1411 999 1598 1031 reddiderunt,
1615 999 1694 1033 quasi
1716 999 1785 1026 idem
1802 1007 1838 1026 es-

1059 1050 1100 1073 set
1115 1053 1147 1072 ac
1164 1048 1227 1074 Ἶῠν.
1248 1045 1284 1072 Ut.
1309 1044 1404 1079 psalm.
1420 1052 1462 1072 crv
1475 1044 1572 1080 (Hebr.
1589 1046 1651 1079 cv),
1668 1044 1722 1077 22;
1736 1052 1782 1079 pro
1795 1044 1838 1071 ile-

1059 1093 1130 1118 braao
1142 1095 1211 1121 ν-Ίω
1228 1082 1315 1121 ἿὍκθ
1333 1090 1444 1123 habent,
1460 1089 1506 1116 τοῦ
1521 1090 1664 1116 παιδεῦσαι
1680 1091 1744 1122 τοὺς
1754 1090 1839 1126 ἄρχον-

1057 1145 1107 1168 τας
1124 1136 1206 1163 αὐτοῦ
1222 1145 1229 1169 ;
1248 1136 1373 1171 Vulgata,
1387 1145 1397 1161 ι
1413 1140 1443 1163 ut
1464 1136 1584 1162 erudiret
1600 1136 1739 1170 principes
1749 1135 1811 1168 eius.
1827 1144 1836 1160 ι

1058 1183 1089 1210 Et
1113 1183 1175 1210 Ose.
1194 1190 1222 1214 Χ,
1246 1182 1288 1215 10,
1313 1186 1428 1211 tat-tom.
1455 1181 1536 1213 LXX,
1563 1181 1709 1209 παιδεῦσαι
1734 1180 1836 1212 αὐτούς

1058 1227 1184 1262 Vni-gata,
1206 1237 1215 1253 ι
1239 1228 1385 1262 corripiam
1401 1235 1459 1259 eos,
1480 1237 1489 1253 ι
1510 1227 1662 1262 cnjusmodi
1687 1231 1732 1254 est
1750 1227 1837 1261 depra-

216 1275 364 1310 ραπομπὰς
375 1275 537 1303 indicamus.
553 1275 608 1303 Nec
623 1277 705 1304 ullum
718 1285 783 1305 vero
796 1277 830 1304 ad
843 1277 1000 1312 exquisitam

1058 1281 1118 1302 vata
1133 1275 1178 1302 illa
1203 1274 1283 1301 lectio
1301 1274 1351 1301 loci
1373 1273 1553 1308 lnterpretum
1572 1272 1655 1305 LXX,
1679 1272 1704 1300 11
1731 1273 1805 1301 Esdr.
1818 1280 1835 1304 1,

215 1320 366 1349 divinoium
387 1321 553 1349 voluminum
576 1324 788 1357 comparandam
805 1323 927 1350 notitiam
941 1324 1005 1351 sub-

215 1368 313 1395 sidium
327 1367 445 1402 neglexit
463 1377 469 1394 :
486 1375 546 1395 cum
563 1369 670 1403 vulgata
688 1369 787 1403 quippe
803 1370 874 1402 apud
889 1368 1006 1395 Alt-xan-

215 1414 308 1440 drinos
338 1405 513 1448 Septuaginta
543 1414 645 1441 Senum
684 1415 906 1448 interpretatione
938 1415 1005 1442 alias

215 1458 320 1493 magnis
331 1467 345 1485 a
361 1467 392 1486 se
409 1460 562 1494 sumptibus
580 1461 732 1495 redemptas
753 1461 876 1493 contulit,
889 1461 1004 1495 Aquilae,

214 1502 406 1532 Tlieodotionis
433 1509 460 1531 et
482 1505 657 1540 Symmachi;
677 1514 709 1533 ac
731 1506 857 1539 Quintam
889 1507 963 1540 item,
978 1512 1005 1533 et

215 1550 324 1577 Sextam
343 1551 368 1578 in
382 1551 468 1579 lucem
491 1560 505 1579 a
529 1559 558 1579 se
568 1552 656 1586 primo
669 1553 772 1586 editas;
790 1561 891 1588 easque
906 1555 939 1582 ad
956 1554 1005 1581 lle-

214 1596 308 1623 braica
333 1598 548 1624 accommodavit
569 1598 743 1632 exemplaria,
769 1601 839 1627 unde
867 1599 1002 1635 Tetrapln,

213 1641 331 1676 llexapln
355 1646 381 1669 et
397 1642 508 1677 Octapla
524 1644 697 1670 exstiterunt.

245 1688 278 1716 11.
288 1688 363 1722 Quod
378 1688 398 1715 si
414 1688 474 1723 plus
486 1696 548 1717 sese
563 1689 589 1715 in
606 1688 746 1716 Hebraicis
759 1691 934 1723 exercuisset,
947 1698 1003 1718 ma-

210 1734 351 1769 ioremque
365 1734 463 1770 lingua:
482 1734 559 1769 hujus
572 1735 667 1763 fuisset
682 1737 806 1771 peritiam
826 1743 1002 1769 consecutus,

213 1780 278 1807 nihil
295 1781 318 1807 ei
344 1782 375 1806 ad
401 1780 547 1815 perlectam
568 1789 652 1809 sacra:
671 1782 737 1816 legis
759 1783 939 1817 cognitionem
954 1783 1002 1810 de-

212 1826 308 1853 fuisset
321 1836 327 1853 :
340 1827 385 1853 sed
406 1832 508 1853 tantum
523 1827 657 1861 decerpsit
670 1835 702 1854 ex
714 1836 745 1855 ea
757 1828 852 1863 gloria,
869 1834 1001 1863 quantum

211 1879 243 1898 ex
259 1872 369 1907 loquelae
384 1873 465 1908 hujus
478 1874 566 1901 studio
583 1875 710 1902 detraxit.
722 1874 815 1902 Dicam
833 1876 904 1902 enim
917 1883 979 1903 vere
993 1884 1000 1903 :

211 1918 254 1945 vel
274 1918 424 1946 Hebraismi
445 1928 538 1954 parum
559 1921 677 1948 scientes
691 1925 764 1953 sunt,
781 1922 822 1948 vel
838 1923 864 1949 in
885 1922 1000 1950 lectione

1058 1323 1101 1353 11,
1119 1320 1246 1356 εὐνοῦχος
1265 1319 1304 1355 τῷ
1317 1319 1432 1355 βασιλεῖ.
1449 1319 1503 1354 (62)
1519 1319 1594 1352 Quod
1618 1319 1641 1346 si
1664 1319 1692 1345 in
1709 1318 1836 1345 Hebraicis

1058 1372 1194 1401 utcunque
1208 1366 1305 1392 luisset
1322 1370 1456 1397 versatus,
1471 1372 1530 1399 quae
1543 1364 1646 1391 habent
1661 1356 1742 1403 Ίιπὲι)
1756 1368 1836 1406 mpm

1056 1413 1226 1440 emendasset
1247 1413 1340 1446 utique
1352 1412 1378 1438 in
1395 1413 1451 1443 τοῖς
1463 1412 1508 1437 0"
1527 1411 1646 1446 οἰνοχόος
1670 1410 1708 1445 τῷ
1724 1409 1834 1446 βασιλεῖ,

1056 1459 1079 1486 si
1098 1459 1177 1485 modo
1197 1458 1269 1485 hune
1285 1458 1343 1492 ipse
1361 1464 1482 1484 errorem
1499 1464 1553 1484 non
1571 1456 1685 1488 invexit,
1705 1457 1750 1490 qui
1770 1460 1835 1482 certe

1056 1505 1082 1532 in
1096 1505 1271 1539 Septuaginta
1287 1503 1431 1532 Seniorum
1445 1503 1650 1538 exemplaribus
1661 1503 1783 1537 nuspiain
1794 1510 1834 1530 ex-

1055 1556 1108 1579 stat
1118 1559 1124 1576 :
1134 1550 1282 1584 cuiusmodi
1293 1554 1334 1577 est
1345 1550 1434 1584 inepta
1443 1549 1488 1576 illa
1496 1549 1630 1584 expositio
1642 1549 1763 1576 vocabuli
1771 1548 1831 1583 (65),

1057 1606 1066 1622 ι
1085 1596 1216 1628 Joannes,
1235 1605 1244 1621 ι
1265 1595 1338 1630 quod
1361 1595 1475 1623 formari
1502 1595 1670 1622 existimavit
1695 1603 1711 1621 a
1736 1594 1833 1621 nomine

1053 1649 1113 1675 m-n
1133 1644 1253 1679 praeﬁxo,
1275 1647 1302 1670 et
1319 1647 1374 1686 pm,
1388 1650 1450 1670 cum
1467 1650 1502 1671 ex
1516 1641 1574 1669 solo
1585 1646 1629 1686 pa
1648 1641 1766 1676 praeﬁxis
1785 1647 1833 1667 ser-

1056 1689 1154 1717 vilibus
1183 1689 1284 1717 litteris
1310 1688 1461 1715 derivatum
1487 1688 1532 1715 sit.
1560 1687 1727 1722 Plerumque
1751 1686 1831 1714 itidem

1053 1739 1149 1770 peccat
1161 1734 1188 1761 in
1205 1733 1411 1769 perscrutandis
1424 1732 1563 1760 nominum
1577 1732 1772 1759 llebraicorum
1784 1729 1832 1757 ori-

1053 1782 1172 1815 ginibus.
1190 1781 1313 1807 Proclive
1326 1780 1353 1807 id
1368 1787 1465 1814 nempe
1478 1778 1529 1805 fuit
1542 1779 1600 1805 viro
1610 1779 1644 1805 ad
1657 1777 1830 1805 mutuatitiam

1053 1828 1139 1856 lucent
1157 1827 1270 1861 vestigia
1281 1834 1329 1854 sua
1345 1827 1372 1853 in
1391 1827 1458 1854 locis
1473 1825 1574 1860 ignotis
1589 1825 1695 1859 regenti
1709 1834 1716 1850 :
1731 1828 1830 1858 prasta-

1052 1873 1098 1900 bat
1116 1877 1207 1900 autem
1228 1873 1316 1900 lucem
1333 1872 1442 1900 Iudaeus
1463 1871 1554 1905 Philol
1574 1871 1623 1906 qui~
1636 1870 1766 1901 Hebraica
1787 1868 1831 1895 Ve-

1054 1919 1118 1946 teris
1136 1918 1303 1945 Testamenti
1325 1918 1434 1944 nomina
1453 1917 1582 1952 peculiari
1604 1916 1675 1943 libro
1695 1915 1778 1942 fuerat
1795 1913 1829 1939 in-

212 1964 435 2000 Origenianorum
466 1973 577 2001 operum
603 1967 786 2002 perfunctorie
811 1968 922 2001 versati,
954 1969 999 2003 qui
1014 1956 1034 1985 C
1053 1969 1234 1998 terpretatus;
1253 1963 1297 1990 cui
1321 1963 1391 1990 libro
1411 1970 1504 1997 parem
1529 1961 1670 1995 subiunxit
1690 1960 1826 1994 Origenes,

211 2010 339 2037 eximium
358 2011 419 2045 quid
438 2011 488 2045 ipsi
507 2012 592 2040 vel-in
609 2018 710 2040 sancta:
726 2013 832 2048 linguai,
850 2014 892 2040 vel
907 2014 933 2041 in
949 2021 997 2042 ea-

212 2063 270 2082 rum
296 2064 355 2091 quat
371 2065 404 2084 ex
428 2057 478 2085 hoc
497 2058 569 2085 fonte
589 2059 715 2093 profectze
734 2065 798 2086 sunt
818 2059 996 2087 dialectornm

211 2103 305 2136 peritia
322 2103 484 2131 tribtlerunt.
501 2104 554 2132 Nec
572 2105 691 2139 opinioni
706 2111 806 2133 nostra:
834 2107 997 2134 contradicit

211 2147 391 2184 Hieronymus
404 2149 471 2185 (6|),
485 2151 534 2178 etsi
548 2151 655 2178 videtur
669 2151 865 2183 contradicere.
875 2160 934 2180 cum
946 2153 994 2185 ait,

209 2195 373 2230 singularem
393 2196 505 2230 loquela:
520 2197 600 2231 hujus
617 2197 739 2224 notitiam
756 2198 913 2224 demiratam
927 2198 952 2224 in
965 2205 996 2225 eo

211 2241 293 2268 fuisse
309 2246 391 2268 totam
407 2241 538 2269 Gratciarn
556 2251 564 2269 :
581 2243 678 2269 mirum
698 2243 722 2269 id
737 2243 834 2277 quippe
846 2243 929 2270 videri
946 2251 996 2278 po-

211 2286 262 2311 tuit
280 2285 382 2313 Graecis
412 2286 562 2314 chraismi
590 2288 701 2314 rudibus
720 2291 748 2314 et
771 2287 913 2321 imperitis,
946 2295 996 2315 nec

209 2335 339 2364 quantum
350 2331 375 2357 in
386 2338 417 2358 eo
428 2332 586 2365 profecisset
595 2332 727 2365 Origenes
740 2332 896 2359 existimare
908 2333 996 2360 scien-

210 2375 291 2401 tibus.
307 2375 414 2403 Minime
430 2384 493 2404 vero
508 2384 584 2403 suam
599 2377 654 2411 ipse
673 2377 770 2412 linguae
792 2377 871 2411 hujus
887 2378 996 2413 ignora-

210 2421 310 2448 tionem
331 2421 482 2448 dissimulat
502 2422 594 2448 bomil.
615 2422 656 2454 14,
680 2423 708 2448 in
725 2421 809 2448 Num.
837 2431 855 2455 l,
876 2431 903 2458 p.
930 2424 992 2451 522.

211 2475 221 2491 ι
236 2466 318 2493 Aiunt
332 2474 405 2501 ergo.
424 2467 520 2501 inquit,
547 2469 590 2502 qui
606 2468 751 2495 Hebraicas
768 2468 871 2496 litteras
891 2469 993 2503 legunt,

209 2510 235 2537 in
247 2511 297 2538 hoc
309 2511 377 2544 loco,
391 2512 469 2541 Dcns.
486 2521 537 2540 non
552 2513 602 2540 sub
614 2513 691 2547 signo
705 2515 918 2548 tetragrammati
933 2523 993 2542 esse

1053 2009 1246 2036 llebraicortun
1266 2009 1332 2036 Novi
1355 2009 1524 2036 Testamenti
1539 2007 1738 2042 expositionem
1760 2012 1827 2030 com—

1053 2057 1171 2090 plexum.
1190 2055 1240 2089 Qui
1260 2063 1324 2082 vero
1347 2063 1400 2082 non
1416 2054 1574 2081 offendisset
1595 2053 1729 2088 Origenes
1749 2050 1827 2078 Philo-

1051 2110 1112 2129 nem
1130 2110 1248 2136 sequens
1263 2103 1370 2134 ducem,
1385 2102 1429 2136 qui
1446 2101 1554 2128 Judtuus
1568 2100 1642 2130 licet,
1657 2099 1755 2126 Judzeis
1770 2103 1825 2132 pro-

1050 2155 1158 2183 gnatus,
1181 2157 1215 2175 ne
1234 2147 1363 2174 mediocri
1385 2147 1494 2182 quidem
1517 2147 1670 2172 litterarum
1693 2143 1826 2170 chraica-

1053 2203 1110 2221 rum
1129 2203 1204 2224 aura.
1220 2195 1257 2222 uti
1276 2201 1364 2228 neque
1379 2192 1530 2220 bellenistte
1545 2191 1600 2217 fere
1619 2189 1729 2224 reliqui,
1747 2187 1825 2214 fuerat

1051 2240 1174 2268 afﬂatus?
1189 2242 1214 2267 ld
1231 2241 1252 2267 si
1270 2241 1360 2267 minus
1383 2239 1410 2266 in
1433 2238 1589 2266 hominibus
1603 2235 1770 2262 Alexandria:
1784 2239 1824 2260 na-

1052 2286 1084 2312 tis
1098 2291 1124 2312 et
1139 2287 1243 2313 eductis
1257 2293 1356 2313 novum
1372 2290 1424 2315 est,
1437 2291 1551 2318 quorum
1568 2288 1673 2309 natura:
1686 2285 1823 2316 repugnare

1049 2332 1143 2359 scribit
1159 2332 1339 2368 Hieronymus
1357 2331 1424 2366 (64),
1440 2330 1598 2357 llcbraicam
1625 2329 1741 2363 linguam
1755 2324 1822 2352 addt—

1049 2385 1134 2409 scere,
1152 2385 1200 2410 pro
1218 2385 1292 2403 more
1302 2376 1457 2403 Gratcorum
1473 2375 1606 2406 omnium,
1623 2374 1668 2408 qui
1682 2373 1820 2407 linguarum

1048 2423 1215 2449 exoticarum
1237 2423 1355 2450 studium
1375 2420 1514 2455 aspernari
1531 2422 1745 2450 consueverunt;
1758 2422 1783 2442 at
1798 2415 1820 2441 in

1047 2468 1163 2504 Josepho
1188 2469 1233 2496 illo
1256 2468 1370 2496 llebr;eo
1393 2468 1532 2495 Matliatia:
1557 2467 1613 2495 lilio
1639 2466 1717 2501 plane
1733 2463 1819 2491 mirum

1047 2516 1132 2541 videri
1148 2515 1227 2542 debet
1241 2523 1248 2548 ;
1272 2514 1352 2542 facile
1373 2515 1474 2549 quippe
1489 2521 1523 2541 ex
1538 2514 1597 2549 ejus
1619 2513 1727 2547 scriptis
1740 2513 1819 2543 deprc-

208 2558 323 2591 positum
340 2566 347 2584 :
374 2559 407 2586 de
426 2567 479 2594 quo
498 2560 543 2594 qui
566 2565 653 2594 potest
672 2562 804 2595 requirat.
830 2571 839 2588 ι
861 2561 940 2589 Multa
967 2563 993 2589 in
1010 2571 1033 2598 ι)
1049 2559 1166 2586 hendcre
1184 2560 1256 2592 licet,
1275 2560 1308 2587 ad
1325 2567 1452 2594 magnam
1469 2559 1541 2586 illam
1562 2564 1590 2586 et
1611 2558 1769 2593 singularem
1781 2554 1819 2582 Ju-.

207 2603 444 2633 Observationibus
460 2607 559 2634 nostris
575 2606 825 2640 animadvertimus,
837 2616 896 2642 quat
912 2609 992 2635 insci-

209 2650 272 2676 tiam
290 2651 347 2685 ejns
368 2651 395 2678 in
409 2650 547 2679 Hebraicis
566 2652 767 2686 demonstrant;
788 2654 934 2689 cujusmodi
952 2661 994 2682 est

245 2736 300 2771 (6|)
321 2736 431 2764 Hieron.
447 2738 525 2772 epist.
541 2739 575 2765 25
591 2739 625 2765 ad
639 2739 764 2766 Paulam.

245 2772 300 2805 (62)
316 2772 423 2805 Origen.
449 2774 477 2799 in
493 2773 587 2800 Matth.
610 2782 652 2801 tux
666 2794 673 2804 ,
700 2775 743 2806 12,
761 2773 904 2802 Comment.
923 2779 988 2800 tom.

209 2813 254 2835 xv,
270 2814 330 2839 pag.
347 2807 533 2840 657.-Qnod
548 2810 570 2835 si
583 2810 610 2835 in
622 2809 767 2842 Hebraicis,
784 2815 837 2836 etc.
861 2809 925 2836 Vide
935 2810 990 2835 atti-

211 2841 423 2877 madvcrsionctn
455 2849 574 2869 nostrain
594 2845 619 2869 iu
642 2846 698 2870 haec
713 2847 793 2870 verba
810 2845 929 2877 epistolae
955 2845 987 2870 ad

210 2875 365 2904 Africanum
378 2883 385 2901 :
395 2877 513 2911 Νεεμίας
523 2878 639 2913 οἰνοχὸρς
645 2879 690 2905 τοῦ
701 2875 832 2913 βασιλέωέ
841 2879 885 2905 καὶ.
899 2879 990 2906 εὐνοῦ-

1047 2607 1184 2634 tlaicarum
1204 2607 1338 2642 originum
1360 2607 1542 2641 cognitionem
1561 2613 1613 2632 non
1631 2612 1722 2640 parem
1738 2604 1815 2636 ipsum

1048 2654 1141 2687 patria:
1166 2653 1280 2688 loquela:
1311 2653 1436 2688 peritiam
1466 2652 1628 2685 contulisse;
1653 2648 1769 2685 quamvis
1791 2652 1815 2672 se

1043 2749 1087 2776 χος
1099 2741 1191 2773 αὐτοῦ,
1209 2746 1272 2768 tum.
1292 2749 1310 2772 ι,
1329 2750 1354 2775 p.
1369 2741 1412 2769 27.

1078 2777 1134 2819 (iis)
1159 2778 1231 2811 Orig.
1261 2778 1286 2802 in
1313 2776 1394 2803 1mm.
1418 2784 1437 2809 ι,
1469 2777 1495 2804 6.
1523 2775 1667 2804 Comment.
1703 2779 1764 2800 tom.
1784 2777 1812 2802 tl,

1044 2813 1135 2884 ν’(ῗὶιὶ)
1155 2847 1323 2882 llict'unytn.,
1347 2847 1382 2874 De
1394 2847 1483 2881 script.
1503 2846 1565 2874 sccl.
1583 2847 1609 2874 in
1629 2845 1749 2881 Origene.
