1915 3079
84 150 139 178 ’701

624 149 911 180 ORIGENIANORUM
930 148 993 176 LIB.
1015 149 1046 182 ll,
1067 149 1143 177 CAP.
1164 148 1185 176 l.

1670 147 1722 176 ’1θί

85 213 221 239 no‘nnulla
238 211 380 239 llebraicaa
397 213 539 246 scripsisse
553 212 636 244 dicat,
652 219 712 247 qum
725 211 802 247 lapsu
817 217 884 238 tem—
899 213 920 241 Α
936 209 977 236 Vir
991 210 1072 243 hujus
1087 209 1176 236 a-tatls
1189 207 1313 236 eruditus
1325 208 1359 235 ab
1374 206 1649 242 interprete.conlicla
1664 208 1723 234 exi-

86 266 188 294 porum
208 257 420 285 interciderunt.

97 339 109 347 .
129 303 182 336 Qui
196 303 321 331 Judaicis
333 311 415 338 porro
428 303 528 331 litteris
542 308 595 331 tam
609 303 705 332 leviter
718 305 819 331 tinctus
834 303 883 330 fuit

86 349 239 384 Origenes,
256 349 329 376 hunc
345 348 511 376 Samaritani
527 349 664 376 idiomatis
682 348 766 376 fuisse
779 347 882 375 callen—

86 395 231 422 tissimum
251 394 387 422 afﬁrmare
409 395 520 430 quidam
541 403 594 423 non
614 400 754 423 verentur.
769 394 883 422 Abunde

87 441 254 470 refelluntur
266 441 303 467 illi
318 448 351 468 ex
367 441 409 468 his
423 441 548 476 Origeuis
557 441 648 468 verbis
660 441 693 468 ad
704 441 769 468 illud
781 440 881 468 Ezech.

86 494 130 518 rx,
145 487 174 519 4,
194 493 256 521 pag.
271 486 323 512 424
338 493 345 513 :
362 495 372 511 ‹
391 486 472 519 Signa
489 486 566 513 Thau
589 493 670 521 super
689 485 791 513 frontes
811 485 884 513 viro-

87 539 150 558 rum
173 532 350 566 gementium.
372 540 381 557 »
402 531 526 566 Ἑϐραῖος
537 530 566 557 δέ
580 539 632 562 τις,
649 530 747 565 inquit,
770 530 824 557 τῶν
844 531 883 562 εὶς

87 578 206 613 Σωτῆρα
234 578 455 604 πεπιστευκότων
477 577 554 611 ἔλεγε
575 577 609 604 τὰ
631 577 732 613 ἀρχαῖα
764 578 884 612 στοιχεῖα

87 624 211 659 ἐμφερὲς
223 623 295 659 ἔχειν
309 623 340 650 τὸ
354 622 411 649 Ταῦ
426 622 464 658 τῷ
474 623 520 649 τοῦ
530 622 646 659 σταυροῦ
661 623 826 659 χαρακτῆρι,
837 623 884 650 καὶ

87 669 309 705 προφητεύεσθαι
323 670 386 704 περὶ
395 668 441 696 τοῦ
455 669 601 704 γενομένου
614 669 642 694 ὲν
654 669 827 704 Χριπιανοίς
838 669 884 695 ἐπὶ

86 715 136 741 τοῦ
155 715 280 750 μετώπου
298 715 422 750 σημείου,
435 715 503 750 ὅπερ
522 714 644 741 ποιοῦσιν
665 715 690 740 οἱ
704 714 883 741 πεπιστευκό-

86 770 135 794 es;
149 763 248 794 πάντες
263 762 416 789 οὑτινοσοῦν
439 761 690 798 προκαταρχόμενοι
710 761 881 797 πράγματος,

88 809 136 835 καὶ
154 809 271 844 μάλιστα
287 809 303 844 ἢ
319 808 406 844 εὐχῶν
421 809 437 844 ἢ
452 808 538 842 ἁγίων
555 808 785 843 ἀναγνωσμάτων.
803 817 812 833 α
830 808 882 834 Hc-

89 855 183 882 bneus
198 859 288 882 autem
305 855 427 889 quidam,
448 862 479 881 ex
498 855 531 882 iis
547 854 591 889 qui
611 854 713 882 Christi
728 855 808 881 fidem
823 862 880 881 am-

90 901 163 933 plexi
185 905 260 933 sunt,
281 900 426 934 dicebatin
439 899 708 934 antiquistetementis
719 899 805 927 simile
819 907 879 927 esse

88 947 166 973 Thau
186 946 280 974 forma:
298 933 408 980 crucis',
425 951 451 973 et
466 933 575 980 praedici
598 945 632 972 de
647 946 724 981 signo
745 945 816 980 quod
839 947 880 973 in-

89 997 132 1020 ter
151 992 326 1020 Christianos
348 992 378 1019 ﬁt
392 993 418 1019 in
443 991 544 1024 fronte.
562 992 633 1026 quod
652 993 761 1026 quidem
776 991 880 1020 faciunt

88 1037 135 1071 qui
160 1037 338 1064 crediderunt
359 1044 470 1068 omnes,
492 1044 684 1071 quamcunque
707 1045 764 1064 rem
785 1045 880 1072 aggre-

88 1083 213 1116 diantur,
232 1083 351 1110 maxime
370 1090 437 1110 vero
455 1083 497 1110 vel
520 1090 631 1117 preces,
652 1083 695 1110 vel
715 1087 826 1111 sanctas
845 1083 880 1110 lc-

88 1127 205 1155 ctiones.
227 1137 237 1154 ›
263 1127 461 1155 Samaritarum
483 1127 617 1154 elementa
638 1128 754 1163 appellat
777 1128 881 1164 ἀρχαῖα

89 1175 220 1209 στοιχεῖα,
240 1174 311 1208 quod
325 1174 358 1201 iis
371 1173 476 1201 Hebraei
493 1178 640 1201 uterentur
655 1173 754 1208 priscis
777 1179 880 1208 tempo-

90 1220 174 1251 ribus,
205 1220 259 1256 πρὸ
274 1220 324 1255 τῆς
338 1219 509 1255 μετοικεσίας
519 1218 687 1252 Βαϐυλῶνος.
705 1219 763 1254 (65)
779 1213 879 1247 Eorum

90 1265 111 1293 si
130 1265 256 1292 notitiam
279 1265 396 1300 aliquam
429 1270 615 1300 comparasset
641 1264 783 1300 Origenes,
803 1265 879 1292 Thau

89 1311 255 1338 Samaritani
270 1310 386 1338 formam
399 1311 434 1338 ab
449 1310 562 1338 Hebraeo
575 1311 621 1338 illo
631 1310 771 1345 accepisse
784 1318 813 1338 se
826 1319 878 1338 non

89 1354 214 1387 dixisset,
232 1362 313 1388 quant
329 1355 465 1390 cognitam
480 1361 513 1381 ex
527 1362 556 1382 se
572 1354 712 1382 habuisset
728 1359 755 1382 et
768 1363 878 1390 perspe-

90 1405 175 1428 ctam.
204 1400 294 1435 Atque
321 1400 365 1428 hic
389 1400 478 1428 obiter
501 1399 646 1435 Origenem
670 1401 840 1429 vindicemns
864 1409 880 1429 a

89 1453 205 1473 censura
225 1445 370 1481 Scaligeri,
387 1446 432 1480 qui
453 1446 479 1473 in
501 1445 579 1474 Notis
599 1445 632 1473 ad
648 1446 796 1474 Eusebium
812 1455 881 1482 pm-

89 1491 176 1518 fraete
198 1495 280 1526 negat
297 1490 372 1518 Thau
397 1490 591 1518 Samarilicum
610 1491 662 1518 alia
680 1491 766 1518 forma
787 1491 878 1524 fuisse,

87 1531 169 1572 quam
191 1545 243 1572 qua
266 1537 347 1564 hodie
372 1537 492 1572 pingitur
513 1536 539 1564 in
563 1536 642 1564 libris
663 1536 877 1570 Samaritarum;

87 1584 171 1611 etiam
191 1588 285 1611 contra
305 1582 462 1617 llieronymi
481 1583 685 1616 auctoritatem,
701 1583 746 1618 qui
773 1583 879 1610 codices

87 1628 280 1657 Samaritanos
292 1633 460 1656 versaverat.
473 1629 583 1656 Certum
596 1635 638 1657 est
649 1631 720 1658 enim
735 1638 786 1658 non
799 1630 879 1657 unico

86 1676 170 1703 modo
187 1676 274 1703 notari
291 1676 400 1704 solitutn
419 1676 502 1703 fuisse
523 1676 600 1703 Thau
618 1676 820 1708 Samariticum.
839 1682 879 1703 at-

86 1729 142 1756 que
158 1722 185 1748 id
201 1722 348 1756 aliquando
364 1723 397 1750 ad
412 1722 504 1750 crucis
520 1722 636 1750 formam
656 1730 716 1749 esse
732 1722 877 1756 depictum,

88 1771 117 1794 ut
133 1767 212 1794 fidetn
230 1767 334 1794 faciunt
352 1767 532 1794 vetustissimi
555 1766 657 1794 nummi
673 1766 858 1794 Hebrteorum.

125 1813 168 1840 Ill.
186 1812 242 1839 Non
257 1813 404 1845 Scriptura:
421 1812 660 1847 interpretationes
676 1812 817 1844 duntaxat,
832 1812 879 1839 sed

88 1859 165 1894 ipsos
197 1859 278 1886 etiam
297 1859 457 1892 interpretes
485 1859 687 1893 scriptoresqtte
707 1858 774 1885 adeo
791 1858 879 1885 eccle-

88 1905 218 1933 siasticos
244 1913 339 1932 omnes
365 1910 492 1933 accurate
519 1905 658 1932 evolverat
681 1904 878 1936 Adamantius,

88 1959 205 1985 quorum
225 1951 407 1985 patrocinium
429 1951 575 1978 sententiis
589 1950 644 1978 suis
658 1950 817 1984 plerumque
831 1958 880 1977 nos

88 1997 214 2023 minutim
243 1995 366 2028 aseiseit,
393 1995 540 2023 Clementis
561 2001 638 2031 puta,
665 1995 781 2031 lguatii,
801 1994 878 2022 Jose-

88 2042 134 2076 phi
146 2061 154 2074 ,
172 2041 294 2068 Philonis
307 2046 335 2068 et
352 2041 480 2069 aliorum.
499 2041 591 2076 Neque
605 2041 631 2068 id
653 2041 679 2068 in
700 2040 778 2067 libris
792 2040 878 2067 solum

87 2087 133 2122 qui
152 2095 167 2113 a
188 2086 286 2113 Ruﬁno
300 2087 425 2114 conversi
439 2092 514 2121 sunt,
539 2086 678 2122 reperias;
706 2086 764 2113 haec
782 2086 881 2121 quippe

123 2133 134 2148 ⁷
151 2133 160 2159 1
176 2132 300 2160 'l‘hessal.
319 2140 346 2167 ν,
367 2132 411 2160 21.

124 2181 181 2215 (65)
203 2180 335 2218 ἓρηιηιέί
347 2182 469 2218 notitiam
485 2183 601 2218 aliquam
619 2185 797 2218 comparasset
812 2180 874 2218 ονίτ

934 255 1081 288 stimahat;
1104 255 1153 282 sed
1188 255 1214 282 in
1237 255 1339 282 Grzecis
1360 254 1442 281 etiam
1470 254 1567 285 tomis,
1587 253 1630 280 vel
1653 253 1722 280 seri-

934 301 1070 336 ptionibus
1089 300 1123 327 ab
1141 300 1304 336 Hieronymo
1323 299 1471 327 Latinitate
1488 299 1606 331 donatis,
1625 298 1722 333 praeci-

934 354 986 380 pue
1006 353 1072 374 vero
1090 346 1116 374 in
1136 346 1213 373 libris
1240 350 1342 380 contra.
1362 344 1478 373 Celsum.
1501 345 1574 372 Inter
1596 343 1712 376 ecclesia

934 393 1020 420 sticos
1036 392 1196 427 scriptores,
1211 391 1430 427 apocrypborum
1449 396 1576 419 auctores
1590 390 1722 417 librorum

935 438 1034 471 refero,
1048 446 1163 474 quorum
1175 439 1337 466 testimoniis
1349 445 1421 472 saepe
1436 445 1542 472 quoque
1557 438 1652 470 utitur;
1669 443 1722 463 non

935 484 994 519 plus
1009 488 1100 512 tamen
1117 485 1150 512 iis
1165 484 1227 512 fidei
1248 484 1291 512 vel
1307 484 1479 512 auctoritatis
1492 483 1624 515 tribuens,
1641 489 1722 517 quam

934 535 1066 565 quantum
1085 538 1116 558 ex
1142 530 1192 557 hoc
1218 530 1340 564 Apostoli
1367 530 1477 568 monito.
1493 529 1620 556 tribuere.
1638 528 1720 556 licet:

936 587 946 603 ι
965 577 1063 605 Omnia
1083 578 1208 612 probate,
1228 577 1298 612 quod
1317 578 1414 603 bonum
1430 580 1474 603 est
1486 580 1575 602 tenete
1589 575 1610 602 ⁷.
1626 584 1636 600 ι

968 623 1012 650 IV.
1032 622 1094 650 Fuit
1116 630 1182 658 ergo
1207 622 1343 657 prmcipua
1371 621 1497 657 Origenis
1520 621 1546 648 in
1573 619 1721 655 Scripturis

934 667 1084 695 enodandis
1103 669 1255 700 contentio,
1272 667 1351 701 cujus
1373 666 1525 701 disciplinm
1545 673 1628 692 causa
1645 673 1723 693 exeo-

935 714 983 740 luit
1013 713 1061 746 τὰς
1087 713 1203 747 ἔξωθεν,
1232 714 1279 741 sed
1307 713 1516 748 philosophiam
1537 712 1720 747 potissimum.

935 757 1022 785 Unum
1037 764 1125 785 autem
1142 766 1197 793 prae
1213 758 1326 793 reliquis
1340 758 1477 785 Platonem
1496 757 1646 784 admiratus
1660 761 1721 784 est:

920 805 1004 839 ,sieut
1027 803 1181 831 Christiana
1206 805 1332 839 dogmata
1359 805 1392 832 ad
1419 803 1566 831 Platonicae
1592 803 1723 830 doctrinae

935 850 1016 885 leges,
1033 857 1085 877 non
1103 849 1189 886 ipsam
1206 850 1327 878 Platonis
1344 850 1495 878 doctrinam
1515 850 1547 876 ad
1561 848 1665 877 Christi
1681 848 1723 877 ef-

933 899 986 927 fata
1001 899 1229 928 accommodaret.
1239 896 1368 931 Exemplo
1384 903 1433 924 suo
1447 896 1589 930 Origenem
1605 903 1638 922 eo
1650 903 1723 922 corn-

932 947 1000 980 pulit
1024 946 1101 973 Philo
1126 944 1256 975 Iudaeus,
1279 947 1350 969 totus
1378 943 1411 969 ad
1434 941 1554 968 Platonis
1568 941 1721 976 exemplum

931 991 1110 1027 compositus,
1126 998 1178 1017 non
1195 988 1301 1018 Platoni
1319 988 1399 1015 nimis
1418 987 1563 1015 tribuendo
1581 987 1721 1018 duntaxat,

932 1037 977 1065 sed
1005 1037 1174 1071 Scripturam
1201 1035 1283 1061 etiam
1312 1033 1447 1068 allegoriis
1464 1033 1601 1067 perpetuis
1628 1033 1723 1066 expla-

932 1083 1031 1110 nanda.
1046 1081 1181 1115 Compulit
1203 1084 1230 1107 et
1256 1083 1405 1114 praeceptor
1421 1079 1493 1105 illius
1514 1078 1637 1105 Clemens
1660 1078 1722 1105 Ale-

932 1127 1084 1156 xandrinus
1097 1146 1105 1159 ,
1125 1125 1269 1153 academiaa
1286 1125 1430 1159 pigmentis
1447 1131 1489 1151 res
1504 1123 1674 1151 Christianas
1691 1123 1723 1150 il-

934 1173 1050 1200 lustrare
1066 1175 1159 1199 suetus
1173 1178 1181 1202 ',
1205 1170 1278 1204 quod
1305 1175 1333 1197 et
1349 1169 1465 1196 maxima
1482 1176 1544 1203 pars
1561 1169 1626 1195 fecit
1646 1173 1722 1196 vetn-

931 1221 1045 1247 stiorum
1061 1219 1175 1246 Patrum
1191 1237 1199 1250 ,
1218 1217 1264 1244 sed
1288 1216 1398 1251 parcius
1425 1220 1452 1242 et
1465 1215 1655 1242 verecundius.
1675 1215 1722 1242 llis

932 1267 1023 1300 itaque
1051 1265 1253 1293 Platonicorum
1287 1263 1388 1290 deliriis
1423 1262 1560 1289 sincerum
1592 1262 1722 1289 doctrinte

931 1312 1092 1340 Christianae
1109 1319 1158 1339 vas
1173 1316 1315 1346 postquam
1339 1308 1501 1336 incrustavit
1523 1307 1721 1340 Adamantius,

932 1367 963 1386 ex
980 1358 1025 1385 illo
1046 1358 1167 1385 doctrina
1185 1356 1245 1390 ejus
1263 1359 1390 1389 corrupta
1406 1358 1468 1386 est,
1484 1357 1511 1380 et
1526 1352 1649 1388 profanis
1671 1353 1723 1379 im-

932 1406 996 1433 buta
1012 1405 1165 1437 erroribus,
1179 1403 1251 1430 unde
1275 1402 1390 1430 infinitis
1411 1400 1531 1436 iactatus
1547 1399 1677 1427 conviciis
1695 1404 1722 1427 et

931 1449 1048 1484 querelis
1067 1450 1093 1476 in
1112 1456 1232 1476 summas
1247 1447 1344 1475 incidit
1367 1446 1551 1477 calamitates,
1571 1449 1598 1472 et
1614 1444 1721 1472 laudem

931 1496 1034 1523 meritis
1051 1500 1156 1530 partam
1179 1493 1297 1522 decoxit.
1314 1493 1366 1520 Sed
1396 1500 1445 1519 nec
1461 1491 1606 1519 academize
1623 1491 1722 1518 finibus

932 1541 1068 1576 ingenium
1086 1549 1163 1568 suum
1181 1539 1316 1571 coercuit;
1331 1539 1472 1565 universas
1488 1537 1533 1565 ille
1549 1537 1722 1572 philosopho-

933 1594 992 1613 rum
1008 1591 1098 1613 sectas
1122 1586 1213 1613 animo
1228 1591 1391 1620 pervagatus
1407 1589 1457 1612 est.
1480 1584 1722 1619 Pythagoricornm

932 1631 1040 1664 scriptis
1069 1631 1229 1658 delectatum
1261 1631 1354 1663 fuisse,
1383 1635 1410 1657 et
1433 1631 1586 1657 Stoicorum
1609 1636 1717 1664 quoque

931 1676 1087 1703 adhibuisse
1117 1676 1202 1704 libros
1221 1676 1298 1703 testis
1318 1680 1359 1703 est
1374 1675 1548 1711 Porphyrius.
1564 1675 1632 1702 Hinc
1654 1676 1722 1702 adeo

933 1729 984 1748 non
1004 1723 1048 1749 ltiti
1067 1722 1146 1750 alicui
1164 1722 1301 1750 addictum
1318 1727 1411 1755 scene,
1422 1722 1468 1749 sed
1482 1723 1602 1749 onmium
1617 1721 1722 1749 studio-

932 1776 990 1795 sum
1008 1769 1100 1800 fuisse,
1115 1777 1148 1796 ex
1164 1769 1252 1804 iisque
1265 1769 1396 1803 quidquid
1416 1769 1508 1795 utilius
1524 1775 1606 1800 esset,
1618 1773 1646 1795 et
1657 1775 1721 1795 vero

931 1815 1046 1842 similius
1062 1815 1240 1850 decerpsisse,
1256 1814 1382 1849 idemque
1394 1815 1535 1849 discipulis
1548 1819 1576 1840 ut
1599 1814 1721 1841 facerent

930 1865 1008 1886 caute
1022 1859 1349 1895 praacepisscﬁregorius
1364 1859 1580 1894 Thaumaturgus
1590 1859 1720 1894 scriptum

931 1906 1039 1940 reliquit
1048 1905 1116 1940 (66);
1129 1910 1156 1932 ut
1166 1914 1216 1932 non
1232 1910 1285 1932 tam
1294 1905 1458 1939 Platonicus,
1468 1906 1509 1933 vel
1517 1906 1720 1941 Pythagoricum,

931 1958 1011 1986 quam
1028 1950 1220 1978 Potainonicus
1244 1952 1296 1978 diei
1322 1951 1440 1984 debeat,
1469 1959 1484 1978 a
1510 1951 1658 1980 Potamone
1674 1951 1721 1978 illo

932 1997 1129 2030 Alexandrino,
1157 1997 1205 2032 qui
1224 1998 1358 2026 eclecticze
1374 2003 1454 2026 secta:
1467 2003 1562 2025 auctor
1573 1997 1634 2024 fuit.
1650 1997 1720 2031 Quo-

934 2042 1006 2069 circa
1028 2041 1195 2070 Justiuianus
1225 2044 1251 2071 in
1282 2044 1395 2078 epistola
1419 2045 1452 2071 ad
1487 2044 1603 2077 Menam,
1635 2048 1663 2071 et
1695 2043 1721 2070 in

936 2087 1019 2114 altera
1050 2090 1082 2115 ad
1110 2089 1231 2123 quintam
1266 2090 1416 2124 synodum,
1451 2097 1617 2125 paganorum
1648 2096 1721 2116 erro-

928 2181 985 2209 nesi
1007 2186 1034 2208 et
1051 2181 1161 2212 Exodo,
1187 2181 1212 2207 in
1230 2180 1343 2208 Psalmis
1373 2181 1436 2207 item
1450 2200 1458 2212 ,
1485 2181 1510 2207 in
1534 2179 1670 2210 Ieremia.
1695 2179 1722 2207 in

87 2224 177 2248 ganea,
202 2215 277 2242 Thau
303 2216 468 2243 Samarilam‘
491 2215 622 2251 formam,
638 2215 691 2243 etc.
712 2217 876 2244 Samaritani
894 2216 1066 2248 D'l‘hrenis;
1095 2217 1166 2250 apud
1195 2216 1365 2243 Ezechielem
1404 2216 1504 2245 etiam.
1529 2215 1722 2251 Danielemret

88 2251 200 2285 quidem
227 2251 364 2278 idiomatis
383 2251 606 2280 callentissimum
635 2252 719 2279 fuisse
739 2260 793 2278 non
814 2259 878 2279 reor

88 2287 247 2319 Urigenem.
263 2287 310 2313 sed
331 2287 399 2312 hami
417 2287 475 2314 scio
492 2295 527 2314 an
545 2287 712 2318 utJudaicis,
729 2288 765 2314 ita
782 2288 878 2313 Sama-

88 2321 186 2356 ritanis
203 2325 230 2356 et
245 2320 366 2356 Syriacis
382 2322 481 2349 litteris
490 2323 585 2350 saltent
602 2323 695 2350 leviter
712 2322 813 2349 tinctus
825 2330 877 2349 non

89 2355 184 2382 fuerit.
211 2355 255 2382 Sic
267 2355 344 2383 enim
370 2356 401 2383 Ι).
424 2357 576 2385 Bernardns
599 2358 632 2384 de
657 2357 829 2384 Montfaucon
851 2358 876 2384 in

89 2390 323 2426 Pnclimimtribus
341 2392 375 2417 ad
397 2391 517 2426 Hexapla
537 2393 662 2426 Origenis
679 2400 739 2426 cap.
754 2393 780 2424 ί,
802 2399 876 2419 num.

87 2425 125 2453 8:
140 2434 150 2453 ο
164 2426 328 2453 Samaritani
349 2431 376 2452 et
393 2427 453 2461 Syri
469 2425 596 2455 lectiones
609 2427 634 2454 in
653 2425 820 2461 marginibus
831 2434 877 2453 ve-

89 2462 305 2488 tustissinturum
328 2462 534 2496 exemplarium.
548 2471 607 2497 qum
628 2462 808 2496 [Iezaplorum
824 2463 878 2488 fra-

89 2501 202 2530 gmenta
214 2497 353 2532 exhibent,
370 2504 490 2532 persaspe
515 2500 716 2530 observantur;
734 2498 795 2532 Syri
813 2497 874 2532 qui-

90 2532 153 2558 dem
171 2532 198 2557 in
216 2531 352 2566 plerisque
362 2531 508 2566 Scriptura:
523 2533 617 2566 libris;
634 2531 797 2560 Samaritani
813 2540 877 2559 vero

90 2566 117 2592 in
135 2566 320 2593 Pentateucho
342 2572 445 2593 tanttttn
462 2577 468 2595 :
489 2569 534 2595 ubi
557 2576 608 2595 non
634 2568 822 2602 infrequenter
835 2567 877 2593 itt-

90 2602 301 2635 terpretatioues
315 2601 480 2630 Samaritani
496 2603 698 2631 animadvertas
710 2601 723 2635 ,ί
742 2603 876 2629 interdum

90 2636 164 2663 solas
192 2637 292 2669 sapius
307 2644 368 2664 cum
384 2637 499 2664 aliorum
520 2639 697 2672 interpretum
716 2638 876 2664 lectionibus

90 2672 214 2698 collatas.
228 2672 294 2698 Cum
315 2678 403 2698 autem
420 2672 469 2700 illzc
482 2673 647 2700 Samaritani
664 2673 805 2704 lectiones,
822 2680 874 2699 non

89 2706 117 2733 in
135 2707 249 2733 vetustis
262 2707 401 2734 codicibus
418 2711 521 2735 tantum
536 2728 543 2740 ,
561 2709 608 2735 sed
624 2709 706 2735 etiam
729 2709 798 2740 apud
824 2707 875 2734 Pa-

89 2747 148 2768 tres
170 2743 282 2775 quarti,
300 2742 386 2776 quinti
412 2747 440 2770 et
458 2745 627 2777 sequentium
652 2743 814 2770 s:ecnlorum
830 2750 876 2769 oe-

89 2782 225 2807 currant,
251 2778 391 2811 probabile
413 2785 479 2805 sane
496 2779 602 2805 videtur
625 2779 711 2812 ipsum
729 2777 874 2812 Origenem

90 2812 226 2848 lectiones
241 2812 302 2848 illas
324 2813 489 2840 Samaritaui
508 2813 533 2840 in
550 2814 672 2848 margine
694 2812 874 2847 Hexaplorunt

91 2846 226 2881 posuisse.
251 2847 322 2874 Idem
347 2848 587 2882 porrodicendum
604 2846 710 2874 videtur
730 2849 762 2874 de
783 2848 872 2882 Syro,

91 2882 169 2919 Cujus
194 2881 431 2916 interpretationes
449 2883 549 2919 passim
579 2883 748 2918 reperiuntur
768 2881 873 2915 in'Ge~

930 2253 1008 2279 Osee.
1027 2252 1087 2286 Syri
1108 2258 1188 2286 porro
1218 2251 1348 2278 lectiones
1370 2250 1519 2278 afferuntur
1548 2251 1582 2278 ab
1605 2250 1722 2286 Eusebio

929 2285 1131 2318 Cwsariensi,’a
1147 2287 1264 2313 Diodoro
1276 2287 1405 2313 Tarsensi
1422 2286 1602 2319 frequentius,
1621 2286 1654 2312 ab
1668 2285 1721 2312 Eu-

929 2322 1003 2349 sebio
1038 2322 1166 2348 Emiseuo
1180 2341 1188 2353 ,
1205 2321 1368 2357 Hieronymo
1381 2342 1388 2354 ,
1404 2321 1575 2348 Theodoreto
1600 2325 1636 2357 et_
1648 2321 1721 2357 aliis.

928 2357 1058 2390 Quodque
1078 2357 1226 2384 notandum
1250 2355 1417 2388 est,'iideni,
1437 2357 1608 2391 maximeque
1625 2355 1723 2382 Diodo-

929 2400 975 2419 rus
1006 2392 1105 2426 Syrum
1138 2399 1199 2418 cum
1231 2391 1342 2418 Hehrzco
1373 2399 1444 2425 saepe
1472 2393 1641 2426 conjnngnnt
1670 2391 1722 2426 hoc

929 2433 1006 2460 pacto
1020 2425 1056 2453 ίό
1074 2427 1159 2462 Σύρος
1177 2426 1225 2453 καὶ
1239 2428 1253 2455 ὸ
1267 2426 1476 2462 Ἐὄραῖος,νε1,
1498 2427 1513 2452 ὁ
1536 2425 1660 2461 Ἐϐραῖος
1676 2425 1723 2452 καὶ

928 2463 942 2490 ὁ
955 2461 1049 2497 Σύρος,
1075 2461 1182 2496 (litando
1200 2463 1305 2489 scilicet
1317 2461 1722 2497 amborum__inlerpretatioues

928 2495 1093 2524 conveniunt
1107 2517 1114 2530 ,
1130 2498 1201 2531 quod
1219 2504 1289 2532 saepe
1305 2497 1447 2531 contingit.
1461 2495 1508 2524 Ha:
1525 2496 1716 2532 porrorleetio-

929 2540 986 2563 nes,
1008 2533 1118 2565 perinde
1133 2538 1215 2566 atque
1234 2533 1409 2565 Samaritani,
1423 2532 1456 2559 ab
1471 2531 1588 2566 Origene
1599 2531 1717 2564 diligen-

928 2567 1033 2594 tissimo
1059 2565 1215 2594 versionum
1239 2568 1385 2594 collectore
1409 2565 1554 2600 potuerunt
1580 2567 1662 2593 etiam
1692 2565 1719 2592 in

929 2603 1095 2637 marginibus
1123 2602 1303 2636 [Iaxaplorum
1330 2602 1458 2629 collocari
1482 2610 1488 2628 :
1511 2609 1675 2637 quanquam,
1692 2600 1718 2637 id

928 2635 1038 2665 minime
1055 2642 1170 2665 constet.
1189 2637 1250 2664 Haec
1265 2638 1365 2672 quippe
1376 2637 1463 2664 solttm
1484 2636 1633 2672 divinando
1651 2635 1719 2672 dici-

928 2681 987 2700 mus
1003 2683 1009 2700 :
1024 2674 1109 2700 donec
1119 2673 1191 2700 enim
1205 2670 1295 2706 aliqua
1312 2670 1354 2699 vel
1377 2672 1481 2698 tantilla
1499 2679 1564 2706 pars
1580 2670 1717 2705 Hexaplo-

927 2717 997 2740 rum,
1020 2713 1049 2735 ut
1067 2708 1143 2735 initio
1160 2709 1260 2742 scripta
1280 2708 1399 2740 fueruttt,
1422 2714 1437 2734 e
1454 2707 1574 2734 tenebris
1597 2713 1718 2742 eritersef

928 2745 973 2775 rit,
989 2743 1093 2778 plenam
1106 2741 1310 2778 perfectamque
1320 2742 1426 2770 illorum
1446 2742 1569 2769 notitiam
1582 2741 1719 2776 expiscari

927 2786 980 2806 non
994 2779 1152 2806 valebimus.
1166 2789 1175 2804 ι

964 2813 1021 2849 (66)
1038 2813 1120 2849 Greg.
1147 2814 1262 2842 Thautn.
1292 2814 1317 2841 in
1356 2815 1456 2848 t’amg.
1486 2820 1561 2840 num.
1581 2812 1598 2840 Ἰ
1621 2816 1649 2840 et
1675 2810 1722 2846 l3,

929 2848 990 2890 pag.
1005 2848 1040 2877 67
1060 2854 1087 2879 et
1098 2848 1143 2878 7-}.
