1915 3079
228 121 278 149 683

861 115 892 144 P.
912 112 1072 142 DANIELIS
1092 113 1208 142 HUETII

1811 117 1862 144 685

229 185 298 215 fuit;
320 190 381 210 nam
397 186 539 217 postquam
557 179 615 212 ejus
640 179 730 206 locum
749 185 798 213 per
807 164 944 206 summam
958 186 1020 213 per-
1038 180 1058 208 Α
1072 177 1180 211 penitus
1194 176 1280 204 fuisse
1294 176 1468 211 consopitas;
1488 176 1645 212 Dionysium
1658 184 1724 205 vero
1742 176 1857 205 lleracln

230 231 320 256 lidiam
344 228 443 256 invasit
467 226 615 262 Philippus,
630 227 711 253 vitam
733 226 756 253 ei
775 225 866 254 statim
882 225 941 260 pari
959 232 1018 251 sre-

230 277 285 304 lcre
313 275 448 303 exhausit.
478 273 530 301 Sed
557 277 688 308 concepta
715 273 834 300 facinora
859 271 1017 306 pmnitentia

229 323 399 353 emendasse,
417 325 444 348 et
465 320 498 347 ad
525 320 625 348 Christi
644 327 753 354 quoque
779 325 869 354 partes
889 319 1019 346 transisse

229 369 352 397 historici
368 368 477 402 quidam
492 367 651 398 Christiani.
669 367 708 393 uti
721 374 783 393 mox
801 366 899 393 dicturi
913 373 1017 398 sumus,

229 416 418 452 prodiderunt.
431 414 496 441 Utut
510 418 561 446 est,
575 413 683 440 lertittm
696 412 752 447 jam
780 412 885 445 imperii
898 419 929 438 eo
941 418 1020 447 agen-

230 467 255 487 te
270 467 370 488 annum
390 459 520 486 Eccle<ite
544 457 734 485 Alexandrinae
754 455 1018 483 administrationem

188 535 190 540 λ
229 507 374 543 capessivit
391 506 536 541 Dionysius
558 504 615 536 illc,
630 511 710 538 quem
734 503 904 530 Alexandria:
921 502 1018 537 Orige-

229 561 278 580 nes
293 552 436 587 prazceptis
452 551 517 578 olim
545 549 749 581 informaverat,
781 553 889 575 mertuo
906 547 1017 575 Heracla

229 598 358 635 Origenis
373 603 400 625 et
420 598 478 632 ipso
488 595 631 631 discipulo,
650 599 793 629 postquam
805 593 1018 621 Alexandrinum

229 646 414 679 episcopatum
441 651 490 678 per
512 642 609 669 multos
632 649 718 669 annos
743 641 841 668 tenuit.
879 640 1018 667 Annorum

230 691 380 719 octodecim
392 696 532 717 numerum
542 688 637 716 definit
647 687 780 715 Eusebius
794 687 820 714 in
831 685 960 714 Chronico
970 685 1018 721 (Ι),

230 739 366 767 sexdecim
378 739 405 765 in
425 737 542 764 Historia
558 742 567 761 :
583 742 677 761 verum
695 742 743 769 pro
756 733 914 766 ἑκκαίδεκα,
930 732 1019 767 aliqua

231 784 398 820 exemplaria
421 782 572 817 praetulisse
597 780 702 812 ἕνδεκα,
721 779 763 807 vel
779 780 815 806 ita
833 784 907 806 certe
923 778 1020 814 legisse

231 833 394 867 interpretes
413 830 529 863 aliquos.
555 834 587 854 ex
611 826 645 852 iis
670 826 754 860 liquet
776 832 835 859 quae
849 825 875 852 in
896 824 921 851 id
939 832 1019 859 argu-

230 884 351 906 mentum
370 875 479 911 scripsit
493 873 627 901 Baronins
637 873 688 907 (2).
710 872 837 899 Errorem
854 871 912 905 ipse
927 870 955 897 in
970 878 1019 896 nu-

231 932 335 952 merum
360 923 432 950 hunc
457 921 601 956 irrepsisse
618 919 697 951 vidit,
714 923 741 945 et
755 925 787 945 ex
812 916 928 944 Eusebio
952 923 1019 950 qna-

231 970 380 998 tuordecim
407 967 502 996 saltem
530 966 609 994 annis
634 965 661 992 in
684 963 869 991 Alexandrina
888 962 1018 990 cathedra

230 1014 372 1044 Heraclam
392 1014 492 1042 sedisse
516 1011 660 1039 conclusit.
680 1009 763 1037 Plane
785 1017 878 1036 verum
899 1013 941 1036 est
950 1008 1019 1038 totis

231 1062 385 1096 quindecim
399 1060 502 1087 sedisse
518 1058 612 1090 annis;
642 1064 705 1083 nam
722 1057 757 1083 ab
776 1062 848 1082 anno
873 1053 1018 1082 Alexandri

231 1106 348 1138 decimo,
363 1114 416 1140 quo
431 1113 500 1131 anno
518 1103 643 1139 ponimtts
659 1102 827 1137 acquievisse
840 1100 1018 1130 Demetrium,

231 1155 264 1180 ad
283 1152 396 1187 Philippi
412 1151 534 1182 tertium,
553 1148 625 1184 pleni
643 1147 798 1182 quindecim
819 1146 882 1173 attni
900 1146 1019 1173 interce-

231 1201 308 1226 dunt.
324 1196 473 1225 Dicendum
493 1201 559 1229 ergo
577 1193 732 1228 quindecim
746 1193 773 1219 in
790 1191 949 1227 pontificatu
965 1195 1020 1216 tra-

231 1245 320 1272 ductis
333 1244 424 1274 annis,
450 1241 556 1268 decimo
577 1244 654 1267 sexto
675 1238 817 1266 Heraclam
835 1242 938 1264 natura:
952 1244 1019 1264 con-

230 1291 357 1318 cessisse.
375 1289 411 1316 Ita
436 1286 639 1323 intelligendum
662 1285 728 1321 puto
751 1284 898 1312 Eusebium
917 1293 924 1311 :
940 1288 1021 1318 atque

231 1338 252 1364 si
273 1340 348 1363 recte
366 1334 536 1368 conjicimus,
560 1340 593 1361 eo
609 1333 667 1368 ipso
681 1338 754 1359 anno
768 1330 923 1358 Demetrius
945 1330 1021 1357 obie-

233 1384 277 1413 rit.
296 1389 350 1416 quo
373 1380 506 1416 Origenes
520 1379 668 1414 Egyptum
686 1377 805 1412 reliquit.
823 1375 893 1403 Hinc
913 1383 1021 1411 quoque

232 1425 390 1452 manifestus
406 1423 550 1456 Nicephori
574 1422 612 1458 (5)
626 1429 713 1453 error,
739 1421 783 1455 qui
805 1425 866 1455 post
884 1420 1020 1448 decimum

232 1470 341 1497 tertium
368 1469 543 1504 episcopatus
568 1475 668 1494 anntnn
703 1467 855 1501 imperante
881 1465 1020 1493 Gordiano

209 1516 375 1544 'lleraclam
400 1515 549 1543 decessisse
580 1513 684 1542 srribit.
716 1514 750 1540 At
786 1512 907 1548 Scaliger
923 1512 962 1548 (4)
976 1512 1020 1540 hic

231 1561 361 1590 memoria
374 1561 478 1595 lapsum
488 1559 629 1587 contendit
641 1558 799 1590 Eusebium,
809 1557 921 1592 ejusque
932 1557 1021 1585 adhze-

232 1612 275 1635 ret
287 1607 429 1638 Chronico,
445 1605 515 1641 quod
536 1612 606 1632 anno
629 1603 745 1639 Philippi
764 1604 859 1639 quinto
876 1604 1020 1639 episcopa-

232 1658 289 1680 tum
310 1651 523 1679 Alexandrinum
538 1658 553 1676 a
571 1649 700 1685 Dionysio
715 1648 812 1676 initum
830 1648 912 1676 fuisse
927 1650 1016 1676 docet.

231 1699 259 1726 id
274 1705 307 1726 ex
322 1697 459 1725 constanti
477 1697 607 1723 duntaxat
623 1695 745 1723 codicum
761 1703 896 1722 consensu
913 1695 1020 1730 probat,

231 1745 277 1780 qui
310 1744 350 1772 sic
376 1743 485 1770 trahent.
505 1743 593 1770 Futile
618 1747 808 1777 argumentum
833 1742 937 1775 :qnasi
966 1749 1019 1769 non

232 1790 359 1818 Historiae
384 1790 542 1818 Eusebianae
568 1791 676 1817 codices
699 1790 778 1816 tertio
805 1789 919 1823 Philippi
949 1796 1021 1815 anno

231 1843 390 1866 constanter
403 1844 512 1872 quoque
529 1837 555 1863 id
567 1837 720 1872 assignent.
732 1836 814 1863 Certe
828 1836 850 1862 si
864 1844 896 1862 ex
912 1835 1020 1862 Eusebii

231 1885 361 1918 Chronirp
386 1883 544 1917 castiganda
573 1887 614 1909 est
640 1881 700 1917 ejus
727 1881 857 1913 Historia,
884 1881 1021 1908 sexcentis

231 1930 380 1965 castigetnr
395 1929 475 1962 locis,
492 1929 519 1956 in
541 1929 642 1964 quibus
658 1928 832 1956 dissentiunt.
860 1927 906 1955 Vel
925 1928 950 1954 in
970 1928 1021 1955 hoc

231 1975 353 2004 llcraclte
378 1983 512 2003 annorum
529 1974 699 2010 ἐπιλογισμῷ
714 1974 820 2000 initimn
839 1974 898 2007 ejus
916 1973 1022 2008 episco-

231 2029 311 2057 patus
332 2022 439 2050 confert
456 2021 607 2049 Chronicon
628 2021 655 2048 in
683 2028 782 2048 annum
808 2020 953 2046 Alexandri
976 2026 1022 2046 no-

231 2077 314 2102 num;
341 2069 444 2096 exitum
468 2067 593 2102 Origenis
619 2075 652 2094 ex
673 2066 837 2094 Alexandria
859 2066 884 2092 in
909 2065 1021 2092 undeci-

231 2123 320 2148 mum;
335 2122 396 2142 cum
408 2115 493 2142 exitui
512 2114 639 2149 Origcnis
653 2121 753 2140 annum
784 2112 929 2140 Alexandri
947 2112 1020 2139 deci-

232 2170 304 2190 mum
332 2160 609 2196 ascribatlﬂistoria.
640 2165 668 2188 et
691 2165 751 2195 post
775 2160 895 2194 ejusdem
917 2159 1020 2186 exitum

1070 231 1256 251 successorem
1280 223 1390 257 Origeni
1415 223 1627 251 infensissimum
1646 231 1676 251 se
1701 223 1861 258 praebuisse.

1071 269 1108 305 (5)
1136 269 1224 305 Supra
1247 270 1464 297 demonstratum
1491 278 1506 296 a
1527 269 1605 297 nobis
1631 275 1674 297 est
1707 270 1863 297 testimonio

1070 316 1219 348 Gennadii,
1249 316 1321 344 Petri
1353 316 1545 347 Alexandrini,
1575 316 1697 348 epistolae
1724 316 1862 351 synodica:

1070 362 1258 397 Egyptiorum
1284 363 1440 396 pra‘snlum,
1469 367 1497 390 et
1520 362 1621 393 Photii.
1647 369 1700 389 non
1734 363 1814 390 aliter
1834 363 1861 390 in

1070 409 1212 443 ()rigeuem
1232 408 1380 435 animatum
1401 407 1485 435 fuisse
1506 407 1660 440 Heraclam,
1685 415 1718 435 ac
1737 408 1860 436 decesso-

1071 463 1127 482 rem
1147 455 1230 487 ipsius
1254 454 1430 482 Demetrium.
1453 454 1568 481 Causam
1587 461 1652 481 vero
1667 462 1717 481 cur
1737 455 1860 482 eumdem

1070 509 1085 529 a
1103 501 1228 537 Dionysio
1244 506 1427 536 oppugnatum
1446 500 1568 527 crederet
1583 500 1728 533 Baronius,
1756 501 1815 528 sive
1828 509 1860 528 ex

1071 548 1244 580 auctoritate.
1259 549 1315 575 sive
1335 555 1368 575 ex
1382 548 1619 575 verisimilitudine
1633 549 1747 582 petitam
1762 549 1861 577 addere

1071 593 1178 625 debuit;
1195 601 1256 628 quae
1269 599 1343 620 certe
1358 593 1430 620 nulla
1441 598 1494 620 est.
1509 593 1606 620 Merito
1620 594 1711 628 itaque
1723 594 1796 622 hanc
1805 595 1862 630 ejus

1069 639 1225 674 opinionem
1245 639 1398 674 repudiavit
1423 639 1561 666 Halloxius
1577 641 1626 675 (6),
1645 645 1671 668 et
1696 641 1862 676 Origenem,

1070 688 1158 720 quoad
1178 686 1256 718 vixit,
1272 693 1445 720 summopere
1462 693 1476 712 a
1494 685 1620 722 Dionysio
1631 688 1822 721 observatum,
1836 694 1873 716 er

1070 736 1129 763 post
1147 736 1260 759 mortem
1274 731 1355 758 etiam
1368 731 1505 758 laudatum
1517 731 1602 760 fuisse
1613 733 1774 766 contendit;
1792 734 1863 769 quod

1070 782 1097 804 et
1111 785 1160 805 nos
1176 777 1246 804 infra
1262 778 1450 806 ostendemus.

1107 823 1152 850 XI.
1167 822 1205 858 (7)
1223 823 1356 850 Cteterum
1371 824 1550 858 sexagenario
1560 824 1617 858 jam
1631 825 1718 858 major
1729 825 1865 861 Origenes

1072 870 1142 897 haud
1168 870 1277 904 segnius
1297 878 1388 897 rerum
1412 870 1565 898 divinarum
1593 872 1746 906 satagebat,
1775 881 1865 908 neque

1071 916 1156 943 ullum
1181 916 1239 944 fere
1262 916 1461 944 intermittebat
1478 918 1561 950 diem,
1579 919 1646 952 quin
1672 919 1714 945 vel
1731 920 1764 946 ad
1778 927 1865 955 popu-

1071 962 1125 989 lum
1140 963 1173 989 de
1186 962 1240 990 Deo
1264 964 1345 990 verba
1365 963 1478 996 faceret.
1495 964 1537 991 vel
1564 965 1708 998 scriberet,
1729 966 1772 993 vel
1792 966 1866 1002 lege-

1071 1013 1121 1040 ret,
1138 1007 1179 1034 vel
1193 1007 1404 1042 colloqueretur.
1419 1009 1514 1036 Testes
1530 1014 1594 1036 sunt
1606 1010 1681 1036 omni
1699 1017 1787 1036 sacrte
1799 1018 1865 1038 eru-

1071 1054 1182 1081 ditionis
1209 1053 1284 1088 frugc
1310 1054 1401 1082 referti
1424 1055 1483 1082 libri
1499 1061 1590 1081 contra
1615 1054 1735 1086 Celsum.
1765 1057 1865 1090 quibus

1071 1098 1194 1134 Epicurei
1229 1101 1358 1135 sophista:
1390 1101 1569 1134 petulantiam
1602 1101 1742 1129 Ambrosii
1780 1110 1864 1130 suasu

1072 1147 1195 1174 contudit
1223 1148 1357 1182 (quosque
1382 1148 1521 1176 Gordiano
1559 1148 1714 1182 imperante
1746 1149 1866 1185 scriptos

1072 1191 1140 1219 falso
1160 1193 1301 1220 Marianus
1325 1194 1423 1221 Scotus
1440 1195 1478 1230 (8)
1495 1195 1672 1228 existimavit.
1700 1202 1729 1224 et
1744 1205 1864 1232 quorum

1072 1238 1288 1267 lncubrationem
1304 1240 1338 1267 ad
1353 1247 1454 1268 annum
1470 1241 1523 1268 257
1538 1249 1679 1276 perperam
1699 1243 1794 1270 retulit
1809 1243 1865 1270 Da-

1073 1284 1117 1311 vid
1139 1284 1292 1312 Blondellus
1306 1285 1356 1321 (9),
1373 1293 1545 1320 summopere
1565 1286 1638 1320 licet,
1654 1287 1680 1314 in
1704 1294 1735 1314 re
1748 1294 1864 1322 pnes-er

1073 1329 1120 1357 tim
1134 1331 1337 1366 cbronologica,
1350 1336 1448 1359 cautus
1461 1336 1488 1358 et
1505 1332 1635 1367 diligens;
1654 1339 1738 1367 atque
1755 1334 1793 1360 ita
1809 1337 1866 1359 toto

1072 1377 1211 1405 aberravit
1234 1377 1382 1410 decennio.
1407 1378 1506 1412 quippe
1535 1379 1581 1413 qui
1607 1379 1711 1406 obitum
1738 1378 1867 1413 Origenis

1072 1430 1143 1450 anno
1154 1422 1207 1450 256
1221 1423 1407 1458 assignasset),
1423 1428 1503 1450 testes
1517 1424 1588 1451 docti
1608 1425 1634 1450 in
1656 1423 1816 1451 Multhwnm
1840 1429 1867 1451 et

1072 1470 1099 1496 in
1133 1469 1278 1504 Propheta:
1299 1467 1340 1497 ἰιι
1367 1469 1573 1502 Commentarii;
1599 1474 1682 1497 testes
1711 1470 1867 1497 innumerae

1034 1525 1056 1554 ε
1072 1516 1106 1543 ad
1122 1516 1211 1543 varios
1224 1517 1334 1551 scriptse
1349 1516 1486 1551 Epistolre,
1503 1525 1573 1552 quas
1587 1517 1736 1551 plusquam
1754 1523 1867 1544 centum

1073 1563 1252 1597 undecunque
1268 1567 1364 1590 nactas
1387 1563 1533 1598 collegerat
1550 1567 1630 1590 tetale
1647 1571 1694 1591 sua
1716 1563 1866 1597 Eusebius,

1073 1613 1098 1635 et
1115 1607 1141 1634 in
1168 1607 1252 1634 libros
1275 1607 1435 1643 digesserat.
1457 1608 1514 1643 (l0)
1531 1607 1593 1635 Illas
1615 1616 1751 1636 annorum
1781 1609 1868 1636 series

1072 1653 1250 1688 consumpsit.
1796 1679 1800 1682 ,

1109 1699 1165 1727 Xll.
1181 1701 1268 1734 Atque
1285 1699 1387 1726 utinam
1412 1698 1454 1726 vel
1469 1699 1529 1726 duae
1541 1699 1593 1727 illae
1608 1705 1787 1735 superessent
1809 1701 1868 1734 epi-

1072 1746 1158 1778 stolae,
1184 1753 1252 1780 quas
1279 1746 1311 1771 ad
1339 1745 1491 1780 Philippum
1518 1746 1724 1778 imperatorem,
1752 1745 1868 1781 ejusque

1072 1798 1183 1818 uxorem
1213 1790 1344 1818 Severum
1363 1792 1512 1826 Augustam
1535 1792 1656 1826 scripsit.
1688 1791 1759 1819 Hinc
1790 1797 1867 1820 certo

1072 1838 1169 1874 conjici
1194 1842 1296 1872 posset,
1322 1845 1422 1865 verene
1440 1837 1548 1864 Christo
1566 1838 1742 1870 adlucserint,
1768 1846 1867 1873 quern-

1072 1884 1216 1911 admodum
1232 1884 1266 1910 ab
1281 1883 1439 1911 auctoribus
1459 1883 1620 1911 Christianis
1644 1884 1783 1917 proditum
1799 1888 1841 1911 est
1859 1893 1865 1910 :

1072 1938 1106 1957 an
1121 1939 1135 1956 a
1153 1929 1316 1957 Christianis
1338 1929 1466 1969 partibus
1476 1928 1578 1956 fuerint
1599 1929 1693 1962 alieni,
1709 1929 1786 1964 quod
1803 1938 1866 1965 per-

1073 1976 1169 2004 suadet
1195 1975 1366 2003 ethnicorum
1388 1978 1530 2002 auctorum
1544 1975 1578 2002 de
1593 1983 1659 2002 nova
1675 1976 1709 2002 ab
1725 1976 1759 2003 iis
1772 1984 1867 2004 susce-

1071 2027 1117 2058 pta
1135 2022 1264 2056 religione
1277 2021 1434 2050 silentium:
1460 2025 1487 2048 et.
1500 2021 1644 2048 multortnn
1659 2025 1794 2055 praeterea
1811 2027 1867 2050 tum

1072 2068 1305 2098 Christianorum,
1328 2071 1384 2094 tum
1409 2067 1581 2094 ethnicorum
1596 2074 1758 2099 consensus,
1774 2076 1789 2095 a
1808 2069 1868 2104 qul-

1072 2115 1122 2142 bus
1139 2115 1243 2149 primus
1268 2113 1340 2140 inter
1370 2113 1548 2148 imperatores
1565 2112 1702 2140 Christum
1726 2115 1868 2149 professos

1073 2159 1267 2188 Constantinus
1290 2159 1452 2186 celebratur.
1486 2159 1542 2193 Ego
1566 2159 1674 2193 quidem
1705 2168 1867 2196 magnorum

231 2206 378 2234 decessisse
397 2205 562 2233 Demetrium
578 2205 723 2241 significet,
750 2213 811 2232 eum
828 2205 871 2232 cui
888 2204 1019 2232 lleraclas
1037 2205 1058 2232 Ι)
1075 2207 1194 2234 virormn
1210 2206 1352 2233 sententiis
1367 2214 1456 2233 meum
1472 2213 1579 2241 quoque
1591 2206 1722 2240 judicium
1734 2228 1742 2239 ,
1757 2209 1868 2242 quando

232 2254 371 2282 successit.

268 2300 302 2327 Χ.
318 2300 451 2328 Baronius
467 2299 499 2326 ad
512 2306 612 2326 annum
636 2298 699 2330 248,
719 2305 793 2325 ηυιη.
815 2299 840 2330 l,
863 2298 973 2333 Origeni
991 2299 1018 2325 in

233 2347 356 2374 omnibus
373 2346 514 2374 Heraclam
539 2346 640 2373 favisse
655 2345 761 2377 scribit,
779 2351 860 2379 atque
877 2345 937 2372 ideo
957 2352 1018 2381 post

232 2394 360 2421 Demetrii
381 2397 495 2420 mortem
523 2392 648 2420 concitas
675 2391 806 2419 adversus
830 2398 891 2418 eum
923 2392 1016 2419 turbas

266 2508 302 2543 (Ι)
317 2507 427 2543 Euseb,
447 2505 517 2533 Ηὴι.
533 2506 608 2543 eccl.,
623 2506 670 2533 lib.
683 2513 720 2543 vr,
738 2512 800 2543 cap.
816 2504 861 2532 55.

265 2539 304 2575 ('2')
323 2542 422 2569 Baron.
437 2543 469 2568 ad
484 2550 527 2568 an.
543 2542 606 2573 248,
620 2549 694 2568 num.
710 2541 722 2568 1
739 2544 767 2567 et.
780 2539 807 2567 5.

221 2576 225 2602 ι
265 2579 304 2611 (5)
321 2577 447 2611 Niceph..
462 2576 507 2603 lib.
525 2585 552 2607 v.
568 2585 629 2609 cap.
643 2575 689 2602 26.

265 2609 304 2648 (ei
319 2609 420 2648 Scalig.
442 2612 624 2639 Animadvers.
639 2612 667 2638 in
682 2609 781 2638 Chron.
799 2609 898 2638 Euseb.
909 2610 941 2637 ad
955 2618 1018 2636 ann.

232 2649 310 2676 2205.

266 2685 306 2718 (5)
321 2684 410 2718 Supra
432 2683 637 2709 demonstratum
668 2690 684 2708 a
709 2680 845 2718 natrices!
871 2681 1019 2718 testimonia

233 2714 374 2750 Ge‘miadii',
393 2723 445 2745 etc.
464 2717 618 2744 Verisimile
633 2721 739 2744 nonest
754 2716 901 2751 quidquam
920 2716 954 2741 ab
968 2714 1021 2742 lic-

234 2754 303 2780 racia
317 2758 411 2780 contra
426 2753 570 2787 Origenetn
595 2757 686 2780 actum
707 2751 802 2783 fuisse,
823 2756 851 2777 ut
868 2751 924 2785 jam
939 2758 1020 2784 supra

234 2788 400 2815 ostendimus
415 2788 442 2816 in
459 2795 518 2821 cap.
532 2787 559 2820 2,
578 2796 605 2815 n.
627 2787 670 2815 l5.

267 2823 434 2875 immllallox.
463 2820 556 2850 Natat.
591 2824 625 2849 ad
651 2822 759 2858 Origen.
793 2821 893 2856 defeat.
926 2820 973 2849 lib.
1001 2829 1020 2854 ι,

234 2865 290 2892 cap.
304 2861 349 2884 ‘22.

1065 2262 1119 2283 ,me
1136 2261 1179 2280 res
1201 2253 1226 2280 id
1240 2253 1378 2284 admonet,
1405 2251 1586 2286 interponam.
1614 2252 1641 2279 Si
1665 2253 1776 2287 publice
1791 2254 1869 2281 Citri-

1075 2300 1226 2328 stianorum
1241 2298 1320 2325 fidunt
1336 2298 1473 2333 professus
1488 2297 1582 2325 fuisset
1596 2297 1753 2332 Philippus,
1769 2300 1869 2327 verisi-

1075 2345 1138 2372 mile
1167 2344 1262 2379 utique
1291 2347 1401 2371 nonest
1430 2343 1562 2371 taciluros
1589 2344 1614 2370 id
1642 2344 1726 2372 fuisse
1742 2345 1869 2374 ethnicos

1073 2391 1230 2426 scriptores,
1245 2390 1418 2424 futuramque
1432 2389 1470 2416 rei
1491 2389 1582 2423 hujus.
1601 2390 1671 2417 sicut
1686 2390 1750 2424 fuit,
1765 2392 1867 2420 obscu—

1112 2505 1151 2540 (7)
1167 2505 1279 2536 Euseb.,
1293 2504 1398 2532 Hister.
1411 2504 1487 2536 eccl.,
1501 2505 1547 2532 lib.
1565 2512 1602 2537 vr,
1616 2512 1676 2539 cap.
1690 2505 1738 2533 56.

1110 2539 1149 2575 (8)
1164 2540 1276 2567 Marian.
1293 2539 1368 2567 Scot.
1385 2540 1418 2575 ad
1431 2548 1474 2567 an.
1490 2540 1591 2567 Christi
1603 2540 1668 2567 2η.

1273 2575 1321 2602 lib.
1336 2575 1363 2601 in
1380 2574 1585 2602 llluatramentit
1600 2575 1686 2609 famil.
1700 2581 1822 2605 contror.
1837 2579 1865 2604 ιιι

1101 2612 1174 2641 uch.,
1193 2618 1218 2636 c.
1232 2612 1262 2637 4.

1111 2646 1168 2681 (10)
1191 2644 1259 2672 Illas
1294 2653 1424 2673 annorum
1452 2645 1532 2672 series
1556 2646 1728 2680 consumpsiL
1765 2646 1866 2674 llarum

1073 2681 1225 2715 fragmenta
1238 2681 1360 2714 quedam
1375 2681 1510 2707 edidimus
1520 2681 1597 2708 initio
1613 2681 1705 2707 ωιτη-1
1717 2683 1867 2716 quasdam-

1075 2723 1128 2750 qne
1147 2715 1283 2749 integras;
1300 2722 1332 2742 ac
1358 2716 1470 2750 proinde
1491 2724 1544 2743 non
1567 2723 1661 2743 omnes
1689 2715 1862 2745 intercidere.

1073 2751 1170 2787 Neque
1187 2750 1270 2787 etiam
1292 2758 1386 2787 carnes
1401 2751 1452 2778 illa:
1472 2750 1602 2785 epistolae,
1622 2758 1692 2787 quas
1717 2752 1864 2787 collegerat

1074 2784 1217 2818 Eusebius,
1243 2785 1277 2813 ab
1291 2784 1410 2820 Origene
1426 2784 1605 2823 sexagenario
1622 2784 1738 2823 jnajore
1756 2784 1865 2823 scripta:

1073 2826 1148 2862 sunt,
1161 2825 1189 2848 ut
1206 2825 1280 2856 patet
1305 2828 1338 2848 ex
1357 2826 1450 2850 nostra
1467 2821 1494 2849 in
1510 2822 1559 2850 has
1585 2821 1717 2856 epistolas
1742 2821 1864 2852 autumn.

1074 2861 1158 2885 Itone.
