1915 3079
101 115 158 146 685

635 126 924 155 ORIGENIANURUM
945 127 1008 156 ΗΒ,
1028 128 1049 160 l,
1069 128 1143 156 CAP.
1165 126 1208 156 Ill.

1683 130 1735 158 6κῆ

99 191 162 210 ram
180 183 282 212 famam
295 191 323 212 et
335 185 478 213 incertam.
491 186 544 214 Nec
558 187 642 215 multo
653 188 828 215 verisimilius
843 193 894 219 est,
911 191 934 218 Α
948 197 1010 223 pum
1030 190 1063 216 ab
1079 190 1200 217 Ecclesia
1221 194 1358 224 segregat,
1373 194 1549 225 veterumque
1563 190 1734 218 Christiano-

97 229 124 258 εἰ
137 230 313 258 Christianus
326 240 379 259 non
392 231 497 264 fuisset,
511 233 537 260 id
550 233 720 267 proditurum
733 235 891 267 Eusebium,

98 276 269 310 temporibus
283 277 337 305 illis
355 279 519 312 proximum,
535 287 596 306 eum
610 284 755 315 utramque
780 289 841 308 eum
861 282 893 308 ad

98 321 254 358 Philippum
268 328 295 351 et
314 324 444 352 Severam
459 324 494 352 ab
515 325 632 360 Origene
647 326 776 360 scriptam
792 328 894 361 episto-

98 369 154 396 iam
171 369 272 397 vidisse
293 375 409 404 constet,
431 376 511 406 quam
537 379 593 398 non
616 372 710 407 paucis
731 377 791 407 post
808 373 892 400 Ense-

69 413 73 414 ⁷
98 414 176 441 bium
192 415 273 443 annis
288 416 388 443 vidisse
405 424 515 451 quoque
531 417 703 444 Vincentium
721 417 892 445 Lirinenscm

97 459 219 487 solerter
235 460 413 494 deprehendit
437 461 570 490 Baronius
586 463 655 498 (11).
675 462 730 498 (i2)
750 463 796 490 Sic
810 464 893 498 igitur

98 506 202 537 sentio,
225 505 327 533 Christi
355 508 441 536 sacris
466 516 481 535 a
504 508 626 536 Fabiano
658 516 729 543 papa
756 509 891 536 initiatum

96 551 184 579 fuisse
199 551 362 587 Philippum,
378 553 425 580 sed
443 554 561 587 occulte,
578 555 660 590 idque
674 554 745 582 clam
768 555 892 583 ethnicos

97 598 238 630 habuisse,
257 605 291 626 ne
311 599 377 633 quid
401 599 464 626 inde
488 607 533 628 res
552 608 607 628 sum
632 600 788 628 detrimenti
814 609 889 634 cape-

96 648 172 674 rent,
188 651 256 677 qnas
266 644 389 678 pristina:
405 644 545 680 religionis
559 647 671 679 ejuratae
688 647 759 674 fama
776 646 890 675 forsitan

95 689 300 717 conturbasset.
317 689 385 717 Hinc
403 691 436 718 ab
452 691 569 719 ethnicis
583 693 765 728 scriptoribus
777 695 891 721 tacitum

95 735 167 762 illud
183 741 234 768 est,
250 743 264 763 a
277 736 441 764 Christianis
457 738 635 767 celebratum.
658 739 734 773 Quod
751 745 841 767 autem
857 748 889 766 ex

94 781 217 810 Eusebio
231 783 288 818 (15)
310 783 391 818 obiici
421 788 519 820 potest,
537 785 642 820 publice
661 794 722 813 eum
747 786 773 813 in
797 786 890 813 Eccle-

97 829 169 855 siam
183 828 217 855 ab
231 829 359 864 episcopo
381 829 417 865 (is
431 830 480 857 fuit
494 829 623 866 Babylas)
651 831 811 865 admissum,
827 840 890 867 pre-

96 875 237 902 cationum
252 876 412 911 participem
427 876 513 905 fuisse
535 878 635 905 factum
646 900 652 909 .
677 882 820 913 postquam
828 865 890 906 icri-
908 865 928 895 Β

95 922 173 948 mina
195 921 335 950 confessus
360 923 386 950 in
405 923 594 958 pcenilentium
615 924 739 952 ordinem
763 925 891 953 redactus

94 973 157 1000 est;
179 966 205 995 id
217 975 281 995 sane
297 968 564 996 animadvertendum
587 974 628 997 est
642 972 674 998 ex
694 970 799 998 incerta
814 971 891 998 audi-

95 1013 174 1041 tione
187 1011 338 1042 Eu'sebium
348 1015 482 1042 retulisse.
499 1015 648 1043 Antiochia}
667 1021 798 1051 pratterea
823 1025 889 1044 con-

96 1061 193 1095 tigisse
206 1060 293 1088 fertur
309 1059 383 1093 illud,
397 1061 442 1088 ubi
454 1060 586 1088 ﬂorebant
602 1069 645 1089 res
657 1061 887 1095 Christianorum,

95 1100 197 1139 quibus
212 1111 266 1133 tum
284 1112 399 1142 prazerat
414 1107 556 1143 episcopus
566 1108 700 1144 Babylas;
717 1109 743 1136 in
758 1111 890 1137 extremis

95 1153 225 1180 videlicet
239 1152 368 1180 Romanis
388 1153 500 1181 ditionis
522 1153 591 1185 oris,
615 1154 736 1188 procula
754 1155 890 1184 Romano-

95 1205 159 1225 rum
175 1203 334 1234 conspectu,
358 1207 425 1234 quos
449 1207 504 1235 pne
518 1200 624 1227 caeteris
639 1200 771 1235 ejusmodi
784 1201 890 1229 facinus

95 1249 208 1280 poterat
234 1247 416 1273 commovere.
433 1245 491 1273 Huc
511 1247 617 1274 accedit
645 1247 673 1274 in
692 1247 782 1275 medio
809 1248 890 1275 Chri—

94 1291 249 1318 stianorum
266 1296 347 1325 coetu,
366 1292 476 1320 conscio
499 1299 560 1319 cum
577 1293 669 1326 paucis
684 1293 822 1328 episcopo,
839 1295 890 1321 im-

94 1343 251 1372 peratorem
266 1337 345 1365 facile
360 1337 473 1366 delitere
494 1337 626 1371 potuisse,
649 1343 752 1366 mutata
767 1345 843 1368 veste
858 1345 886 1368 et

93 1383 281 1418 imperatoriis
296 1383 445 1418 insignibus
462 1383 602 1412 detractis.

132 1429 191 1464 (M)
201 1429 257 1457 Sub
267 1430 323 1465 ipsa
333 1437 414 1465 porro
424 1429 528 1464 imperii
538 1431 578 1457 sui
589 1431 663 1458 initia
674 1432 774 1460 Christi
787 1433 871 1460 doctri
879 1448 889 1453 -

95 1483 159 1502 nam
171 1475 324 1509 amplexum
335 1476 420 1504 fuisse
430 1476 582 1513 Philippum
594 1485 627 1505 ex
638 1478 770 1513 eoliquet,
780 1479 887 1514 quodin

93 1526 199 1548 emtum
215 1521 431 1549 Christianorum
444 1523 499 1558 jam
514 1529 624 1551 creatus
638 1525 788 1559 imperator
801 1526 885 1560 recipi
901 1543 922 1572 α

94 1567 276 1602 postulaverit
292 1569 456 1602 Antiochiae,
477 1577 531 1604 quo
548 1571 655 1598 nonnisi
674 1576 734 1605 post
748 1576 885 1607 arreptum

93 1621 195 1653 recens
209 1615 351 1649 imperium
367 1623 428 1643 sese
443 1624 558 1651 usquam
575 1617 700 1644 contulit.
713 1617 886 1653 Quaecunque

92 1652 187 1686 autem
209 1661 339 1689 adversus
363 1661 438 1696 hanc,
458 1663 618 1690 sententiam
641 1668 799 1698 argumenta
823 1652 887 1699 pro-

92 1704 149 1732 fcrt
169 1704 302 1734 Baronius
333 1706 400 1742 (15),
433 1712 462 1735 ιιι
495 1709 641 1742 postremis
668 1709 775 1743 imperii
807 1710 886 1737 annis

92 1751 205 1779 Christo
224 1760 320 1780 nomen
344 1752 498 1789 Philippum
525 1755 632 1782 dedisse
654 1755 771 1789 probet,
793 1764 825 1783 ex
854 1756 887 1784 iis

92 1805 155 1832 qua;-
185 1798 303 1826 diximns
335 1799 414 1827 facile
444 1800 616 1827 refelluntur.
650 1801 759 1828 Cadunt
791 1801 885 1829 itidem

91 1844 277 1877 pronuntiata;
301 1845 328 1871 in
347 1852 407 1871 eam
429 1854 484 1872 rem
507 1854 520 1873 a
543 1846 683 1882 Scaligero
708 1846 763 1882 (16)
791 1847 883 1882 κυρίαι

90 1889 177 1922 δῦξαι·
194 1891 233 1918 sic
258 1891 329 1919 enim
350 1891 430 1919 eﬂ'ata
448 1892 505 1926 ejus
529 1878 644 1928 appello:
663 1878 761 1927 quibus
779 1878 882 1927 Philip-

128 1949 188 1984 (ll)
201 1949 299 1977 Bai-on.
317 1950 348 1977 ad
363 1958 409 1977 an.
428 1951 492 1982 246,
506 1960 581 1978 num.
595 1952 622 1979 8.

129 1985 187 2019 (1‘2)
201 1985 246 2021 Sic
258 1985 340 2019 igitur
352 1986 444 2021 sentio,
458 1985 559 2013 Christi
573 1987 655 2013 sacris
667 1995 682 2012 α
699 1985 820 2012 Fabiano
836 1995 884 2021 pn-

90 2029 125 2053 pa
146 2020 282 2056 initiatum
307 2021 389 2053 fuisse
414 2020 575 2056 Philippum.
591 2021 640 2048 llic
657 2021 746 2056 aliqua
759 2028 792 2048 ex
806 2020 884 2055 parte

90 2055 217 2089 sequitur
242 2055 355 2091 lluetirus
369 2058 434 2083 Acta
466 2055 507 2084 8.7
525 2057 624 2087 Pontii,
640 2055 709 2091 qum,
729 2056 883 2090 Philippum

91 2095 207 2117 narrant
220 2099 235 2116 a
265 2091 295 2118 S.
316 2090 412 2119 Pontio
430 2092 462 2118 ad
479 2091 579 2119 Christi
608 2090 687 2118 lidem
714 2092 798 2118 fuisse
819 2099 883 2118 con-

92 2133 215 2156 versum,
237 2126 300 2153 dum
318 2126 372 2152 ludi
399 2127 545 2154 smculares
571 2127 632 2153 anni
659 2126 741 2154 Urbis
767 2127 883 2154 condita:

91 2161 231 2197 millesimi
243 2167 400 2196 agerentur,
414 2166 440 2188 et
454 2170 467 2188 a
481 2162 603 2188 Fabiano
619 2170 686 2197 papa
703 2162 880 2195 baptizatum.

90 2196 146 2223 Sed
158 2196 263 2230 jamdiu
280 2197 338 2224 lucc
350 2197 416 2223 Acta
440 2197 474 2224 ab
496 2197 612 2224 eruditis
631 2202 660 2224 ut
672 2200 763 2231 spuria
777 2201 804 2224 et
819 2197 885 2223 licti-

91 2231 131 2258 tia
150 2232 341 2266 reprobantur.

129 2265 188 2301 (15)
203 2266 315 2297 Euseb..
331 2265 434 2296 Νίκιον,
450 2267 525 2300 eccl.,
542 2267 589 2294 lib.
606 2275 643 2298 γι,
657 2275 715 2300 cap.
731 2267 775 2294 54.

129 2302 188 2335 (Ην)
223 2302 278 2328 Sub
301 2303 358 2336 ipsa
380 2311 459 2335 porro
478 2304 580 2336 imperii
609 2303 649 2328 sui
677 2303 755 2329 initia
785 2302 883 2328 Christi

89 2337 242 2364 doctrinam
254 2337 403 2370 amplexum
416 2338 497 2371 fuisse
517 2337 670 2372 Philippum
690 2346 722 2364 ea;
742 2346 771 2364 eo
793 2338 882 2372 liquet,

88 2376 174 2407 quod,
193 2376 245 2399 etc.
261 2372 300 2398 En
318 2373 373 2406 ipsa
392 2373 500 2400 Eusebii
516 2374 614 2403 verba.
637 2381 669 2400 ex
693 2373 792 2406 quibus
815 2372 884 2399 male

91 2408 136 2443 hic
151 2407 289 2434 concludit
303 2407 414 2434 Hnetius
426 2417 432 2433 :
442 2408 542 2434 Τοῦτον
550 2408 660 2442 κατέχει
669 2407 745 2442 λόγος
754 2408 884 2443 Χριστια-

89 2442 136 2469 νὸν
148 2442 224 2475 ὅντα,
239 2443 269 2478 ὲν
285 2442 376 2478 ἡμέρᾳ
387 2443 435 2478 τῆς
447 2443 565 2478 ὑστάτης
579 2444 626 2470 τοῦ
641 2443 733 2478 πάσχα.
750 2443 882 2477 παννυχί-

89 2477 146 2509 δος,
161 2478 218 2514 τώγ
229 2477 276 2514 ἐπὶ
293 2477 348 2513 τῆς
358 2477 506 2513 ἐκκλησίας
522 2477 609 2513 εὐχῶν
625 2478 664 2514 τῷ
679 2477 776 2514 πλήθει
797 2486 882 2514 μετα-

91 2514 166 2548 σχεῖν
181 2512 308 2550 ὲρελῆσᾳι
326 2521 333 2528 ο
347 2514 377 2540 οὐ
396 2512 527 2550 πρότερον
554 2512 582 2550 δὲ
606 2512 658 2540 (me
678 2512 731 2550 τῷ
754 2513 882 2550 τηνικάδε

89 2548 266 2585 προεστῶτος
277 2548 466 2585 ἐπιτραπῆναι
482 2548 641 2580 Ἑὶσὸαλεῖν,
656 2548 883 2585 ἣὲξομολὸγήσα-

125 2592 164 2615 αι,
183 2584 300 2620 καὶτοῖς
316 2585 345 2611 ὲν
363 2584 582 2620 παραπτώμασιν
605 2584 817 2620 ἐξεταζομένοιςἵ
829 2592 882 2620 γμε-

89 2620 200 2655 τανοίας
212 2627 242 2645 τε
261 2618 352 2654 χώραν
362 2618 490 2655 ἵσχὸυσιν.
501 2618 602 2646 ’ἑαυτὸν
624 2618 769 2651 καταλέξαι
779 2627 785 2634 ⁶
795 2619 882 2650 ἄλλως

89 2654 145 2690 γὰρ
159 2654 198 2690 μὴ
206 2655 239 2691 ᾆν
251 2663 319 2691 ποτε
329 2655 397 2690 πρὸς
408 2655 500 2686 αὑτοῦ,
514 2655 551 2691 μὴ
560 2655 621 2690 οὐχὶ
631 2654 709 2682 τοῦτο
718 2655 879 2691 πᾳιήεξᾳντα,

88 2689 135 2716 διά
160 2690 264 2721 πολλὰς
286 2689 425 2717 τῶν-κατ’
455 2689 550 2717 αὐτόν’
565 2689 653 2722 eicio;
667 2690 878 2725 παραδεχῦἦιιαι·

87 2726 137 2752 καὶ
166 2724 351 2761 πειθμρχῆσαί
367 2734 399 2758 γε
413 2726 560 2761 προθύμως
580 2724 713 2759 λέγεται(
726 2725 755 2761 τὸ
770 2725 879 2761 γνήσιον

88 2761 135 2787 καὶ
161 2757 348 2795 εὺλαόἓξὲῆς
375 2757 441 2796 napi:
461 2757 509 2788 1'va
530 2761 601 2787 θεῖον
617 2757 710 2795 ’φόϐον
733 2757 879 2791 oculisest»;

87 2797 180 2832 ἔργοις
198 2795 454 2832 ἐπιδεδειγμένονε(
468 2796 545 2823 Hunc
565 2801 657 2830 utpote
680 2797 877 2832 Christianum,

87 2830 160 2859 fama
172 2837 216 2859 est
234 2832 261 2858 in
275 2830 535 2869 postreina‘Pascha:
547 2832 633 2869 vigilia
652 2832 836 2869 precationum
851 2830 877 2869 in

88 2868 204 2895 ecclesia
220 2867 381 2902 participem
399 2866 479 2894 simul
493 2874 563 2903 cum
577 2867 688 2903 ,reliquo
704 2866 802 2903 populo
820 2866 876 2892 licri

946 242 1006 261 rum
1024 236 1213 262 auctOritatem
1231 235 1384 270 proculcat,
1411 244 1465 263 uno
1487 236 1538 263 hoc
1561 237 1636 263 nisus
1653 244 1733 271 argn-

945 285 1048 313 mento,
1080 281 1150 315 quod
1184 281 1309 316 injuriain
1332 281 1440 308 Christo
1466 281 1580 313 faciunt,
1602 281 1648 316 qui
1686 283 1734 309 lm-

946 327 1045 354 minem
1078 335 1206 362 nequam,
1239 331 1268 354 et
1293 327 1400 354 Domini
1432 328 1472 355 sui
1507 327 1734 358 interfectorem.

944 372 1130 400 Christianum
1151 373 1210 400 ausi
1235 377 1298 400 sunt
1325 373 1427 400 dicere.
1453 374 1491 401 Ac
1520 374 1541 401 si
1570 373 1637 401 nulli
1664 374 1734 401 inter

944 419 1115 446 Christianos
1138 419 1245 447 scelesti
1268 420 1457 454 reperiantur:
1473 428 1505 447 ac
1532 421 1553 447 si
1575 421 1733 455 nequissimi

945 471 998 491 non
1023 463 1122 491 fuerint
1139 465 1317 499 imperatores
1333 466 1443 499 quidam
1471 466 1631 493 Christiani.
1656 465 1730 492 Prae-

945 515 1019 536 terea
1036 509 1153 537 nondum
1168 509 1355 538 Christianum
1368 510 1453 538 fuisse
1469 511 1626 546 Philippum
1642 510 1732 538 docui.

945 562 1014 586 mus,
1033 562 1094 580 cum
1113 554 1217 589 ﬂagitia
1241 556 1298 583 haec
1319 556 1442 584 admisit.
1468 556 1523 584 Nec
1553 557 1618 584 mihi
1647 558 1732 592 magis

943 599 1015 626 Petri
1031 599 1145 627 Halloxii
1167 600 1223 634 (l7)
1244 601 1376 635 probatur
1390 600 1567 635 conjectura;
1586 611 1646 630 cum
1669 604 1732 631 Ori-

944 653 1038 680 genem
1054 653 1085 673 ex
1100 654 1132 673 co
1146 646 1201 681 jam
1221 652 1345 682 tempore
1367 654 1421 682 quo
1437 647 1563 674 Arabiam
1589 649 1731 683 petiverat.

943 690 1068 726 Philippo
1084 692 1255 726 imperatori,
1268 697 1364 727 utpote
1380 692 1476 726 Arabi,
1492 698 1519 721 et
1535 694 1641 722 Bostris
1658 701 1732 728 nato,

944 736 1028 765 fuisse
1057 738 1198 773 cognitum
1224 739 1390 774 suspicatur.
1431 739 1454 766 Α
1489 747 1572 774 puero
1598 741 1733 775 siquidem

944 782 1038 810 relicto
1052 784 1141 817 patrio
1158 783 1216 811 solo
1240 785 1266 811 in
1295 784 1419 811 militiam
1445 785 1584 819 prolectus
1610 787 1732 814 creditur

944 828 1094 863 Philippus.
1116 829 1149 856 Et
1171 834 1200 856 ut
1219 829 1339 856 nondum
1359 830 1446 864 patria
1462 831 1639 864 excessisset,
1666 839 1731 866 quo-

944 882 1004 902 nam
1021 880 1183 909 argumento
1200 876 1308 910 probari
1337 881 1426 911 potest
1453 877 1589 905 hominem
1616 879 1732 906 obscuro

943 921 1002 949 loco
1017 926 1120 954 natum,
1137 928 1164 949 et
1178 922 1293 949 fortuna:
1307 924 1407 955 tenuis,
1422 923 1448 950 in
1463 924 1589 951 notitiam
1606 925 1732 960 Origenis

943 968 1060 1000 venisse,
1080 969 1130 995 viri
1147 969 1252 1003 magnis
1274 969 1305 995 de
1321 969 1401 996 rebus
1421 969 1454 996 ad
1477 970 1537 997 inec
1560 970 1619 998 loca
1644 971 1731 1005 missi,

942 1017 968 1040 et
985 1013 1277 1049 gravissimisnegotiis
1293 1013 1430 1041 districti?
1449 1013 1517 1047 Quid
1533 1019 1575 1042 est
1590 1015 1731 1049 hariolari,

942 1060 963 1086 si
980 1059 1032 1087 hoc
1047 1067 1100 1086 non
1119 1060 1178 1086 est?
1203 1059 1313 1088 Minime
1336 1065 1425 1087 autem
1448 1061 1569 1088 omnium
1583 1063 1731 1090 audiendus

943 1106 984 1132 vir
1004 1107 1136 1138 eruditus,
1160 1106 1205 1139 qui
1225 1106 1250 1132 in
1275 1106 1498 1134 Adnotalionibus
1526 1108 1561 1134 ad
1597 1107 1730 1143 Nicepho-

942 1159 1001 1177 rum
1016 1151 1073 1186 (18)
1093 1151 1214 1179 Fabiano
1229 1159 1305 1186 papa:
1320 1152 1425 1185 tribuit,
1436 1153 1507 1186 quod
1527 1161 1580 1181 uno
1595 1161 1731 1182 consensu

941 1197 1071 1225 Leontius
1091 1198 1292 1230 Antiochenus,
1310 1197 1532 1232 Chrysostomns,
1549 1203 1576 1226 et
1591 1207 1625 1226 ex
1642 1199 1731 1227 Leon-

943 1244 978 1270 tio
993 1243 1119 1271 Chronici
1136 1243 1312 1270 Alexandrini
1326 1248 1423 1270 auctor
1439 1243 1548 1280 Babyla:
1562 1245 1727 1273 tribuerunt.

941 1290 999 1318 Non
1012 1291 1068 1325 jam
1085 1290 1194 1324 disputo
1208 1297 1340 1318 verumne
1355 1291 1390 1317 sit
1404 1292 1475 1325 quod
1493 1292 1629 1326 conjectat
1643 1291 1729 1319 Baro-

941 1337 1012 1370 nius,
1030 1336 1182 1371 Philippum
1198 1337 1348 1371 Augustum
1367 1345 1429 1364 cum
1446 1337 1569 1373 Philippo
1587 1339 1730 1374 Augustali

940 1382 1051 1418 [Egypli
1076 1383 1205 1417 praelecto
1227 1383 1355 1410 confundi
1373 1382 1438 1411 :hic
1465 1389 1540 1412 certe
1561 1385 1650 1412 locum
1664 1405 1672 1418 ,
1691 1387 1731 1413 uti

940 1429 1042 1456 fatetur
1064 1430 1138 1464 ipse,
1163 1429 1264 1456 habere
1291 1430 1317 1456 id
1346 1430 1503 1464 neutiquam
1535 1436 1645 1465 potest;
1675 1439 1730 1460 non

940 1476 1170 1509 idcircotantum,
1185 1477 1257 1511 quod
1278 1476 1346 1504 duas
1367 1475 1438 1503 illas.
1451 1475 1577 1512 Origenis
1601 1478 1729 1512 epistolas

939 1522 1044 1549 viderat
1061 1522 1192 1550 Eusebius
1205 1531 1213 1556 ;
1226 1522 1272 1550 sed
1284 1522 1368 1550 multo
1383 1522 1467 1557 magis
1479 1523 1563 1557 quod,
1578 1524 1729 1559 imperante

942 1567 1053 1600 Sevoro,
1081 1569 1212 1604 martyrio
1246 1574 1422 1603 consumptus
1444 1568 1484 1595 'sit
1509 1568 1649 1604 Philippus
1684 1570 1729 1598 ille

941 1613 1100 1648 Augustalis
1117 1614 1281 1648 praefectus;
1306 1614 1340 1641 ab
1358 1614 1474 1642 Eusebio
1490 1620 1580 1642 autem
1595 1624 1729 1644 memora-

941 1664 996 1687 tum
1018 1652 1131 1694 Philippi
1159 1660 1274 1695 Augusti
1303 1660 1419 1693 facinus,
1441 1660 1569 1695 ipsojam
1585 1662 1728 1696 imperium

940 1706 1038 1741 adepto
1066 1706 1169 1733 editum
1199 1707 1244 1733 sit.
1273 1706 1370 1733 Exstat
1395 1705 1459 1732 hinc
1485 1706 1568 1734 etiam
1593 1707 1728 1734 meritone

941 1751 1082 1785 scripserit
1093 1751 1259 1785 Pomponius
1274 1750 1374 1783 Laetus,
1389 1749 1555 1786 Philippum,
1578 1757 1606 1779 ut
1626 1753 1728 1780 scelera

942 1801 1051 1832 tegeret,
1073 1798 1174 1824 cultum
1194 1796 1342 1824 Christiani
1367 1797 1486 1825 nominis
1504 1798 1656 1826 simulasse.
1674 1799 1727 1827 Sed

939 1848 1110 1871 revertamur
1125 1843 1157 1870 ad
1174 1843 1355 1878 propositum.

973 1889 1041 1916 Xlll.
1057 1888 1114 1925 (l9)
1132 1889 1188 1916 Hac
1199 1890 1317 1924 primum
1335 1894 1494 1925 tempestate
1511 1891 1637 1918 liomilias
1651 1899 1725 1923 snas,

897 1952 899 1955 '
940 1948 1058 1985 voluisse
1075 1957 1082 1975 :
1097 1948 1143 1985 sed
1156 1949 1312 1983 episcopum
1322 1949 1367 1983 qni
1379 1953 1445 1976 tunc
1461 1948 1587 1978 Ecclesiae
1599 1956 1726 1985 prmerat,

940 1993 991 2012 non
1010 1984 1084 2019 prius
1105 1984 1142 2010 illi
1161 1985 1262 2010 aditum
1280 1985 1445 2018 permisisse,
1469 1992 1549 2018 quam
1577 1986 1727 2013 confessio-

939 2027 1000 2056 nem
1011 2018 1148 2056 scelerum
1173 2020 1293 2056 fecisset,
1312 2020 1399 2056 iisque
1412 2020 1457 2056 qui
1478 2020 1636 2048 humanitus
1657 2021 1727 2056 lapsi

939 2055 1056 2086 fuerant,
1082 2058 1109 2081 et
1133 2054 1159 2081 in
1188 2055 1376 2088 potnitentium
1404 2055 1500 2082 ordine
1520 2056 1641 2086 stabant.
1664 2054 1726 2084 sese

939 2090 1117 2125 adjunxissct.
1153 2089 1257 2123 Quippe
1281 2089 1316 2116 ob
1348 2090 1431 2116 multa
1462 2098 1522 2124 quin
1550 2091 1726 2118 commiserat

938 2125 1075 2154 crimina.
1103 2132 1240 2158 nunquam
1273 2125 1386 2151 omnino
1415 2125 1449 2151 ab
1473 2126 1601 2159 episcopo
1630 2125 1726 2154 fuisset

939 2160 1085 2196 admissus,
1102 2159 1151 2186 nisi
1167 2160 1193 2187 id
1210 2160 1285 2187 prius
1307 2159 1426 2187 fecisset.
1446 2160 1479 2187 Et
1497 2161 1646 2194 imperator
1662 2163 1725 2196 qui-

939 2197 999 2222 dem
1019 2195 1141 2232 libenter
1170 2203 1374 2232 optempeiasse
1389 2195 1506 2232 inicitur,
1532 2195 1725 2232 sincerumque

938 2238 969 2257 ac
986 2230 1141 2266 religiosum
1160 2229 1284 2266 allectum
1306 2231 1410 2257 timoris
1434 2230 1493 2262 Dei.
1509 2231 1635 2264 operibus
1658 2229 1723 2266 ipsis

937 2265 1102 2292 declarasse.
1121 2274 1130 2290 ι
1165 2265 1249 2292 Porro
1279 2273 1312 2292 ex
1341 2266 1391 2292 hac
1423 2266 1531 2293 Eusebii
1564 2265 1724 2294 narratione

937 2300 1031 2334 liquet,
1062 2300 1216 2336 Philippum
1242 2309 1295 2328 non
1324 2301 1433 2335 quidem
1459 2302 1610 2335 postulasse
1638 2306 1666 2328 ut
1695 2303 1722 2336 in

935 2342 1035 2362 emtum
1045 2336 1264 2363 Christianorum
1277 2337 1512 2370 reciperetur,sed
1526 2337 1580 2369 jam
1594 2336 1724 2364 Christia-

936 2378 999 2407 num
1023 2370 1140 2398 voluisse
1169 2371 1355 2405 precationum
1377 2372 1402 2397 in
1427 2371 1547 2398 Ecclesia
1562 2373 1722 2407 participem

935 2405 993 2432 ﬁeri
1009 2412 1016 2431 τ
1034 2413 1120 2439 neque
1140 2407 1254 2440 proinde
1273 2408 1323 2433 sub
1348 2407 1403 2441 ipsa
1434 2407 1538 2440 imperii
1559 2407 1599 2433 sui
1625 2405 1699 2434 initia
1712 2428 1721 2440 ,

934 2441 980 2467 sed
1001 2446 1147 2474 antequam
1169 2443 1312 2475 imperium
1335 2442 1533 2476 adipisceretur
1552 2442 1652 2468 Christi
1674 2444 1722 2469 do—

934 2477 1049 2502 ctrinam
1070 2476 1126 2509 jam
1150 2477 1303 2510 amplexum
1326 2485 1388 2504 eum
1416 2477 1500 2504 fuisse
1518 2486 1524 2504 :
1540 2478 1613 2510 quod
1637 2478 1720 2504 etiam

935 2516 1069 2547 testantur
1085 2511 1216 2547 Leontius
1240 2513 1425 2540 Autiochenus
1436 2532 1443 2542 ,
1466 2512 1677 2547 Chrysoslomns
1694 2519 1721 2539 et

933 2554 965 2573 ex
985 2546 1098 2573 Leontio
1112 2545 1273 2572 Cltronicum
1298 2545 1529 2574 Alexandrinum.—
1551 2546 1614 2573 Vide
1640 2548 1720 2574 'l‘ille-

935 2581 1078 2613 montium,
1099 2580 1170 2607 Hist.
1189 2582 1313 2615 imperat.
1340 2587 1404 2609 tom.
1420 2582 1464 2615 ιιι,
1482 2583 1544 2610 Not.
1563 2583 1589 2609 in
1604 2582 1718 2617 Philipp.

933 2624 992 2650 pag.
1011 2616 1063 2643 645
1081 2622 1107 2643 et
1122 2624 1198 2650 seqq.

968 2651 1023 2686 (l5)
1040 2651 1150 2682 B-H‘Ull.,
1166 2652 1199 2678 ad
1212 2659 1256 2678 an.
1267 2651 1330 2685 246,
1349 2660 1423 2679 num.
1435 2653 1463 2685 2,
1478 2654 1495 2681 3
1511 2659 1538 2680 ct
1553 2653 1578 2680 ι.

968 2687 1023 2722 (ιϐ)
1039 2687 1139 2721 Scalig.
1154 2689 1182 2713 iu
1194 2687 1319 2714 Animad.
1335 2689 1362 2713 in
1387 2687 1487 2715 Chron.
1502 2689 1600 2716 Euseb.
1622 2689 1654 2716 ad
1671 2696 1717 2716 an.

967 2757 1023 2794 (Π)
1038 2756 1147 2794 l-lallox.
1167 2756 1242 2794 Orig.
1259 2757 1364 2794 defens._
1379 2757 1425 2794 lib.
1443 2766 1463 2790 ι,
1480 2766 1542 2794 cap.
1559 2759 1602 2787 l8.

967 2793 1022 2827 (1·8)
1038 2792 1149 2827 Νιρυιιὶι.
1167 2793 1214 2818 lib.
1235 2800 1260 2823 v,
1275 2800 1336 2826 cap.
1353 2792 1398 2819 ‘25.

966 2828 1021 2863 (19)
1038 2828 1147 2861 Euscln,
1164 2827 1267 2854 llislor.
1283 2828 1360 2859 cccl.,
1381 2829 1425 2856 Ιώ.
1446 2836 1484 2862 Vl,
1501 2836 1560 2864 cap.
1577 2830 1622 2856 36.
