1915 3079
222 113 274 141 687

855 110 885 139 P.
907 111 1065 139 DANIELIS
1084 112 1202 141 HUETII

1790 112 1839 141 688

220 180 288 207 quas
302 171 362 199 fere
373 169 532 206 quotidiein
545 168 666 197 Ecclesia
685 169 800 197 habebat
818 177 850 196 ex
868 174 1002 205 tempore,
1017 175 1040 202 Α
1088 170 1158 198 XIV.
1176 170 1232 207 (91)
1246 171 1280 198 At
1297 171 1417 199 nondum
1430 171 1515 199 etiam
1525 170 1704 199 Adamantius
1721 171 1838 198 vacatio-

220 227 234 245 a
261 218 374 245 notariis
400 217 469 243 inter
495 215 709 243 concionandutn
740 214 827 249 excipi
843 221 946 249 passus
961 219 1003 242 est

219 265 360 299 Origenes,
383 262 454 297 quod
479 266 558 288 antea
585 268 724 295 nunquam
748 260 805 289 fieri
828 262 1001 296 permiserat.

220 311 287 337 llinc
308 316 405 336 nomen
423 307 482 342 ejus
502 307 589 342 magis
613 308 751 342 magisque
770 307 961 335 celebrabatur
975 308 1001 335 in

219 357 296 387 dies;
313 354 358 381 sed
373 354 409 380 ita
425 357 513 380 tamen
542 358 571 379 nt
588 360 695 379 summa
716 351 868 380 adiceretur
882 353 1001 380 admira-

219 401 292 428 tione
305 407 320 426 a
336 399 479 434 plurimis;
495 405 511 426 a
524 398 674 430 nonnullis,
695 403 724 425 ιιι
746 398 814 425 varii
833 405 893 426 esse
913 398 1002 426 solent

217 446 355 473 hominum
382 451 500 475 sensus,
529 444 718 471 infamaretur.
745 444 845 471 Assam
867 444 1002 478 praecipue

221 492 322 518 dabant
338 490 596 525 reprehensionibus
612 489 717 517 erudita
730 490 849 524 quidem,
866 496 919 517 non
935 490 1001 517 satis

217 540 307 563 tamen
322 536 452 563 meditate
472 535 572 569 scripta
589 541 682 569 opera,
705 539 733 561 et
756 534 783 561 in
803 539 924 562 secretos
944 533 1002 561 fere

215 581 354 609 elaborata
367 589 442 615 usus,
455 589 486 608 ac
507 581 616 608 incaute
630 584 718 607 tatnen
735 580 871 615 evulgata.
896 580 1002 614 Oppor-

218 631 282 653 tuna
306 625 364 653 haec
387 631 467 653 erant
489 625 611 653 sinistris
625 625 815 653 haereticorum
837 625 1001 659 interpreta-

217 670 351 702 tionibus,
375 674 402 697 et
418 677 489 704 saepe
509 669 552 697 vel
571 670 604 697 ad
620 668 792 697 conflantlam
806 669 916 704 Origeni
931 669 1002 696 invi-

217 717 301 749 diam,
318 723 438 751 eumque
453 716 528 743 falsis
539 715 706 743 criminibus
718 714 1001 748 circumveniendum,

217 762 259 789 vel
276 762 310 790 ad
324 762 501 797 quaerendum
517 760 631 788 nefariis
645 760 818 794 dogmatibus
830 759 1000 794 splendidum

217 807 397 844 patrocinium
412 807 649 835 adulterabantur.
669 806 716 834 Cui
734 806 806 833 malo
820 811 849 833 ut
871 812 1000 834 occurre-

1055 224 1116 244 nem
1131 225 1146 243 a
1161 217 1302 244 laboribus
1322 217 1425 245 habuit.
1444 217 1544 244 Exorta
1563 217 1663 252 quippe
1679 223 1749 243 nova
1772 217 1838 251 apud

1052 261 1156 289 Arabes
1170 262 1264 289 haeresi
1275 282 1284 294 ,
1300 269 1360 296 quae
1380 262 1498 289 animam
1512 262 1604 290 statim
1629 269 1643 288 a
1671 267 1760 289 tnorte
1779 268 1836 288 cum

1053 305 1215 340 corporibus
1229 306 1367 341 exstingui
1378 325 1388 338 .
1401 311 1484 341 atque
1498 307 1591 334 itidem
1609 314 1669 334 cum
1681 306 1838 341 corporibus

1053 350 1079 378 in
1102 356 1223 378 extrema
1241 352 1285 379 die
1308 352 1456 379 excitatum
1478 352 1511 379 iri
1534 352 1686 386 sciscebat,
1713 355 1835 379 coactutn

1052 397 1144 424 statim
1162 403 1203 425 est
1227 397 1354 433 frequens
1379 398 1539 431 concilium,
1567 399 1601 425 ad
1625 399 1705 433 idque
1737 398 1837 425 accitus

1052 443 1184 478 Origenes
1216 444 1360 472 haereticos
1389 444 1525 472 rationum
1558 451 1668 471 suarum
1696 443 1837 470 momentis

1052 491 1189 518 convictos
1208 495 1236 518 et
1254 498 1400 526 oppressos
1419 491 1452 518 ad
1475 491 1614 518 meliorem
1638 495 1756 518 mentem
1781 495 1831 517 tra-

1051 535 1139 563 duxit.
1157 535 1218 563 Pari
1236 543 1344 571 quoque
1360 536 1492 564 felicitate
1506 535 1718 564 Helcesaitarum
1739 535 1839 563 doctri-

1052 588 1125 614 nam,
1138 589 1152 607 a
1169 581 1250 615 Papia
1269 582 1378 609 Achaia:
1392 583 1555 617 presbytero
1568 582 1631 609 olim
1646 589 1708 609 eum
1723 582 1836 616 primum

1051 627 1169 655 oriretur
1196 633 1398 662 expugnatam,
1428 633 1493 655 tunc
1522 632 1706 655 renascentem
1735 628 1837 660 denuo,

1052 679 1104 698 non
1118 672 1356 707 congressionibus
1370 677 1398 700 et
1412 672 1567 707 colloquiis,
1578 672 1625 699 sed
1644 672 1752 706 scriptis
1772 679 1836 699 con-

1052 719 1133 746 tudit.
1164 718 1267 746 Auctor
1293 718 1480 746 Tlteodorctus
1496 718 1566 754 (22),
1587 718 1633 753 qui
1650 718 1708 745 haec
1733 717 1836 744 habet:

1026 774 1028 778 ·
1050 763 1128 791 Κατὰ
1152 763 1253 799 ταύτης
1277 764 1326 800 τῆς
1348 764 1480 800 αἱρέσεως
1508 764 1649 799 Ὡριτένης
1669 763 1837 799 συνέγραψεν

1050 809 1156 845 ἀληθῶς
1177 817 1184 824 ·
1205 809 1384 845 συνεκρότησε
1413 809 1442 836 δὲ
1470 810 1555 846 αὐτὴν
1593 810 1782 846 Ἁλκιϐιάδης,
1809 810 1838 842 ἐξ

215 860 270 886 ret,
296 861 380 888 seque
408 853 458 880 hac
488 853 644 888 suspicione
665 851 814 885 evolveret,
845 850 995 878 consultum

1057 855 1207 890 Ἀπαμείας
1230 857 1280 891 τῆς
1298 855 1398 891 Συρίας
1420 855 1588 892 ὁρμώμενος.
1607 856 1761 890 Legendum
1780 855 1835 883 for-

214 900 276 928 fore
294 904 368 927 ratus
383 903 425 926 est
439 905 514 926 suam
528 898 561 926 de
582 897 647 931 Deo,
664 898 801 932 rebusque
821 897 921 925 divinis
939 904 1002 924 sen-

216 946 328 973 tentiam
347 945 438 972 missis
459 944 492 971 ad
512 944 664 971 Fabianum
691 951 789 979 papam
813 943 934 978 aliosque
953 951 1000 970 an-

214 992 312 1019 tistites
325 991 447 1026 epistolis
462 989 603 1025 profiteri,
621 994 648 1017 et
665 990 687 1017 si
702 989 766 1024 quid
781 989 925 1017 scribendo
936 988 999 1023 pee-

213 1042 343 1070 caverat,
374 1042 483 1064 matura
509 1035 671 1072 paenitentia
703 1035 861 1064 emendare.
896 1034 1000 1062 Causas

213 1087 303 1110 autem
330 1083 495 1110 temeritatis
523 1082 617 1110 retulit
642 1082 668 1109 in
699 1081 895 1112 Ambrosium,
928 1082 1000 1115 quod

213 1129 400 1157 secretoedita
420 1129 447 1156 In
462 1128 598 1163 publicum
621 1128 789 1163 protulisset.
813 1126 933 1154 Gravem
956 1127 1000 1154 hic

217 1174 332 1202 Eusebio
347 1174 435 1201 dicam
451 1173 575 1208 impingit
590 1173 724 1201 Baronius
735 1172 808 1206 (20),
823 1172 896 1207 quod
912 1179 997 1206 repu-

214 1219 315 1249 dittam
330 1220 399 1247 hanc
413 1227 429 1246 a
441 1219 565 1246 Fabiano
576 1219 774 1254 professionem
790 1218 862 1250 ﬁdei,
871 1222 898 1245 et
911 1217 1000 1253 ipsum

213 1267 247 1294 ad
269 1273 381 1293 causam
399 1266 541 1293 dicendam
561 1265 679 1292 accitum
700 1264 786 1293 fuisse
802 1264 915 1292 Romam
938 1262 999 1291 Ori-

212 1318 308 1347 genem
322 1311 384 1340 dolo
402 1311 475 1339 malo
488 1312 645 1345 reticuerit;
666 1311 714 1339 sed
730 1310 785 1345 jam
801 1317 882 1345 supra
896 1310 929 1337 ab
949 1309 1000 1336 hac

210 1357 318 1385 Baronii
343 1357 480 1384 calumnia
509 1357 655 1385 Eusebium
686 1357 885 1384 vindicavimus
908 1365 915 1383 :
936 1362 998 1382 nam

211 1403 276 1436 quid
299 1402 349 1430 hac
366 1401 536 1438 professione
553 1402 654 1430 factum
676 1402 712 1430 sit
733 1403 867 1429 incertum
888 1405 951 1433 est,
971 1404 1000 1427 et

211 1447 356 1474 adinodum
372 1447 456 1475 semel
471 1447 586 1475 Romam
610 1447 692 1476 ivisse
707 1447 854 1482 Origeuem
877 1445 1000 1474 certissi-

214 1500 287 1519 tttunt
302 1498 353 1520 est.

1052 905 1134 933 tasse,
1158 901 1344 937 συνεκράτησε
1361 910 1369 916 ·
1385 902 1424 929 sic
1446 902 1519 929 enim
1540 902 1573 929 tle
1590 902 1684 930 eadem
1708 909 1737 929 re
1759 901 1836 930 Nice-

1050 943 1151 978 phorns
1179 944 1235 980 (25)
1252 953 1258 972 :
1274 944 1345 972 κατὰ
1365 945 1393 972 δὲ
1418 945 1519 981 ταύτης
1543 947 1590 973 καὶ
1615 946 1786 982 Ἀλκιϐιάδης
1808 947 1838 979 ἐξ

1056 989 1205 1025 *Απαμείας
1225 991 1274 1026 τῆς
1295 990 1394 1026 Συρίας
1405 991 1551 1027 πάμπολλα
1570 992 1722 1026 ἠγωνίσατο
1737 1001 1744 1008 ·
1767 993 1837 1029 Ὦρι-

1049 1036 1131 1071 γένης
1151 1036 1181 1063 δὲ
1197 1037 1253 1068 τοῖς
1272 1037 1331 1063 κατ’
1346 1037 1432 1074 αὐτῆς
1447 1037 1569 1074 ἐλέγχοις
1585 1038 1724 1075 ἠρίστευε.
1744 1038 1836 1072 Quatt-

1049 1089 1130 1116 quam
1152 1083 1220 1109 nihil
1251 1082 1358 1111 afﬁrmo
1379 1092 1386 1110 :
1412 1091 1475 1110 nam
1508 1083 1653 1119 NiccpbOri
1681 1084 1837 1112 auctoritati

1050 1135 1146 1163 parum
1174 1129 1275 1157 tribuo.
1307 1128 1451 1156 Geminam
1477 1130 1546 1157 hanc
1568 1129 1602 1156 ab
1622 1129 1738 1164 Origene
1753 1130 1836 1157 victo-

1050 1173 1118 1200 riam
1134 1173 1195 1200 dolo
1216 1173 1286 1201 malo
1298 1173 1409 1201 reticuit
1431 1174 1564 1209 G‘emrgius
1581 1174 1738 1210 Synceilus,
1759 1175 1834 1202 Grae-

1049 1226 1144 1247 corum
1170 1221 1291 1247 omnium
1327 1227 1430 1248 morem
1466 1220 1493 1247 in
1523 1221 1692 1255 suggillando
1720 1221 1838 1258 Origene

1049 1270 1170 1293 secutus.
1196 1264 1252 1293 Nec
1267 1265 1412 1293 absurdum
1429 1265 1545 1293 fortasse
1563 1266 1644 1293 fuerit
1660 1266 1757 1294 iisdem
1771 1275 1834 1295 con-

1047 1310 1161 1346 jungere
1197 1310 1365 1346 temporibus
1389 1310 1565 1345 Apellitarum
1593 1311 1811 1347 proﬂigationem
1826 1333 1834 1346 ,

1048 1364 1116 1391 quos
1143 1363 1191 1391 per
1211 1355 1353 1384 Orientem
1372 1362 1527 1392 grassantes
1551 1357 1672 1384 coercuit
1693 1356 1834 1393 Origenes,

1048 1406 1076 1430 et
1088 1409 1136 1438 per
1151 1402 1272 1438 singulas
1287 1409 1409 1438 quasque
1425 1403 1505 1431 urbes
1526 1403 1677 1432 insectatus
1695 1404 1839 1431 concinni-

1049 1448 1100 1477 bus
1119 1449 1259 1484 repressit.

754 1624 944 1670 CAPUT
981 1623 1291 1677 QUARTUM.

210 1722 230 1750 I.
260 1721 399 1757 Philippus
430 1723 576 1756 imperator
605 1721 771 1756 interﬁcitur.
799 1722 965 1757 Subrogalur
989 1719 1096 1757 Decius.
1113 1721 1230 1757 Septima
1252 1721 1406 1757 persecutio.
1441 1721 1474 1749 ll.
1505 1721 1630 1756 Origenes
1657 1729 1705 1755 pro
1729 1721 1835 1757 Christo

244 1751 410 1791 gravisiimos
424 1751 557 1784 cruciatus
573 1751 692 1784 sustinet.
710 1757 751 1784 ΙΙΙ.
768 1757 876 1784 Librtrm
887 1751 928 1784 be
945 1751 1181 1791 mariyrioiscri'bit
1196 1757 1231 1782 ad
1245 1751 1304 1783 eum
1321 1756 1463 1790 Dionysius
1479 1751 1683 1783 Alexandrinus.
1707 1756 1751 1784 IV.
1770 1756 1832 1784 Ori-

260 1793 315 1819 onis
328 1793 465 1820 modestia.
484 1790 579 1819 Utrum
592 1793 626 1818 ad
643 1792 778 1819 uitandum
788 1793 923 1826 AL'tItiapis
936 1797 1057 1827 stuprum
1074 1790 1171 1827 Christi
1185 1791 1262 1827 ﬁdem
1274 1791 1397 1826 ejurarit,
1411 1797 1435 1818 et
1449 1800 1500 1827 quo
1515 1792 1542 1817 id
1554 1797 1668 1827 tempore
1681 1792 1834 1826 contigerit.

260 1800 315 1819 oms
328 1799 465 1820 modestia.
484 1799 579 1819 Utrum
592 1799 625 1818 aa
643 1799 778 1819 uuananm
788 1799 923 1826 Λιιιηορη
936 1799 1057 1824 stuprum
1074 1799 1171 1817 unum
1185 1799 1262 1824 [idem
1274 1799 1397 1826 qurum,
1411 1799 1435 1818 et
1449 1800 1500 1827 quo
1515 1799 1541 1817 ta
1554 1799 1668 1823 tempore
1681 1799 1834 1826 contigerit.

243 1799 277 1855 ἓ.
298 1827 451 1862 Castigatur
472 1827 623 1854 criticorum
645 1827 830 1854 nonnullorum
853 1828 996 1862 temeritas.
1016 1823 1059 1851 Vl.
1083 1825 1188 1852 Mortuo
1212 1826 1300 1862 Decio,
1319 1827 1431 1862 uinculis
1457 1826 1568 1862 soluitur
1585 1825 1723 1862 Origenes.
1754 1827 1836 1854 Decio

242 1860 383 1888 succedunt
408 1862 500 1889 Gallus
516 1868 541 1889 et
563 1861 733 1888 Volusianus.
753 1863 805 1889 Vll.
826 1862 886 1889 Obt't
909 1861 1041 1895 Origenes
1058 1868 1128 1887 anno
1151 1861 1235 1888 tralatis
1262 1868 1336 1888 ικικ.
1358 1860 1474 1889 Pereunt
1489 1861 1582 1887 Gallus
1598 1860 1641 1895 Veli
1659 1861 1833 1889 Volusianus.

248 1896 313 1923 VIII.
338 1897 459 1931 lClogium
479 1895 611 1931 Origem's.
631 1896 675 1925 ιχ.
691 1897 824 1931 Sepelilur
839 1897 909 1932 Tyri.
933 1893 1009 1924 Yana
1024 1893 1056 1921 de
1072 1895 1128 1930 ejus
1141 1896 1227 1923 salute
1237 1897 1348 1931 quisuis
1359 1897 1581 1930 prwlermittitur.
1597 1894 1629 1924 Σ.
1645 1896 1737 1931 Ipsius
1751 1897 1831 1924 disci-

241 1932 297 1967 puli
313 1937 488 1959 recensentur.

1001 1979 1037 1986 .—

241 2051 340 2087 1.(26)
363 2050 510 2086 Triplicem
535 2051 619 2082 hanc,
643 2057 723 2085 quam
740 2050 862 2084 proxime
873 2057 989 2077 comme-
1003 2052 1025 2081 ε
1040 2049 1182 2077 secutione
1217 2050 1344 2085 princeps
1377 2049 1504 2077 occubuit
1535 2050 1673 2079 Fabianus
1707 2052 1832 2088 pontifex

206 2097 382 2129 notavimus,
393 2096 528 2123 adversus
541 2099 747 2122 succrescentes
762 2095 882 2122 haereses
896 2094 993 2122 velita-

205 2144 307 2170 tionem
333 2142 440 2169 videtur
455 2142 587 2176 Origenes
603 2140 761 2168 exercuisse
783 2141 928 2175 postremis
945 2141 992 2168 im«

207 2187 272 2222 perii
289 2186 404 2221 Philippi
421 2187 522 2218 annis;
542 2185 600 2221 (25)
617 2185 662 2220 qui
681 2193 742 2212 cum
765 2186 910 2220 septimum
933 2185 990 2219 jam

204 2239 305 2259 almum
334 2239 423 2259 rerum
449 2233 591 2266 potiretur,
608 2232 681 2259 Decii
705 2231 799 2259 fraude
819 2232 932 2259 Verona:
955 2231 989 2259 ab

204 2278 326 2304 exercitu
342 2278 504 2305 interfectus
525 2283 575 2305 est.
595 2277 763 2312 Snbrogatur
777 2277 802 2303 in
818 2277 876 2310 ejus
897 2277 986 2304 locum

203 2322 313 2354 Decius,
334 2323 378 2357 qui
396 2323 465 2350 utin
482 2323 596 2358 Philippi
613 2323 772 2351 memoriam
787 2323 913 2350 incensus
927 2328 987 2350 erat

201 2369 275 2399 iulio,
292 2368 520 2400 Christianorum.
535 2377 603 2404 quos
615 2371 688 2397 visus
701 2373 761 2396 erat
774 2369 874 2396 charos
889 2368 988 2396 habere

201 2411 340 2447 Philippus
357 2413 420 2440 dum
434 2413 546 2444 viveret,
563 2421 607 2441 res
620 2418 742 2446 vastare,
760 2421 793 2440 ac
807 2421 905 2441 nomen
925 2414 988 2440 lun-

206 2457 278 2484 tlilllS
297 2457 387 2486 delere
400 2459 554 2486 constituit.
570 2459 598 2486 In
612 2459 750 2486 teterrima
762 2458 812 2486 hac
825 2459 906 2494 igitur
928 2466 989 2494 per-

246 2523 294 2559 20)
306 2524 402 2552 Baron.
422 2526 455 2553 ad
471 2533 517 2554 an.
529 2526 591 2556 248.
607 2533 682 2553 num.
697 2526 725 2555 «Ι,
743 2526 771 2552 9.

247 2559 292 2593 21)
309 2560 421 2592 Euseb.,
436 2560 536 2587 Histor.
552 2561 628 2592 eccl.,
648 2562 694 2588 lib.
707 2569 812 2595 vucap.
825 2561 869 2592 57,
884 2560 929 2588 58.

307 2595 470 2635 Ilteodoret.
488 2596 565 2623 Hrer.
577 2596 650 2635 Falt._
661 2597 707 2622 lib.
724 2604 754 2628 tt,
766 2604 826 2631 cup.
839 2596 865 2622 8.

234 2629 291 2664 (23)
309 2629 419 2664 Niccpli.
436 2631 482 2671 lib.
499 2639 525 2662 ν,
540 2639 600 2666 cup.
618 2631 663 2672 ει,
800 2629 806 2631 ⁷

308 2665 417 2705 Euseb”
435 2665 535 2705 "utor.
551 2667 626 2705 eccl._,
644 2666 688 2692 lib.
702 2674 738 2699 vr,
757 2674 816 2700 cap.
832 2666 877 2693 59.

235 2700 290 2734 ('25)
307 2700 358 2732 Qui
378 2708 436 2727 cunt
458 2702 594 2734 septimum
608 2702 667 2735 jam
691 2709 789 2728 annum
809 2709 894 2727 rerum
914 2700 982 2734 poti-

200 2738 294 2771 _r_etur._
307 2735 415 2770 Septem
436 2736 513 2762 annis
533 2737 687 2771 regnavisse
703 2736 855 2770 Philippum
881 2736 976 2762 scribit

200 2769 352 2805 Eusebius,
379 2777 459 2804 quem
487 2769 638 2805 sequuntur
667 2769 799 2802 Orosius,
818 2771 976 2805 Eutychius,

198 2802 397 2838 Albufarayus,‘
418 2802 550 2840 Georgius
576 2805 728 2841 Syncellus,
761 2802 929 2841 Epiphanius
950 2811 977 2833 et

1046 2096 1189 2128 maximus,
1205 2096 1232 2123 in
1247 2094 1326 2130 cujus
1346 2094 1437 2123 locum
1456 2095 1586 2124 suﬁectus
1608 2102 1649 2124 est
1673 2097 1829 2126 Cornelius.

1043 2140 1073 2168 In
1085 2148 1225 2168 carcerem
1236 2149 1344 2176 quoque
1359 2142 1491 2177 compacti
1505 2147 1568 2169 sunt
1579 2144 1682 2171 nobiles
1696 2144 1830 2180 episcopi,

1043 2185 1209 2217 Alexander,
1231 2185 1254 2213 is
1282 2194 1296 2213 a
1320 2194 1374 2221 quo
1396 2186 1469 2214 inter
1489 2187 1665 2223 presbyteros
1691 2191 1830 2224 quondam

1042 2229 1173 2265 Origenes
1193 2230 1283 2258 fuerat
1307 2237 1459 2267 cooptatus,
1484 2238 1511 2260 et
1539 2233 1655 2269 Babylas
1671 2243 1678 2261 :
1694 2236 1742 2270 qui
1768 2243 1832 2263 cum

1042 2275 1114 2304 letho
1129 2276 1256 2304 destinati
1276 2276 1304 2304 in
1320 2277 1435 2306 vinculis
1449 2278 1599 2312 obiisseut,
1623 2280 1686 2308 huic
1705 2281 1810 2310 Fabius
1821 2302 1833 2315 ,

1042 2322 1078 2349 illi
1095 2321 1257 2350 Mazabanes
1270 2324 1412 2350 successit.
1437 2324 1469 2350 Et
1485 2325 1548 2359 quid
1563 2333 1609 2353 eos
1621 2334 1718 2355 omnes
1733 2336 1834 2356 recen-

1042 2376 1101 2396 sere
1118 2369 1225 2400 attinet,
1239 2376 1308 2404 quos
1331 2369 1515 2397 funestissima
1530 2371 1575 2398 illa
1596 2371 1724 2401 Ecclesia:
1737 2375 1835 2402 clades-

1042 2415 1230 2450 consnmpsit‘l
1246 2415 1359 2443 Referta
1383 2421 1446 2444 sunt
1467 2425 1560 2445 eorum
1583 2420 1738 2449 nominibus
1755 2423 1833 2449 anti-

1042 2469 1093 2495 qua
1125 2461 1331 2497 Martyrologia.
1354 2461 1408 2489 Sed
1434 2461 1605 2490 Palaestinam
1633 2467 1770 2500 praecipue
1797 2475 1830 2494 ea

1039 2527 1363 2565 NicepltoriCbronicon.
1373 2528 1426 2557 Sed
1440 2537 1472 2557 ex
1489 2529 1617 2559 Chronico
1632 2532 1835 2565 Alexandrino.

1039 2569 1154 2598 utroque
1177 2563 1295 2597 Victore,
1312 2565 1452 2599 Eutropio,
1482 2565 1598 2598 Zonaia.
1613 2563 1830 2596 nntnismat‘ihus

1037 2598 1171 2632 plut-imis.
1190 2599 1283 2626 codice
1307 2598 1463 2627 Justiuiano
1482 2605 1510 2627 et
1537 2608 1569 2628 ex
1594 2602 1655 2630 aliis
1672 2605 1827 2630 auctorita-

1037 2634 1108 2674 tibus
1135 2638 1191 2660 tum
1208 2634 1348 2668 antiquis.
1380 2639 1436 2661 tum
1463 2637 1673 2674 recentioribus,
1704 2639 1831 2674 quinque

1036 2669 1166 2706 dutitasut
1181 2676 1266 2696 annos
1283 2675 1313 2706 et
1330 2677 1436 2697 menses
1452 2671 1556 2705 aliquot
1577 2669 1729 2706 imperasse
1751 2669 1827 2700 vide-

1037 2708 1078 2729 tur
1099 2703 1248 2740 Philippus.
1264 2704 1298 2731 ab
1315 2712 1386 2732 anno
1398 2703 1506 2740 scilicet
1517 2705 1580 2738 9.“,
1600 2703 1748 2735 ail'annnm
1759 2709 1828 2740 249.

1030 2745 1083 2772 quo
1098 2747 1111 2765 a
1127 2739 1207 2766 Decio
1220 2739 1327 2777 occisus
1340 2744 1389 2767 est.
1401 2739 1479 2777 _Vide
1494 2741 1660 2774 Tillemont.,
1679 2742 1753 2770 Hist.
1778 2739 1832 2777 ius}

1029 2777 1114 2807 perat.
1131 2779 1198 2803 tom.
1220 2773 1264 2807 ιιι,
1281 2773 1342 2802 Not.
1356 2776 1383 2802 in
1396 2774 1525 2808 Gordiani.
1543 2783 1570 2804 et
1583 2778 1612 2805 in
1633 2777 1754 2813 Philipp.
