1915 3079
91 158 140 186 689

608 156 894 185 ORlGENIANORUM
916 156 979 185 LIB.
1000 157 1021 191 Ι,
1042 158 1117 185 CAP.
1133 158 1183 187 -ιν,

1649 163 1701 192 690

92 222 190 251 strages
205 214 293 242 ab‘ecit
309 222 316 240 ε
333 214 411 242 multi
434 214 571 250 siquidem
588 214 714 250 Origeuis
733 215 862 242 exhorta-
878 217 899 245 Α
915 215 1329 250 bliothecarius(28)etZonaras
1339 216 1406 253 (29),
1421 217 1464 245 vix
1475 218 1599 253 equidem
1608 222 1699 254 credo,

92 261 203 288 tionibus
217 259 323 287 accensi
343 259 417 287 Decii
437 259 576 287 furoribus
593 266 655 287 sese
670 259 776 287 fortiter
790 260 865 294 obie-

91 311 189 334 terunt.

123 353 152 380 ll.
167 353 215 386 Qui
240 352 340 387 Tyrum
364 351 419 386 jam
447 357 511 379 ante
528 352 698 379 concessisse
718 351 863 387 Origenem

91 400 207 432 credunt,
225 407 305 434 quam
318 398 466 425 Christiani
487 406 502 425 a
518 398 600 426 Decio
615 398 765 433 oppugnari
783 399 863 432 ccepti

89 447 149 477 sint,
165 446 240 473 facile
253 446 285 473 iis
297 445 432 472 assentior
444 452 584 472 :sccessus
600 453 700 471 annum
713 445 863 479 assignare,

91 492 209 521 hariolari
227 497 279 519 est.
305 491 333 518 In
349 499 411 518 eum
430 497 504 519 cene
525 491 642 518 maxima
668 490 864 526 persecutionis

94 540 168 574 hujus
196 538 316 571 gravitas
343 538 485 570 incubuit,
515 545 596 571 quatn
629 537 723 564 eadem
754 536 864 569 pertulit

91 586 248 616 constantia,
263 592 315 619 qua
330 584 390 612 aliis
401 592 462 611 eam
477 589 505 611 ut
518 583 681 619 perferrent,
695 588 791 610 auctor
806 583 865 611 lue-

89 638 136 660 rat.
157 631 220 658 Nam
240 631 356 665 primum
373 631 401 658 in
419 630 581 665 profundum
608 636 746 656 carcerem
774 629 864 656 detru-

89 686 130 706 sus
143 682 198 710 est;
211 677 316 712 torquis
326 677 432 704 ferreus
444 676 513 703 collo
529 676 660 710 injectus;
678 675 865 710 pedesligneis

89 724 182 758 pedicis
195 723 294 758 grandi
306 722 451 750 intervallo
469 723 583 750 invicem
598 722 709 748 remotis
724 722 759 749 ita
770 721 863 749 inserti

88 774 154 803 sunt,
171 774 199 796 ut
213 769 370 796 divaricatis
384 769 512 797 cruribus
528 768 690 796 distractunt
704 775 803 802 corpus
817 775 865 801 per

88 815 177 843 multos
202 815 260 842 dies
286 815 425 842 dirissitne
446 819 619 850 torqueretur
635 823 642 841 :
658 813 865 841 intentabantur

86 861 179 896 ignium
194 866 221 888 et
235 860 430 895 suppliciorum
444 860 535 892 minae,
549 867 581 887 ac
591 859 732 894 multiplici
747 859 864 893 denique

87 912 211 934 tormento
224 906 310 934 senile
322 914 421 940 corpus
433 906 618 933 cruciabatur.
637 905 728 932 Altum
740 905 785 932 ille
797 912 863 932 con-

87 957 133 985 tra,
147 958 173 980 et
184 957 306 980 erectum
318 953 438 979 animum
455 959 540 987 super
555 951 694 979 fortunam
709 958 820 986 gerens,
837 955 864 978 et

87 999 159 1026 vitam
177 1006 254 1026 suam
270 1003 331 1032 post
343 998 445 1025 Christi
456 998 539 1025 ﬁdem
552 997 662 1030 ducens,
676 1004 772 1024 omnes
787 1004 865 1031 aspe-

87 1044 172 1071 ritates
187 1043 350 1078 supervasit.
365 1043 405 1071 Ac
414 1051 507 1071 secum
519 1043 652 1078 praeclare
667 1047 758 1070 actum
767 1042 865 1070 existi-

88 1095 186 1121 masset,
208 1090 230 1117 si
254 1095 408 1117 extremum
429 1090 462 1116 ab
482 1097 515 1116 eo
535 1089 700 1123 supplicium
722 1088 866 1123 improbus

87 1136 252 1169 expetivisset
270 1135 373 1170 judex,
391 1136 435 1162 cui
460 1143 542 1162 unum
568 1134 594 1162 id
611 1134 662 1162 fuit
683 1134 863 1169 propositum,

85 1189 170 1208 crimes
195 1182 320 1216 martyrii
342 1181 482 1209 cruciatus
511 1181 736 1209 innocentissimo
758 1180 862 1208 homini

88 1226 207 1262 inﬂigere,
222 1228 350 1255 eumdem
372 1235 437 1255 vero
459 1233 566 1263 sperata
584 1235 634 1262 per
651 1232 768 1255 mortem
789 1235 862 1254 mar-

87 1270 142 1305 tyrii
162 1271 285 1298 mercede
307 1271 425 1306 privare.
450 1271 620 1300 Ostentatuln
646 1272 737 1307 itaque
770 1277 862 1299 certa-

87 1316 159 1344 tninis
180 1323 207 1344 et
228 1317 353 1344 iaborum
369 1317 509 1352 praemium
527 1318 553 1344 io
577 1317 651 1345 aliud
671 1323 778 1353 tempus
795 1318 863 1344 dila-

86 1369 135 1392 ςιιπι
149 1371 197 1393 est.

117 1411 155 1440 ΙΙΙ.
172 1411 226 1446 (‘26)
240 1411 316 1440 Bene
329 1417 420 1440 autem
435 1412 467 1440 de
478 1420 508 1440 se
528 1413 625 1440 merito
638 1413 781 1447 magistro,
798 1414 862 1442 dum

86 1457 109 1484 in
124 1458 261 1486 tormentis
275 1463 358 1490 esset,
379 1457 497 1493 optimus
519 1458 683 1494 discipulus,
709 1463 738 1487 et
762 1461 863 1488 veteris

84 1503 199 1530 amicitia:
215 1511 320 1531 memor
330 1503 473 1539 Dionysius
485 1503 684 1532 Alexandrinus
695 1513 750 1532 non
766 1505 860 1539 deluit,

880 887 901 915 Β

915 262 960 295 qui
981 261 1180 296 subiectissime
1200 263 1232 290 de
1254 270 1284 290 se
1300 271 1332 291 ac
1351 264 1530 292 demisissime
1549 265 1576 292 in
1594 265 1670 292 libris
1683 275 1699 293 ει

916 314 945 334 se
961 307 1012 334 hoc
1034 313 1153 342 tempore
1181 309 1291 344 scriptis
1315 313 1343 336 et
1368 310 1487 344 loquitur
1501 315 1527 337 ct
1541 312 1634 338 sentit.
1659 312 1699 339 Ad

916 353 974 380 haec
996 358 1139 389 postquam
1166 354 1193 381 in
1218 355 1408 389 persecutione
1435 355 1551 383 Deciana
1577 358 1700 384 nuntium

915 399 1025 427 Christo
1042 400 1180 428 remisisse
1195 401 1338 436 Origenem
1353 401 1474 436 scripsit,
1498 402 1572 429 addit
1591 403 1618 430 in
1632 404 1701 430 mul-

917 449 958 471 tas
980 444 1076 472 deinde
1106 446 1233 474 incidisse
1264 446 1400 479 haereses,
1425 447 1569 482 multisque
1592 449 1700 475 errandi

916 497 1026 518 causam
1041 491 1160 524 dedisse.
1178 500 1210 520 ac
1228 493 1312 520 multo
1322 498 1385 528 post
1397 497 1518 527 tempore
1532 493 1700 522 Christiano-

916 544 976 563 rum
1008 538 1200 565 communione
1233 538 1317 566 fuisse
1345 539 1504 574 privatum:
1522 547 1582 574 quae
1608 547 1699 567 secum

916 582 1061 610 manifesto
1085 588 1215 618 pugnant,
1245 592 1305 612 cum
1327 583 1470 619 perpaucis
1495 590 1557 612 ante
1577 585 1702 620 Origenis

914 628 1021 655 obitum
1043 629 1122 657 annis
1144 629 1290 658 instinctus
1304 630 1398 658 furore
1419 630 1517 658 Decius
1539 631 1702 660 Christianis

915 674 1014 703 bellum
1039 675 1176 703 indixerit.
1199 676 1345 704 Sciendum
1369 681 1501 711 praeterea
1531 677 1556 704 id
1581 678 1703 705 hausisse

916 720 1098 754 Nicephorum
1113 729 1148 749 ex
1162 721 1325 757 Epiphanio,
1342 723 1387 757 qni
1402 723 1472 759 hanc
1493 722 1618 757 Origenis
1639 731 1701 759 per-

915 764 1077 792 duellionem
1105 773 1221 793 narrans
1242 767 1308 794 liter.
1327 767 1372 799 64,
1388 775 1448 802 cap.
1471 768 1498 799 2,
1519 768 1552 795 de
1575 775 1702 801 persecu-

916 812 988 838 tione
1010 811 1126 840 Deciana
1146 813 1230 840 altum
1256 813 1328 846 silet,
1354 814 1580 849 quemadmodum
1605 814 1702 842 Cedro-

916 865 966 886 nus
981 863 1008 885 et
1025 857 1124 886 Suidas
1139 868 1148 886 :
1167 859 1193 886 in
1205 859 1273 887 libro
1287 865 1378 887 autent
1402 860 1441 888 De
1460 869 1543 888 mem.
1562 866 1586 888 et
1606 861 1702 895 pond.,

916 913 945 931 n.
961 904 1005 936 18,
1020 911 1081 932 cum
1104 904 1226 932 Deciana:
1241 905 1440 939 persecutionis
1462 906 1596 938 meminit,
1611 906 1702 941 Orige-

915 958 977 978 nem
995 950 1103 985 quidem
1126 951 1209 978 multa
1229 955 1294 978 tunc
1317 958 1473 986 perpessum
1501 952 1585 979 fuisse
1612 954 1702 985 docet,

914 996 1073 1032 Ethiopem
1087 1004 1153 1024 vero
1168 997 1326 1032 neutiquam
1339 1003 1546 1025 commemorat.
1562 998 1618 1025 Nec
1630 1006 1702 1026 cont-

915 1045 1050 1069 memorat
1075 1045 1151 1069 certe
1180 1039 1299 1068 Joannes
1328 1041 1450 1069 Zonaras
1475 1041 1542 1077 (30),
1568 1042 1613 1077 qui
1639 1050 1701 1070 cum

915 1091 1006 1114 tamen
1024 1087 1170 1114 tormentis
1183 1087 1284 1113 victum
1296 1087 1346 1114 sub
1361 1087 1444 1115 Declo
1460 1094 1476 1114 a
1489 1087 1541 1115 title
1555 1087 1702 1116 descivisse

915 1132 1018 1165 tradit;
1041 1137 1069 1159 et
1083 1132 1243 1167 arrogantia
1262 1131 1364 1160 elatum
1385 1141 1529 1166 pravorum
1545 1134 1701 1170 dogmatutn

913 1183 1052 1205 auctorem
1069 1178 1161 1205 fuisse.
1178 1177 1312 1205 Zonaram
1329 1178 1480 1206 fefellerunt
1503 1179 1573 1206 male
1590 1185 1701 1215 accepta

914 1224 970 1251 hinc
987 1224 1128 1259 Epipltanii
1144 1225 1225 1252 verba
1237 1226 1308 1252 :Kai,
1318 1225 1398 1257 αὐτὸς
1413 1225 1442 1251 δὲ
1461 1225 1601 1262 Ὠριγένης
1616 1226 1702 1253 πολλὰ

913 1270 1064 1302 πεπονθὼς,
1079 1271 1119 1303 εις
1132 1270 1207 1303 τέλος
1226 1270 1271 1297 τοῦ
1292 1271 1441 1307 μαρτυρίου
1455 1271 1504 1298 οὐκ
1517 1271 1640 1307 ἔφθανεν,
1653 1273 1702 1300 ob-

913 1322 1002 1344 stante
1017 1318 1144 1344 nimirum
1169 1317 1272 1344 saevitia
1292 1317 1401 1353 judicis,
1416 1325 1468 1344 non
1479 1317 1604 1352 Origcnis
1621 1319 1701 1352 perli-

914 1363 968 1396 dia,
992 1363 1139 1398 quominus
1164 1363 1288 1399 martyrii
1316 1371 1446 1391 coronam
1474 1370 1699 1400 consequeretur.

914 1408 982 1436 Male
996 1416 1028 1437 ea
1042 1416 1152 1444 quoque
1169 1409 1307 1437 intellecta
1323 1415 1386 1437 sunt
1398 1410 1432 1437 ab
1448 1410 1592 1439 Anastasio
1604 1410 1701 1439 Biblio-

913 1455 1045 1489 thecario,
1057 1459 1084 1482 et
1096 1455 1128 1482 ad
1141 1462 1242 1482 annum
1253 1455 1354 1483 Christi
1364 1455 1418 1482 244
1436 1463 1579 1491 perperam
1592 1455 1677 1483 relata
1692 1465 1699 1483 :

913 1509 967 1536 quo
981 1509 1053 1528 anno
1065 1501 1209 1536 imperium
1221 1502 1335 1536 adeptus
1349 1507 1390 1530 est
1403 1501 1555 1537 Philippus,
1569 1503 1701 1532 sexennio

84 1547 227 1583 librumque
247 1549 283 1576 ad
305 1556 366 1576 eum
382 1549 419 1576 De
435 1549 563 1585 martyrio
579 1550 699 1585 scripsit,
722 1559 776 1585 quo
803 1552 860 1579 ani-
874 1557 897 1587 ς
912 1556 1000 1582 eoque
1015 1540 1131 1583 ampli'us
1147 1553 1211 1575 ante
1231 1547 1376 1575 Decianam
1393 1549 1619 1583 persecutionem.
1635 1549 1701 1585 Gly-

84 1601 150 1620 mum
174 1595 209 1621 illi
224 1595 318 1622 dolore
334 1603 365 1623 ac
380 1595 490 1623 miseria
511 1596 697 1624 tabescentem
714 1597 859 1629 relevaret.

83 1644 107 1665 et
119 1639 141 1666 ei
162 1640 250 1667 solatii
270 1646 411 1675 praestaret
426 1641 526 1675 vicem,
540 1641 587 1677 qui
604 1641 666 1670 aliis
687 1642 758 1670 hanc
774 1643 862 1671 omni-

85 1683 130 1711 bus
142 1686 259 1719 praalicre
272 1686 368 1714 solitus
381 1691 449 1714 erat.

115 1729 154 1757 IV.
177 1731 345 1766 Nicepltorus
358 1732 467 1761 Eusebii
483 1738 628 1768 perpetuus
646 1739 796 1762 assectator
812 1735 863 1762 du-

83 1782 134 1801 cem
147 1784 221 1804 suum
238 1778 286 1805 hic
302 1779 419 1812 deserit,
438 1785 466 1806 et
481 1780 507 1807 in
526 1784 638 1815 atroces
656 1781 786 1811 adversus
801 1781 861 1809 Οι-ἰ·

83 1828 179 1854 genem,
208 1831 285 1851 more
313 1825 463 1852 recentium
497 1825 658 1854 Graecorum
676 1847 685 1860 ,
711 1827 862 1855 calumnias

82 1865 192 1896 divertit.
214 1870 283 1896 Eum
307 1871 344 1897 ait
371 1871 503 1898 modestia
524 1880 557 1900 ac
580 1873 735 1901 Christiana
754 1874 862 1902 humili-

85 1915 144 1944 tate,
157 1921 215 1948 qua:
229 1915 361 1942 virtututn
373 1916 497 1943 omnium
514 1925 614 1951 parens
627 1923 680 1950 est,
697 1919 807 1951 amissa,
834 1919 859 1946 in

86 1956 192 1985 Deciana
218 1960 411 1994 persecutione
437 1964 581 1990 tormentis
603 1962 750 1996 aﬂictum,
783 1972 859 1991 suant

82 2003 180 2036 quidem
192 2006 372 2033 constantiam
387 2014 419 2034 ac
436 2007 516 2034 ﬁdem
534 2007 666 2035 Ecclesia
681 2009 859 2044 praestitisse;

81 2055 167 2077 verum
181 2053 292 2080 admoto
309 2053 438 2088 .Ethiope
454 2054 499 2088 qui
516 2054 670 2082 castissimo
682 2055 788 2090 corpori
804 2055 862 2082 illu-

83 2095 163 2129 deret,
178 2097 259 2125 thura
275 2099 329 2126 diis
344 2099 454 2127 adolere
470 2099 615 2132 maluisse,
632 2108 713 2135 quam
727 2100 859 2135 ejusmodi

83 2141 202 2172 probrmn
217 2143 244 2170 in
260 2151 290 2171 se
310 2144 456 2172 admittere
470 2153 478 2171 :
493 2150 577 2180 atque
592 2146 653 2173 inde
669 2146 759 2174 divina
773 2148 860 2181 gratia

81 2193 135 2214 cum
150 2189 306 2223 excidisset.
327 2191 354 2217 in
371 2192 464 2219 varias
477 2192 596 2219 hzereses
616 2192 766 2228 delapsum,
789 2193 859 2219 mul-

911 1603 959 1622 cas
966 1599 1055 1622 autem
1066 1594 1344 1629 Epiphanioadltatsil
1352 1594 1420 1630 (5|).
1429 1594 1698 1631 Nicephorusigitur,

911 1641 958 1677 qui
977 1641 1028 1668 hoc
1045 1640 1104 1668 Icco
1116 1640 1224 1668 videtur
1241 1640 1423 1676 Epiphanium
1440 1646 1576 1674 sectatus,
1596 1646 1624 1670 et
1637 1642 1699 1678 qui-

911 1696 1019 1723 cunque
1036 1687 1088 1716 hoc
1106 1687 1232 1724 Origenis
1246 1687 1352 1715 facinus
1364 1688 1489 1715 Decianze
1499 1688 1700 1724 persecutionis

913 1734 1080 1769 temporibus
1093 1734 1247 1769 assignant,
1264 1733 1376 1761 minime
1393 1733 1504 1768 quidem
1519 1733 1700 1768 Epiphaniam

914 1785 1054 1808 auctorem
1077 1781 1189 1808 habent.
1211 1779 1269 1807 Imo
1292 1788 1367 1812 vero,
1383 1783 1476 1814 aperte
1491 1780 1543 1807 illis
1560 1780 1699 1807 contradi-

912 1833 984 1858 cere,
1011 1825 1034 1852 si
1056 1825 1118 1860 quis
1139 1824 1172 1852 ad
1190 1824 1357 1851 narrationis
1381 1824 1453 1852 illius
1469 1829 1625 1851 contextum
1640 1825 1699 1851 ani-

912 1871 1078 1903 madvertat,
1096 1870 1178 1905 plane
1194 1869 1325 1896 fatebitur
1340 1878 1346 1896 :
1364 1869 1392 1896 id
1408 1869 1507 1904 quippe
1527 1869 1699 1897 Alexandriae

911 1917 1061 1952 contigisse
1078 1916 1194 1948 scribit,
1215 1919 1296 1950 atque
1314 1914 1462 1950 Origenetn
1479 1916 1580 1944 idcirco
1595 1916 1629 1943 ab
1647 1916 1697 1944 Ee-

911 1963 996 1990 clesia
1028 1961 1112 1990 fuisse
1140 1961 1290 1996 deiectum;
1315 1969 1432 1996 cumque
1457 1968 1486 1988 se
1513 1961 1605 1988 irrisui
1637 1969 1698 1989 esse

912 2007 1077 2044 perdoleret,
1088 2007 1176 2042 patria
1189 2006 1393 2034 excessisse.At
1407 2006 1524 2033 Deciana
1537 2010 1699 2041 tempestate

912 2061 999 2088 neque
1018 2054 1191 2081 Alexandria,
1210 2053 1292 2080 fuisse
1314 2052 1470 2087 Origenem,
1487 2060 1575 2087 neque
1592 2053 1626 2080 ab
1645 2053 1698 2080 Ec-

911 2100 1002 2128 clesiae
1017 2099 1210 2128 communione
1226 2104 1412 2134 segregatum,
1429 2106 1516 2133 neque
1533 2099 1697 2126 Alexandria

912 2146 993 2173 fuisse
1022 2144 1173 2180 profectum
1197 2144 1240 2172 vei
1260 2144 1354 2172 docuit
1379 2144 1534 2179 quisquam.
1562 2144 1604 2171 vel
1622 2144 1696 2171 crctli

912 2195 1019 2226 potest;
1036 2195 1064 2218 et
1078 2198 1112 2217 ex
1128 2189 1250 2221 Eusebii,
1264 2189 1405 2224 ipsiusque
1418 2189 1561 2224 Nicephori
1571 2209 1579 2222 ,
1591 2193 1618 2215 et
1631 2188 1696 2215 alio—

81 2231 162 2268 tisque
183 2235 211 2262 in
232 2244 355 2263 errorem
386 2237 516 2270 inductis,
548 2238 581 2265 ab
609 2238 729 2266 Ecclesia
755 2239 857 2267 Christi
875 2235 897 2262 D
911 2243 971 2262 rum
983 2235 1105 2265 historiis
1115 2234 1183 2262 satis
1192 2234 1336 2261 refellitur.
1348 2234 1405 2268 (32)
1415 2233 1595 2268 Quasquidem
1606 2234 1696 2260 omnia

81 2275 151 2314 longo
166 2286 225 2315 post
239 2287 360 2316 tempore
370 2282 455 2311 fuisse
466 2284 686 2312 exterminatum.
701 2284 764 2312 ilmc
777 2286 858 2313 habet

81 2323 239 2359 Nicephorus
259 2327 330 2364 (27),
344 2337 404 2364 quae
421 2330 454 2357 ad
472 2330 597 2358 veritatis
623 2330 753 2358 amussim
779 2338 852 2358 revo-

79 2376 191 2404 cata,et
218 2381 281 2401 cum
310 2380 433 2402 veterum
456 2376 581 2412 scriptis.
607 2376 678 2403 unde
700 2377 857 2411 deprompta

80 2422 145 2449 sunt,
170 2419 309 2453 conﬂicta,
337 2420 417 2448 ﬁdem
443 2429 520 2449 suam
550 2423 709 2456 decoquent.
738 2422 854 2450 Nimiam

78 2461 142 2488 enim
167 2463 217 2490 sibi
245 2465 402 2500 superbiam
428 2470 492 2498 tunc
518 2467 665 2501 sumpsisse
691 2466 851 2502 Origenem,

79 2509 192 2539 quamvis
202 2515 268 2538 ante
276 2510 458 2546 Nicephorum
470 2512 630 2547 scripserint
640 2512 799 2540 Anastasius
810 2512 856 2540 Bi-

109 2627 162 2668 (in)
180 2630 293 2668 Euseb,
307 2631 375 2658 "iu.
387 2631 522 2668 eccl.,lib.
537 2640 574 2665 vt,
590 2640 649 2668 cap.
666 2632 711 2660 46.
722 2632 791 2660 Bene
803 2641 854 2660 alt-

79 2666 123 2689 tem
138 2665 208 2701 deire
227 2665 321 2692 merito
342 2667 477 2701 magistro,
494 2667 556 2694 dum
573 2669 600 2695 in
619 2665 755 2695 [armentis
776 2673 854 2700 esset,

79 2702 127 2737 etc.
159 2700 226 2738 _Cum
255 2700 393 2738 Eusebius
413 2701 532 2738 libellum
560 2703 598 2729 De
627 2704 757 2738 martyrio
784 2703 855 2730 inter

79 2734 196 2773 epistolas
232 2735 310 2770 paulo
337 2741 398 2770 post
429 2737 524 2773 Decii”
534 2741 654 2773 stragem
681 2734 710 2765 θ’
728 2738 855 2773 Dionysio

80 2771 183 2806 {eriptas
211 2776 368 2803 recenseat,
395 2771 544 2800 verisimile
567 2771 619 2800 non
641 2773 748 2800 videtur
772 2771 854 2806 hunc,

77 2800 335 2865 giztainltormetttis
354 2800 427 2833 esset
440 2806 584 2842 Origenes,
599 2807 681 2836 fuisse
696 2816 711 2836 a
728 2800 856 2843 Dicuysio

103 2846 106 2851 '
151 2847 177 2865 ra
191 2848 247 2865 Ilm.

103 2846 247 2867 auoratum.

111 2873 164 2908 (‘27)
182 2875 295 2910 Niceph.
313 2875 350 2903 lib
377 2884 402 2910 v,
419 2884 478 2912 cap.
493 2877 537 2905 32.

914 2283 978 2310 huic
1004 2281 1126 2316 apprime
1147 2281 1219 2308 aetati
1245 2281 1419 2312 conveniunt,
1447 2280 1473 2306 in
1499 2287 1579 2314 quam
1597 2279 1697 2306 factum

914 2329 979 2356 illud
994 2328 1173 2363 coniecimus.
1187 2327 1254 2354 Nam
1269 2332 1295 2354 et
1310 2333 1365 2354 tum
1382 2326 1555 2353 Alexandria:
1568 2325 1696 2352 Versaba-

913 2379 956 2401 tur
986 2373 1136 2408 Origenes,
1161 2378 1188 2400 et
1217 2373 1308 2400 statim
1335 2377 1395 2407 post
1421 2371 1553 2407 ﬂagitium
1587 2371 1696 2405 reliquit

911 2419 1117 2451 Alexandriam,
1131 2423 1158 2446 et
1171 2426 1185 2445 a
1194 2418 1415 2446 Christianorum
1429 2418 1559 2446 societate
1569 2418 1696 2453 depulsus

909 2471 962 2499 est,
978 2473 1030 2493 nec
1047 2465 1132 2492 multo
1147 2471 1209 2500 post
1225 2465 1425 2500 Jerosolymam
1441 2464 1524 2496 adiit,
1543 2464 1587 2492 ubi
1604 2464 1630 2491 in
1646 2473 1696 2500 pu-

908 2513 981 2541 blico
995 2512 1212 2540 Christianorum
1228 2518 1301 2539 ctetu
1316 2512 1491 2540 commissum
1502 2510 1591 2539 scelus
1604 2511 1692 2547 lacry-

953 2631 1000 2659 28)
1017 2631 1112 2660 Amm.
1132 2631 1158 2657 in
1172 2631 1242 2658 Hist.
1257 2631 1289 2658 ad
1309 2639 1354 2658 an.
1371 2631 1470 2659 Christi
1483 2630 1546 2658 2M.

952 2668 998 2702 ‘29)
1013 2667 1111 2694 Zonar.
1130 2666 1200 2695 Ηίει.
1218 2666 1263 2693 lib.
1282 2673 1310 2693 ιι.

954 2702 999 2734 30)
1014 2702 1052 2729 Iul.
1070 2702 1135 2729 ibid.

955 2737 1000 2773 5i)
1025 2738 1102 2773 Glyc.
1116 2736 1225 2773 Annal.,
1239 2741 1310 2773 part.
1322 2744 1369 2773 tu.

955 2771 1001 2806 52)
1021 2771 1086 2805 ρυλε
1099 2772 1204 2806 quidem
1216 2772 1304 2798 omnia
1316 2772 1378 2798 huic
1393 2771 1509 2806 opprime
1532 2771 1691 2798 conveniunt

907 2806 995 2839 mn;
1005 2808 1034 2833 in
1051 2815 1129 2842 quam
1143 2807 1243 2842 factum
1258 2806 1326 2842 illud
1350 2806 1518 2841 conjecimua.
1531 2806 1595 2842 Vide
1607 2814 1687 2841 supra

909 2844 936 2869 in
951 2850 1010 2876 cap.
1026 2841 1143 2874 2,'nunt.
1159 2842 1203 2873 15.
1219 2841 1264 2869 ubi
1276 2841 1345 2868 hattc
1361 2842 1502 2877 Epiphanii
1517 2842 1549 2869 de
1564 2841 1688 2876 Origcnis

909 2877 1059 2905 idololatria
1071 2876 1187 2906 fabulam
1197 2876 1368 2906 destruimus.

909 2885 1059 2905 ιιιυιοωιιΊίι
1071 2885 1187 2906 tabulam
1197 2885 1368 2906 (ICSII'IHIIIUS.
