1915 3079
220 155 265 184 ’ἱ9ί
469 137 472 141 ’
858 156 887 182 P.
908 156 1066 183 DANIELIS
1084 155 1203 184 nomn

1801 153 1850 182 G93

222 219 270 245 mis
288 222 449 252 prosecutus
461 221 512 244 est.
528 215 661 249 Quamvis
673 221 763 243 autem
781 216 862 244 rebus
875 217 1005 243 Christia-
1022 220 1045 248 Α
1060 223 1150 252 partes
1168 217 1346 253 transfugisse
1365 220 1538 246 commentus
1550 219 1664 244 est:res
1680 214 1744 242 lucc
1756 213 1850 241 abillis

219 263 261 290 nis
287 264 402 296 faveret,
425 263 471 298 qui
493 267 557 291 tunc
584 263 697 298 imperio
717 263 869 297 potiebatur
888 262 1004 291 Severus

217 309 384 343 Alexander,
400 309 456 345 (55)
477 317 526 338 cas
543 316 633 338 tamen
653 316 703 344 pro
719 309 830 337 libidine
845 309 1008 338 divexabant

219 355 426 388 provinciarum
452 361 584 387 rectores.
606 355 834 390 Christianosque
854 355 1007 390 complures

217 400 276 426 neci
292 400 402 428 dabant.
420 401 446 428 ld
473 401 614 428 declarant
635 400 809 428 ecclesiastici
832 401 961 432 Annales,
980 406 1007 429 et

199 471 203 482 ,
219 445 425 482 Martyrologia.
441 449 554 475 Constat
572 456 637 482 ergo
660 447 856 474 hallucinatum
873 447 1006 482 Nicepho-

216 500 286 525 rum,
302 501 352 520 nec
364 495 397 520 ad
415 493 559 521 Deciauam
575 494 678 521 cladem
693 493 744 521 hoc
761 493 886 528 Origenis
901 493 1006 521 facinus

216 538 270 564 ullo
287 539 367 567 modo
381 541 529 574 pertinere.

252 585 351 613 Verum
367 592 530 621 praepostere
543 587 660 623 agimus,
677 590 722 624 qui
737 590 775 617 rei
791 589 870 622 hujus
882 596 1006 623 perscru-

215 634 307 658 tatnur
329 637 443 667 tempus,
465 641 543 660 resne
559 634 617 668 ipsa
641 635 723 663 fuerit
743 636 888 671 aliquando
901 640 1003 667 certum

216 681 336 707 nondum
355 680 494 708 habemus.
513 681 641 715 Quamvis
657 684 730 710 enim
743 684 895 713 clarissimo
910 692 1005 710 monu-

217 731 308 753 mento
333 727 522 762 consignatum
551 727 578 759 id
597 732 687 755 eXslct
703 729 728 756 in
747 728 826 756 libris
850 729 1003 764 Epiphanii,

215 772 462 808 cgrcgiiscriptoris
471 778 497 799 et
513 773 628 808 antiqui,
640 783 696 801 rem
715 779 805 803 tamen
822 783 899 802 suum
915 776 1004 803 adex-

215 825 293 844 amen
306 818 582 846 revocavilBaronius
593 819 661 857 (5i),
670 824 698 846 ιιι
707 819 837 851 diximus,
849 820 1004 847 confictam-

216 872 269 899 que
283 864 431 898 judicavit;
461 870 488 892 et
505 874 538 893 ne
552 874 648 894 manus
664 875 726 894 cum
744 867 894 902 Epiphanio
906 874 1003 895 conse—

1058 268 1101 291 est
1123 263 1232 291 silentio
1249 263 1453 297 prmtermissa;
1483 263 1566 299 igitur
1585 270 1619 290 ne
1646 268 1710 288 vera
1726 261 1847 296 quidem.

1059 309 1159 336 Eadem
1175 309 1231 336 haec
1246 308 1302 336 fere
1311 313 1487 344 repraesentat
1500 308 1650 338 Halloxius,
1658 313 1685 335 et
1699 306 1848 342 ampliﬁcat

1058 355 1173 382 dicendo
1187 361 1219 382 ac
1236 354 1341 385 dilatat,
1363 361 1503 389 unumque
1529 353 1604 380 addit
1625 353 1696 387 quod
1728 351 1848 378 animad-

1057 400 1184 428 versione
1200 400 1310 435 dignum
1329 405 1381 431 est,
1393 407 1455 427 eum
1473 399 1570 426 fabulae
1584 399 1662 426 istius
1673 397 1796 433 primum
1811 398 1849 423 v5-

1057 446 1113 474 deri
1135 446 1313 479 inventorem,
1331 447 1376 481 qui
1390 446 1544 474 Iustiniano
1560 445 1720 480 imperatori
1736 443 1846 471 dictavit

1058 492 1200 529 epistolam
1218 493 1250 520 ad
1263 492 1369 520 Menam
1383 492 1715 526 Constantinopolitanum
1733 489 1847 524 patriar-

1057 540 1136 566 cham
1152 541 1282 568 adversus
1307 540 1466 576 Origenem,
1486 548 1544 575 qua:
1565 540 1591 567 in
1616 539 1725 567 concilii
1745 546 1762 565 v
1781 538 1847 565 actis

1057 584 1143 613 relata
1164 591 1215 613 est.
1237 587 1292 613 Cur
1309 587 1344 613 ita
1359 587 1484 619 sentiret,
1502 594 1554 613 non
1572 586 1714 620 apposuit,
1739 588 1768 610 et
1784 590 1846 610 vero

1061 633 1124 668 quid
1140 637 1289 667 apponeret
1306 641 1358 660 non
1370 632 1568 660 babuit:nullis
1584 632 1656 659 enim
1674 631 1845 663 auctoribus,

1056 676 1138 704 nullis
1153 677 1323 711 argumentis
1335 684 1380 705 res
1398 677 1463 705 falsa
1482 681 1589 711 poterat
1602 676 1767 713 approbari;
1784 675 1844 703 facti

1055 723 1189 758 siquidem
1205 723 1276 751 illius
1294 729 1394 757 prmter
1409 723 1589 758 Epiphaniam
1607 722 1732 750 meminit
1749 721 1845 749 Neme-

1055 770 1112 798 sius
1124 769 1182 805 (57)
1197 769 1351 797 Justiniano
1362 769 1516 804 antiquior;
1529 768 1653 796 meminit
1671 773 1699 794 et
1713 767 1846 795 Leontius

1055 816 1202 852 Byzantius
1217 817 1283 853 (58).
1299 824 1377 852 quem
1406 815 1587 844 Bellarminus
1613 815 1711 849 quinta
1741 814 1844 846 synodo

1055 864 1222 899 superiorem
1241 863 1323 891 luisse
1338 867 1441 890 censet.
1453 862 1511 889 Huc
1528 861 1598 889 adde
1610 860 1775 888 idololatria:
1787 859 1843 894 qui-

214 917 276 936 rere
292 915 447 944 cogeretur,
463 910 520 947 (55)
531 918 653 939 assutum
673 912 733 947 ejus
748 900 857 948 scriptis
869 913 1002 948 lragmen-
1019 900 1040 928 Β
1054 910 1115 937 dem
1128 909 1272 944 Origenem
1294 910 1345 937 hac
1356 909 1468 945 epistola
1483 908 1666 936 Justinianum
1680 913 1841 939 arcessere;

216 960 272 983 tum
285 955 351 983 illud
368 961 395 983 et
409 956 540 984 insertum
556 959 752 992 pronuntiavit.
766 959 883 986 Baronio
896 959 1000 990 assensi

213 1006 277 1028 sunt
293 1000 443 1034 Halloxius,
458 1001 565 1038 Origen.
583 1003 689 1038 Defens.
706 1004 754 1032 lib.
770 1013 805 1037 tv,
821 1010 916 1042 quaest.
933 1005 960 1037 5,
975 1010 1002 1032 et

214 1051 271 1074 not.
285 1055 346 1083 pag.
363 1048 407 1080 55,
423 1049 468 1081 56,
487 1050 532 1082 57,
557 1050 730 1086 Raynaudus,
749 1051 919 1086 "optat/tecte
933 1057 1002 1079 sect.

211 1092 239 1123 2,
253 1093 324 1120 serie
335 1093 361 1127 i,
377 1101 437 1128 cap.
452 1094 470 1120 2
485 1100 512 1122 et
523 1093 645 1122 Valesius
660 1095 693 1122 ad
708 1095 806 1123 Euseb.
823 1096 894 1123 Hist.
909 1097 955 1124 lib.
965 1105 1002 1129 vt,

212 1146 235 1165 c.
250 1139 302 1172 59;
316 1140 480 1167 contradixit
493 1140 618 1168 Petavius
627 1141 696 1179 (36).
706 1141 760 1169 Nos
768 1142 908 1177 utriusque
919 1143 1003 1177 partis

214 1185 365 1213 rationibus
385 1186 519 1218 adductis,
528 1187 594 1214 nihil
610 1186 772 1222 praejudiciis
787 1187 828 1214 vel
847 1187 1001 1215 auctoritati

213 1232 371 1260 tribuentes
394 1237 514 1261 nostram
538 1234 701 1260 sententiam
717 1234 810 1268 paucis
824 1241 998 1268 exponemus.

211 1277 357 1306 Rationum
374 1279 482 1307 Baronii
498 1287 604 1306 summa
619 1281 676 1308 inec
689 1285 741 1308 est.
757 1280 785 1308 Si
799 1289 842 1308 res
854 1281 890 1307 ita
912 1281 1002 1308 sella-

212 1326 300 1359 beret,
312 1326 352 1357 uti
373 1333 500 1360 expressa
521 1326 639 1354 habetur
656 1327 726 1364 apud
738 1327 930 1363 Epiphanium,
945 1335 1002 1354 tne-

212 1372 356 1405 minissent
378 1372 472 1408 utique
492 1373 562 1407 ejus,
578 1374 620 1400 vel
642 1374 794 1408 objiciendo
813 1373 940 1408 Origenis
956 1373 1002 1401 ad-

214 1418 330 1446 versarii
351 1418 517 1453 Theophilus
534 1425 562 1446 et
588 1419 784 1455 Hieronymus;
798 1419 838 1446 vel
858 1419 1003 1446 refutando

212 1466 332 1505 ljatttorcs
347 1465 408 1501 ejus
421 1466 565 1500 Eusebius,
579 1466 738 1502 Pamphilus
753 1472 781 1494 et
803 1466 937 1500 Ruﬁnus;
959 1467 1001 1494 vel

213 1511 314 1538 vetusti
343 1510 440 1538 Patres
464 1511 641 1547 Augustinus,
666 1511 825 1540 Vincentius
853 1511 1003 1539 Lirinensis

212 1556 324 1591 aliique,
342 1557 388 1591 qui
402 1557 435 1584 de
446 1565 479 1586 eo
505 1556 563 1584 fuse
585 1561 613 1583 et
631 1556 765 1592 explicate
787 1561 913 1591 egerunt,
929 1561 957 1584 et
974 1557 1000 1584 in

211 1604 408 1631 controversiis
418 1603 564 1638 Justiniani
575 1611 632 1632 aevo
647 1604 776 1631 adversus
786 1603 931 1643 Origenem
945 1608 1001 1630 tan-

213 1655 241 1687 to
253 1650 343 1678 studio
353 1650 461 1686 agitatis
472 1650 561 1685 aliqua
576 1650 683 1677 tandem
696 1650 823 1678 facinoris
838 1650 895 1685 ejus
906 1649 1002 1678 fuisset

213 1695 313 1731 injecta
331 1697 449 1730 mentio;
472 1704 521 1725 nec
533 1698 559 1724 id
577 1705 684 1733 quoqtte
703 1690 923 1732 praetermisisset
935 1695 1002 1724 Por-

212 1742 335 1781 phyrius,
350 1751 411 1770 cum
427 1743 602 1771 Ammoniunt
618 1751 633 1770 a
652 1743 763 1771 Christo
778 1742 811 1770 ad
828 1743 999 1770 ethnicorum

254 1802 312 1837 (55)
330 1801 384 1829 Eas
401 1808 487 1838 tamen
500 1812 547 1838 pro
558 1803 666 1831 libidine
682 1803 840 1831 divexabant
855 1802 1004 1838 provincia-

218 1846 275 1874 rum
288 1841 408 1868 rectores,
426 1837 643 1874 Christianosque
661 1839 808 1872 complures
825 1839 882 1865 neci
893 1837 1002 1864 dabant.

214 1873 358 1907 Nunquam
377 1877 440 1908 itam
467 1874 544 1907 pauci
577 1873 653 1901 luere
682 1879 1003 1908 martyres,7quamrquo

211 1911 340 1943 itctnpore
350 1907 516 1936 Alexandria
534 1909 648 1937 recessit
665 1907 807 1943 Origenes.
826 1907 885 1935 Jain
900 1907 972 1935 enim
986 1915 1002 1934 a

218 1943 312 1977 viginti
328 1942 384 1978 fere
397 1944 476 1971 annis
489 1952 570 1973 nemo
582 1942 781 1978 persecutionis
795 1944 939 1971 scintillam
960 1942 1002 1969 vi-

217 1979 306 2010 derat.
330 1977 418 2005 Unum
448 1979 543 2006 saltum
573 1979 688 2006 Huctius
715 1979 837 2013 proferre
865 1978 1003 2005 debuisset

217 2018 365 2049 martyrem
375 2033 382 2043 .
405 2021 483 2047 quem
499 2015 653 2042 Alexandro
667 2014 817 2048 imperante
831 2013 1002 2049 Alexandria:

217 2048 325 2083 passum
352 2056 414 2076 esse
439 2054 514 2076 certa
535 2055 562 2076 et
578 2049 731 2076 indubitata
762 2049 900 2076 traderent
917 2048 1002 2074 moni-

214 2088 316 2111 menta.

251 2118 419 2153 (54)l1aron.
431 2119 465 2146 ad
485 2128 531 2147 an.
552 2119 616 2150 ‘255.
633 2128 659 2146 n.
680 2120 731 2146 120
743 2124 771 2149 et
781 2127 839 2151 seq.

249 2154 305 2190 (55)
322 2155 447 2181 Assumm
462 2155 519 2190 ejus
532 2156 636 2188 scriptis
658 2156 835 2190 fragmentum
856 2154 933 2189 illud,
949 2162 1001 2183 etc.

213 2189 286 2216 Nihil
299 2197 387 2216 causa:
399 2195 457 2216 erat
468 2189 517 2217 cur
532 2190 595 2217 illuc
613 2190 771 2225 confugeret
782 2190 923 2217 Baronius.
937 2191 1002 2219 Cum

213 2233 229 2252 e
241 2225 285 2251 tim
294 2225 399 2252 aliunde
407 2225 695 2260 constetEpiphanium
709 2225 860 2252 falsissimis
868 2225 1003 2253 interdum

215 2261 354 2286 adlncrere
367 2260 553 2293 monimentis,
564 2261 634 2295 quod
654 2260 694 2287 Vel
706 2269 738 2288 ex
757 2261 788 2287 iis
801 2260 884 2294 liquet
896 2268 955 2294 qua:
968 2263 1001 2289 de

214 2295 434 2330 MeletioretArio
446 2296 566 2330 scripsit,
582 2296 651 2324 hanc
665 2296 697 2322 de
709 2295 824 2330 Origene
837 2295 952 2323 fabulam
967 2304 999 2324 ex

216 2331 310 2357 iisdem
326 2329 440 2364 impuris
456 2329 575 2358 fontibus
590 2332 713 2358 haustam
726 2329 787 2358 esse
804 2330 885 2358 facile
903 2331 926 2358 ci
940 2339 1000 2359 erat

214 2365 390 2401 t'vincererex
409 2365 442 2392 iis
464 2366 599 2394 rationum
629 2367 785 2398 momentis,
801 2374 862 2401 quae
873 2366 929 2401 jam
952 2368 1000 2394 ad-

213 2402 340 2436 duximus
353 2400 378 2426 in
393 2408 453 2436 cap.
465 2401 492 2432 Ξ,
515 2410 588 2428 ntnn.
609 2402 651 2428 15.

250 2435 307 2471 (56)
323 2434 556 2473 Petavi'Animad.
575 2437 609 2462 ad
626 2436 769 2473 Epipllatt.,
789 2437 854 2464 hrer.
873 2437 920 2469 64,
937 2446 997 2473 cap.

211 2471 240 2502 2.
255 2468 281 2497 ὸ.
298 2468 331 2496 ad
347 2470 394 2499 lib.
411 2471 447 2498 De
461 2473 541 2505 pand.
555 2476 578 2498 et
590 2468 684 2503 mens.,
700 2481 725 2499 c.
740 2468 784 2499 18.

249 2506 306 2539 (57)
327 2505 435 2534 Nemes.
456 2515 480 2533 c.
497 2507 541 2534 50.

249 2542 308 2575 (58)
320 2541 416 2569 Leont.
430 2541 519 2569 Schol.
539 2543 638 2570 action.
650 2543 694 2570 10.

249 2577 306 2612 (59)
325 2576 393 2611 Ejus
405 2582 492 2604 autem
502 2579 607 2604 tacendi
619 2586 663 2605 eas
676 2578 822 2604 habuerunt
834 2586 927 2606 causas
942 2579 999 2605 Uri-

213 2613 319 2648 geuiani
332 2617 523 2646 oppugnatores
534 2613 658 2646 nominis,
671 2621 736 2648 quas
749 2614 853 2647 exponit
863 2613 997 2646 Petavius;

215 2647 255 2684 ec!
266 2648 347 2682 quod,
365 2653 418 2674 etc.
436 2648 464 2674 Si
477 2648 643 2683 Epiphanius
656 2649 690 2676 ad
707 2649 860 2684 ventilanda
874 2648 998 2684 Origeuis

215 2683 339 2718 dogmata
357 2687 489 2715 attentus,
515 2685 597 2711 hocce
621 2690 710 2711 tamen
726 2683 855 2718 flagitium
878 2691 930 2710 non
952 2692 998 2718 ne-

216 2717 298 2754 glexit
308 2727 315 2750 ;
327 2718 414 2751 siipse
424 2726 457 2745 ac
470 2721 604 2753 praecipue
617 2727 745 2754 sequaces
757 2717 815 2754 ejus
826 2719 996 2746 emendatum

221 2752 379 2784 pueuilenlia
402 2752 506 2780 crimen
525 2752 663 2788 olijicerc,
677 2752 806 2781 illiberale
828 2759 855 2780 et
877 2754 996 2788 iniquum

220 2794 273 2812 non
291 2788 444 2818 duxerunt;
458 2796 542 2822 quare
563 2790 607 2816 alii
622 2791 760 2818 duxissent
775 2789 929 2821 Origeniani
950 2797 996 2822 op-

222 2827 382 2859 pugnatores
400 2824 531 2859 nominis.
553 2831 638 2858 quare
654 2824 853 2859 neglexissent?
865 2823 931 2850 Num
943 2824 995 2850 illi-

223 2857 370 2893 Iu-raliores
381 2863 408 2884 et
426 2857 573 2892 iniquiores
588 2857 765 2893 Epiphanius.
780 2864 806 2886 et
829 2864 959 2893 quotquot
971 2860 998 2891 ei~

216 2891 361 2930 sull‘ragati
385 2897 458 2925 sunt,
470 2891 575 2926 caeteris
591 2891 713 2931 O‘ri‘gcni:
726 2891 889 2922 adversariis
904 2891 994 2922 haberi

1055 956 1088 984 de
1099 956 1228 991 Aithiope
1240 964 1273 983 ne
1286 957 1398 983 verbum
1409 956 1518 991 quidem
1531 954 1652 990 injicere.
1666 953 1762 988 Neque
1774 956 1844 980 certe

1054 1003 1196 1037 probabile
1210 1008 1251 1030 εει
1268 1003 1293 1030 in
1311 1002 1450 1038 encyclica
1465 1001 1516 1028 hac
1527 999 1642 1035 epistola
1654 999 1687 1026 ad
1700 999 1843 1026 universos

1054 1050 1195 1085 episcopos
1223 1045 1374 1082 destinata,"
1395 1050 1600 1083 imperatorem,
1616 1046 1658 1074 vel
1670 1046 1717 1081 qui
1735 1045 1844 1073 nomine

1054 1096 1226 1132 imperatoris
1237 1096 1356 1131 scripsit,
1371 1095 1542 1123 mendacium
1558 1102 1589 1122 re
1603 1093 1675 1121 nulla
1690 1093 1843 1128 postulante

1053 1143 1215 1175 conﬁctum,
1230 1142 1357 1170 Patribus
1371 1143 1396 1169 in
1417 1149 1448 1170 os
1468 1141 1612 1177 objecisse,
1627 1140 1694 1166 viris
1710 1147 1766 1167 non
1779 1139 1843 1165 illit-

1055 1189 1160 1222 teratis,
1173 1194 1200 1216 et
1213 1189 1252 1216 rei
1270 1189 1400 1216 inauditae
1413 1187 1561 1215 novitatem
1576 1186 1671 1222 procul
1694 1180 1778 1213 dubio
1791 1184 1841 1212 mis

1054 1235 1165 1266 raturis.
1178 1234 1291 1271 ejusque
1309 1234 1456 1261 falsitatem
1475 1233 1556 1261 facile
1577 1232 1773 1268 perspccturis.
1791 1231 1843 1259 Re-

1055 1282 1168 1317 pudiata
1185 1282 1268 1317 igitur
1287 1282 1339 1314 hac
1355 1280 1470 1308 Halloxii
1497 1279 1668 1313 conjectura,
1695 1278 1842 1307 Baronium

1054 1329 1143 1364 ipsum
1158 1329 1324 1356 adoriamur.
1344 1320 1383 1354 Ac
1398 1327 1515 1362 primum
1532 1326 1651 1355 fateatur
1665 1334 1782 1354 necesse
1792 1331 1843 1360 est,

1053 1375 1202 1402 admissum
1222 1374 1256 1402 ab
1277 1374 1395 1410 Origene
1420 1373 1579 1401 idololatria:
1597 1373 1685 1401 scelus
1704 1372 1842 1404 Nemesio,

1053 1421 1168 1449 Leontio
1194 1425 1222 1448 et
1245 1420 1406 1448 Iustiniano
1431 1424 1525 1454 notum
1550 1427 1582 1447 ac
1601 1423 1843 1447 commemoratum

1054 1467 1150 1495 fuisse.
1160 1467 1217 1503 (59)
1228 1467 1292 1502 Ejus
1301 1471 1392 1493 autem
1402 1465 1507 1493 tacendi
1523 1473 1569 1493 eas
1583 1466 1737 1493 habuerunt
1748 1472 1845 1492 causas

1053 1512 1212 1547 Origeniani
1228 1518 1430 1548 oppugnatores
1446 1513 1576 1544 nominis,
1592 1519 1660 1546 quas
1669 1510 1782 1545 exponit
1793 1509 1844 1537 Pe-

1053 1559 1160 1592 tavius;
1179 1559 1220 1586 vel
1241 1559 1313 1594 quod
1335 1559 1367 1586 ad
1382 1559 1540 1587 ventilanda
1564 1558 1691 1585 nimirum
1719 1557 1845 1592 Origenis

1053 1604 1179 1639 dogmata
1194 1605 1301 1637 attenti,
1315 1605 1463 1633 admissum
1479 1604 1633 1631 humanitus
1647 1603 1780 1638 ﬂagitium
1795 1610 1844 1630 ne-

1055 1649 1205 1683 glexerint;
1221 1650 1262 1677 vel
1279 1651 1351 1686 quod
1369 1649 1541 1678 emendatum
1555 1649 1716 1684 poenitentia
1739 1649 1844 1683 crimen

1056 1695 1187 1730 objicere,
1209 1695 1341 1723 illiberale
1364 1696 1526 1731 eliniquum
1547 1703 1608 1723 esse
1630 1696 1773 1724 duxerint.
1789 1695 1844 1733 (ιο)

1055 1742 1127 1784 Quas
1135 1742 1168 1770 ad
1176 1750 1286 1777 causas,
1296 1743 1356 1771 illas
1363 1744 1445 1771 etiam
1456 1742 1605 1770 accessisse
1613 1747 1677 1777 puto
1686 1750 1736 1770 cur
1745 1742 1772 1769 id
1780 1742 1846 1770 reti-

1058 1803 1177 1835 debentz
1191 1803 1270 1831 Certe
1282 1811 1334 1830 non
1351 1803 1368 1830 ii
1387 1806 1465 1830 crant
1474 1801 1656 1835 Hieronymus
1670 1799 1844 1835 etTheophi.

1060 1839 1110 1869 lus.
1127 1839 1262 1875 quibatic
1276 1839 1384 1874 Origeni
1396 1838 1501 1875 culpam
1514 1838 1715 1868 condonarent,
1726 1841 1844 1875 quanta-

1059 1881 1166 1906 Cunque
1181 1873 1253 1901 illam
1272 1872 1429 1908 paenitentia
1443 1872 1563 1899 cluisset.

1093 1909 1149 1944 (40)
1163 1909 1235 1942 Quas
1249 1907 1284 1935 ad
1293 1917 1397 1941 causas,
1406 1908 1467 1935 illas
1477 1908 1556 1934 etiant
1571 1907 1711 1944 accessisse
1719 1911 1784 1944 puto
1792 1913 1846 1944 cur

1057 1944 1083 1971 id
1099 1946 1233 1971 reticerem
1245 1944 1367 1978 Orig/anis
1379 1943 1615 1976 adversarii,quad
1630 1943 1697 1978 licet,
1707 1943 1845 1978 sacriﬁca-

1057 1985 1146 2006 turum
1161 1987 1188 2006 se
1199 1977 1345 2013 recepisset.
1358 1985 1412 2007 etc.
1423 1978 1508 2006 Leves
1517 1977 1662 2009 admodum
1677 1977 1766 2004 Huetii
1777 1985 1843 2005 con—

1054 2015 1177 2049 jecturat.
1198 2013 1269 2041 Satis
1292 2019 1351 2042 erat
1368 2014 1527 2044 assensisse,
1550 2017 1579 2039 ut.
1602 2013 1764 2039 idololatriae
1778 2020 1841 2039 reas

1057 2050 1204 2076 haberetur
1216 2050 1358 2084 Origenes,
1372 2057 1403 2076 ac
1422 2049 1533 2083 proinde
1551 2053 1580 2075 ut
1602 2048 1772 2082 poenitentia:
1788 2055 1838 2082 pu-

1055 2085 1125 2112 blice
1140 2083 1335 2117 subjicerelur,
1355 2089 1383 2112 et
1402 2084 1544 2112 sacerdotii
1573 2084 1705 2118 dignitate
1719 2083 1782 2118 jure
1809 2090 1840 2109 ac

1055 2120 1152 2152 merito
1163 2120 1300 2148 excideret
1317 2128 1323 2147 :
1343 2127 1392 2147 nec
1406 2120 1510 2148 crimen
1533 2118 1676 2146 minuisset
1690 2119 1751 2153 ejus
1765 2119 1841 2153 pudi-

1055 2155 1126 2190 citiae
1142 2155 1270 2186 studium,
1299 2154 1472 2190 quantumvis
1498 2153 1603 2190 dicatur
1629 2154 1692 2190 inde
1719 2153 1840 2190 elucere.

1055 2189 1196 2224 Egregiam
1212 2197 1275 2217 vero
1293 2189 1459 2225 pudicitiam,
1472 2196 1531 2223 quae
1545 2189 1728 2225 abnegatione
1741 2189 1841 2225 Christi

1056 2226 1223 2253 servaretur!
1237 2224 1322 2253 Porro
1339 2226 1360 2253 si
1377 2226 1411 2253 ob
1425 2233 1485 2252 eam
1501 2231 1612 2252 causam
1632 2224 1730 2251 luisset
1745 2224 1843 2252 Deme-

1020 2246 1042 2274 υ
1056 2246 1097 2294 {Eii
1107 2246 1841 2296 ’ἕὸἦῇῐυὶῇιῖιῖἓιῖιεῗειζὲςοῖἷιὶἑέγῆἷιῖΞῦὶίἶείἷ)’ἷιῑῖῘ-]ἔεῖἒὲῖι

1054 2294 1262 2330 sacerdotioque
1285 2294 1415 2327 deiectus,
1436 2303 1498 2323 num
1519 2295 1543 2321 id
1571 2294 1744 2328 ignorassent
1775 2296 1841 2321 Ara-

1054 2330 1113 2362 biae,
1129 2330 1286 2363 Palaestina,
1307 2331 1453 2359 Phoenicia:
1467 2335 1494 2357 et
1510 2330 1617 2357 Achaite
1630 2330 1760 2358 Ecclesiae
1774 2338 1842 2365 prte-

1054 2366 1147 2393 sules?
1159 2367 1207 2393 Sin
1222 2368 1320 2399 minus,
1335 2367 1470 2401 quomodo
1487 2373 1598 2393 causam
1626 2365 1685 2399 ejus
1702 2366 1842 2400 suscepis-

1054 2407 1124 2434 sent,
1154 2402 1317 2436 praedicandi
1346 2409 1442 2429 lllllllllS
1462 2401 1486 2428 ei
1502 2402 1717 2432 commisissent,
1733 2402 1842 2435 aliaque

1053 2437 1201 2466 sacerdotii
1216 2438 1256 2465 sui
1278 2438 1368 2464 munia
1385 2437 1461 2464 obire
1479 2436 1686 2471 permisissent?
1711 2437 1842 2465 Criminis

1052 2479 1118 2507 ergo
1144 2472 1224 2507 hujus
1252 2472 1357 2499 falsitas
1370 2472 1412 2500 vel
1429 2479 1460 2499 ex
1479 2479 1510 2498 ea
1532 2478 1561 2498 re
1574 2472 1629 2500 sola
1644 2472 1746 2500 elucet.
1772 2473 1842 2506 quod

1054 2506 1197 2542 Origenem
1225 2513 1300 2535 tanta
1317 2516 1377 2534 cum
1390 2507 1524 2535 charilate
1537 2508 1707 2541 susceperint
1724 2508 1763 2535 illi
1786 2510 1842 2543 epi-

1053 2543 1139 2577 scopi,
1159 2543 1272 2578 ejusque
1295 2543 1475 2578 patrocinium
1500 2548 1577 2570 tanto
1596 2542 1686 2578 studio
1707 2542 1842 2578 complexi

1053 2579 1125 2611 sint;
1142 2577 1302 2613 ac’proinde’
1312 2586 1363 2606 non
1378 2584 1487 2612 propter
1497 2586 1544 2605 cas
1558 2585 1625 2613 quas
1638 2577 1753 2605 Huetius
1768 2577 1844 2606 aliert

1053 2620 1159 2644 causas,
1179 2612 1248 2641 hanc
1264 2615 1296 2641 de
1308 2614 1433 2649 Origenis
1450 2612 1600 2649 idololatria
1617 2612 1762 2649 historiam
1780 2615 1844 2640 reti-

1053 2655 1167 2684 cuerunt
1181 2649 1239 2684 ejus
1259 2647 1470 2680 adversarii,scd
1486 2650 1549 2683 quia
1566 2647 1634 2676 nihil
1653 2648 1708 2676 tale
1723 2657 1842 2682 unquam

1053 2680 1162 2719 Origcni
1175 2680 1299 2719 contigit.
1314 2684 1400 2711 Porro
1411 2685 1483 2719 quod
1493 2680 1591 2712 factum
1604 2691 1657 2710 non
1666 2689 1738 2713 erat.
1747 2680 1843 2719 quam-

1052 2718 1146 2745 obrem
1164 2718 1304 2754 quisquam
1329 2718 1474 2747 excusaret.
1497 2720 1566 2747 ratio
1596 2719 1668 2745 nulla
1696 2718 1761 2746 fuit.
1781 2720 1843 2747 Inde

1052 2761 1100 2790 par
1115 2756 1184 2788 apud
1202 2755 1328 2790 Origenis
1351 2755 1510 2783 defensores
1532 2762 1563 2782 ea
1577 2754 1610 2781 de
1632 2760 1663 2781 re
1689 2755 1840 2782 silentium.

1053 2789 1121 2826 lli_n_c
1130 2798 1164 2826 ne
1175 2791 1226 2826 γρὺ
1237 2789 1345 2826 quidem
1359 2790 1437 2823 lmjus
1444 2791 1514 2823 apud
1527 2789 1674 2826 Eusebium
1685 2797 1692 2821 ;
1702 2797 1757 2826 nec)
1769 2791 1841 2818 enim

1053 2823 1133 2861 veljn
1151 2823 1209 2861 ipsa
1226 2823 1275 2860 pro
1290 2825 1407 2859 Origene
1423 2825 1552 2861 Apologia
1569 2824 1648 2858 hujus
1673 2825 1841 2857 mentionem

1053 2858 1150 2888 lccisse
1162 2858 1281 2894 videtur,
1296 2866 1326 2887 ut
1337 2858 1392 2899 jam
1410 2858 1536 2891 uisimus.
