1915 3079
62 129 115 157 693

603 127 890 156 ORIGENlANURUM
910 127 973 154 LIB.
995 127 1014 159 l,
1035 127 1111 154 CAP.
1134 126 1177 154 IV.

1649 126 1699 154 691

63 191 158 214 cet-ent
176 186 310 222 Origenis
322 187 481 221 adversarii,
492 186 562 222 quod
572 187 634 214 licet
644 185 860 214 sacriﬁcaturum
876 187 897 214 Α
914 185 991 212 nobis
1005 184 1094 211 fucum
1110 184 1251 211 facientes.
1268 183 1300 210 Et
1315 188 1371 210 tum
1388 183 1428 210 vel
1442 183 1558 211 maxime
1573 190 1635 210 sese
1648 184 1701 210 cri-

63 241 91 260 se
109 233 275 267 recepisset,
295 241 345 260 non
360 233 418 268 ipse
431 238 531 264 tamen,
547 232 593 259 sed
604 231 650 265 qui
666 239 727 258 eum
744 231 859 257 circurn-

63 279 171 305 stabant
196 278 332 306 facinoris
349 283 474 306 auctores
492 283 519 306 et
546 277 716 312 impulsores,
736 277 860 303 manibus

63 325 119 359 ejus
132 326 319 360 apprehensis
328 325 494 357 etexcussis,
503 325 553 359 ipsi
567 324 722 351 viderentur
731 323 789 350 foco
801 323 862 350 thus

64 372 197 403 intulisse,
213 372 292 406 quod
307 371 369 398 licet
383 372 416 398 ab
432 370 553 398 Ecclesia
568 370 663 398 fuisset
676 370 711 397 ob
726 378 784 397 eam
797 377 862 396 catt-

64 425 118 444 sam
135 417 245 452 ejectus
262 418 394 446 Demetrii
416 417 650 452 compluriuntque
672 416 860 456 episcoporum

63 464 171 497 judicio,
200 464 236 491 ab
276 464 430 491 Alexandro
460 468 549 490 tamen
577 468 603 490 et
622 461 779 489 Theoctislo
804 461 860 495 cpi-

65 509 155 544 scopis
165 514 243 536 tanta
259 510 473 537 essetcbaritate
483 514 635 544 susceptus,
650 508 761 542 ejusque
771 512 863 542 patro-

65 555 164 581 cinium
190 560 272 582 tanto
296 556 385 583 studio
401 555 549 590 complexa:
565 559 657 582 essent
677 555 794 586 Arabiae,
812 554 861 581 Pa-

67 601 190 630 l;estin.c.
221 601 373 629 Phoenicia?
388 606 414 628 et
437 601 546 628 Achaia:
571 601 713 632 Ecclesiae,
733 607 809 628 utea
834 608 862 628 re

69 648 125 674 fere
137 647 268 674 criminis
286 648 407 682 depulsio
428 648 631 680 contineretur;
647 647 717 682 quod
740 647 802 674 licet
816 655 862 674 ca-

68 693 155 728 pitalis
179 693 217 720 sit
239 693 285 720 vel
304 693 395 720 tenuis
411 694 536 721 adntisste
550 693 707 720 idololatria:
732 692 860 727 suspicio,

67 745 92 767 et
105 740 227 774 graviter
250 747 379 773 peccasse
398 739 542 774 Origenem
555 739 692 766 fatendum
714 739 760 771 sit,
788 739 862 766 mini-

66 793 107 812 me
127 791 220 811 tamen
247 786 300 812 hoc
324 785 434 812 nomine
458 789 551 818 posset
574 784 708 817 accusari,
724 785 788 819 qttin
804 785 863 818 ejus

68 831 161 865 ingens
176 831 323 864 pudicitiae
344 831 462 857 studium
486 838 537 857 una
565 830 772 865 prmdicaretur;
790 830 861 865 quod

67 876 180 910 denique
192 876 265 903 diris
285 878 334 903 sub
358 876 439 904 Decio
451 876 580 911 singulari
592 877 745 904 constantia
762 876 861 904 tolera-

69 923 99 950 tis
113 923 275 954 tormentis,
298 923 398 957 prioris
424 923 548 950 criminis
564 930 661 950 noxam
679 923 747 950 satis
769 931 861 950 corre-

68 966 146 998 xisse,
161 966 280 1001 ejusque
294 967 377 994 luisse
393 974 500 1001 ptnnas,
517 972 544 995 et
556 968 700 1002 pristinam
720 968 860 996 mollitiem

68 1009 190 1043 expiasse
201 1010 357 1038 videretur.
382 1011 473 1045 Atque
498 1011 592 1038 iisdem
619 1011 676 1039 fere
701 1012 861 1045 rationibtts,

69 1055 208 1086 qutominus
234 1055 262 1081 id
289 1055 451 1083 Christianis
473 1057 660 1090 exprobraret,
687 1057 860 1085 absterritum

70 1099 148 1127 fuisse
163 1100 349 1136 Porphyrium
369 1101 508 1129 existimo.
522 1102 598 1134 Quod
619 1102 708 1129 nullus
719 1111 783 1138 ergo
796 1103 861 1131 vitio

70 1147 190 1179 dederat,
219 1148 403 1182 quamobrem
429 1149 577 1183 quisquam
604 1155 765 1183 excusaret,
791 1151 861 1178 ratio

70 1192 135 1219 nulla
156 1193 218 1221 fuit.
238 1193 306 1221 Inde
319 1202 369 1228 par
384 1195 453 1228 apttd
471 1194 570 1222 multos
582 1201 613 1222 ea
625 1196 657 1222 de
670 1203 699 1222 re
712 1196 858 1224 silentimn.

71 1238 210 1265 Eusebium
224 1244 331 1271 autem,
355 1247 403 1266 cur
419 1240 444 1267 id
461 1240 605 1268 scribendo
626 1242 859 1275 praetermitteret,

70 1291 99 1310 eo
116 1283 199 1311 fuisse
213 1284 364 1318 impulsum
377 1285 434 1319 jam
449 1293 530 1319 supra
546 1285 613 1318 dixi,
624 1286 649 1312 in
668 1287 739 1321 quod
755 1287 861 1322 inApo-

73 1330 136 1364 logia
151 1339 198 1365 pro
211 1330 330 1366 Origene
347 1331 398 1358 hoc
424 1336 450 1358 et
478 1331 610 1365 ejusmodi
626 1332 742 1367 plurima
765 1333 860 1362 fuisset

72 1376 240 1411 complexus,
256 1384 320 1412 quae
335 1378 373 1404 'ad
392 1377 520 1405 Historia:
541 1387 598 1407 suae
613 1380 779 1412 propositum
806 1389 859 1408 non

74 1424 179 1450 omnino
197 1424 388 1457 accommoda,
406 1425 506 1460 quippe
522 1426 567 1460 qui
596 1433 639 1453 res
652 1426 685 1453 ad
703 1427 859 1454 universam

73 1468 215 1496 Ecclesiam
230 1474 388 1505 spectantes
399 1476 606 1506 exsequeretur,
616 1477 739 1507 repetere
751 1473 860 1508 insuper

73 1515 170 1542 habuit.
192 1516 294 1543 Jacent
311 1517 395 1552 igitur
419 1517 534 1545 collecta
559 1526 573 1545 a
594 1518 712 1546 Baronio
729 1519 860 1548 adversus

915 232 981 259 tieos
998 232 1051 259 dici
1079 236 1184 262 amant,
1212 231 1318 264 sibique
1343 229 1465 262 placent,
1488 229 1595 263 quando
1624 228 1701 256 nobis

913 282 1055 305 auctorum
1071 277 1172 308 larvas,
1189 277 1261 303 veris
1278 276 1344 310 ipsis
1360 274 1518 301 deformatis
1532 275 1700 307 auctoribus,

915 323 1084 357 obiecerunt.
1101 323 1190 357 Atque.
1212 322 1269 349 haec
1297 322 1381 356 pestis
1398 321 1464 348 nihil
1483 328 1535 347 non
1555 326 1701 355 pervagata

913 375 964 397 est.
980 369 1108 397 Plurimae
1131 369 1240 404 quidem
1259 368 1353 395 sordes
1372 367 1413 394 vel
1432 375 1479 402 per
1500 368 1629 402 temporis
1643 368 1702 394 diu-

913 417 1083 449 turnitatem,
1111 415 1151 442 vel
1182 421 1230 448 per
1257 414 1429 441 librariorum
1453 414 1603 441 socordiam
1629 414 1702 440 antis

912 470 1027 498 quorum
1040 461 1150 496 scriptis
1163 459 1239 487 allini
1256 465 1338 494 atque
1355 459 1541 486 adhaerescere
1553 458 1611 485 sita;
1621 462 1700 490 sunt;

913 514 941 536 at
958 516 1004 535 eas
1022 507 1129 535 nonnisi
1146 506 1305 534 manifestas
1323 504 1388 537 elui,
1406 512 1455 531 nec
1481 503 1627 538 quidquam
1650 503 1700 530 nisi

914 554 954 582 vel
973 561 1053 581 manu
1081 553 1245 588 scriptorum
1262 551 1386 579 codicum
1410 559 1472 586 ope,
1499 551 1542 577 vel
1566 550 1648 577 certis
1674 555 1703 575 ct

913 599 1086 627 evidentibus
1101 598 1271 633 argumentis
1288 597 1416 632 supponi,
1434 601 1462 624 ct
1477 597 1503 623 in
1520 601 1596 622 notas
1613 595 1701 629 potius

914 653 990 675 extra
1008 646 1126 673 auctoris
1141 645 1225 680 ipsius
1239 649 1412 675 contextum,
1427 642 1604 678 quanttnnvis
1623 646 1701 668 acute

915 693 1049 728 cogitatas
1073 691 1247 724 conjecturas
1265 691 1341 725 rejici
1363 691 1453 718 velint.
1472 689 1525 717 Sed
1552 689 1609 716 haec
1624 691 1703 716 erant

915 740 1026 767 alterius
1043 738 1105 765 loci.
1123 737 1201 764 Nunc
1218 739 1250 765 ad
1269 745 1337 764 rem.

951 786 993 812 Vl.
1019 784 1108 817 Quoto
1124 782 1198 810 Decii
1226 791 1298 810 anno
1311 783 1477 810 cruciatibus
1506 787 1594 810 tortus
1622 781 1704 808 fuerit

915 831 1061 866 Origenes,
1090 829 1230 861 nescitur;
1252 833 1279 856 at
1304 837 1364 855 cum
1389 829 1526 856 biennium
1554 828 1651 855 Decius
1676 827 1702 854 in

881 878 901 904 Β
916 878 1031 912 imperio
1041 884 1094 904 non
1107 875 1265 911 expleverit,
1282 876 1348 902 levis
1357 881 1398 903 est
1409 875 1550 902 dubitatio.
1560 875 1588 902 Id
1598 875 1704 902 videtur

914 932 986 950 anno
999 923 1103 951 Christi
1117 922 1182 955 950,
1198 922 1324 956 Origenis
1340 929 1401 952 va.
1419 921 1631 948 attribuendum.
1649 920 1704 948 Nec

913 975 1027 1004 apparet
1047 969 1113 996 item
1143 969 1281 1003 quomodo
1301 967 1420 995 vinculis
1439 968 1548 1001 elapsus
1572 967 1616 994 sit.
1647 967 1703 1002 Ego

913 1024 979 1044 vero
994 1016 1019 1043 id
1035 1023 1083 1050 per
1099 1015 1204 1042 obitum
1222 1014 1294 1042 Decii
1310 1014 1455 1049 contigisse
1479 1013 1592 1046 opinor;
1618 1020 1672 1046 quo
1687 1021 1703 1039 ει

913 1062 1037 1090 barbaris
1051 1061 1140 1089 deleto
1162 1069 1226 1088 cttm
1242 1061 1376 1090 exercitu.
1398 1060 1541 1094 imperitun
1558 1059 1703 1093 capessivit

915 1109 1009 1136 Vibius
1020 1108 1125 1140 Gallus,
1152 1107 1239 1135 ascito
1254 1107 1280 1134 iu
1296 1106 1466 1134 consortiutn
1482 1105 1627 1133 Volusiano
1635 1105 1701 1132 ﬁlio.

912 1155 989 1182 Tunc
1004 1155 1075 1182 enim
1095 1153 1279 1189 tranquillatis
1293 1152 1509 1180 Christianorum
1520 1153 1611 1184 rebus,
1621 1152 1700 1179 liber-

913 1205 996 1228 tatem
1014 1208 1122 1235 quoque
1146 1207 1222 1228 suam
1247 1199 1374 1234 adeptum
1393 1197 1535 1234 Origenem
1556 1197 1703 1224 verisimile

912 1251 964 1274 est.
978 1246 1034 1282 (41)
1049 1246 1083 1273 At
1101 1253 1134 1272 ne
1148 1249 1203 1272 tum
1218 1244 1328 1279 quidem
1340 1248 1406 1271 actas
1422 1244 1456 1271 ad
1467 1243 1572 1271 senium
1589 1243 1702 1274 devexa,

911 1292 1053 1319 laboribus
1067 1290 1196 1323 fractum,
1208 1290 1264 1317 otio
1278 1297 1310 1317 ac
1328 1289 1432 1317 desidia
1447 1289 1561 1316 mollivit
1575 1298 1581 1316 :
1596 1288 1642 1315 sed
1659 1290 1702 1315 vix

912 1337 1073 1372 aegritudine
1091 1336 1231 1364 relaxatus
1250 1343 1282 1363 ac
1295 1335 1420 1368 miseria,
1433 1342 1493 1370 qua:
1507 1342 1567 1362 eum
1582 1335 1608 1361 in
1630 1334 1702 1361 Decii

913 1383 1021 1410 laniena
1047 1390 1119 1418 pene
1144 1382 1266 1415 eliserat,
1280 1381 1341 1410 aliis
1361 1389 1430 1417 quos
1459 1382 1553 1408 eadem
1568 1380 1702 1408 amixerat

911 1429 1012 1462 clades,
1028 1430 1103 1456 utilia
1117 1429 1214 1457 solatia
1227 1436 1276 1463 per
1289 1427 1420 1463 epistolas
1439 1427 1666 1456 subministravit.
1676 1427 1703 1454 ΙιΙ

912 1475 1093 1503 ostendebant
1108 1474 1258 1501 innumerae
1272 1473 1331 1507 ejus
1354 1472 1486 1507 epistolae,
1501 1480 1561 1508 quae
1574 1478 1634 1506 post
1649 1473 1702 1500 De-

912 1520 1020 1547 cianam
1041 1519 1221 1546 vastationem
1233 1519 1352 1553 scriptae,
1365 1523 1392 1546 et
1409 1518 1494 1545 multo
1505 1524 1568 1553 post
1584 1525 1598 1544 a
1614 1519 1664 1553 piis
1675 1523 1702 1546 et

75 1561 140 1588 hunc
155 1561 305 1596 Epiphanii
334 1563 423 1590 locum
445 1569 617 1598 argumenta,
635 1573 715 1598 quem
732 1566 773 1592 vel
803 1566 859 1601 ipsa
874 1564 896 1594 C
912 1565 1041 1592 studiosis
1054 1565 1210 1592 hominibus
1219 1570 1344 1598 servatae,
1356 1568 1491 1592 vetustate
1500 1564 1703 1598 demumperie-

75 1607 131 1642 styli
159 1609 324 1641 similitudo,
340 1615 370 1637 ut
387 1615 463 1638 recte
496 1611 598 1638 notavit
622 1611 763 1645 Petavius,
793 1613 859 1641 satis

75 1651 218 1687 Epiphanio
234 1654 384 1689 adjndicat.

106 1697 136 1725 V.
150 1699 265 1727 Cautius
282 1700 406 1734 equidem
426 1710 458 1729 ac
480 1704 649 1730 reverentius
673 1704 858 1739 antiquorum,

76 1743 116 1770 sed
129 1743 236 1771 Patrum
264 1747 415 1779 prmsertint
444 1753 617 1775 ntonumenta
636 1750 733 1784 attingi
750 1750 857 1777 vellent.

77 1788 134 1815 Nam
152 1793 279 1825 quamvis
292 1799 383 1825 parce,
400 1796 426 1818 et
442 1800 493 1819 non
510 1793 570 1820 sine
587 1794 676 1828 aliqua
702 1795 858 1822 verisimili-

77 1834 162 1862 tudine
187 1844 287 1863 mantts
304 1836 457 1872 Epiphanio
474 1838 597 1866 attulerit
622 1841 672 1866 hoc
699 1839 758 1868 loco
776 1841 858 1868 Baro-

78 1879 141 1912 nius,
158 1880 238 1908 homo
254 1886 283 1907 ut
303 1882 442 1910 excellens
457 1883 516 1918 ejus
537 1884 686 1919 ingenium,
697 1890 723 1913 et
734 1887 856 1921 singula-

78 1931 128 1951 rem
147 1926 301 1954 doctrinam
312 1927 419 1960 sileant,
437 1930 621 1964 sagacissime
641 1932 668 1957 in
685 1936 744 1958 arte
762 1933 856 1960 critica

76 1974 101 1996 et
113 1973 250 2000 acerrima:
266 1974 340 2002 naris
351 1982 360 2008 ;
371 1975 422 2002 boe
432 1980 520 2002 tatnen
535 1976 688 2012 exemplum
702 1978 728 2004 in
739 1986 857 2013 sequens

76 2023 153 2045 terum
169 2019 258 2047 labem
272 2021 380 2048 trahere
396 2026 496 2056 potest,
507 2027 536 2048 ut
548 2023 614 2049 tanti
627 2023 679 2050 viri
696 2025 858 2053 auctoritate

77 2064 188 2097 producti
214 2066 328 2094 litterati
352 2067 493 2101 homines,
533 2070 692 2097 veneranda:
717 2074 858 2100 vetustatis

77 2109 194 2141 operibus
211 2111 335 2143 illudere,
355 2120 440 2147 eaque
454 2113 487 2139 ad
514 2113 620 2142 libitum
638 2124 796 2151 recoqnere,
825 2126 857 2145 ac

77 2153 159 2182 incudi
168 2164 222 2183 sum
237 2158 351 2184 reddere
361 2150 477 2186 fortasse
486 2161 577 2188 ausuri
587 2162 652 2189 sint.
665 2150 781 2195 Quaesivi
791 2171 857 2191 sane

78 2199 179 2227 multum
194 2210 226 2231 ac
240 2202 299 2235 diu,
318 2203 413 2237 plusne
425 2207 554 2239 perniciei
568 2208 594 2234 in
616 2208 720 2236 litteras
733 2217 767 2235 an
784 2210 857 2236 utili—

79 2244 133 2272 tatis
149 2248 245 2275 critiea
260 2256 305 2276 ars
320 2249 528 2284 intulerit.Qnot
539 2253 610 2279 enint
626 2261 691 2280 sana
708 2259 735 2281 et
750 2254 855 2289 integra

80 2294 187 2318 veterum
219 2293 322 2328 scripta
350 2296 481 2329 pervertit
506 2297 666 2324 criticorum
704 2299 854 2332 temeritas,

79 2334 132 2362 dum
142 2339 272 2374 quidquid
283 2342 372 2368 minus
386 2348 477 2370 mente
487 2344 671 2378 perciperent,
688 2344 713 2370 id
733 2345 766 2371 ad
781 2345 855 2372 arbi-

83 2381 153 2409 trium
178 2392 258 2412 snutn
284 2386 431 2422 relingcndi
461 2387 598 2415 licentiam
624 2389 674 2416 sibi
707 2389 856 2417 fecerunt?

79 2425 140 2457 Quot
154 2430 289 2457 volumina
309 2432 366 2458 suis
392 2436 447 2459 tota
464 2433 642 2461 detraxerunt
662 2435 856 2470 scriptaribus,

80 2471 165 2501 alienis
189 2477 393 2505 attribuerunt?
417 2478 534 2506 Diﬂ‘eror
562 2479 614 2512 ira,
639 2482 855 2516 quotiescunque

80 2517 138 2545 viles
151 2521 184 2547 de
211 2522 289 2556 plebe
317 2525 557 2557 grammaticorum
576 2526 744 2554 litteratores
773 2528 853 2555 bonis

81 2567 224 2595 auctoribus
238 2569 353 2597 inscitia:
371 2578 426 2597 sua:
438 2572 513 2599 virus
533 2577 691 2606 spargentes
708 2574 802 2606 video;
825 2579 853 2601 et

81 2609 100 2635 Si
112 2614 211 2644 quando
224 2623 293 2642 nova
307 2623 371 2647 vox.
393 2621 420 2643 et
432 2616 633 2651 lexicograpbis
644 2619 782 2653 incognita
794 2628 855 2648 sese

82 2653 129 2687 det,
140 2665 195 2685 eam
209 2661 313 2695 absque
328 2664 502 2690 cunctatione
516 2665 594 2691 obelo
614 2672 663 2692 suo
675 2665 833 2700 jugulantcs
846 2687 853 2700 ,

82 2703 225 2733 etobtrusis
238 2707 294 2734 suis
315 2708 480 2743 conjecturis
500 2717 548 2744 per
565 2717 698 2737 summam
712 2712 853 2741 audaciam

112 2784 279 2827 ifﬂlﬁusebq
295 2789 366 2827 Hist.
383 2792 459 2824 ξενίη
475 2791 521 2818 lib.
538 2800 575 2824 vt,
591 2800 651 2827 cap.
664 2794 708 2821 59.

113 2821 168 2862 tth
183 2821 277 2852 Euseb.
296 2826 374 2862 ibid.
409 2821 457 2855 lib.
475 2835 521 2860 νυ,
537 2821 598 2862 cap.
615 2821 640 2856 1'.
657 2828 766 2858 llicrou.
793 2830 852 2858 Cal.

87 2860 125 2880 nr.
139 2857 229 2887 illustr.
258 2868 317 2895 cap.
334 2861 376 2889 56-

914 1616 989 1638 rttnt.
1005 1611 1102 1639 Aliane
1119 1616 1257 1646 praeterea
1268 1616 1332 1638 ante
1345 1616 1461 1638 mortem
1476 1611 1576 1638 litteris
1590 1610 1703 1638 manda-

913 1659 992 1689 verit,
1012 1658 1142 1692 quoniam
1160 1658 1193 1685 de
1206 1665 1238 1684 eo
1255 1657 1322 1684 nihil
1344 1657 1448 1691 antiqui
1471 1656 1619 1691 scriptores
1645 1660 1698 1682 tra-

913 1704 1020 1737 didere,
1035 1708 1205 1738 compertum
1222 1711 1275 1731 non
1288 1708 1340 1731 est.
1362 1704 1412 1730 Vix
1432 1703 1508 1730 credi
1536 1706 1627 1729 tamen
1655 1709 1702 1736 po-

913 1756 976 1783 test,
987 1750 1252 1785 itnpatientiSsimtnn
1263 1751 1311 1777 otii
1323 1751 1460 1785 ingenium
1474 1749 1508 1776 ab
1516 1753 1624 1776 assueto
1634 1748 1701 1775 scri-

913 1797 993 1823 bendi
1013 1796 1117 1827 labore,
1132 1803 1186 1830 qtto
1203 1800 1241 1822 tot
1251 1796 1410 1823 elucubrata
1427 1795 1552 1822 feruntur
1569 1794 1698 1820 librorum

913 1842 1006 1874 millia,
1025 1841 1223 1876 conquievisse.

949 1888 1004 1914 Vll.
1032 1886 1087 1922 (42)
1102 1886 1218 1921 Jamque
1244 1894 1338 1914 novem
1361 1895 1394 1914 ac
1411 1886 1550 1921 sexaginta
1570 1886 1702 1920 Origenes

912 1932 1069 1960 confecerat
1086 1940 1183 1964 annos,
1201 1940 1262 1958 cum
1284 1932 1377 1959 labore
1390 1935 1420 1959 et
1444 1939 1522 1959 annis
1546 1937 1700 1958 conlectum

912 1979 1076 2013 tempestiva
1093 1985 1166 2006 mors
1179 1977 1246 2013 Tyri
1259 1978 1437 2013 consumpsit,
1446 1985 1518 2005 anno
1529 1984 1588 2014 post
1600 1977 1700 2004 Christi

913 2031 1002 2052 ortum
1019 2025 1073 2052 254
1087 2032 1093 2051 z
1110 2032 1162 2059 quo
1173 2032 1244 2051 anno
1259 2023 1424 2052 loteramnze
1449 2023 1542 2052 Gallus
1566 2028 1594 2050 et
1619 2023 1701 2050 Volu—

912 2072 1004 2098 sianus
1020 2070 1155 2098 interfecti
1165 2075 1238 2098 sunt.
1252 2070 1319 2097 Cum
1332 2071 1403 2097 enim
1412 2074 1506 2096 natum
1515 2077 1575 2097 etim
1588 2070 1700 2097 demon-

913 2115 1094 2142 straverilttus
1109 2122 1181 2143 anno
1198 2119 1255 2150 post
1275 2115 1412 2143 Christum
1438 2115 1500 2147 185,
1517 2115 1631 2148 adjectis
1653 2114 1699 2145 69.

912 2165 980 2196 quot
992 2161 1052 2188 vita:
1068 2161 1188 2196 explevit
1208 2169 1305 2194 annos,
1322 2162 1433 2188 omnino
1455 2160 1570 2188 efﬁcitur
1593 2167 1700 2187 summa

911 2215 1044 2234 annorum
1063 2207 1126 2235 254.
1143 2207 1273 2240 Quamvis
1286 2211 1376 2234 autent
1393 2207 1428 2234 ita
1445 2208 1588 2241 scripserit
1613 2206 1699 2233 Ense-

873 2247 894 2273 Ῑ)
909 2254 969 2281 bius
985 2254 1191 2290 (45);Δέκιον...
1210 2254 1418 2289 κατασφαγέντα
1428 2253 1527 2285 Γάλλος
1537 2253 1698 2288 διαδέχεταιο

916 2300 1055 2336 Ὠριγένης
1071 2302 1100 2327 ὲν
1114 2300 1200 2336 τούτῳ
1215 2301 1425 2336 ἑνὸςδέοντατῆς
1435 2300 1507 2336 ζωῆς
1517 2300 1700 2335 ἐϐδομήκοντα

910 2347 1072 2383 ἀποπλὴσας
1088 2346 1146 2382 ἐτη,
1161 2347 1284 2382 τελευτᾷ,
1298 2356 1350 2375 non
1364 2347 1398 2374 iis
1411 2347 1523 2382 praecise
1539 2346 1701 2381 signiﬁcavit

912 2394 962 2420 hoc
992 2394 1051 2428 ipso
1069 2398 1190 2428 tempore
1219 2393 1321 2421 obiisse
1350 2393 1506 2428 Origenem,
1524 2401 1577 2427 quo
1601 2391 1696 2419 Gallus

912 2440 1049 2468 exstincto
1067 2440 1147 2467 Decio
1160 2440 1305 2473 successit,
1328 2441 1399 2475 qttod
1418 2439 1538 2467 nonnulli
1554 2446 1697 2473 perperam

911 2486 1013 2520 opinati
1027 2491 1110 2518 sunt;
1126 2486 1174 2513 sed
1187 2487 1328 2520 imperium
1345 2491 1452 2513 tenente
1464 2485 1552 2517 Gallo,
1566 2485 1620 2511 fato
1640 2486 1700 2511 lun-

908 2537 980 2559 ctum
995 2531 1140 2566 Origenem
1149 2533 1245 2560 fuisse.
1259 2533 1316 2567 (M)
1327 2532 1428 2560 Scribit
1440 2532 1551 2559 Photius
1563 2533 1625 2558 cod.
1637 2532 1696 2563 H8,

911 2585 1024 2605 narrare
1039 2577 1223 2612 Pamphilum,
1247 2578 1368 2612 aliosque
1388 2577 1553 2611 complures,
1572 2577 1699 2611 Origcnis

910 2624 993 2650 vitam
1010 2628 1037 2649 et
1053 2631 1098 2651 res
1114 2629 1204 2657 gestas
1221 2632 1253 2650 ex
1278 2625 1310 2650 iis
1324 2623 1391 2658 ipsis
1405 2623 1451 2656 qni
1469 2622 1605 2650 hominem
1624 2623 1698 2650 vide-

911 2673 972 2695 rant
989 2673 1185 2703 perscrutatos,
1201 2668 1227 2695 in
1237 2669 1352 2695 Deciana
1363 2673 1453 2703 strage
1466 2668 1597 2702 martyrio
1612 2668 1698 2702 ipsum

913 2715 996 2741 vitam
1014 2715 1144 2743 ﬁnivisse.
1169 2715 1196 2742 ld
1220 2714 1321 2742 refellit
1334 2714 1463 2747 Pbotius,
1482 2714 1550 2742 Galli
1566 2719 1592 2742 et
1617 2713 1698 2742 Volu-

951 2797 1006 2835 (iS)
1026 2799 1136 2835 Euseb”
1158 2799 1228 2826 Hist.
1242 2801 1375 2832 eccl.,rlib.
1394 2809 1441 2831 vn,
1455 2809 1516 2835 cap.
1532 2802 1555 2827 l.

945 2833 1001 2867 (Μ)
1017 2834 1113 2862 Scribit
1129 2835 1239 2862 Pltolius
1250 2836 1309 2863 cmi.
1322 2837 1331 2862 l
1342 2837 1382 2868 l8,
1396 2833 1505 2863 narrari:
1519 2836 1698 2869 Pamphilum,

910 2873 963 2896 etc.
983 2869 1077 2896 Mirum
1094 2875 1169 2899 certe
1187 2872 1292 2899 videtur
1308 2873 1379 2903 qltod
1396 2872 1477 2900 refert
1493 2872 1613 2900 l’botitts.
1632 2874 1696 2900 Cum
