1915 3079
81 155 134 184 ιιθτ

679 153 967 182 ORIGENIANORUM
988 154 1050 182 LIB.
1069 155 1102 182 ll.

1652 151 1704 180 698

83 223 133 244 nec
154 215 235 243 etiam
250 214 371 242 Ecclesia
399 214 548 243 certilicata
571 220 613 243 est
630 215 664 244 de
679 216 732 249 his,
755 216 870 244 Domino
883 220 907 247 Α
920 216 1042 251 epistolis
1055 214 1157 243 Christi
1175 216 1254 243 iidem
1266 215 1365 248 hausit,
1384 219 1526 250 postquam
1541 212 1703 248 presbyterii

84 262 205 290 lotaliter
219 261 410 288 committenda
422 266 494 288 sttnt.
511 270 521 287 ι

117 306 152 334 Χ.
172 307 229 343 (50)
245 305 407 333 Prodierunt
420 313 435 334 e
449 307 538 334 schola
553 306 679 343 Origenis
694 307 745 337 viri
770 308 869 342 pietate

82 352 204 388 insignes
224 356 251 379 et
267 351 391 379 doctrinm
407 350 581 383 Plutarchus,
597 351 727 385 Serenus,
744 351 868 380 Heracli-

81 398 141 430 des,
167 397 270 430 Heron,
307 395 427 424 Serenus
455 397 532 430 alter,
556 397 650 426 Herais
675 402 702 426 et
726 397 867 431 Basilides,

81 444 197 472 acerbos
214 443 362 476 cruciatus,
380 448 407 471 et
424 449 537 472 mortem
554 444 669 479 denique
686 445 772 479 ipsam
790 445 869 473 Chri-

81 489 115 517 sti
126 489 236 517 nomine
249 489 371 524 perpessi
389 490 445 526 (51)
460 489 608 517 :Heraclas
623 495 714 518 autem
729 491 867 519 Plutarchi

81 535 161 570 hujus
186 533 286 568 frater,
302 534 427 568 Origenis
446 535 563 570 primum
586 536 745 571 discipulus,
761 541 816 563 tum
841 536 868 563 in

80 579 202 608 docendo
213 580 314 613 socius,
328 580 428 608 deinde
441 587 583 608 sucoessor
605 588 638 608 ac
656 581 799 616 episcopus
821 581 868 609 de-

80 633 153 653 mum
179 625 381 654 Alexandrinus
403 625 480 662 (52);
506 626 652 662 Dionysius
678 626 868 656 Alexandrinas

81 672 211 703 Ecclesiae
225 677 287 707 post
304 671 426 700 Herach
441 677 555 700 mortem
578 673 701 705 antistes,
718 672 869 700 eruditione

81 723 108 745 et
135 718 247 753 scriptis
270 717 349 754 longe
372 718 586 752 celeberrimus;
614 717 761 754 Gregorius
786 717 832 745 ille
851 726 867 746 a

84 762 220 791 miraculis
229 770 379 799 cognomen
392 765 516 798 adeptus,
528 762 754 791 Neoczsariensis
765 764 867 799 episco-

82 815 139 842 pus.
162 807 210 843 qui
234 808 385 843 aaqualibus
405 809 462 837 suis
480 808 606 836 onmibus
628 807 771 844 Origenem
789 813 868 836 aetate

79 853 133 888 jam
150 853 280 882 affectum
305 855 332 882 iu
356 854 540 882 familiaritate
557 855 725 889 anteposuit;
745 853 868 894 Athenio-

921 262 1051 296 dignitate
1065 266 1161 289 auctus
1187 261 1376 288 Alexandriam
1396 268 1428 288 ex
1450 260 1551 287 Achaia
1578 266 1704 286 reversus

921 313 972 336 est.
985 308 1025 335 Ab
1038 315 1071 335 eo
1092 307 1190 342 quippe
1203 308 1258 342 jam
1285 306 1441 343 presbytero
1462 305 1623 333 Alexandria
1641 305 1703 332 data

920 358 963 381 est
982 354 1016 380 ad
1031 354 1114 388 ipsam
1127 353 1253 388 epistola,
1269 360 1328 387 qua:
1339 353 1365 379 in
1379 352 1437 386 ejus
1447 352 1514 379 Acta
1530 351 1630 378 inserta
1650 355 1702 377 est.

921 399 1114 427 Potaniiteuam
1130 399 1261 434 virginem
1278 398 1444 426 nobilissimo
1459 397 1588 433 martyrio
1600 396 1702 423 claram

922 447 992 473 inter
1008 445 1132 481 Origenis
1145 445 1290 479 diseipulas
1308 444 1422 471 Rufinus
1439 448 1467 470 et
1479 442 1645 476 Nicephorus
1659 448 1703 467 re-

921 497 1049 520 censent:
1066 491 1112 519 sed
1123 490 1213 518 fucum
1231 490 1264 518 iis
1288 490 1351 517 fecit
1369 488 1477 517 Eusebii
1491 488 1564 516 locus
1576 487 1633 522 (56)
1650 494 1702 514 non

920 538 986 566 satis
1004 542 1104 565 attente
1115 542 1284 572 perspectus,
1302 535 1346 562 ubi
1366 535 1392 562 in
1404 535 1475 562 hanc
1485 534 1582 561 seriem
1595 532 1704 560 disertis

921 584 1010 612 verbis
1031 583 1161 617 septiutus
1183 582 1300 610 refertur
1320 579 1467 611 Basilides;
1483 580 1516 606 de
1536 578 1702 606 Potamitena

920 637 985 657 vero
1012 628 1072 656 talis
1092 627 1163 655 nulla
1188 627 1258 662 apttd
1280 634 1341 654 eum
1364 625 1482 660 suspicio
1503 630 1554 652 est.
1569 623 1626 660 (57)
1645 623 1704 657 Quo

921 675 1007 710 magis
1039 674 1191 701 mirandum
1217 677 1270 706 est,
1295 673 1330 700 ab
1355 671 1464 699 erudito
1494 671 1553 698 viro
1584 670 1610 697 in
1631 669 1704 697 hunc

920 727 1029 748 censum
1055 719 1245 747 Potamiaeuam
1279 717 1390 749 ascribi,
1417 716 1532 744 Basilide
1560 718 1703 748 expuncto.

919 765 1004 800 Quasi
1019 772 1084 793 vero
1103 772 1198 800 parum
1221 763 1349 792 credibile
1364 763 1410 795 sit,
1435 763 1523 790 virum
1543 761 1645 788 bellica:
1664 759 1703 788 rei

920 811 1051 844 deditum,
1065 818 1126 838 cum
1140 809 1265 846 Origenis
1286 809 1356 837 fama
1366 813 1502 844 permotus
1514 811 1596 838 esset,
1615 813 1705 834 acces-

921 857 990 887 sisse
1004 857 1037 884 ad
1050 863 1123 889 eum,
1136 861 1164 884 et
1179 855 1305 883 nonnulla
1324 862 1412 882 rerum
1424 853 1638 881 Christianarum
1658 859 1705 879 ac-

82 899 164 927 dorus
176 899 301 935 Gregorii
322 901 424 935 frater;
441 901 570 937 Tryphon
589 908 650 928 rara
665 900 811 935 Scriptura:
826 908 870 934 pe-
888 901 910 929 B
924 907 1002 938 cepta
1017 902 1052 930 ab
1064 909 1098 930 eo
1106 902 1284 933 notitia,cum
1297 900 1489 936 Potamiwnam
1500 899 1533 926 ad
1545 898 1704 934 supplicium

83 945 142 973 ritia
160 945 286 979 illustris,
304 947 382 982 cujus
398 953 426 975 et
445 947 588 975 nonnullus
608 947 641 974 ad
655 946 799 982 Origenem
813 946 871 980 epi-

81 991 163 1020 stolas
186 992 246 1020 suis
280 994 447 1028 temporibus
472 994 610 1022 exstitisse
635 992 871 1028 tradit‘Hierony-

82 1044 138 1066 mus
162 1037 241 1072 (53);
265 1038 322 1073 (5L)
343 1039 519 1067 Firmilianus
532 1038 705 1067 Cmsarieusis
721 1038 747 1065 in
763 1038 869 1072 Cappa-

82 1085 154 1113 docia
170 1086 284 1120 praesul,
294 1086 405 1121 Origeni
416 1087 456 1115 sic
466 1087 582 1119 deditus,
593 1091 622 1114 ut
633 1086 693 1121 ejus
706 1086 870 1114 convenien-

83 1129 108 1157 di
122 1137 203 1158 causa
222 1132 309 1166 patria
337 1132 430 1160 relicta
449 1132 556 1168 longum
571 1139 604 1159 ac
615 1131 723 1159 ditiicile
736 1132 789 1159 iter
799 1139 866 1160 con-

82 1175 216 1204 stitueret.
242 1176 299 1213 (55)
322 1177 533 1205 Anuumeranda
555 1178 598 1205 his
617 1185 724 1212 quoqtte
746 1177 866 1205 Barbara

84 1220 299 1250 Nicomediensis
315 1223 393 1258 virgo
407 1231 506 1259 genere
522 1223 630 1256 nobilis,
645 1222 796 1251 eruditione
813 1222 867 1251 cla-

85 1273 121 1298 ra,
143 1267 176 1292 ab
196 1265 318 1302 Origene
331 1269 447 1303 primum
461 1275 508 1303 per
517 1267 644 1302 epistolas
658 1273 686 1296 et
695 1268 864 1296 Valentinum

83 1312 266 1347 presbyterum
278 1313 311 1340 ad
328 1321 387 1340 eam
405 1314 516 1341 missum
534 1314 567 1341 ab
583 1313 754 1341 ethnicorum
769 1320 865 1349 super-

83 1356 189 1384 stitione
207 1363 345 1391 revocata.
367 1363 396 1386 et
417 1358 518 1386 Christi
534 1358 672 1394 mysteriis
686 1358 819 1391 instituta,
832 1365 866 1386 ac

85 1402 187 1430 tandem
201 1403 230 1430 in
251 1402 390 1433 Maximini
403 1403 590 1439 persecutione
609 1404 755 1432 saevissime
767 1411 865 1432 excru-

83 1446 161 1480 ciata,
178 1453 207 1476 et
224 1449 313 1476 securi
334 1456 472 1485 percussa.
498 1449 567 1477 Tum
584 1454 674 1477 autem
690 1456 724 1478 ex
741 1448 866 1485 Origenis

918 955 966 983 pro
981 954 1093 975 munere
1111 954 1160 975 suo
1172 947 1325 978 deduceret.
1337 953 1397 974 eam
1412 946 1446 972 ab
1461 943 1643 980 improborum
1656 943 1705 970 ho-

918 994 1020 1022 minum
1035 993 1183 1029 petulantia
1196 993 1375 1028 prohibuisse,
1393 992 1426 1019 ab
1436 997 1521 1026 eaque
1534 990 1705 1026 postmodum

915 1040 970 1074 iam
988 1040 1043 1067 fato
1060 1039 1150 1067 functa
1164 1039 1310 1067 secundum
1320 1038 1436 1074 quietem
1450 1037 1609 1068 excitatum,
1627 1035 1706 1063 Cbrt-

917 1086 952 1114 sti
968 1086 1047 1114 fidem
1062 1085 1149 1121 palam
1160 1085 1245 1113 fuisse
1258 1084 1418 1121 professum.
1434 1083 1491 1110 lluc
1505 1083 1585 1110 etiam
1598 1082 1706 1110 confert

918 1130 1086 1166 Nicephorus
1121 1129 1178 1166 (58)
1215 1129 1396 1157 Alexandrum
1433 1127 1705 1163 Hierosolymitanum

918 1177 1083 1212 episcopum,
1111 1181 1138 1204 et
1165 1177 1357 1204 Caesariensem
1378 1175 1582 1207 Theoctistum;
1605 1172 1705 1209 quibus

917 1222 1084 1250 Mammaeam
1100 1229 1208 1257 quoque
1222 1221 1377 1257 adjungere,
1391 1224 1419 1248 et
1435 1224 1612 1248 memoratum
1629 1219 1705 1247 illum

918 1268 952 1296 ab
967 1268 1081 1296 Eusebio
1099 1267 1153 1303 (59)
1169 1267 1273 1295 Arabiae
1289 1266 1430 1302 praesidem
1448 1265 1543 1293 rationi
1562 1269 1705 1292 consenta-

917 1322 998 1342 neum
1011 1319 1063 1342 est.
1078 1313 1199 1349 Denique
1217 1323 1227 1340 ι
1248 1313 1393 1345 lnuumeri,
1413 1321 1422 1338 ι
1439 1312 1527 1346 inquit
1544 1310 1705 1339 Vincentius

918 1360 1067 1388 Lirinensis
1084 1359 1151 1396 (60),
1172 1368 1181 1385 ι
1207 1366 1240 1388 ex
1255 1360 1317 1387 sinu
1343 1366 1394 1387 suo
1411 1358 1546 1390 doctores,
1570 1356 1703 1384 innumeri

919 1407 1085 1440 sacerdotes,
1106 1406 1277 1434 confessores
1293 1409 1321 1432 et
1342 1409 1478 1441 martyres
1498 1403 1670 1431 exstiterunt.
1691 1410 1702 1430 ι

92 1516 1706 1534 _‘__—__—_—__—__—___—__—a—_—-

561 1610 771 1668 LlBER
815 1609 1210 1668 SECUNDUS.

683 1720 872 1753 ORIGENIS
886 1719 1106 1752 DOCTRINA.

118 1884 192 1913 Ltnnt
211 1892 324 1913 secuntur
350 1893 545 1923 PARTlTlO._-f-
561 1885 701 1923 Explicata
715 1885 920 1923 Qrigenisrvita,
939 1888 1080 1916 institutus
1098 1887 1166 1915 ordo
1188 1887 1318 1922 postulat,
1337 1891 1367 1914 ιιι
1383 1888 1417 1914 ad
1443 1887 1628 1923 exponendam
1645 1888 1703 1923 ejus

87 1922 231 1957 doctrinam
257 1922 473 1957 progrediamur.
499 1920 526 1948 Id
540 1922 706 1956 propositum
720 1920 811 1950 fronte
828 1922 955 1957 simplex,
970 1923 1112 1957 multiplex
1131 1920 1196 1949 sane
1213 1928 1256 1949 est
1270 1923 1297 1949 in
1313 1930 1442 1950 recessu:
1459 1920 1520 1949 nium
1535 1927 1562 1949 et
1573 1923 1605 1950 de
1613 1920 1704 1950 eru'di-

88 1957 154 1982 tione
167 1955 304 1991 Origeuis,
323 1961 350 1983 et
370 1956 404 1983 iis
418 1956 516 1991 quibus
539 1955 720 1990 potissimum,
747 1957 810 1984 dum
836 1955 951 1988 viveret,
974 1955 1093 1985 animum
1113 1957 1271 1984 informavit
1291 1958 1395 1984 artibus
1410 1962 1436 1984 et
1453 1957 1557 1988 studiis,
1576 1958 1702 1985 nonnulla

87 1991 267 2028 prmitilleutla
286 1995 376 2018 erttut.
389 1991 457 2028 Tum
476 1992 601 2028 dogmata
621 1991 691 2018 illius
713 1991 769 2028 sitis
786 1991 915 2028 distincta
931 1997 1118 2028 proponentur
1137 1992 1290 2027 capitibus;
1308 1999 1359 2018 nou
1374 2000 1405 2019 ea
1420 1992 1527 2027 quidem
1537 2000 1595 2028 qua;
1610 1992 1704 2019 Eccle.

86 2026 129 2062 size
139 2026 257 2062 decretis
277 2033 395 2062 consona
412 2025 539 2062 universa
561 2026 680 2054 tulertmt
695 2025 833 2062 suffragia,
856 2027 899 2054 vel
914 2025 1107 2062 q‘uaa'levioris
1123 2025 1183 2054 suu't
1196 2028 1342 2058 momenti;
1358 2028 1404 2054 sed
1419 2025 1478 2062 quze
1498 2025 1606 2062 majoris
1617 2028 1641 2054 in
1654 2027 1703 2054 Ec-

87 2060 161 2087 clesia
182 2061 314 2097 ponderis
328 2069 343 2087 a
357 2061 546 2088 communibus
568 2066 595 2088 et
607 2062 723 2096 receptis
740 2060 802 2088 sunt
819 2062 907 2097 aliena
925 2060 1086 2093 sententiis;
1098 2070 1185 2097 eaque
1202 2062 1367 2097 praesertim,
1390 2060 1450 2095 qttie
1465 2060 1574 2089 Patrum
1590 2063 1706 2089 subinde

87 2095 204 2132 censuris
216 2100 244 2122 et
271 2096 453 2123 anatbematis
475 2097 641 2131 syuodorum
671 2095 766 2132 vexata
790 2101 861 2124 sunt.
876 2096 979 2130 Quibus
1000 2095 1176 2132 subjuugetur
1194 2096 1362 2131 Origeniaua:
1379 2096 1518 2132 doctrinae,
1541 2104 1594 2124 nou
1616 2097 1703 2132 dicam

86 2130 229 2164 Apologia,-
247 2138 415 2166 namineque
433 2130 531 2163 ausim,
545 2138 634 2166 neque
643 2139 710 2158 sane
724 2131 824 2158 velint:
845 2132 891 2159 sed
912 2137 1071 2159 accuratqu
1086 2130 1113 2158 ei
1131 2130 1295 2165 praeiudiciis
1309 2132 1433 2158 omnibus
1450 2131 1563 2158 liberum
1577 2139 1609 2159 ac
1629 2131 1702 2158 solu-

87 2169 139 2201 tum
152 2165 362 2201 exi-autenaliinc
377 2167 409 2192 ad
425 2165 684 2201 ipsamdogmatum
701 2166 807 2193 illorum
831 2167 1038 2194 describendam
1059 2167 1212 2194 summatim
1235 2166 1367 2193 fortunam
1390 2166 1558 2197 accedemus,
1586 2172 1615 2193 ut
1636 2174 1704 2201 quas

87 2200 228 2236 excitarint
247 2199 273 2226 in
286 2200 407 2227 Ecclesia
428 2199 576 2236 procellas;
588 2201 701 2234 quantis
718 2201 837 2235 partium
852 2201 948 2229 studiis
961 2206 1114 2236 oppugnata
1129 2206 1158 2228 et
1176 2208 1342 2236 propugnata
1357 2201 1422 2232 siut,
1438 2201 1526 2235 palam
1539 2203 1595 2228 liat.
1616 2199 1703 2235 Atque

88 2234 120 2260 ita
134 2234 260 2272 iureapita
276 2241 393 2272 quatuor
410 2234 477 2263 liber
489 2234 737 2272 istegdistribuitur.
755 2236 936 2272 l.rAgitur_die
953 2234 1105 2272 eruditione
1121 2234 1253 2272 Ot'ig'eui's.
1265 2234 1302 2272 ll.
1322 2234 1451 2272 Dogmata
1469 2236 1554 2269 ipsius
1563 2234 1703 2264 excutiun-

89 2272 138 2296 tur.
149 2268 193 2299 ΙΙΙ.
210 2268 346 2297 Doctrina:
361 2270 420 2304 ejus
438 2270 566 2306 generale
581 2278 695 2298 examen
714 2268 879 2299 continetur.
890 2270 935 2299 ιγ.
950 2271 1070 2299 Fortuna
1084 2268 1214 2299 doctrina:
1227 2270 1347 2306 ejusdem
1363 2268 1502 2298 narratur.

131 2347 173 2379 50)
187 2348 299 2381 Euseb,
319 2348 423 2376 Hister.
437 2348 512 2381 eccl.,
529 2348 576 2377 lib.
591 2356 627 2380 Vl,
643 2356 667 2378 c.
684 2348 713 2380 4,
731 2349 758 2378 5.

130 2382 172 2420 ξι)
184 2384 252 2420 ιιιίιι.
270 2392 330 2420 ωρ-

117 2418 171 2459 ea
184 2419 250 2459 ιιεξει·
262 2417 322 2455 εεβ-
330 2417 443 2459 .29....“-

878 2350 903 2382 α
918 2348 1037 2384 nuimus.
1052 2348 1106 2376 Sed
1124 2349 1249 2384 Origo-uis
1266 2349 1403 2383 discipulis
1424 2349 1643 2376 annumerandus
1661 2349 1702 2376 vi-

919 2384 998 2410 detur
1012 2383 1184 2419 Theotecuus
1197 2384 1370 2412 Ctesaricusis
1384 2385 1535 2418 episcopus,
1545 2391 1624 2419 quem
1637 2393 1703 2419 pra»-

919 2418 1033 2445 termisit
1047 2418 1168 2451 lluetius,
1187 2422 1219 2445 de
1236 2427 1289 2453 quo
1309 2424 1395 2446 tamen
1410 2419 1551 2452 Eusebius,
1567 2418 1701 2453 Hist.'_lib.

120 2450 356 2492 _liieroti._jn
375 2454 421 2481 lib.
438 2453 581 2492 pestript.
602 2452 865 2492 ecrl.Li_n_Z’ryphon.

919 2460 1040 2492 γξιηεθρ.
1059 2453 1116 2492 με
1128 2454 1220 2492 Τῆς
1237 2450 1702 2492 ’Dptyévouiﬁatptﬁﬁsstatutus;

121 2486 175 2524 (54)
185 2489 296 2522 Euseb.,
309 2488 380 2516 Hist.
390 2488 465 2520 εδει..
480 2488 525 2516 lib.
538 2486 575 2519 vt,
588 2489 648 2524 (τίεις.
662 2488 760 2518 26.27.
769 2486 778 2488 7
816 2522 830 2524 _

919 2486 1085 2524 (Bsorsicvog)
1098 2487 1142 2524 ἦν.
1161 2486 1170 2515 ἆ
1190 2489 1239 2516 Hic
1252 2486 1357 2524 quoque
1372 2486 1564 2524 (Theotécuus)
1579 2489 1704 2524 Origenia

122 2523 176 2558 (55)
199 2524 404 2551 Annumemnda
422 2523 463 2550 Itis
477 2532 579 2558 quoque
592 2522 724 2556 Barbara,
744 2528 797 2558 etc.
811 2522 866 2551 Cur
920 2523 1026 2550 auditor
1041 2522 1123 2552 fctis-se
1134 2524 1242 2551 dicitur.
1259 2534 1268 2549 ι

91 2556 128 2594 bis
153 2556 353 2586 a’unumeranda
380 2559 426 2590 sit,
445 2556 517 2586 nulla
536 2556 614 2586 'ratio
624 2563 674 2586 est.
687 2558 730 2594 (De
747 2557 866 2594 Barbara
953 2557 1009 2594 (55)
1023 2558 1134 2594 Euseb"
1146 2559 1218 2586 "ist.
1235 2558 1339 2594 eadem,
1354 2558 1390 2585 lib
1417 2566 1455 2589 vt,
1474 2566 1534 2594 cap.
1549 2559 1578 2586 5.

92 2591 186 2628 incerta
201 2595 302 2620 omnia.
321 2594 358 2621 De
374 2594 417 2620 illa
430 2594 503 2621 enim
518 2594 603 2620 altutn
620 2593 692 2628 apud
708 2593 866 2628 veteresrsi—
953 2591 1011 2628 (57)
1032 2592 1132 2625 Vales.,
1153 2594 1217 2621 Not.
1231 2594 1257 2620 in
1269 2593 1367 2628 Euseb.
1384 2601 1411 2628 p.
1428 2594 1487 2621 H3.

93 2626 208 2663 ignium,
221 2633 250 2655 ut
264 2628 363 2656 fatetur
382 2628 532 2656 Boilandus
545 2628 607 2655 Maii
625 2626 690 2655 tom.
706 2627 728 2660 Ι,
743 2626 865 2663 ρςιςκῖϐ,
953 2626 1009 2663 (58)
1030 2628 1143 2663 Nicepb.
1160 2629 1206 2656 lib.
1221 2637 1248 2661 ν,
1263 2637 1323 2663 cap.
1339 2627 1384 2655 20.

92 2660 182 2691 Mutua:
200 2663 323 2698 Origenis
339 2664 372 2698 ab
389 2663 547 2695 Barbarum,
570 2668 598 2691 et
621 2660 790 2691 Barbarw‘ad
805 2662 866 2690 Ori-
951 2660 1008 2698 (59)
1025 2660 1135 2696 Euseb,
1151 2663 1219 2691 Hist.
1235 2660 1311 2695 eccl;
1324 2663 1370 2692 lib.
1386 2670 1426 2698 vt,
1443 2663 1562 2698 capuli).

93 2704 179 2730 geuem
204 2697 323 2732 epistola:
342 2697 500 2731 jamdudum
527 2699 597 2725 inter
620 2698 742 2726 eruditos
766 2698 865 2731 spuria:
951 2697 1008 2732 (60)
1024 2699 1145 2727 Vlncent.
1158 2698 1243 2728 Lirin.
1262 2700 1363 2726 advers.
1379 2697 1477 2726 llam.
1495 2697 1700 2728 Commonitorio

93 2738 246 2769 censentur,
259 2734 410 2769 nec_alium
424 2733 525 2760 habere
538 2738 676 2767 parentem
698 2740 778 2769 quam
804 2732 865 2759 Hal—
916 2742 936 2766 ι,
950 2732 1009 2769 cap.
1025 2734 1070 2762 25.

94 2764 197 2801 lolium,
211 2764 249 2795 uti
274 2768 300 2796 iu
315 2767 476 2799 Pradatioue
500 2764 647 2796 ad‘tomum
666 2764 782 2804 primum
806 2774 863 2795 tuo~

879 2843 910 2853 cn
