1915 3079
843 144 887 171 γι).
908 144 1065 172 DANIELlS
1085 144 1200 172 HUETll
1718 137 1725 146 '
1802 147 1845 176 700

792 221 982 267 CAPUT
1017 223 1277 268 PRIMUM.

878 310 1027 349 Origenis
1043 311 1194 344 eruditio.

222 385 242 412 ι.
258 383 620 421 Scriptum:eaﬂeutiuintus
633 384 683 418 fuit
695 385 840 419 Origenes;
855 385 886 412 ll.
902 385 946 410 sed
962 384 1099 421 Ilebraictt'
1112 385 1210 420 lingua:
1222 394 1315 419 parum
1328 385 1472 421 consultus,
1491 386 1664 414 Samaritamc
1679 395 1742 414 vero
1751 388 1842 421 peniltu

256 420 373 456 ignarus.
389 418 595 456 Ill_._Scripturte_
611 418 766 453 interpretes
779 421 967 456 scriptoresque
978 418 1169 447 erclesiastt’cos
1182 422 1298 447 studiose
1318 421 1390 456 legit.
1407 420 1451 448 IV.
1466 420 1554 449 Sacra
1565 423 1694 450 doctrina!
1710 418 1792 449 causa
1803 432 1842 449 ex-

256 454 335 480 coluit
346 453 395 485 τὰς
412 453 523 486 ἔξωθεν,
541 454 733 488 philosophiam
744 455 911 489 prwsertim;
925 455 956 482 V.
971 455 1016 481 sed
1026 460 1048 481 et
1062 455 1177 490 reliquas
1189 453 1354 490 disciplinas.

255 585 276 613 Ι.
290 585 411 613 Primum
422 586 487 613 illud
498 593 529 613 ac
545 586 710 627 praecipuum
730 586 915 622 fuitOrigenis
932 595 946 614 a
967 593 1001 615 te-

1061 587 1153 614 frivola
1177 587 1220 615 illa
1244 587 1395 620 distinctio,
1423 587 1536 624 οὺρανύν
1559 587 1629 614 inter
1650 593 1679 614 et
1707 589 1842 624 οὐρανούς,

219 630 293 657 neris
311 630 433 664 pueritiae
449 632 526 657 anttis
537 631 570 657 ad
590 630 692 657 obitum
710 638 794 665 usque
813 632 944 663 studium,
973 632 1007 659 ad

221 676 377 703 interiorent
395 685 426 704 ac
440 677 607 704 reconditam
622 684 761 704 sacrarum
782 677 932 704 litterartttn
957 686 1005 713 pe-

219 722 308 749 ritiant
326 727 476 756 penetrare.
494 722 520 749 In
537 730 590 756 quo
608 722 715 756 quidem
727 723 763 749 ita
779 730 809 750 se
827 724 964 757 tractavit,
980 729 1009 750 ttt

219 768 381 795 admirabile
406 774 487 801 esset,

219 817 247 843 in
270 823 300 843 ea
316 817 510 844 exercitatione
538 821 699 843 consecutus
726 817 777 849 sit;
805 817 862 844 sive
889 817 1007 844 litteram

220 862 323 896 ipsam,
356 863 584 897 quemadmodum
622 867 733 894 vocant,
771 867 892 896 spectes.
927 871 1007 898 quatit

219 911 302 935 totam
320 909 456 935 memoria:
484 909 521 935 ita
537 909 788 940 commendaverat,
813 914 841 934 ιιι
858 909 931 936 locos
950 917 1009 936 om-

218 960 266 980 nes
293 960 324 980 ex
358 958 487 988 tempore,
513 954 594 981 etiam
619 953 696 981 libris
726 953 898 986 inconsultis,
925 962 1008 989 appo-

216 999 267 1026 site
297 999 439 1032 recitaret;
468 999 525 1026 sive
555 999 666 1027 iutitnos
696 1007 727 1026 ac
755 999 869 1026 latentes
897 1007 1007 1031 sensus.

217 1052 284 1079 quos
312 1050 384 1072 tanta
416 1045 566 1079 sagacitate
588 1045 669 1078 eruit,
694 1045 732 1077 ὡς
760 1045 789 1078 ἐξ
823 1046 939 1078 ἐκείνου,
967 1047 1010 1073 in-

217 1091 274 1125 quit
296 1091 404 1123 Suidas,
435 1092 538 1122 πάντας
566 1091 629 1122 τοὺς
657 1091 803 1126 μετέπειτα
834 1091 885 1126 τῆς
910 1091 1008 1126 ἐκκλη-

217 1136 277 1168 σίας
287 1136 461 1168 διδασκάλους
474 1137 521 1163 καὶ
540 1137 666 1172 ἀφορμὰς
677 1137 825 1172 εἰληφέναι.
842 1137 869 1164 ld
887 1137 964 1165 facile
974 1145 1008 1166 ex

217 1183 318 1210 nostris
342 1183 481 1218 apparebit
505 1183 760 1216 Observationibus,
782 1183 808 1210 in
824 1184 925 1218 quibus
948 1184 1006 1212 loca

216 1228 325 1256 Patrum
337 1229 498 1262 consituilia,
508 1234 534 1257 et
546 1230 579 1256 ab
587 1229 760 1264 Origenianis
771 1230 891 1265 profecta
900 1238 949 1266 per
959 1239 1007 1257 πα-

528 776 578 795 nec
603 769 745 803 quisquam
776 769 874 797 deinde
904 775 1021 798 tantntn'

1061 641 1139 667 quam
1155 633 1368 660 comminiscitur
1382 634 1416 660 ad
1425 633 1520 660 Matth.
1532 641 1609 666 xvm,
1625 633 1668 665 l8,
1684 639 1714 660 et
1729 634 1842 668 adquam

1060 679 1195 705 Christum
1206 680 1355 713 respexisse
1364 680 1460 712 tradit;
1473 680 1547 713 quasi
1560 680 1629 706 hanc
1643 680 1841 707 distinctionem

1061 725 1128 752 ferat
1143 725 1254 760 Syriaca
1271 726 1410 757 dialectos,
1427 733 1507 759 quant
1531 725 1655 752 Christus
1672 725 1820 760 usurpabat
1835 735 1841 752 ε

1058 771 1210 805 cujnsmodi
1228 776 1270 798 est
1293 771 1361 798 falsa
1378 771 1422 797 illa
1437 771 1554 798 nominis
1567 771 1634 798 Aser
1647 771 1841 806 interpretatio,

1059 824 1119 850 quae
1140 817 1254 844 habetur
1275 818 1311 843 ad
1336 817 1433 845 Matth.
1455 824 1533 850 xvttt,
1551 816 1596 848 19,
1616 816 1765 844 Comment.
1785 822 1840 843 tom.

1060 869 1115 893 xw,
1134 869 1160 896 p.
1180 862 1242 894 616,
1259 862 1335 896 quasi
1352 863 1492 889 derivetur
1506 870 1521 889 a
1543 866 1592 891 Ὃν
1618 871 1626 888 ι
1648 863 1761 895 erudiit,
1783 862 1842 896 liga-

1059 907 1108 940 vit,
1129 917 1138 933 ›
1158 915 1219 934 cum
1238 907 1284 934 fiat
1299 908 1332 935 ab
1350 913 1410 936 nos
1433 917 1441 933 ι
1465 907 1566 942 ligavit.
1590 917 1599 934 ι
1619 907 1782 942 Quanquam
1799 917 1841 934 au-

1061 953 1191 979 ctoritate
1216 952 1317 979 Senum
1342 953 1521 987 Septuaginta
1547 953 1674 980 excusari
1700 954 1727 980 id
1752 958 1840 987 potest,

1060 999 1104 1033 qui
1118 1004 1177 1029 "tam
1196 999 1341 1033 aliquando
1356 998 1393 1026 ita
1412 999 1599 1032 reddiderunt,
1616 999 1694 1033 quasi
1717 999 1787 1026 idem
1804 1007 1841 1026 es-

1060 1051 1101 1073 set
1116 1053 1148 1072 ac
1165 1049 1227 1074 "D7.
1249 1045 1285 1072 Ut
1309 1045 1405 1080 psalm.
1420 1053 1462 1072 etv
1475 1044 1572 1080 (Hebr.
1590 1045 1652 1079 cv),
1668 1044 1723 1077 22;
1737 1052 1784 1079 pro
1797 1044 1842 1071 lle-

1059 1094 1131 1119 braao
1143 1096 1212 1122 171w
1228 1082 1315 1121 ’Τιβκθ
1334 1090 1445 1123 habent,
1460 1089 1507 1117 τοῦ
1522 1090 1664 1117 παιδεῦσαι
1680 1091 1745 1121 τοὺς
1756 1090 1842 1126 ἄρχον-

1058 1146 1107 1169 τας
1125 1136 1207 1163 αὑτοῦ
1223 1145 1229 1169 ;
1249 1136 1374 1171 Vulgata,
1388 1145 1398 1162 σ
1413 1140 1444 1163 ut
1465 1136 1585 1162 erudiret
1600 1135 1739 1170 principes
1750 1135 1813 1168 cjus.
1830 1144 1838 1160 ι

1059 1183 1090 1210 Et
1114 1183 1176 1210 Ose.
1195 1191 1223 1214 κ,
1247 1182 1289 1216 l0,
1314 1187 1428 1212 omni.
1455 1181 1537 1213 LXX,
1564 1181 1710 1209 παιδεῦσαι
1734 1181 1838 1212 αὐτούςς

1059 1228 1185 1263 Vulgata,
1207 1237 1216 1253 (
1240 1228 1386 1262 corripiam
1402 1235 1460 1259 eos,
1480 1237 1490 1253 ι
1511 1227 1663 1262 cujusmodi
1687 1231 1732 1254 est
1751 1227 1840 1261 depra-

217 1276 365 1311 ραπομπὰς
376 1276 537 1304 indicamus.
554 1276 609 1304 Nec
625 1277 706 1304 ullunt
719 1285 784 1305 vero
797 1278 830 1305 ad
843 1278 1006 1312 exquisitam
1023 1287 1043 1313 Β
1059 1281 1119 1303 vata
1133 1275 1178 1302 illa
1204 1275 1284 1302 lectio
1301 1274 1352 1301 loci
1374 1273 1554 1308 Interpretum
1573 1272 1656 1305 LXX,
1679 1272 1704 1300 ll
1731 1273 1807 1301 Esdr.
1821 1279 1838 1303 1.

216 1321 367 1350 divinorum
388 1322 554 1350 voluminum
577 1324 789 1358 comparandam
806 1324 928 1351 notitiam
942 1324 1006 1351 sub-

216 1369 314 1395 sidium
328 1368 446 1403 neglexit
464 1377 470 1394 :
487 1376 547 1395 cum
565 1369 670 1404 vulgata
689 1369 788 1404 quippe
804 1370 875 1402 apud
890 1369 1007 1396 Alexan-

216 1415 309 1441 drinos
339 1407 514 1449 Septuaginta
544 1415 646 1442 Senum
685 1415 907 1449 interpretatione
939 1416 1006 1443 alias

216 1459 321 1494 magnis
332 1467 346 1486 a
362 1468 393 1487 se
410 1461 562 1495 sumptibus
581 1462 733 1496 redemptas
754 1462 877 1494 contulit,
890 1462 1005 1496 Aquilm,

215 1503 407 1532 Theodotionis
434 1510 461 1532 et
483 1506 657 1541 Symmachi;
678 1514 710 1534 ac
732 1507 858 1540 Quintam
889 1508 964 1541 item,
979 1512 1006 1534 et

216 1551 325 1578 Sextam
344 1552 369 1579 in
383 1552 469 1580 lucem
492 1561 507 1580 a
530 1560 559 1580 se
569 1553 657 1587 primo
670 1554 773 1587 editas;
792 1561 892 1589 easque
907 1555 940 1582 ad
957 1555 1006 1582 lle-

215 1597 309 1624 braica
334 1599 549 1625 accommodavit
570 1599 744 1633 exetttplaria,
771 1601 840 1627 ttude
868 1600 1003 1635 Tetrapla,

214 1642 332 1677 Hexapl-
356 1647 382 1670 et
398 1643 510 1678 Octapla
525 1645 698 1671 exstiterunt.

247 1689 364 1723 ILQuod
379 1689 400 1716 si
415 1689 475 1724 plus
487 1697 549 1718 sese
564 1690 590 1716 in
607 1689 747 1718 Hebraicis
760 1691 936 1724 exercuisset,
948 1699 1004 1718 ma-

211 1735 353 1770 ioremque
366 1735 464 1770 lingua:
483 1735 561 1770 hujus
574 1735 668 1764 fuisset
683 1737 807 1772 peritiam
827 1743 1003 1770 consecutus,

215 1781 279 1808 nihil
296 1782 319 1808 ei
345 1783 376 1808 ad
402 1781 548 1816 perfectam
570 1790 653 1810 sacra:
673 1783 739 1817 legis
760 1784 940 1818 cognitionem
955 1784 1003 1810 de-

214 1827 309 1854 fuisset
322 1837 328 1854 :
341 1829 387 1854 sed
407 1833 509 1854 tantum
524 1827 658 1862 decerpsit
671 1836 704 1855 ex
715 1837 746 1855 ea
758 1829 854 1864 gloria,
870 1834 1002 1864 quantum

213 1881 244 1899 ex
260 1873 370 1908 loquela:
386 1874 466 1909 hujus
480 1875 568 1902 studio
584 1876 711 1903 detraxit.
723 1875 816 1903 Dicam
835 1877 905 1903 enint
918 1884 1001 1904 vere:

213 1919 255 1946 vel
275 1919 425 1947 l'lebraistni
446 1929 539 1955 parum
560 1922 678 1949 scientes
692 1927 765 1954 sunt,
783 1922 824 1949 Vel
840 1923 865 1949 in
886 1923 1001 1950 lectione

213 1965 437 2001 Origenianorum
468 1974 578 2001 operum
604 1968 788 2002 perfunctorie
812 1969 924 2002 versati,
956 1970 1000 2003 qui

213 2011 340 2038 eximium
359 2012 421 2046 quid
439 2012 489 2046 ipsi
508 2013 557 2039 vel-
567 2013 593 2040 in
610 2019 712 2040 sancta:-
728 2014 834 2048 liuguzc,
851 2014 893 2041 vel
909 2015 935 2041 in
951 2022 998 2042 ea-

214 2065 272 2084 rum
297 2066 356 2092 quae
373 2066 405 2085 ex
429 2058 479 2086 hoc
498 2059 571 2086 fonte
590 2059 717 2094 profectae
736 2065 800 2086 sunt
820 2060 998 2088 dialectorum

212 2104 306 2137 peritia
323 2105 486 2132 tribuerunt.
503 2105 556 2133 Nec
573 2106 692 2140 opittioni
707 2111 808 2133 nostraa
836 2107 999 2134 contradicit

212 2148 392 2185 Hieronymus
406 2150 473 2186 (6i),
487 2152 536 2179 etsi
550 2152 657 2178 videtur
670 2152 867 2184 contradicere,
876 2161 936 2180 cum
947 2153 996 2185 ait,

211 2197 375 2231 singularem
394 2197 506 2231 loquelae
521 2197 601 2232 hujus
618 2198 741 2224 notitiam
758 2199 915 2225 dentiratatn
929 2199 954 2225 itt
967 2206 998 2226 eo

212 2241 295 2269 fuisse
310 2247 393 2269 totam
408 2242 539 2270 Graeciam
558 2251 565 2270 :
583 2244 680 2270 tnirum
699 2243 724 2270 id
738 2244 836 2278 quippe
848 2244 931 2271 videri
948 2252 998 2278 po-

213 2287 263 2313 tuit
281 2286 384 2314 Graecis
413 2287 564 2315 llcbraismi
592 2288 702 2315 rudibus
722 2293 750 2314 et
773 2288 915 2322 imperitis,
948 2296 998 2315 nec

211 2336 341 2365 qttantttm
352 2333 377 2358 itt
388 2339 419 2358 eo
430 2333 588 2366 profecisset
597 2333 728 2366 Origenes
741 2333 898 2360 existimare
910 2333 998 2361 scien-

212 2375 293 2403 tibus.
308 2376 416 2404 Minime
431 2385 494 2404 vero
510 2385 585 2404 suant
600 2378 656 2412 ipse
675 2378 772 2412 lingua:
794 2378 873 2412 hujus
889 2379 998 2413 ignora-

212 2422 311 2449 tionem
332 2422 483 2449 dissimulat
504 2423 596 2450 bontil.
616 2423 658 2454 M,
682 2423 710 2449 in
727 2422 811 2449 Num.
839 2431 857 2455 t,
878 2431 905 2458 p.
931 2424 993 2452 522.

212 2476 222 2493 ε
237 2467 319 2494 Aiunt
334 2475 407 2502 ergo.
426 2468 522 2502 inquit,
548 2470 591 2503 qui
607 2469 754 2496 llebraicas
769 2468 873 2496 litteras
893 2469 995 2504 legunt,

210 2511 236 2538 in
249 2512 300 2539 hoc
311 2512 379 2544 loco,
393 2513 471 2542 Deus.
488 2522 539 2541 non
554 2514 603 2541 sub
616 2514 693 2548 signo
707 2515 919 2549 tetragrammati
935 2523 995 2543 esse

1059 1323 1102 1354 ll,
1120 1320 1247 1356 εὐνοῦχος
1266 1320 1305 1355 τῷ
1318 1319 1432 1355 βασιλεῖ.
1449 1319 1504 1354 (62)
1520 1319 1595 1352 Quod
1618 1319 1642 1346 si
1664 1319 1692 1345 in
1709 1318 1839 1346 Hebraicis

1059 1372 1195 1401 utcunque
1209 1366 1306 1393 fuisset
1322 1370 1457 1397 versatus,
1471 1372 1531 1399 quae
1545 1365 1646 1391 habent
1662 1356 1743 1404 1512‘)
1758 1368 1839 1406 ΠΡΨῸ

1057 1414 1226 1441 emendasset
1247 1413 1341 1447 utique
1353 1412 1379 1439 in
1396 1413 1451 1443 τοῖς
1464 1412 1509 1438 0"
1528 1411 1646 1446 οἰνοχόος
1670 1410 1709 1446 τῷ
1725 1409 1837 1445 βασιλεῖ,

1057 1460 1080 1487 si
1099 1459 1178 1486 tuodo
1198 1459 1270 1485 hunc
1286 1458 1344 1492 ipse
1362 1464 1483 1484 errorem
1500 1464 1554 1484 non
1572 1457 1685 1487 invexit,
1705 1457 1751 1491 qui
1773 1460 1838 1482 certe

1057 1506 1083 1533 in
1097 1506 1272 1540 Septuaginta
1288 1503 1432 1532 Seniorum
1445 1503 1649 1538 exemplaribus
1661 1503 1785 1537 nuspiam
1796 1509 1837 1531 ex-

1056 1557 1108 1579 stat
1119 1559 1125 1577 :
1135 1550 1282 1584 cujusmodi
1294 1555 1335 1577 est
1346 1550 1436 1584 inepta
1444 1549 1489 1576 illa
1497 1549 1631 1585 expositio
1642 1549 1764 1576 vocabuli
1773 1548 1834 1583 (65),

1058 1607 1067 1622 ι
1086 1597 1217 1628 Joannes,
1236 1605 1246 1621 ι
1266 1596 1339 1630 quod
1362 1595 1476 1623 formari
1503 1595 1670 1623 existimavit
1695 1603 1711 1621 a
1737 1594 1836 1621 nomine

1054 1649 1114 1675 rma
1134 1644 1255 1680 praeﬁxo,
1276 1648 1303 1670 et
1320 1647 1376 1687 pm,
1390 1650 1451 1670 cum
1468 1650 1502 1670 ex
1517 1642 1574 1670 solo
1586 1646 1629 1686 pri
1648 1641 1768 1676 praefixis
1786 1647 1836 1668 ser-

1057 1690 1155 1718 vilibus
1184 1690 1286 1717 litteris
1311 1688 1462 1716 derivatum
1488 1688 1533 1715 sit.
1561 1687 1727 1722 Plerumque
1752 1687 1834 1713 itidem

1054 1740 1150 1770 peccat
1163 1735 1190 1762 in
1206 1733 1412 1770 perscrutandis
1425 1733 1564 1760 nominum
1578 1731 1774 1760 Hebraicorum
1786 1730 1834 1757 ori-

1054 1782 1173 1815 ginibus.
1191 1781 1314 1808 Proclive
1328 1781 1354 1807 id
1369 1787 1466 1814 nempe
1480 1778 1530 1805 l'uit
1543 1779 1601 1805 viro
1611 1779 1644 1805 ad
1658 1777 1833 1805 ntutuatitiata

1055 1829 1141 1855 lucettt
1158 1827 1271 1862 vestigia
1282 1835 1330 1854 sua
1345 1827 1372 1854 in
1392 1827 1459 1854 locis
1474 1826 1575 1860 ignotis
1590 1825 1696 1859 regettti
1711 1833 1717 1851 :
1732 1828 1834 1858 pratsta-

1054 1874 1099 1901 bat
1117 1878 1208 1900 autent
1229 1873 1317 1900 lucem
1334 1872 1443 1900 Judaeus
1464 1871 1555 1905 Philo,
1575 1871 1620 1906 qui
1636 1870 1768 1901 Hebraica
1788 1867 1834 1895 Ve—

1055 1919 1119 1946 teris
1137 1919 1304 1946 Testautenti
1326 1918 1436 1945 nomina
1454 1917 1583 1952 peculiari
1605 1916 1676 1943 libro
1695 1915 1780 1942 fuerat
1798 1913 1833 1940 in-

1015 1956 1036 1985 c
1055 1970 1235 1999 terpretatus;
1255 1963 1298 1990 cui
1322 1963 1392 1990 libro
1412 1969 1505 1997 parent
1530 1961 1671 1995 subjunxit
1691 1960 1830 1994 Origenes,

1054 2010 1247 2037 llebraicorunt
1267 2009 1334 2037 Novi
1356 2009 1525 2037 Testamenti
1540 2007 1739 2042 expositionem
1761 2013 1830 2031 cont-

1054 2057 1173 2091 plcxum.
1192 2056 1242 2089 Qui
1262 2063 1325 2083 vero
1349 2063 1401 2083 non
1417 2055 1575 2082 offendisset
1597 2053 1730 2088 Origenes
1751 2050 1830 2078 Philo-

1052 2111 1113 2130 nem
1131 2110 1249 2136 sequens
1264 2104 1371 2134 ducem,
1386 2103 1430 2136 qui
1447 2101 1555 2128 Judteus
1569 2100 1643 2131 licet,
1658 2099 1757 2126 Judteis
1773 2104 1828 2131 pro—

1051 2155 1159 2183 gnatus,
1183 2157 1217 2176 ne
1235 2148 1364 2175 mediocri
1386 2147 1495 2182 quidem
1517 2147 1671 2172 litterarum
1694 2143 1829 2170 llcbraica-

1054 2203 1112 2221 runt
1130 2203 1206 2225 aura,
1222 2195 1259 2221 uti
1277 2201 1365 2228 neque
1381 2192 1532 2220 ltellenistte
1547 2191 1602 2217 fere
1621 2189 1731 2224 reliqui,
1749 2187 1828 2214 fuerat

1052 2241 1176 2268 afﬂatus?
1191 2242 1215 2267 ld
1232 2241 1253 2267 si
1272 2241 1362 2267 minus
1384 2240 1411 2266 itt
1435 2238 1590 2266 hominibus
1604 2235 1772 2262 Alexandria;
1786 2240 1827 2260 tta-

1053 2287 1086 2313 tis
1100 2291 1125 2313 et
1141 2287 1245 2313 eductis
1259 2293 1357 2314 novum
1374 2290 1425 2316 est,
1438 2291 1553 2318 qttorutn
1569 2288 1675 2309 naturai.
1688 2285 1826 2315 repugnare

1051 2333 1144 2360 scribit
1160 2332 1341 2368 Hieronymus
1359 2331 1425 2366 (64),
1441 2330 1600 2362 llebraicatn
1627 2328 1743 2363 linguam
1757 2324 1824 2351 addi-

1051 2385 1136 2410 scere,
1154 2385 1202 2410 pro
1220 2385 1294 2403 tttore
1304 2377 1459 2404 Grazcorutn
1475 2375 1607 2406 otttniutn,
1624 2374 1670 2408 qui
1683 2373 1824 2406 linguarum

1050 2423 1217 2450 exoticarum
1239 2423 1356 2450 studium
1377 2421 1516 2456 aspernari
1532 2423 1747 2449 consueverunt;
1760 2421 1786 2442 at
1800 2415 1823 2441 in

1049 2469 1165 2504 loseplto
1190 2469 1235 2496 illo
1258 2469 1372 2496 l'lebrteo
1395 2468 1533 2495 lllatltatia:
1559 2467 1615 2494 lilio
1640 2466 1718 2500 plane
1736 2463 1821 2490 mirtttn

1049 2515 1134 2542 videri
1150 2515 1250 2548 debet;
1274 2514 1353 2542 facile
1375 2515 1475 2549 quippe
1491 2521 1524 2541 ex
1540 2513 1599 2548 ejus
1620 2512 1730 2546 scriptis
1742 2513 1822 2543 depre-

210 2559 325 2592 positum
341 2567 349 2585 :
377 2560 409 2586 de
428 2568 481 2594 quo
500 2561 545 2595 qui
568 2565 655 2595 potest
674 2562 806 2596 requirat.
832 2571 842 2588 ι
862 2561 942 2589 Multa
968 2564 995 2590 in
1012 2571 1035 2598 ι)
1050 2559 1168 2586 lteudere
1186 2560 1258 2592 licet,
1276 2560 1310 2587 ad
1326 2567 1453 2594 magnam
1470 2559 1543 2586 illam
1563 2563 1591 2586 et
1612 2558 1772 2593 singularem
1784 2554 1822 2581 lit-

209 2605 446 2634 Observationibus
462 2608 560 2634 ttostris
576 2607 827 2640 animadvertimus,
839 2616 897 2642 qua:
914 2609 994 2636 insci—

210 2651 274 2678 tiam
292 2652 349 2687 cjus
370 2652 397 2678 itt
410 2651 549 2680 Hebraicis
568 2653 769 2687 demonstrant;
789 2655 936 2689 cujusntodi
954 2662 995 2682 est

247 2737 301 2773 (61)
323 2737 433 2765 Hieron.
448 2740 527 2772 epist.
543 2740 577 2766 25
593 2740 627 2766 ad
640 2739 766 2766 Paulam.
855 2758 857 2760 ς

247 2774 302 2807 (62)
317 2774 425 2806 Ot'igeu.
451 2775 479 2800 in
495 2775 589 2801 Matth.
612 2783 654 2801 xu
668 2795 675 2804 ,
702 2775 745 2807 Η,
763 2774 906 2803 Comment.
924 2780 990 2801 tom.

210 2814 255 2836 xv.
272 2815 332 2841 pag.
348 2808 534 2841 657.—-Qnod
550 2811 572 2836 si
585 2811 612 2836 in
623 2810 769 2842 Hebraicis,
786 2816 838 2837 etc.
862 2810 992 2836 thcani-

213 2842 425 2878 ntadverSionCm
457 2850 576 2870 nostram
595 2846 621 2870 in
643 2847 700 2871 haec
715 2848 795 2871 verba
812 2845 931 2878 cpistola:
956 2846 989 2871 ad

212 2876 367 2904 Africanum
380 2884 386 2902 :
397 2878 514 2912 Νεεμίας
525 2880 692 2914 οἰνοχόρςτοῦ
703 2876 834 2915 ﬁndito,"
843 2880 887 2906 καὶ
901 2879 992 2906 εὐνοῦ-

1049 2607 1186 2634 daicarunt
1206 2607 1340 2642 originum
1361 2607 1543 2641 cognitionem
1563 2613 1615 2632 non
1633 2612 1724 2640 parem
1741 2604 1818 2636 ipsum

1050 2654 1143 2688 patria:
1167 2653 1281 2688 loquela:
1313 2653 1438 2688 peritiam
1468 2652 1629 2685 contulisse;
1655 2649 1772 2686 quamvis
1793 2652 1818 2672 se

1045 2750 1089 2776 χος
1102 2741 1193 2773 αὐτοῦ,
1210 2746 1274 2768 lout.
1293 2750 1312 2772 t,
1331 2750 1356 2775 ι).
1371 2741 1414 2770 27,

1080 2777 1136 2811 (65)
1161 2778 1233 2812 Orig.
1263 2778 1288 2802 in
1315 2776 1396 2803 Joun.
1420 2784 1438 2809 ι,
1470 2777 1496 2804 6.
1524 2775 1669 2804 Comment.
1705 2779 1766 2801 tum.
1787 2777 1815 2803 lt,

1045 2814 1137 2884 IL
1157 2848 1325 2882 llicronynt.,
1348 2847 1384 2875 De
1395 2847 1484 2881 script.
1505 2846 1567 2874 εισι.
1585 2847 1610 2874 itt
1630 2845 1752 2881 Origene.
