1915 3079
88 149 138 177 τοι

621 148 908 179 OHIGENIANORUM
927 149 990 176 LIB.
1013 149 1044 181 ll,
1064 149 1140 176 CAP.
1161 148 1181 176 l.

1667 147 1719 176 Τθί

86 213 220 239 uo‘nnulla
236 211 377 238 llebraicte
394 212 536 246 scripsisse
550 212 633 244 dicat,
649 219 709 247 quae
723 211 799 246 lapsu
814 217 881 238 tem-
897 213 918 241 Α
933 209 974 236 vir
988 210 1069 243 hujus
1084 208 1173 236 artatis
1186 207 1310 236 eruditus
1322 207 1356 234 ab
1371 206 1647 242 interpretesonllcta
1661 207 1720 234 exi-

87 265 186 294 porum
206 257 418 285 interciderunt.

127 303 179 335 Qui
194 302 318 330 Judaicis
330 310 412 338 porro
425 303 525 331 litteris
539 308 593 331 tam
606 303 702 331 leviter
716 304 817 331 tinctus
831 302 881 330 fuit

86 339 237 383 Origenes,
254 348 326 375 hunc
342 348 508 376 Samaritani
524 349 662 376 idiomatis
679 348 763 376 fuisse
776 347 879 375 callen-

86 395 228 421 tissimum
248 394 384 422 allirmare
407 395 517 430 quidam
538 402 591 422 non
611 399 751 422 verentur.
766 394 881 422 Abunde

87 441 252 469 refelluntur
264 440 300 467 illi
315 447 349 468 ex
365 440 406 468 his
420 441 545 476 Origeuis
555 441 645 468 verbis
658 441 690 468 ad
702 440 766 467 illud
778 440 878 467 Ezech.

86 493 128 517 nt,
143 486 171 518 4,
190 493 253 521 pag.
268 485 342 512 ηις
360 494 369 511 ι
389 485 470 519 Signa
486 485 563 513 Titau
586 493 667 520 super
686 485 788 513 frontes
808 486 881 512 viro-

85 539 148 558 rum
170 532 348 566 gementium.
369 540 379 556 ι
399 530 524 566 Ἐϐραῖος
535 530 564 557 δέ
577 539 629 562 τις,
647 530 744 565 inquit,
767 530 821 557 τῶν
841 531 880 562 εἰς

85 577 203 613 Σωτῆρα
232 577 453 604 πεπιστευκότων
475 577 551 611 ἔλεγε
572 577 606 603 τὰ
628 577 729 613 ἀρχαῖα
761 578 881 612 στοιχεῖα

85 623 208 659 ἐμφερὲς
220 623 292 658 ἔχειν
306 623 337 649 τὸ
352 622 409 649 Ταῦ
424 622 462 658 τῷ
471 623 518 649 τοῦ
527 622 644 659 άταυροῦ
659 622 822 658 χαρακτῆρι,
834 622 881 649 καὶ

85 668 306 704 προφητεύεσθαι
320 669 384 704 περὶ
392 668 439 695 τοῦ
453 668 598 703 γενομένου
611 669 639 694 ὲν
652 669 824 703 Χριστιανοῖς
835 668 880 694 ἐπὶ

84 714 133 741 τοῦ
151 714 278 750 μετώπου
295 715 419 750 σημείου,
433 715 500 750 ὅπερ
520 714 642 741 ποιοῦσιν
663 715 687 740 οἱ
701 714 880 740 πεπιστευκό-

83 769 132 794 τες
146 762 245 794 πάντες
260 762 414 789 οὑτινοσοῦν
436 761 687 797 προκαταρχόμενοι
707 761 878 797 πράγματος,

85 809 133 835 καὶ
151 808 268 844 μάλιστα
285 809 301 844 ἢ
317 808 403 844 εὐχῶν
419 808 435 844 ἢ
449 808 535 842 ἁγίων
552 808 782 843 ἀναγνωσμάτων.
801 816 809 833 ι
827 807 880 834 Hc-

86 855 179 882 braaus
195 859 285 881 autem
303 855 424 889 quidam,
446 861 477 880 ex
495 853 529 881 iis
544 854 589 889 qui
608 853 710 881 Christi
726 854 805 881 ﬁdem
819 862 877 881 am-

87 900 161 932 plexi
182 905 258 932 sunt,
278 900 422 934 dicebatin
436 899 705 934 antiquislelementis
715 899 802 926 simile
816 907 875 927 esse

85 947 163 973 Thau
183 946 277 973 formae
296 932 405 979 crucis',
422 950 449 972 et
463 932 572 979 praedici
595 945 629 972 de
645 945 722 980 signo
742 945 812 980 quod
836 947 876 972 in-

85 996 129 1019 ter
148 991 323 1020 Christianos
345 992 375 1019 ﬁt
389 992 415 1018 in
440 990 541 1024 fronte,
559 991 631 1026 quod
649 992 758 1026 quidem
773 991 877 1019 faciunt

85 1037 133 1070 qui
157 1036 335 1064 crediderunt
356 1043 467 1068 omnes,
489 1043 681 1071 quamcunque
704 1044 760 1063 rem
783 1044 877 1072 aggre-

84 1083 210 1115 diantur,
229 1082 348 1110 maxime
368 1089 434 1110 vero
452 1082 494 1109 vel
517 1089 628 1116 preces,
649 1082 692 1109 vel
712 1086 823 1110 sanctas
842 1082 877 1109 lc—

83 1127 202 1154 ctiones.
224 1137 234 1153 ι
260 1127 458 1154 Samarilarum
481 1126 614 1154 elementa
635 1127 751 1162 appellat
774 1128 877 1163 ἀρχαῖα

85 1174 217 1208 στοιχεῖα,
237 1173 308 1207 quod
322 1173 355 1200 iis
368 1173 473 1200 Hebrzei
490 1178 637 1200 uterentur
652 1172 751 1207 priscis
774 1178 877 1207 tempo-

84 1220 171 1250 ribus,
203 1219 256 1255 πρὸ
271 1219 321 1254 τῆς
335 1219 506 1254 μετοικεσίας
516 1218 684 1250 Βαϐυλῶνος.
703 1219 760 1254 (65)
775 1212 876 1247 Eorum

85 1265 106 1293 si
126 1264 253 1292 notitiam
275 1265 393 1299 aliquam
426 1269 612 1299 comparasset
638 1263 780 1299 Origenes,
800 1263 876 1292 Thau

84 1310 252 1338 Samaritani
267 1309 383 1337 formam
396 1310 431 1337 ab
446 1309 558 1337 Hebraao
572 1310 618 1337 illo
628 1310 767 1344 accepisse
780 1317 809 1337 se
823 1318 875 1337 non

84 1354 211 1387 dixisset,
229 1361 309 1388 quant
326 1354 462 1389 cognitam
477 1361 510 1380 ex
524 1361 552 1381 se
568 1353 709 1382 habuisset
724 1359 752 1382 et
764 1361 875 1389 perspe-

86 1405 171 1427 ctam.
200 1399 291 1434 Atque
318 1399 362 1427 hic
386 1399 474 1427 obiter
499 1399 644 1435 Origencm
667 1400 836 1428 vindicemus
860 1409 876 1428 a

85 1453 202 1472 censura
222 1445 366 1480 Scaligeri,
383 1446 429 1479 qui
450 1445 476 1472 in
498 1445 576 1473 Notis
596 1445 630 1473 ad
645 1445 793 1474 Eusebium
808 1455 877 1481 prae-

84 1490 171 1518 fracte
193 1494 278 1526 negat
293 1489 369 1518 Thau
393 1489 588 1517 Samariticum
607 1490 659 1517 alia
676 1490 762 1517 forma
783 1490 874 1524 fuisse,

83 1530 165 1571 quam
187 1544 240 1571 qua
263 1536 344 1563 hodie
369 1536 489 1571 pingitur
509 1536 536 1563 in
560 1536 639 1563 libris
659 1535 874 1569 Samaritarum;

83 1583 166 1610 etiam
187 1587 282 1610 contra
302 1581 459 1617 Hieronymi
478 1583 682 1615 auctoritatem,
698 1582 743 1617 qui
769 1583 876 1610 codices

84 1627 276 1656 Samaritauos
289 1633 457 1656 versaverat.
470 1629 580 1656 Certum
593 1635 634 1656 est
645 1630 716 1657 enim
731 1638 783 1657 non
796 1630 875 1657 unico

83 1676 165 1703 modo
183 1675 271 1703 untari
287 1675 397 1703 solitqu
415 1675 499 1703 fuisse
520 1675 597 1702 'i'hau
614 1676 816 1708 Samariticum,
836 1681 876 1703 at-

82 1729 138 1755 que
153 1722 181 1748 id
197 1722 345 1756 aliquaudo
361 1723 394 1749 ad
408 1722 501 1749 crucis
517 1721 633 1749 formam
652 1729 712 1749 esse
729 1721 873 1755 depictum,

82 1771 112 1793 ut
128 1767 208 1794 ﬁdem
226 1766 331 1793 faciunt
349 1766 529 1794 vetustissimi
552 1766 654 1793 nummi
670 1765 854 1793 Hebraeorum.

119 1812 163 1839 Ill.
181 1811 238 1838 Non
254 1812 401 1845 Scriptura:
417 1812 656 1846 interpretationes
672 1812 813 1843 duntaxat,
828 1812 876 1839 sed

83 1859 160 1893 ipsos
193 1858 274 1885 etiam
293 1858 454 1892 interpretes
482 1859 683 1893 scriptoresque
704 1857 771 1885 adeo
787 1857 876 1884 eccle-

82 1905 215 1932 siasticos
241 1912 336 1932 omnes
361 1909 489 1932 accurate
516 1905 655 1931 evolverat
677 1903 876 1936 Adamantius,

83 1959 201 1985 tutorum
222 1951 404 1984 patrocinium
426 1951 572 1978 sententiis
585 1950 641 1977 suis
655 1949 813 1983 plerumque
828 1957 877 1976 no-

83 1988 211 2022 minutim
240 1995 362 2027 asciscit,
389 1995 537 2023 Clementis
557 2000 635 2031 puta,
661 1994 777 2030 Igualii,
797 1994 875 2022 Josc-

83 2041 129 2076 phi
141 2061 150 2074 ,
169 2040 291 2068 Philonis
304 2046 332 2068 et
349 2041 478 2069 aliorum.
495 2041 588 2076 Neque
602 2041 627 2068 id
649 2040 675 2067 in
696 2039 774 2066 libris
789 2039 875 2067 solum

81 2087 129 2121 qui
147 2094 163 2113 a
184 2086 283 2113 Ruﬁno
297 2087 422 2114 c0nversi
436 2092 511 2120 sunt,
535 2086 675 2121 reperias;
703 2086 760 2113 haec
779 2086 878 2121 quippe

118 2133 129 2148 ⁷
147 2132 156 2158 1
172 2132 297 2159 Thessal.
315 2140 343 2166 ν,
364 2132 407 2160 2t.

120 2180 178 2214 (65)
199 2179 332 2217 Eoruntti
343 2181 466 2217 notitiam
481 2182 597 2217 aliquam
616 2185 793 2216 comparasset
809 2180 870 2217 Ori-

931 255 1079 287 stimahat;
1101 255 1150 281 sed
1185 255 1212 282 in
1233 254 1336 282 Craacis
1357 254 1439 281 etiam
1467 253 1563 285 tomis.
1584 252 1626 280 vel
1650 253 1719 280 seri-

931 301 1067 335 plionibus
1087 300 1121 327 ab
1138 300 1301 335 Hieronymo
1320 299 1468 327 Latinitate
1485 299 1603 331 donatis,
1622 297 1719 333 praeci-

931 353 983 380 pue
1004 353 1069 374 vero
1087 346 1113 374 in
1133 346 1210 373 libris
1237 351 1339 380 contra,
1359 344 1475 372 Celsum.
1497 345 1571 372 inter.
1593 343 1709 376 ecclesia

931 393 1017 420 sticos
1032 392 1193 426 scriptores,
1209 391 1427 427 apocrypltorum
1445 395 1573 418 auctores
1586 389 1719 417 librorum

933 438 1031 470 refero.
1045 446 1160 473 quorum
1172 438 1334 466 testimoniis
1346 445 1418 472 smpe
1433 445 1539 472 quoque
1554 438 1649 470 utitur;
1666 443 1718 464 non

932 484 991 519 plus
1006 488 1097 512 tamen
1114 485 1146 512 iis
1161 483 1223 511 ﬁdei
1245 484 1287 511 vel
1304 483 1476 512 auctoritatis
1488 483 1620 515 tribuens,
1638 489 1719 517 quam

931 535 1062 564 quantum
1082 538 1113 558 ex
1138 530 1189 557 hoc
1215 530 1337 564 Apostoli
1364 530 1474 567 monitor
1490 529 1616 556 tribuere.
1634 528 1718 556 licet:

933 587 943 603 ι
962 577 1060 605 Omnia
1080 577 1206 611 probate,
1224 577 1295 612 quod
1313 578 1411 603 bonum
1427 579 1470 603 est
1483 579 1572 602 tenete
1586 575 1607 602 ⁷.
1623 584 1633 600 ι

966 622 1009 650 IV.
1029 621 1090 649 Fuit
1113 630 1179 658 ergo
1204 622 1340 656 praecipua
1368 621 1494 656 Origenis
1517 621 1543 648 iu
1570 619 1718 655 Scripturis

931 667 1081 695 enodandis
1100 668 1252 699 contentio,
1269 667 1347 701 cujus
1370 666 1522 700 discipliuze
1543 672 1625 692 causa
1642 673 1720 693 exco-

932 714 980 740 luit
1009 712 1058 745 τὰς
1083 713 1200 746 ἔξωθεν,
1229 714 1276 741 sed
1303 713 1504 748 philosophiam
1534 712 1717 747 potissimum.

932 757 1018 785 Unum
1034 763 1122 785 autem
1139 766 1193 792 prae
1211 758 1322 793 reliquis
1337 757 1474 785 Platonem
1492 757 1643 784 admiratus
1657 761 1718 784 est:

916 804 1000 839 ,sicut
1024 803 1178 831 Christiana
1203 804 1329 839 dogmata
1356 805 1389 831 ad
1415 803 1563 831 Platonica:
1588 803 1720 830 doctrinae

932 850 1013 885 leges,
1030 856 1083 876 non
1100 849 1186 885 ipsam
1204 850 1324 878 Platonis
1342 850 1492 877 doctrinam
1511 850 1544 876 ad
1558 849 1661 877 Christi
1677 848 1720 876 ef-

930 899 983 927 fata
998 899 1226 927 accommodaret.
1236 896 1365 930 Exemplo
1381 903 1430 923 suo
1444 895 1586 930 Origenem
1602 903 1635 922 eo
1647 903 1720 921 emn-

929 946 997 980 pulit
1022 945 1098 973 Philo
1122 943 1253 975 Iudaeus,
1276 947 1346 969 totus
1375 942 1408 968 ad
1431 941 1550 968 Platonis
1564 941 1718 975 exemplum

929 991 1106 1026 compositus,
1123 997 1175 1017 nou
1193 988 1298 1018 Platoni
1315 987 1395 1014 nimis
1415 986 1559 1014 tribuendo
1577 987 1718 1017 duntaxat,

928 1037 974 1064 sed
1003 1036 1170 1070 Scripturam
1198 1034 1280 1061 etiam
1309 1033 1444 1068 allegoriis
1461 1032 1597 1067 perpetuis
1625 1033 1720 1066 expla-

928 1083 1028 1109 nando.
1043 1080 1178 1115 Compulit
1200 1084 1226 1107 et
1252 1083 1401 1114 praeceptor
1418 1078 1490 1105 illius
1510 1078 1634 1105 Clemens
1657 1078 1719 1105 Ale-

928 1127 1081 1155 xandrinus
1094 1145 1102 1158 ,
1122 1124 1266 1152 academite
1283 1124 1427 1158 pigmentis
1443 1131 1486 1151 res
1500 1123 1670 1150 Christianas
1688 1123 1720 1150 il-

931 1172 1048 1199 lustrare
1063 1175 1155 1198 suetus
1169 1177 1178 1202 ;
1202 1169 1274 1204 quod
1302 1175 1330 1196 et
1346 1169 1462 1195 maxima
1479 1176 1541 1202 pars
1558 1168 1623 1195 fecit
1643 1173 1719 1195 vetu-

928 1220 1041 1247 stiorum
1058 1218 1172 1245 Patrum
1188 1237 1196 1249 ,
1215 1216 1262 1243 sed
1285 1216 1394 1250 parcius
1421 1220 1448 1242 et
1462 1214 1652 1242 verecundius.
1671 1215 1719 1242 llis

929 1266 1020 1300 itaque
1049 1264 1250 1292 Platonicorum
1284 1263 1385 1290 deliriis
1419 1262 1557 1289 sincerum
1589 1261 1719 1288 doctrinre

928 1311 1089 1340 Christiana!
1106 1319 1154 1339 vas
1170 1316 1311 1346 postquam
1336 1308 1498 1336 incrustavit
1520 1306 1718 1340 Adamantius,

929 1366 960 1385 ex
976 1357 1022 1384 illo
1043 1357 1164 1384 doctrina
1182 1356 1241 1390 ejus
1260 1359 1386 1389 corrupta
1402 1357 1444 1380 est
1457 1373 1465 1386 ,
1481 1357 1507 1380 et
1522 1351 1646 1388 profanis
1667 1352 1719 1379 im-

929 1405 993 1432 buta
1009 1403 1161 1437 erroribus,
1177 1403 1248 1430 unde
1272 1402 1386 1429 inﬁnitis
1407 1400 1527 1435 jactattts
1544 1399 1674 1427 conviciis
1691 1404 1719 1427 et

928 1449 1045 1484 querelis
1064 1449 1090 1475 in
1108 1455 1229 1476 summas
1244 1447 1340 1474 incidit
1364 1446 1548 1477 calamitates,
1568 1449 1595 1472 et
1611 1444 1718 1472 laudem

928 1495 1031 1522 meritis
1048 1499 1153 1530 partam
1176 1493 1294 1521 decoxit.
1311 1492 1363 1519 Sed
1393 1499 1441 1518 nec
1457 1491 1603 1518 academize
1620 1490 1718 1518 ﬁnibus

929 1540 1066 1576 ingenium
1083 1548 1160 1567 suum
1178 1539 1312 1570 coercuit;
1327 1538 1468 1565 universas
1484 1537 1530 1564 ille
1546 1537 1719 1572 philosopho-

929 1593 988 1612 rum
1005 1591 1095 1612 sectas
1119 1585 1210 1612 animo
1225 1591 1388 1620 pervagatus
1404 1588 1454 1611 est.
1476 1583 1718 1619 Pythagoricorum

929 1631 1037 1664 scriptis
1066 1631 1225 1658 delectatum
1258 1631 1351 1663 luisse,
1379 1635 1407 1657 et
1429 1630 1582 1657 Stoicorum
1605 1636 1714 1664 quoque

928 1676 1084 1702 adhibuisse
1114 1675 1198 1704 libros
1218 1676 1294 1703 testis
1314 1680 1355 1702 est
1371 1675 1545 1710 Porphyrius.
1561 1675 1629 1702 Hinc
1651 1675 1718 1702 adeo

929 1729 981 1748 non
1001 1722 1045 1748 uni
1063 1722 1142 1749 alicui
1161 1722 1297 1749 addictum
1315 1727 1407 1754 sectze,
1419 1722 1464 1748 sed
1479 1722 1598 1748 omnimn
1614 1721 1718 1749 studio-

928 1775 987 1794 sum
1005 1768 1097 1800 fuisse,
1112 1776 1145 1796 ex
1162 1769 1249 1803 iisque
1261 1768 1392 1802 quidquid
1413 1768 1505 1795 utilius
1520 1774 1602 1800 esset,
1614 1772 1642 1795 et
1654 1775 1718 1795 vero

928 1815 1042 1842 similius
1059 1815 1237 1850 decerpsisse,
1253 1814 1378 1849 idemque
1391 1814 1531 1849 discipulis
1545 1819 1572 1840 ut
1596 1813 1718 1840 facerent

927 1864 1005 1886 caute
1019 1860 1188 1894 praecepisse.
1198 1859 1346 1895 Gregorius
1360 1859 1577 1894 Thaumaturgus
1587 1859 1717 1893 scriptum

928 1905 1036 1939 reliquit
1045 1905 1112 1939 (66);
1125 1909 1153 1932 ut
1163 1913 1213 1932 non
1229 1910 1282 1932 tam
1290 1905 1455 1938 Platonicus,
1465 1906 1506 1933 vel
1514 1906 1716 1941 Pythagoricus,

928 1958 1008 1985 quam
1026 1950 1217 1978 Polamonicus
1241 1951 1292 1978 dici
1319 1951 1436 1984 debeat,
1465 1959 1480 1978 a
1507 1951 1655 1980 Potamone
1671 1951 1717 1978 illo

929 1997 1125 2030 Alexandrino,
1153 1997 1201 2032 qui
1221 1997 1355 2025 eclecticte
1370 2003 1450 2025 secta:
1463 2002 1558 2024 auctor
1569 1997 1630 2024 l‘uit.
1646 1997 1717 2031 Quo-

931 2042 1003 2069 circa
1024 2041 1192 2070 Jttstiuiauus
1221 2044 1248 2070 in
1279 2044 1392 2078 epistola
1416 2044 1449 2071 ad
1483 2043 1599 2076 Menam,
1632 2048 1659 2070 et
1691 2043 1718 2070 in

932 2087 1016 2114 altera
1046 2090 1079 2115 ad
1107 2088 1228 2123 quintam
1263 2090 1413 2124 synodum,
1447 2097 1614 2124 paganorum
1645 2096 1718 2116 erro.

924 2181 981 2208 nesi
1004 2185 1031 2208 et
1048 2180 1157 2211 Exodo.
1183 2180 1208 2207 in
1227 2179 1340 2207 Psalmis
1369 2180 1454 2212 item,
1482 2180 1507 2206 iu
1531 2179 1666 2210 Ieremia.
1691 2178 1718 2206 in

81 2223 174 2248 ganea.
199 2214 274 2251 Thnru
299 2215 465 2242 Samaritani
488 2214 618 2251 for'mnm,
634 2214 687 2243 etc.
708 2216 873 2243 Samaritani
891 2216 1062 2247 D'l'hrenis;
1091 2216 1162 2250 apud
1192 2215 1362 2243 Ezechielem
1389 2216 1500 2251 "etiam,
1526 2215 1718 2251 Danielemret

82 2251 197 2284 quidem
223 2250 361 2277 idiomatis
380 2250 603 2280 callentiSsimuin
632 2251 715 2279 fuisse
736 2260 789 2278 nun
810 2259 875 2279 reor

82 2287 244 2319 Urigcnem.
259 2286 307 2312 sed
328 2287 396 2312 haud
414 2286 472 2313 scio
489 2295 524 2314 an
541 2286 709 2317 utJudaicis,
726 2287 762 2313 ita
779 2287 875 2313 Sama-

83 2320 182 2347 ritanis
199 2325 226 2346 et
242 2319 363 2355 Syriacis
379 2321 478 2349 litteris
486 2323 581 2350 saltem
598 2322 692 2349 leviter
709 2322 809 2348 tinctus
822 2329 873 2348 non

83 2355 180 2382 fuerit.
207 2355 252 2382 Sic
271 2356 341 2382 enim
367 2355 398 2383 Ι).
421 2356 572 2384 Bernardus
596 2358 629 2383 de
653 2356 825 2384 Montlaucou
848 2358 873 2383 iu

83 2390 320 2426 Prmlimimnrihus
338 2391 371 2417 ad
393 2390 513 2425 Hexapla
533 2393 658 2426 Origenis
676 2400 735 2426 cap.
750 2392 776 2424 Ι,
798 2399 872 2418 ιιυιη.

81 2424 120 2452 8:
136 2434 146 2453 ι
160 2425 324 2453 Samaritani
345 2430 373 2452 et
389 2427 450 2460 Syri
465 2424 593 2454 lectiones
606 2427 631 2453 in
650 2424 817 2461 marginibus
827 2433 873 2452 ve-

84 2461 301 2487 tustissimorum
325 2462 531 2495 exemplarium,
544 2470 604 2496 qua)
623 2462 804 2496 Hexaplorum
821 2462 874 2488 fra-

84 2500 199 2532 gmenta
211 2496 349 2532 exhibent,
362 2503 486 2532 persaepe
511 2499 713 2529 observantur;
730 2497 792 2532 Syri
809 2497 870 2531 qui—

85 2531 149 2566 dem
168 2531 194 2557 in
213 2530 348 2565 plerisque
358 2530 505 2566 Scriptura:
520 2533 614 2565 libris;
630 2530 793 2559 Samaritaui
809 2530 873 2558 vero

85 2565 112 2591 iu
130 2565 326 2602 Pentateuchoi
339 2565 441 2593 tantum
458 2576 465 2594 :
485 2568 530 2594 ubi
553 2576 605 2595 non
631 2567 818 2602 iulrequcuter
831 2567 873 2593 iu-

85 2601 298 2634 terpretatioues
312 2601 477 2629 Samaritani
493 2603 693 2631 animadvertas
706 2621 714 2634 ν
738 2602 873 2629 interdum

85 2635 161 2662 solas
189 2637 288 2669 sa’pius
303 2644 364 2664 cum
381 2636 495 2664 aliorum
516 2638 693 2671 interpretum
712 2637 873 2664 lectionibus

85 2671 211 2697 collatas.
225 2671 291 2697 Cum
311 2677 400 2698 autem
416 2671 466 2699 illa:
479 2673 643 2699 Samaritani
661 2673 801 2703 lectiones,
818 2679 870 2698 non

84 2705 113 2732 in
131 2706 246 2732 vetustis
259 2707 397 2734 codicibus
414 2711 518 2734 tantum
532 2728 540 2740 ,
557 2708 604 2734 sed
620 2708 703 2735 etiam
725 2708 795 2739 apud
821 2706 872 2734 Pa-

84 2746 145 2768 tres
166 2743 278 2775 quarti,
297 2742 383 2776 quinti
408 2747 436 2769 et
455 2744 622 2777 sequentium
649 2742 810 2770 saiculorum
826 2749 872 2768 oc-

85 2782 222 2812 currant,
239 2777 388 2812 probabile
409 2785 475 2804 sane
492 2779 599 2804 videtur
621 2778 707 2812 ipsum
726 2777 870 2811 Origenem

86 2811 222 2851 lectiones
238 2811 298 2853 illas
321 2813 485 2853 Samaritani
504 2811 667 2853 inmargipe
689 2812 870 2853 Ηρῳαμέονιιηι

86 2846 223 2882 posuisse.
247 2846 319 2874 idem
343 2847 583 2882 porrodiceudum
600 2846 706 2874 videtur
726 2848 759 2874 de
779 2847 848 2882 Syro
861 2866 868 2878 .

85 2881 166 2918 cujus
192 2881 427 2916 interpretationes
445 2882 545 2918 passim
575 2883 745 2917 reperiuntur
763 2881 803 2909 in
816 2881 869 2910 Ge~

926 2252 1005 2279 Osee.
1024 2251 1084 2286 Syri
1104 2249 1184 2286 porro
1214 2251 1345 2278 lectiones
1366 2250 1516 2286 alferuutur
1545 2251 1579 2277 ab
1602 2249 1718 2286 Eusebio

926 2285 1128 2317 Caesariensi,'a
1143 2286 1260 2313 Diodoro
1273 2286 1401 2313 Tarsensi
1419 2285 1599 2319 frequentius,
1618 2286 1650 2311 ab
1664 2285 1718 2312 Ett-

925 2322 1000 2348 sebio
1034 2321 1163 2348 Emiseuo
1177 2340 1184 2352 ,
1201 2320 1364 2356 Hieronymo
1377 2342 1385 2353 ,
1400 2320 1571 2347 Themloreto
1597 2325 1628 2356 et,
1645 2320 1717 2356 aliis.

925 2357 1054 2389 Quodque
1074 2356 1222 2383 notandum
1246 2355 1413 2388 cst,’iidem,
1433 2356 1604 2390 maximeque
1622 2355 1719 2382 Diodo-

925 2399 971 2418 rus
1003 2391 1101 2426 Syrum
1134 2399 1195 2417 cum
1228 2390 1339 2417 Hebraeo
1369 2398 1440 2425 sape
1469 2392 1638 2426 coniungunt
1667 2390 1719 2426 hoc

925 2432 1002 2462 pacto
1017 2424 1052 2453 ίὸ
1070 2426 1155 2462 Σύρος
1174 2425 1222 2452 καὶ
1236 2427 1249 2455 ὁ
1263 2425 1387 2462 Ἐϐραῖος
1397 2426 1454 2459 ,vel
1465 2446 1473 2459 ,
1494 2427 1509 2452 ὁ
1533 2425 1657 2461 Ἐϐραῖος
1672 2424 1720 2452 καὶ

924 2462 938 2489 ὁ
951 2461 1046 2497 Σύρος,
1072 2463 1178 2495 quando
1196 2462 1302 2488 scilicet.
1316 2461 1718 2497 amborum__interpretaliottes

924 2495 1089 2523 conveniunt
1103 2517 1110 2529 ,
1126 2497 1197 2531 quod
1215 2504 1286 2531 saepe
1301 2496 1444 2531 contingit.
1457 2495 1504 2523 Hae
1521 2504 1603 2530 porro
1618 2495 1712 2522 lectio-

925 2539 982 2563 nes,
1004 2532 1114 2565 perinde
1129 2537 1211 2566 atque
1230 2532 1406 2565 Samaritani,
1419 2532 1452 2558 ab
1467 2531 1585 2566 Origene
1596 2531 1714 2566 diligen-

925 2567 1030 2593 tissimo
1055 2567 1211 2594 versiouum
1235 2567 1382 2594 collectore
1406 2565 1551 2601 potuerunt
1577 2567 1659 2593 etiam
1689 2565 1715 2601 in

925 2602 1091 2636 marginibus
1118 2601 1299 2635 Hexaplorum
1326 2601 1455 2629 collocari
1478 2610 1485 2628 :
1507 2608 1671 2636 quanquam,
1689 2600 1714 2627 id

924 2635 1035 2664 minime
1051 2642 1166 2665 constct.
1185 2637 1246 2664 llzec
1261 2637 1361 2672 quippe
1373 2637 1459 2664 solmu
1480 2636 1629 2672 divinando
1647 2635 1715 2672 dici—

924 2680 983 2699 mus
999 2682 1005 2699 :
1020 2673 1105 2700 donec
1116 2673 1187 2699 enim
1201 2670 1292 2706 aliqua
1309 2670 1350 2699 vel
1373 2671 1477 2698 tantilla
1495 2679 1560 2706 pars
1577 2670 1713 2704 Hexaplo-

923 2716 993 2740 rum,
1016 2713 1044 2734 ut
1063 2707 1139 2734 initio
1156 2709 1256 2742 scripta
1276 2708 1396 2739 luerunt,
1418 2714 1434 2734 e
1450 2707 1570 2734 tenebris
1594 2712 1715 2742 emersef

924 2744 969 2775 rit,
985 2743 1089 2778 plenam
1102 2741 1307 2778 perfectamque
1316 2742 1423 2770 illorum
1442 2742 1566 2769 notitiam
1578 2741 1715 2776 expiscari

923 2786 976 2805 non
991 2779 1148 2805 valebimus.
1162 2788 1171 2804 ι

961 2813 1017 2849 (66)
1034 2813 1116 2848 Greg.
1143 2813 1258 2842 Thaum.
1289 2814 1314 2841 iu
1353 2814 1453 2848 t’anrg.
1482 2820 1557 2840 num.
1578 2812 1594 2840 ’1
1618 2817 1645 2839 et
1671 2810 1718 2846 l5,

926 2847 986 2890 pag.
1002 2847 1036 2876 67
1056 2854 1083 2878 et
1092 2847 1139 2878 Ἠ.
