1915 3079
224 115 275 145 ’107

224 177 301 211 juxta
319 174 383 202 illud
397 173 499 201 Christi
515 181 521 198 ε
539 176 549 198 ι
567 172 601 200 Ut
617 171 755 207 quomodo
771 179 823 206 ego
835 177 864 200 et
885 177 912 199 tu
928 181 1010 199 nmini
1026 178 1048 206 Α
1064 172 1080 199 5

226 227 330 252 sumus,
344 219 382 246 sic
395 223 422 245 et
436 218 479 244 isti
489 214 520 244 in
532 217 611 244 nobis
627 223 708 243 unum
720 217 803 249 sint“;
820 226 828 242 ι
843 217 913 244 Deus
925 221 1014 244 autem

225 271 268 294 est
283 266 467 299 incorporeus.
488 263 564 296 Quod
587 262 675 297 ipsum
698 264 818 297 reperire
834 263 898 290 licet
919 263 1013 291 homil.

227 311 281 341 lin
303 311 399 338 Genes.
416 316 489 337 num.
508 308 550 340 15,
568 314 595 336 et
614 308 660 335 lib.
685 316 710 335 γι
735 314 820 336 contr.
837 308 918 340 ϐάθη
940 318 1014 336 ntttn.

227 357 271 386 69.
293 357 328 384 At
347 355 525 383 ostendemus
550 355 577 382 in
599 354 788 387 sequentibus,
812 355 929 382 animam
954 356 1017 382 licet

228 403 425 438 incorporalem
449 407 571 430 statuere
586 402 722 434 videatur,
749 403 830 430 talem
854 408 943 430 tamen
973 411 1016 430 rc—

226 455 317 483 spectu
328 449 490 476 crassiorum
501 456 646 484 corporum
658 449 691 475 ab
705 456 737 476 eo
753 449 905 483 prmdicari,
922 457 1014 477 revera

225 503 340 530 corpore
362 494 503 529 przeditam
530 495 654 526 decerni;
681 495 910 528 quemadmodum
925 496 967 521 vel
981 503 1014 523 ex

226 542 385 577 przelatione
403 539 535 567 librorum
553 536 742 574 De'princip.,
770 549 845 567 num.
862 541 889 574 8,
913 542 1016 576 perspi-

225 595 307 614 cuum
321 591 373 618 est,
385 587 429 614 ubi
447 587 500 613 vim
513 586 588 613 vocis
603 586 693 620 hujus,
705 585 850 621 ἀσώματον
865 594 1014 620 exponens,

226 632 314 668 accipi
345 634 426 659 docet
455 639 504 666 pro
526 640 559 659 eo
582 633 652 667 quod
673 631 748 658 «Non
766 637 807 659 est
835 632 923 659 simile
953 634 1016 660 huic

227 683 323 705 nostro
337 677 477 708 crassiori,
494 682 520 704 et
541 677 638 703 VlSll)lll
656 676 764 711 corpori
776 685 800 709 ς»
814 677 862 703 sed
874 677 959 710 «quod
976 683 1014 703 cst

227 723 387 751 naturaliter
401 722 499 750 subtile
515 726 542 748 et
557 722 630 749 velut
643 728 710 748 aura
735 726 826 748 lenne.
842 730 851 746 ι
869 721 940 748 Deus
963 721 1013 755 igi-

229 776 273 797 tur
293 770 335 797 cui
353 770 442 796 anima
472 768 568 796 similis
586 768 727 802 est,juxta
749 767 895 803 Origenem
918 775 1015 802 reapse

227 816 376 850 corporalis
389 819 441 846 est,
457 816 503 842 sed
525 814 680 849 graviorum
704 818 809 841 tantum
823 815 929 842 ratione
953 822 1011 842 cor-

859 113 889 141 P.
910 112 1068 141 DANIELIS
1087 112 1204 141 llUETll

1810 112 1867 139 703

1101 180 1109 198 :
1128 181 1137 196 ι
1153 170 1232 198 Omni
1253 169 1335 203 igitur
1352 176 1447 201 sensu,
1465 168 1512 204 qui
1524 175 1684 204 corporeum
1699 168 1810 202 aliquid
1834 169 1867 197 tle

1067 218 1121 245 Deo
1138 217 1253 252 intelligi
1279 216 1408 251 suggerit,
1425 220 1504 249 prout
1520 215 1656 250 potuimus
1669 236 1677 247 .
1698 214 1863 247 confutata,

1065 264 1181 290 dicimus
1194 262 1341 289 secundum
1359 261 1502 288 veritatem
1519 261 1627 295 quidem
1643 261 1731 287 Deum
1747 262 1861 287 incont-

1066 308 1278 344 prehensibilem
1291 313 1373 342 atque
1387 306 1613 334 inaestimabilem.
1630 316 1639 333 ›
1660 307 1769 334 Deinde
1784 315 1862 334 num.

1066 356 1082 383 6
1099 365 1105 383 :
1123 365 1132 381 ι
1148 355 1205 382 Non
1222 362 1286 390 ergo
1301 358 1346 380 aut
1364 361 1463 388 corpus
1482 353 1600 387 aliquod,
1621 359 1669 380 aut
1684 354 1712 380 in
1741 361 1864 388 corpore

1066 409 1126 429 esse
1144 402 1277 436 putandus
1301 406 1342 427 est
1371 399 1452 431 Deus,
1477 399 1524 426 sed
1547 399 1744 427 intellectualis
1761 405 1862 426 natura

1065 447 1194 482 simplex,
1209 447 1274 474 nihil
1291 446 1402 474 omnino
1417 445 1443 472 in
1455 453 1484 473 se
1495 445 1679 480 adjunctionis
1693 446 1862 478 admittens,

1066 494 1102 521 uti
1122 489 1160 521 ne
1168 493 1254 527 majus
1272 493 1373 528 aliquid
1386 498 1413 520 et
1429 491 1544 519 inferius
1561 492 1587 518 in
1599 499 1628 519 se
1642 493 1747 520 habere
1761 493 1864 519 creda-

1067 546 1125 573 tur;
1152 540 1198 567 sed
1219 543 1249 566 ut
1264 539 1298 566 sit
1325 547 1359 566 ex
1382 539 1455 566 omni
1481 544 1557 573 parte
1574 538 1666 574 μονὰς,
1696 544 1735 571 et,
1763 544 1796 566 ut
1823 539 1863 566 ita

1066 587 1154 614 dicant
1168 585 1241 617 ὲνὰς,
1255 589 1282 612 et
1300 593 1385 617 mens,
1403 593 1434 612 ac
1454 585 1514 612 fons
1529 593 1560 612 ex
1580 592 1634 619 quo
1649 585 1758 612 initium
1776 585 1863 612 totius

1066 631 1261 660 intellectualis
1277 636 1391 663 naturae,
1416 631 1457 658 vel
1481 631 1578 658 mentis
1593 635 1644 659 est.
1659 640 1668 656 ι
1689 631 1723 658 Ει
1743 638 1810 665 cap.
1832 631 1861 662 6,

1066 687 1142 706 num.
1160 678 1177 705 4
1195 685 1203 705 :
1224 687 1233 703 ι
1247 677 1337 705 Solius
1357 677 1415 709 Dei,
1438 677 1464 704 id
1486 683 1529 704 est
1555 677 1654 710 Patris,
1675 682 1703 704 et
1731 677 1809 709 Filii,
1833 683 1863 704 et

1066 724 1185 759 Spiritus
1211 724 1301 751 sancti
1327 728 1429 750 natura:
1455 723 1482 750 id
1505 724 1647 758 proprium
1664 728 1718 755 est,
1743 727 1775 749 ut
1799 723 1862 750 sine

1066 770 1203 797 materiali
1219 770 1382 802 substantia,
1400 775 1427 798 et
1440 771 1542 805 absque
1557 769 1610 797 ulla
1624 776 1763 804 corporea:
1779 769 1860 803 adje-

1066 815 1165 843 ctionis
1201 815 1333 843 societate
1356 815 1521 850 intelligatur
1542 815 1707 846 subsistere;
1722 823 1731 839 ι
1758 818 1790 841 et
1808 814 1859 842 lib.

228 869 322 897 porum
356 861 543 895 incorporeus.
560 859 740 894 Hieronymus
758 865 890 895 praeterea
913 868 974 895 cap.
998 860 1014 888 5
1030 863 1052 892 Β
1066 868 1097 893 ιι,
1110 868 1170 895 cap.
1184 859 1212 892 2,
1224 868 1298 887 num.
1311 860 1330 887 ‘2
1346 860 1465 887 :cSolius
1479 867 1594 894 namque
1607 859 1750 886 Trinitatis
1765 859 1861 886 incor-

228 911 387 936 memoraun
409 907 443 934 ad
468 907 575 933 Avitum
594 906 726 940 epistolae.
752 906 790 933 ait
813 907 956 942 Origenem
979 907 1012 935 ad

226 960 377 982 extremum
410 953 470 980 libri
495 960 525 979 ιιι
558 952 627 986 Περὶ
648 952 750 987 ἀρχῶν
779 953 837 980 haec
867 952 1012 980 intulisse:

230 1001 287 1028 (Et
309 1001 358 1027 erit
387 1000 455 1027 Deus
483 1000 572 1026 omnia
596 999 624 1025 in
642 999 762 1025 omnibus
787 999 808 1033 ',
839 1003 869 1026 ut
889 998 1015 1026 universa

231 1052 327 1074 natura
359 1053 490 1080 corporea
523 1045 661 1078 redigatur
694 1045 720 1071 in
748 1052 807 1072 eam
834 1045 1014 1072 substantiam

231 1099 288 1126 quas
299 1090 427 1119 omnibus
442 1089 537 1117 melior
563 1095 616 1121 est.
636 1089 662 1116 in
685 1088 804 1116 divinam
824 1089 940 1120 scilicet,
963 1096 1014 1123 qua

231 1138 300 1165 nulla
315 1141 357 1165 est
370 1136 475 1164 melior.
493 1145 502 1162 ›
527 1135 560 1162 Ει
583 1134 634 1162 sub
647 1135 728 1162 ﬁnem
751 1135 871 1168 ejusdem
894 1135 1015 1169 epistola:

231 1184 313 1212 refert
336 1182 492 1218 Origenem,
511 1181 556 1208 lib.
571 1188 598 1208 tv
611 1180 681 1214 Περὶ
694 1180 806 1215 ἀρχῶν.
823 1190 832 1206 ι
853 1180 1016 1215 conjungere

232 1237 323 1258 .nnnes
352 1227 530 1256 rationabiles
544 1231 664 1258 naturas,
682 1226 707 1254 id
727 1230 769 1253 est
792 1226 910 1258 Patrem,
931 1231 958 1253 et
972 1225 1016 1253 Fi-

232 1277 305 1307 dum,
333 1279 361 1302 et
385 1273 518 1308 Spiritum
549 1277 686 1303 sanctum,
708 1271 831 1307 angelos,
854 1276 1015 1307 potestates,

232 1320 448 1350 dominationes,
461 1323 629 1352 caaterasque
649 1318 781 1349 virtutes,
804 1318 892 1352 ipsum
909 1325 1016 1352 quoque

233 1367 365 1395 nominem
393 1365 541 1393 secundum
563 1364 661 1392 anima:
677 1363 838 1398 dignitatem
861 1363 942 1390 unius
956 1371 1016 1391 esse

233 1412 401 1441 substantiae.
415 1421 425 1438 ι
450 1411 478 1438 ld
491 1410 578 1445 ipsum
605 1417 638 1437 ex
659 1409 717 1444 ejus
740 1409 863 1436 doctrina
885 1409 1016 1444 consequi

232 1459 326 1494 probat
336 1458 502 1492 Theophilus
515 1456 717 1485 Alexandrinus
731 1464 740 1483 1
759 1455 858 1484 Pasch.

265 1504 310 1533 Vl.
331 1505 388 1539 (Ἠ)
404 1503 586 1530 Nihilominus
598 1506 688 1528 tamen
702 1501 737 1528 ab
752 1501 804 1528 hac
822 1501 901 1535 longe
919 1501 1015 1528 lueresi

1066 914 1146 941 porca
1166 907 1220 934 vita
1247 907 1379 934 exsistere
1405 910 1481 934 recte
1502 906 1657 941 putabitdr;
1680 914 1689 931 ι
1703 910 1732 932 et
1751 905 1803 932 lib.
1819 913 1860 938 tv,

1067 961 1142 980 num.
1166 953 1201 980 27
1220 962 1227 980 :
1247 951 1315 979 «illa
1344 959 1410 980 vero
1437 952 1586 979 substantia
1607 951 1768 984 Trinitatis,
1797 959 1859 986 qua:

1067 999 1228 1034 principium
1245 1002 1289 1026 est
1306 1003 1333 1026 et
1352 1005 1436 1026 causa
1459 998 1579 1025 omnium
1591 1017 1599 1030 ,
1625 1005 1659 1024 ex
1678 1005 1732 1032 qua
1750 998 1856 1029 omnia,

1066 1050 1094 1072 et
1109 1053 1159 1080 per
1172 1052 1253 1080 quam
1269 1045 1373 1077 omnia,
1399 1049 1426 1071 et
1442 1045 1468 1071 in
1484 1048 1537 1078 qua
1549 1044 1653 1076 omnia,
1679 1049 1769 1078 neque
1794 1050 1858 1070 cor-

1067 1098 1128 1125 pus,
1147 1097 1234 1124 neque
1250 1090 1275 1116 in
1302 1097 1415 1124 corpore
1433 1096 1494 1117 esse
1515 1088 1650 1116 credenda
1673 1093 1725 1116 est.
1742 1097 1752 1114 »
1782 1087 1857 1115 Prae

1066 1136 1140 1163 clare
1156 1143 1222 1163 vero
1235 1135 1283 1163 lib.
1300 1143 1330 1168 ιι,
1349 1143 1409 1170 cap.
1424 1135 1452 1168 4,
1469 1142 1545 1162 num.
1562 1134 1597 1161 ὃς
1616 1133 1666 1161 «Si
1683 1141 1785 1168 corpus
1797 1140 1858 1161 esse

1066 1180 1259 1216 pronuntietur
1273 1181 1355 1212 Deus,
1383 1180 1512 1215 quoniam
1532 1186 1613 1206 omne
1634 1186 1733 1214 corpus
1746 1186 1781 1205 ex
1797 1185 1857 1205 ma-

1069 1227 1134 1254 teria
1158 1231 1210 1259 est,
1239 1226 1395 1253 invenietur
1412 1231 1439 1253 et
1467 1226 1538 1252 Deus
1565 1232 1626 1252 esse
1652 1232 1686 1252 ex
1716 1224 1855 1251 materia:

1067 1273 1139 1307 quod
1152 1273 1174 1299 si
1190 1279 1224 1299 ex
1243 1272 1357 1299 materia
1380 1271 1431 1304 sit,
1451 1271 1565 1298 materia
1590 1275 1680 1298 autem
1695 1270 1755 1298 sine
1774 1270 1857 1297 dubio

1068 1317 1255 1352 corruptibilis
1281 1321 1341 1349 est;
1369 1316 1422 1343 erit
1451 1323 1518 1351 ergo
1540 1315 1595 1349 jam
1621 1315 1771 1342 secundum
1797 1314 1856 1342 illos

1068 1363 1253 1398 corruptibilis
1273 1363 1354 1390 Deus.
1369 1372 1378 1388 ι
1403 1362 1468 1395 Qum
1493 1362 1515 1389 si
1531 1361 1592 1396 quis
1614 1369 1630 1388 a
1654 1361 1752 1388 Ruﬁno
1771 1361 1856 1396 gratis

1068 1409 1172 1437 inserta
1187 1413 1271 1444 putet,
1288 1409 1412 1436 eamdem
1429 1408 1667 1435 ratiocinationem
1683 1408 1811 1435 iteratam
1823 1415 1857 1434 ac

1069 1457 1207 1484 dilatatam
1229 1456 1320 1483 videat
1341 1461 1406 1483 tom.
1437 1463 1489 1482 nn
1520 1455 1548 1481 in
1567 1453 1660 1486 Joan.,
1679 1461 1754 1480 num.
1774 1454 1807 1480 21
1829 1459 1858 1480 et

1069 1511 1127 1537 seq.
1141 1502 1206 1529 Item
1230 1502 1297 1529 libr.
1315 1509 1365 1529 vni
1390 1506 1474 1529 contr.
1492 1500 1575 1532 Cels.,
1593 1507 1667 1527 num.
1684 1499 1729 1533 49,
1743 1499 1785 1527 sic
1800 1500 1856 1526 ait:

222 1536 352 1579 abfuisse
379 1536 467 1583 ipsum
492 1552 586 1582 aperte
607 1547 738 1574 evincunt
765 1546 816 1573 loci
846 1546 1014 1581 complures;

1069 1536 1137 1575 Οὐδὲ
1150 1548 1204 1584 γὰρ
1218 1547 1280 1574 καθ’
1295 1549 1369 1584 ἡμᾶς
1390 1549 1468 1584 σῶμα
1487 1549 1501 1574 ὁ
1519 1548 1585 1579 Θεύς
1597 1556 1604 1561 ·
1619 1547 1662 1574 ἵνα
1681 1548 1718 1583 μὴ
1740 1547 1859 1583 περιπέ-

233 1595 347 1623 maxime
360 1603 425 1623 vero
445 1594 551 1630 caput!
566 1593 627 1620 libri
650 1600 657 1619 ι
677 1592 748 1627 Περὶ
758 1591 868 1627 ἀρχῶν,
884 1600 936 1628 quo
955 1601 1016 1620 cor—

232 1646 281 1673 pus
303 1646 397 1666 omnes
417 1647 430 1665 a
453 1638 508 1666 Deo
522 1637 692 1672 apertissime
710 1643 876 1672 segregatur.
903 1637 1015 1666 Demum

232 1690 292 1720 post
311 1685 417 1720 longam
431 1685 469 1712 rci
486 1684 565 1719 hujus
580 1684 768 1719 probationem
786 1684 827 1711 sic
839 1684 922 1712 habet
939 1692 1014 1712 num.

266 1756 277 1771 "
289 1754 368 1783 Joan.
390 1761 457 1787 xvtt,
473 1753 517 1781 2|.
555 1753 566 1769 ’
579 1753 593 1782 Ι
606 1753 668 1781 Cor.
683 1761 726 1787 xv,
744 1752 788 1780 28.

269 1822 322 1857 (7i)
359 1821 538 1848 Nihilominus
563 1828 651 1848 tamen
683 1822 716 1848 ab
743 1822 791 1848 hac
823 1821 897 1857 longe
922 1822 1015 1848 Iurresi

233 1858 348 1892 obfuisse
364 1858 448 1890 ipsum
461 1863 547 1890 aperte
555 1858 675 1883 euincunt
691 1857 742 1883 loci
752 1857 916 1892 complures;
929 1858 1015 1884 maxi-

233 1891 273 1920 me
289 1900 346 1920 vero
361 1897 438 1924 caput
461 1892 471 1917 l
494 1891 554 1918 libri
583 1899 589 1918 ι
608 1891 677 1925 Περὶ
693 1891 802 1926 ἀρχῶν,
825 1897 879 1919 etc.
898 1892 1014 1919 Maxime

234 1928 268 1954 ab
283 1927 334 1954 hac
350 1927 445 1953 lueresi
462 1932 591 1960 purgatur
607 1927 738 1961 Origenes
759 1934 791 1952 ex
808 1927 850 1954 his
866 1935 926 1961 qua:
948 1928 1014 1954 dicit

235 1963 303 1990 libro
322 1961 360 1988 De
376 1962 504 1996 oratione,
531 1961 578 1996 qui
602 1961 697 1989 Gratce
723 1962 826 1996 integer
841 1967 939 1994 exstat,
969 1962 1013 1989 ubi

234 2005 308 2025 num.
322 1997 367 2029 2⁸3,
386 2003 445 2030 pag.
462 1995 514 2023 9.53
541 1995 570 2024 et
583 2004 654 2030 seq.,
676 1995 813 2030 exponens
830 1997 916 2030 prima
932 1997 1013 2024 verba

234 2032 365 2060 orationis
382 2031 528 2059 Douiinica:
540 2053 546 2064 ,
570 2030 651 2057 Pater
670 2037 765 2061 noster,
783 2032 827 2065 qui
842 2039 868 2058 es
888 2032 913 2058 in
931 2032 1013 2062 caelis.

234 2067 354 2095 occurrit
382 2065 580 2098 objectionibus
605 2066 799 2100 simpliciormn
831 2067 1009 2101 quorumdam

234 2104 279 2136 qui
298 2103 382 2129 Deum
401 2109 461 2128 esse
482 2101 508 2127 in
531 2102 602 2132 loco,
619 2101 740 2136 adeoque
768 2109 927 2136 corporeum
953 2109 1014 2128 esse

234 2135 297 2166 inde
311 2142 340 2164 et
354 2145 386 2164 ex
405 2136 563 2171 quibusdam
582 2136 639 2163 aliis
658 2135 764 2171 Veteris
783 2141 811 2171 et
830 2135 895 2163 Novi
921 2136 1015 2164 Testa-

236 2173 318 2200 menti
342 2172 408 2198 locis
427 2171 641 2198 arbitrabantur.
661 2180 669 2196 ι
682 2170 749 2198 Cum
777 2170 887 2203 dicitur,
909 2171 1012 2206 inquit,

236 2213 389 2234 sanctorum
413 2206 492 2233 Pater
506 2214 567 2234 esse
581 2207 606 2233 in
623 2207 710 2238 malis,
729 2213 782 2233 non
795 2206 840 2233 ille
856 2200 1014 2240 ﬁgura-cor;
1032 2200 1053 2227 Ῑ)

236 2250 317 2275 porea
337 2242 523 2268 circumscribi
541 2241 675 2276 putandus
697 2245 749 2272 est,
767 2245 794 2268 et
813 2241 839 2268 in
853 2242 930 2268 caelis
940 2242 1015 2269 habi-

237 2282 304 2304 tare.
322 2276 387 2303 Nam
401 2275 610 2310 comprehensus
626 2277 701 2304 ccelis
715 2275 793 2308 Deus.
815 2277 1015 2304 continentibus

237 2312 324 2346 ipsum
347 2311 423 2338 cmlis
447 2311 613 2339 inveniretur
629 2312 731 2343 minor;
758 2319 820 2338 cutn
845 2319 860 2338 e
879 2312 1016 2338 contrario

237 2345 347 2372 credere
361 2353 474 2372 necesse
497 2347 532 2373 sit
557 2345 685 2373 ineﬁ'abili
711 2354 773 2373 eum
796 2347 941 2381 divinaque
968 2354 1015 2373 sua

238 2381 336 2407 virtute
350 2381 582 2415 comprehendere
594 2383 685 2408 omnia
701 2390 731 2408 ac
748 2383 904 2408 continere.
927 2382 1017 2415 Atque

237 2415 436 2442 inuniversum
452 2423 512 2449 quae
524 2417 603 2443 verba
621 2417 654 2442 ad
670 2417 788 2443 litteram
802 2422 907 2450 sumpta
923 2417 1016 2443 viden-

237 2456 281 2477 tur
293 2449 505 2484 simplicioribus
531 2451 612 2478 Deum
635 2452 662 2478 in
688 2452 745 2478 loco
765 2459 826 2478 esse
849 2449 953 2483 dicere,
978 2452 1017 2479 sic

238 2486 392 2520 accipienda
409 2491 483 2517 sunt,
500 2490 528 2512 ut
543 2486 646 2520 magnis
665 2492 691 2512 et
706 2486 893 2521 spiritualibUs
910 2487 943 2513 de
960 2486 1016 2513 Deo

237 2520 391 2548 notionibus
423 2521 595 2548 conveniant.
613 2531 622 2546 ι
653 2520 734 2548 Paulo
764 2527 822 2555 post
841 2530 848 2548 :
871 2530 879 2546 ε
895 2521 959 2548 Haec
984 2523 1016 2548 de

238 2556 292 2583 illis
306 2556 396 2583 verbis
410 2565 417 2582 :
435 2555 517 2582 Pater
531 2561 629 2589 noster,
647 2557 692 2591 qui
707 2565 733 2583 es
751 2565 778 2582 ιιι
797 2557 868 2583 oculis
879 2576 885 2588 ,
904 2564 1016 2583 ace-ura-

240 2592 292 2620 tius
304 2592 462 2625 disputanda
478 2591 593 2623 credidi,
609 2592 640 2617 ad
665 2591 808 2618 tollendam
831 2592 958 2618 humilem
984 2593 1017 2618 de

238 2626 292 2653 Deo
315 2627 468 2660 opinionem
487 2633 581 2653 eorum
602 2627 647 2661 qui
673 2627 708 2652 in'
719 2626 789 2653 caelo
815 2627 902 2660 ipsum
931 2631 961 2653 ut
989 2627 1014 2652 in

238 2661 297 2689 loco
309 2668 369 2688 esse
381 2667 487 2695 putant.
500 2666 528 2688 et
548 2669 581 2687 ne
598 2662 658 2695 quis
674 2661 756 2688 Deum
770 2661 796 2688 in
814 2669 945 2695 corporeo
956 2668 1017 2688 esse

239 2696 295 2723 loco
306 2697 461 2724 arbitretur.
476 2697 679 2730 Consequenter
693 2697 764 2723 enim
783 2697 928 2723 dicendum
942 2701 1016 2723 esset

239 2738 335 2765 corpus
358 2733 444 2765 ipsum
470 2733 549 2762 cssel,
581 2733 651 2759 unde
679 2739 829 2766 sequuntur
856 2731 1015 2765 iutpiissima

240 2766 374 2799 dogmata,
388 2766 550 2793 divisibiletu
565 2767 664 2801 ipsum,
682 2773 709 2793 et
723 2766 902 2797 materialetn,
920 2772 946 2793 et
958 2773 1015 2792 cor-

240 2800 390 2836 ruptibilem
401 2808 461 2828 esse
472 2800 582 2828 credere
596 2810 603 2833 ;
618 2809 717 2836 corpus
736 2804 808 2828 cnim
827 2808 908 2828 omne
923 2801 1016 2827 divisi-

239 2834 292 2861 bile
303 2840 355 2869 est,
373 2840 398 2863 et
420 2836 567 2869 materialc,
590 2841 618 2864 et
638 2834 824 2871 corruptibile.
854 2837 904 2864 Aut
924 2836 1017 2864 dicant

1069 1602 1158 1629 σωμεν
1175 1590 1215 1625 οἷς
1231 1593 1440 1630 περιπίπτουσιν
1457 1593 1567 1625 ἀτόποις
1580 1593 1604 1619 o‘i
1619 1592 1653 1619 τὰ
1671 1592 1797 1628 Ζήνωνος
1810 1592 1858 1619 καὶ

1069 1639 1230 1674 Χρυσίππου
1247 1639 1465 1675 φιλοσοφοῦντες.
1496 1648 1505 1665 ι
1519 1638 1612 1673 Neque
1632 1638 1704 1665 enim
1723 1645 1757 1665 ex
1780 1638 1858 1666 nobis

1071 1685 1140 1712 Deus
1153 1690 1193 1712 est
1208 1692 1316 1720 corpus,
1341 1693 1375 1712 ne
1392 1685 1418 1712 in
1440 1685 1534 1712 eadem
1557 1684 1673 1712 absurda
1692 1684 1855 1718 incidamus,

1069 1822 1147 1850 nobis
1166 1830 1220 1850 non
1237 1823 1313 1850 vanis
1330 1823 1405 1849 ducti
1422 1822 1573 1855 affectibus,
1588 1823 1635 1850 sed
1647 1823 1719 1849 clare
1734 1831 1764 1850 se
1783 1831 1856 1850 come

1069 1858 1237 1893 prehendere
1259 1863 1424 1888 asserentes.
1450 1859 1495 1892 qui
1519 1858 1578 1886 ﬁeri
1601 1859 1685 1892 possit
1699 1864 1727 1884 ut
1744 1859 1856 1885 alterius

1068 1893 1105 1920 sit
1130 1898 1233 1920 natura:
1257 1901 1338 1927 quam
1368 1893 1528 1920 tnaterialis.
1556 1894 1589 1920 At
1613 1895 1742 1928 quoniam
1768 1893 1850 1920 multa

1068 1935 1159 1955 eorum
1170 1935 1228 1962 qua:
1240 1934 1302 1955 ante
1313 1935 1473 1963 corporeum
1481 1928 1582 1956 Christi
1595 1929 1742 1955 adventum
1752 1929 1853 1962 scripta

1068 1968 1142 1994 sunt.
1160 1970 1293 1997 corporeo
1310 1963 1393 1990 Deum
1411 1963 1437 1990 in
1457 1963 1516 1990 loco
1530 1971 1590 1990 esse
1607 1964 1731 1990 videntur
1751 1964 1852 1993 dicere.

1069 2006 1121 2025 non
1136 1998 1201 2024 mihi
1219 1998 1323 2025 videtur
1345 2006 1360 2025 a
1384 1999 1521 2032 proposito
1543 1999 1660 2025 alienum
1676 2005 1710 2024 ex
1731 1998 1774 2024 his
1789 2006 1854 2032 quo-

1069 2041 1122 2066 que
1144 2041 1227 2067 pauca
1245 2040 1412 2068 proponere,
1430 2039 1461 2068 ut
1481 2034 1569 2060 oumis
1590 2034 1622 2060 iis
1642 2033 1776 2059 dubitatio
1797 2033 1852 2060 eri—

1072 2069 1173 2102 piatur,
1194 2067 1369 2102 qui’propter
1384 2067 1547 2102 inqieritiam
1560 2089 1568 2101 ,
1601 2072 1730 2102 quantum
1746 2068 1772 2094 in
1790 2068 1853 2102 ipsis

1069 2108 1122 2134 est,
1140 2103 1239 2137 exiguo
1258 2109 1285 2130 et
1305 2103 1380 2130 brevi
1397 2103 1456 2130 loco
1478 2104 1642 2130 concludunt
1663 2104 1746 2129 Deum
1763 2104 1850 2129 omnia

1069 2144 1252 2173 superantem.
1270 2138 1309 2165 Ac
1323 2139 1439 2173 primunt
1456 2140 1563 2172 quidem
1579 2139 1604 2165 in
1620 2137 1719 2173 Genesi
1736 2138 1850 2165 dicitur:

1069 2172 1154 2200 Adam
1175 2179 1197 2200 et
1215 2173 1270 2200 Eua
1288 2172 1431 2199 audierunt
1452 2182 1535 2200 uocem
1548 2173 1653 2200 Domini
1674 2172 1721 2198 Dei
1733 2173 1853 2199 deambu-

1069 2209 1148 2235 lantis
1167 2210 1194 2235 in
1208 2209 1333 2243 paradiso
1351 2209 1384 2235 ad
1403 2216 1534 2240 uesperam
1549 2215 1593 2235 :et
1615 2209 1808 2243 absconderant
1827 2217 1853 2234 se

1068 2243 1153 2270 Adam
1172 2249 1196 2270 et
1217 2243 1311 2270 mulier
1324 2245 1381 2278 ejus
1401 2252 1418 2270 a
1431 2243 1500 2278 facie
1523 2243 1628 2270 Domitii
1651 2242 1699 2269 Dei
1719 2243 1748 2269 in
1769 2246 1852 2269 nicum

1068 2279 1134 2314 ligni
1150 2279 1269 2313 paradisi
1286 2277 1393 2313 (Cenes.
1411 2286 1452 2310 nl,
1471 2278 1520 2314 8).
1541 2277 1772 2314 Interrogabiinus
1789 2285 1850 2313 ergo

1068 2313 1115 2341 eus
1145 2315 1190 2347 qui
1221 2314 1371 2348 Scriptura:
1392 2313 1535 2340 thesauros
1561 2313 1666 2348 ingredi
1696 2313 1804 2343 nolunt,
1826 2319 1851 2340 et

1066 2350 1177 2384 jauuam
1194 2357 1227 2376 ne
1239 2349 1464 2383 pulsantquidem
1477 2370 1484 2380 ,
1502 2349 1606 2383 possint
1624 2355 1658 2374 ne
1669 2349 1794 2384 probare
1802 2348 1850 2375 Do-

1068 2383 1171 2411 initium
1190 2385 1272 2411 Deum
1289 2384 1334 2418 qui
1353 2384 1452 2411 cmlum
1469 2389 1496 2410 et
1515 2389 1614 2410 terram
1632 2383 1736 2416 implet,
1753 2383 1808 2415 cui,
1823 2389 1850 2409 ut

1067 2419 1118 2453 ipsi
1134 2420 1303 2459 existimant,
1321 2419 1421 2459 uelum
1437 2419 1587 2459 corporalis
1604 2419 1720 2459 thronus
1743 2423 1788 2457 est
1800 2438 1808 2449 ,
1827 2424 1852 2446 et

1069 2460 1139 2481 terra
1171 2454 1316 2482 seabellum
1343 2454 1442 2489 pedum
1467 2453 1536 2488 ejus|
1565 2453 1727 2489 tatnrbrcvi,
1746 2453 1769 2479 si
1792 2461 1849 2480 cum

1067 2489 1196 2517 universo
1210 2490 1279 2517 cmlo
1295 2495 1319 2516 et
1337 2491 1410 2516 terra
1435 2489 1601 2521 coiiieratur,
1621 2488 1680 2515 loco
1705 2488 1847 2521 contineri,

1068 2525 1104 2558 ita
1132 2529 1160 2550 ut
1183 2532 1262 2559 quem
1283 2525 1333 2551 sibi
1360 2526 1464 2558 ﬁngunt
1490 2530 1651 2558 corporeum
1683 2524 1847 2559 paradisum,

1069 2560 1139 2587 Deus
1154 2558 1206 2587 non
1217 2559 1335 2595 impleat.
1352 2560 1399 2587 sed
1412 2560 1434 2595 is
1450 2563 1562 2587 tantum,
1572 2558 1758 2595 magnitudine
1772 2566 1847 2585 esce-

1068 2594 1124 2625 dat.
1146 2601 1176 2621 ut
1200 2594 1283 2621 etiam
1307 2594 1524 2622 deambulautem
1540 2594 1696 2625 contineat,
1713 2601 1845 2627 sonusque

1068 2629 1165 2664 planta:
1195 2630 1291 2664 pedum
1325 2629 1382 2662 ejus
1410 2629 1567 2656 audiatur.»
1598 2628 1629 2655 Et
1651 2628 1745 2655 intra:
1768 2629 1845 2655 illaec

1068 2672 1152 2699 pauca
1174 2672 1206 2692 ex
1232 2665 1321 2691 Veteri
1336 2664 1511 2691 Testamento
1535 2665 1683 2697 adiecimus
1705 2664 1776 2695 loca,
1794 2672 1847 2698 qua:

1068 2705 1196 2734 putantur
1208 2700 1291 2727 Deum
1307 2701 1334 2727 in
1347 2700 1407 2726 loco
1420 2700 1597 2732 constituere;
1612 2704 1641 2725 ut
1653 2699 1750 2726 lectori
1767 2700 1848 2726 omni-

1067 2735 1146 2762 modo
1167 2742 1216 2769 pro
1241 2742 1366 2762 concessa
1389 2735 1466 2762 nobis
1489 2735 1617 2761 facultate
1639 2735 1847 2770 persuadeamus

1067 2770 1157 2804 altiori
1181 2775 1209 2796 et
1228 2770 1364 2804 spirituali
1381 2770 1466 2804 magis
1489 2777 1570 2797 sensu
1594 2777 1700 2796 sacram
1728 2770 1846 2804 accipere

1068 2803 1256 2867 Scripturam,
1288 2813 1348 2833 cum
1376 2803 1512 2833 videbitur
1540 2805 1566 2832 in
1593 2805 1652 2832 loco
1675 2805 1761 2832 Deum
1791 2803 1847 2833 esse

1085 2847 1174 2867 ocere.
1190 2849 1199 2865 ι

1085 2847 1174 2867 ocere.
1190 2849 1199 2865 ι
