  <div class='ocr_page' id='page_1' title='image "/cluster/home/n/w/nwhite01/storage/ocr_20150623/17/njp.32101010944583/490.png"; bbox 0 0 1915 3079; ppageno 0'>
   <div class='ocr_carea' id='block_1_1' title="bbox 105 109 161 137">
    <p class='ocr_par' dir='ltr' id='par_1_1' title="bbox 105 109 161 137">
     <span class='ocr_line' id='line_1_1' title="bbox 105 109 161 137; baseline 0.036 -2"><span class='ocrx_word' id='word_1_1' title='bbox 105 109 161 137; x_wconf 78' lang='lat'><strong>709</strong></span> 
     </span>
    </p>
   </div>
   <div class='ocr_carea' id='block_1_2' title="bbox 535 109 1323 144">
    <p class='ocr_par' dir='ltr' id='par_1_2' title="bbox 535 109 1323 144">
     <span class='ocr_line' id='line_1_2' title="bbox 535 109 1323 144; baseline 0.001 -7"><span class='ocrx_word' id='word_1_2' title='bbox 535 109 823 139; x_wconf 67' lang='lat' dir='ltr'><strong>OPJGENIANORUM</strong></span> <span class='ocrx_word' id='word_1_3' title='bbox 843 110 908 139; x_wconf 83' lang='lat' dir='ltr'><strong>LIB.</strong></span> <span class='ocrx_word' id='word_1_4' title='bbox 928 110 962 143; x_wconf 89' lang='lat' dir='ltr'><strong>II,</strong></span> <span class='ocrx_word' id='word_1_5' title='bbox 982 110 1058 138; x_wconf 68' lang='lat' dir='ltr'><strong>CAP.</strong></span> <span class='ocrx_word' id='word_1_6' title='bbox 1078 110 1112 142; x_wconf 90' lang='lat' dir='ltr'><strong>II,</strong></span> <span class='ocrx_word' id='word_1_7' title='bbox 1129 109 1270 144; x_wconf 68' lang='lat' dir='ltr'><strong>QUA&#39;JST.</strong></span> <span class='ocrx_word' id='word_1_8' title='bbox 1290 109 1323 138; x_wconf 92' lang='lat' dir='ltr'><strong>II.</strong></span> 
     </span>
    </p>
   </div>
   <div class='ocr_carea' id='block_1_3' title="bbox 1689 111 1741 138">
    <p class='ocr_par' dir='ltr' id='par_1_3' title="bbox 1689 111 1741 138">
     <span class='ocr_line' id='line_1_3' title="bbox 1689 111 1741 138; baseline -0.019 0"><span class='ocrx_word' id='word_1_9' title='bbox 1689 111 1741 138; x_wconf 81' lang='lat' dir='ltr'><strong>7I0</strong></span> 
     </span>
    </p>
   </div>
   <div class='ocr_carea' id='block_1_4' title="bbox 104 166 1741 203">
    <p class='ocr_par' dir='ltr' id='par_1_4' title="bbox 104 166 1741 203">
     <span class='ocr_line' id='line_1_4' title="bbox 104 166 1741 203; baseline 0.001 -8"><span class='ocrx_word' id='word_1_10' title='bbox 104 168 134 195; x_wconf 92' lang='lat' dir='ltr'><strong>in</strong></span> <span class='ocrx_word' id='word_1_11' title='bbox 165 175 225 203; x_wconf 75' lang='lat' dir='ltr'><strong>qua:</strong></span> <span class='ocrx_word' id='word_1_12' title='bbox 252 167 371 194; x_wconf 81' lang='lat' dir='ltr'><strong>Zenonis</strong></span> <span class='ocrx_word' id='word_1_13' title='bbox 390 171 423 194; x_wconf 88' lang='lat' dir='ltr'><strong>-et</strong></span> <span class='ocrx_word' id='word_1_14' title='bbox 452 166 595 203; x_wconf 79' lang='lat' dir='ltr'><strong>Chrysippi</strong></span> <span class='ocrx_word' id='word_1_15' title='bbox 623 172 773 195; x_wconf 72' lang='lat' dir='ltr'><strong>sectatores</strong></span> <span class='ocrx_word' id='word_1_16' title='bbox 795 168 899 196; x_wconf 86' lang='lat' dir='ltr'><strong>incide-</strong></span> <span class='ocrx_word' id='word_1_17' title='bbox 915 171 938 199; x_wconf 84' lang='grc' dir='ltr'><strong>Α</strong></span> <span class='ocrx_word' id='word_1_18' title='bbox 953 167 1013 203; x_wconf 90' lang='lat' dir='ltr'><strong>legii</strong></span> <span class='ocrx_word' id='word_1_19' title='bbox 1034 168 1137 195; x_wconf 87' lang='lat' dir='ltr'><strong>crimen</strong></span> <span class='ocrx_word' id='word_1_20' title='bbox 1157 167 1293 199; x_wconf 77' lang='lat' dir='ltr'><strong>additum,</strong></span> <span class='ocrx_word' id='word_1_21' title='bbox 1317 167 1356 194; x_wconf 89' lang='lat' dir='ltr'><strong>ait</strong></span> <span class='ocrx_word' id='word_1_22' title='bbox 1376 167 1578 203; x_wconf 77' lang='lat' dir='ltr'><strong>Hieronymus;</strong></span> <span class='ocrx_word' id='word_1_23' title='bbox 1599 175 1649 196; x_wconf 84' lang='lat' dir='ltr'><strong>nos</strong></span> <span class='ocrx_word' id='word_1_24' title='bbox 1663 170 1741 197; x_wconf 90' lang='lat' dir='ltr'><strong>beni-</strong></span> 
     </span>
    </p>
   </div>
   <div class='ocr_carea' id='block_1_5' title="bbox 104 211 897 247">
    <p class='ocr_par' dir='ltr' id='par_1_5' title="bbox 104 211 897 247">
     <span class='ocr_line' id='line_1_5' title="bbox 104 211 897 247; baseline 0.001 -7"><span class='ocrx_word' id='word_1_25' title='bbox 104 219 184 240; x_wconf 87' lang='lat' dir='ltr'><strong>runt.</strong></span> <span class='ocrx_word' id='word_1_26' title='bbox 202 222 212 238; x_wconf 74' lang='lat' dir='ltr'><strong>r</strong></span> <span class='ocrx_word' id='word_1_27' title='bbox 239 212 295 247; x_wconf 74' lang='grc' dir='ltr'><strong>(Ἱὲ)</strong></span> <span class='ocrx_word' id='word_1_28' title='bbox 321 212 439 245; x_wconf 91' lang='lat' dir='ltr'><strong>Denique</strong></span> <span class='ocrx_word' id='word_1_29' title='bbox 461 212 487 239; x_wconf 92' lang='lat' dir='ltr'><strong>in</strong></span> <span class='ocrx_word' id='word_1_30' title='bbox 513 211 615 240; x_wconf 72' lang='lat' dir='ltr'><strong>Catena</strong></span> <span class='ocrx_word' id='word_1_31' title='bbox 641 213 839 241; x_wconf 82' lang='lat' dir='ltr'><strong>Combelisiana</strong></span> <span class='ocrx_word' id='word_1_32' title='bbox 865 216 897 241; x_wconf 84' lang='lat' dir='ltr'><strong>ad</strong></span> 
     </span>
    </p>
   </div>
   <div class='ocr_carea' id='block_1_6' title="bbox 103 257 898 293">
    <p class='ocr_par' dir='ltr' id='par_1_6' title="bbox 103 257 898 293">
     <span class='ocr_line' id='line_1_6' title="bbox 103 257 898 293; baseline 0.003 -7"><span class='ocrx_word' id='word_1_33' title='bbox 103 258 177 286; x_wconf 83' lang='lat' dir='ltr'><strong>Gen.</strong></span> <span class='ocrx_word' id='word_1_34' title='bbox 195 267 215 290; x_wconf 83' lang='grc' dir='ltr'><strong>ι.</strong></span> <span class='ocrx_word' id='word_1_35' title='bbox 228 258 275 290; x_wconf 76' lang='grc'><strong>26,</strong></span> <span class='ocrx_word' id='word_1_36' title='bbox 289 264 315 285; x_wconf 91' lang='lat' dir='ltr'><strong>et</strong></span> <span class='ocrx_word' id='word_1_37' title='bbox 328 258 397 292; x_wconf 89' lang='lat' dir='ltr'><strong>apud</strong></span> <span class='ocrx_word' id='word_1_38' title='bbox 413 257 611 286; x_wconf 82' lang='lat' dir='ltr'><strong>Theodoretum</strong></span> <span class='ocrx_word' id='word_1_39' title='bbox 631 266 729 293; x_wconf 62' lang='lat' dir='ltr'><strong>quaest.</strong></span> <span class='ocrx_word' id='word_1_40' title='bbox 748 259 783 287; x_wconf 75' lang='grc'><strong>20</strong></span> <span class='ocrx_word' id='word_1_41' title='bbox 806 260 832 288; x_wconf 82' lang='grc' dir='ltr'><strong>ίι)</strong></span> <span class='ocrx_word' id='word_1_42' title='bbox 844 260 898 288; x_wconf 88' lang='lat' dir='ltr'><strong>Ge-</strong></span> 
     </span>
    </p>
   </div>
   <div class='ocr_carea' id='block_1_7' title="bbox 104 304 898 341">
    <p class='ocr_par' dir='ltr' id='par_1_7' title="bbox 104 304 898 341">
     <span class='ocr_line' id='line_1_7' title="bbox 104 304 898 341; baseline 0.003 -10"><span class='ocrx_word' id='word_1_43' title='bbox 104 306 208 337; x_wconf 85' lang='lat' dir='ltr'><strong>nesim,</strong></span> <span class='ocrx_word' id='word_1_44' title='bbox 229 304 384 332; x_wconf 79' lang='lat' dir='ltr'><strong>Melitonem</strong></span> <span class='ocrx_word' id='word_1_45' title='bbox 400 312 455 332; x_wconf 91' lang='lat' dir='ltr'><strong>non</strong></span> <span class='ocrx_word' id='word_1_46' title='bbox 484 304 674 338; x_wconf 79' lang='lat' dir='ltr'><strong>perfunctorie</strong></span> <span class='ocrx_word' id='word_1_47' title='bbox 694 306 823 339; x_wconf 86' lang='lat' dir='ltr'><strong>castigat,</strong></span> <span class='ocrx_word' id='word_1_48' title='bbox 851 307 898 341; x_wconf 90' lang='lat' dir='ltr'><strong>qtti</strong></span> 
     </span>
    </p>
   </div>
   <div class='ocr_carea' id='block_1_8' title="bbox 103 351 898 386">
    <p class='ocr_par' dir='ltr' id='par_1_8' title="bbox 103 351 898 386">
     <span class='ocr_line' id='line_1_8' title="bbox 103 351 898 386; baseline 0.003 -8"><span class='ocrx_word' id='word_1_49' title='bbox 103 351 208 379; x_wconf 83' lang='lat' dir='ltr'><strong>libram</strong></span> <span class='ocrx_word' id='word_1_50' title='bbox 225 351 372 385; x_wconf 89' lang='lat' dir='ltr'><strong>scripserat</strong></span> <span class='ocrx_word' id='word_1_51' title='bbox 387 351 438 378; x_wconf 89' lang='lat' dir='ltr'><strong>hoc</strong></span> <span class='ocrx_word' id='word_1_52' title='bbox 457 355 628 386; x_wconf 81' lang='lat' dir='ltr'><strong>argumento,</strong></span> <span class='ocrx_word' id='word_1_53' title='bbox 652 351 737 379; x_wconf 86' lang='lat' dir='ltr'><strong>Deum</strong></span> <span class='ocrx_word' id='word_1_54' title='bbox 759 359 820 380; x_wconf 87' lang='lat' dir='ltr'><strong>esse</strong></span> <span class='ocrx_word' id='word_1_55' title='bbox 835 361 898 380; x_wconf 89' lang='lat' dir='ltr'><strong>cor-</strong></span> 
     </span>
    </p>
   </div>
   <div class='ocr_carea' id='block_1_9' title="bbox 104 396 898 433">
    <p class='ocr_par' dir='ltr' id='par_1_9' title="bbox 104 396 898 433">
     <span class='ocr_line' id='line_1_9' title="bbox 104 396 898 433; baseline 0.004 -10"><span class='ocrx_word' id='word_1_56' title='bbox 104 404 234 432; x_wconf 88' lang='lat' dir='ltr'><strong>poreum.</strong></span> <span class='ocrx_word' id='word_1_57' title='bbox 254 396 325 423; x_wconf 91' lang='lat' dir='ltr'><strong>Sane</strong></span> <span class='ocrx_word' id='word_1_58' title='bbox 339 396 397 431; x_wconf 89' lang='lat' dir='ltr'><strong>ipse</strong></span> <span class='ocrx_word' id='word_1_59' title='bbox 413 396 504 430; x_wconf 86' lang='lat' dir='ltr'><strong>Plato,</strong></span> <span class='ocrx_word' id='word_1_60' title='bbox 529 397 606 430; x_wconf 82' lang='lat' dir='ltr'><strong>cujus</strong></span> <span class='ocrx_word' id='word_1_61' title='bbox 621 397 748 433; x_wconf 84' lang='lat' dir='ltr'><strong>dogmata</strong></span> <span class='ocrx_word' id='word_1_62' title='bbox 766 398 824 426; x_wconf 85' lang='lat' dir='ltr'><strong>fere</strong></span> <span class='ocrx_word' id='word_1_63' title='bbox 840 407 898 426; x_wconf 89' lang='lat' dir='ltr'><strong>am-</strong></span> 
     </span>
    </p>
   </div>
   <div class='ocr_carea' id='block_1_10' title="bbox 105 443 896 480">
    <p class='ocr_par' dir='ltr' id='par_1_10' title="bbox 105 443 896 480">
     <span class='ocr_line' id='line_1_10' title="bbox 105 443 896 480; baseline 0.003 -9"><span class='ocrx_word' id='word_1_64' title='bbox 105 444 205 479; x_wconf 77' lang='lat' dir='ltr'><strong>plexus</strong></span> <span class='ocrx_word' id='word_1_65' title='bbox 219 443 423 478; x_wconf 77' lang='lat' dir='ltr'><strong>est-Origenes,</strong></span> <span class='ocrx_word' id='word_1_66' title='bbox 441 452 454 470; x_wconf 94' lang='lat' dir='ltr'><strong>a</strong></span> <span class='ocrx_word' id='word_1_67' title='bbox 471 445 527 472; x_wconf 92' lang='lat' dir='ltr'><strong>Deo</strong></span> <span class='ocrx_word' id='word_1_68' title='bbox 538 452 638 480; x_wconf 87' lang='lat' dir='ltr'><strong>corpus</strong></span> <span class='ocrx_word' id='word_1_69' title='bbox 651 452 734 472; x_wconf 91' lang='lat' dir='ltr'><strong>omne</strong></span> <span class='ocrx_word' id='word_1_70' title='bbox 751 451 896 473; x_wconf 14' lang='lat' dir='ltr'><strong>removete:</strong></span> 
     </span>
    </p>
   </div>
   <div class='ocr_carea' id='block_1_11' title="bbox 105 491 666 519">
    <p class='ocr_par' dir='ltr' id='par_1_11' title="bbox 105 491 666 519">
     <span class='ocr_line' id='line_1_11' title="bbox 105 491 666 519; baseline 0.002 -1"><span class='ocrx_word' id='word_1_71' title='bbox 105 496 232 519; x_wconf 84' lang='lat' dir='ltr'><strong>removet</strong></span> <span class='ocrx_word' id='word_1_72' title='bbox 247 496 273 518; x_wconf 90' lang='lat' dir='ltr'><strong>et</strong></span> <span class='ocrx_word' id='word_1_73' title='bbox 284 491 457 519; x_wconf 78' lang='lat' dir='ltr'><strong>Aristoteles.</strong></span> <span class='ocrx_word' id='word_1_74' title='bbox 521 517 524 519; x_wconf 91' lang='lat'><strong>.</strong></span> <span class='ocrx_word' id='word_1_75' title='bbox 664 495 666 497; x_wconf 88' lang='lat'>&#39;</span> 
     </span>
    </p>
   </div>
   <div class='ocr_carea' id='block_1_12' title="bbox 142 536 897 573">
    <p class='ocr_par' dir='ltr' id='par_1_12' title="bbox 142 536 897 573">
     <span class='ocr_line' id='line_1_12' title="bbox 142 536 897 573; baseline 0.003 -9"><span class='ocrx_word' id='word_1_76' title='bbox 142 537 200 565; x_wconf 81' lang='lat' dir='ltr'><strong>VII.</strong></span> <span class='ocrx_word' id='word_1_77' title='bbox 226 536 292 564; x_wconf 90' lang='lat' dir='ltr'><strong>Cum</strong></span> <span class='ocrx_word' id='word_1_78' title='bbox 315 537 353 564; x_wconf 86' lang='lat' dir='ltr'><strong>ait</strong></span> <span class='ocrx_word' id='word_1_79' title='bbox 374 536 459 571; x_wconf 85' lang='lat' dir='ltr'><strong>igitur</strong></span> <span class='ocrx_word' id='word_1_80' title='bbox 480 536 612 571; x_wconf 82' lang='lat' dir='ltr'><strong>Origenes</strong></span> <span class='ocrx_word' id='word_1_81' title='bbox 638 537 757 564; x_wconf 85' lang='lat' dir='ltr'><strong>animam</strong></span> <span class='ocrx_word' id='word_1_82' title='bbox 783 545 897 573; x_wconf 89' lang='lat' dir='ltr'><strong>corpore</strong></span> 
     </span>
    </p>
   </div>
   <div class='ocr_carea' id='block_1_13' title="bbox 104 582 898 619">
    <p class='ocr_par' dir='ltr' id='par_1_13' title="bbox 104 582 898 619">
     <span class='ocr_line' id='line_1_13' title="bbox 104 582 898 619; baseline 0.001 -8"><span class='ocrx_word' id='word_1_83' title='bbox 104 584 267 614; x_wconf 85' lang='lat' dir='ltr'><strong>carituram,</strong></span> <span class='ocrx_word' id='word_1_84' title='bbox 285 583 348 618; x_wconf 84' lang='lat' dir='ltr'><strong>quia</strong></span> <span class='ocrx_word' id='word_1_85' title='bbox 364 583 461 610; x_wconf 82' lang='lat' dir='ltr'><strong>similis</strong></span> <span class='ocrx_word' id='word_1_86' title='bbox 477 582 568 609; x_wconf 82' lang='lat' dir='ltr'><strong>futura</strong></span> <span class='ocrx_word' id='word_1_87' title='bbox 588 588 629 610; x_wconf 88' lang='lat' dir='ltr'><strong>est</strong></span> <span class='ocrx_word' id='word_1_88' title='bbox 647 583 702 610; x_wconf 90' lang='lat' dir='ltr'><strong>Deo</strong></span> <span class='ocrx_word' id='word_1_89' title='bbox 720 584 766 618; x_wconf 88' lang='lat' dir='ltr'><strong>qui</strong></span> <span class='ocrx_word' id='word_1_90' title='bbox 783 591 898 619; x_wconf 82' lang='lat' dir='ltr'><strong>corpore</strong></span> 
     </span>
    </p>
   </div>
   <div class='ocr_carea' id='block_1_14' title="bbox 104 627 897 663">
    <p class='ocr_par' dir='ltr' id='par_1_14' title="bbox 104 627 897 663">
     <span class='ocr_line' id='line_1_14' title="bbox 104 627 897 663; baseline 0 -7"><span class='ocrx_word' id='word_1_91' title='bbox 104 633 196 659; x_wconf 85' lang='lat' dir='ltr'><strong>caret,</strong></span> <span class='ocrx_word' id='word_1_92' title='bbox 214 628 239 655; x_wconf 93' lang='lat' dir='ltr'><strong>id</strong></span> <span class='ocrx_word' id='word_1_93' title='bbox 252 628 302 655; x_wconf 90' lang='lat' dir='ltr'><strong>sibi</strong></span> <span class='ocrx_word' id='word_1_94' title='bbox 313 627 380 659; x_wconf 92' lang='lat' dir='ltr'><strong>vult,</strong></span> <span class='ocrx_word' id='word_1_95' title='bbox 397 627 481 654; x_wconf 88' lang='lat' dir='ltr'><strong>Deutn</strong></span> <span class='ocrx_word' id='word_1_96' title='bbox 498 632 526 655; x_wconf 91' lang='lat' dir='ltr'><strong>et</strong></span> <span class='ocrx_word' id='word_1_97' title='bbox 539 628 657 654; x_wconf 84' lang='lat' dir='ltr'><strong>animam</strong></span> <span class='ocrx_word' id='word_1_98' title='bbox 669 636 785 663; x_wconf 86' lang='lat' dir='ltr'><strong>corpore</strong></span> <span class='ocrx_word' id='word_1_99' title='bbox 802 636 897 656; x_wconf 82' lang='lat' dir='ltr'><strong>carere</strong></span> 
     </span>
    </p>
   </div>
   <div class='ocr_carea' id='block_1_15' title="bbox 103 673 896 711">
    <p class='ocr_par' dir='ltr' id='par_1_15' title="bbox 103 673 896 711">
     <span class='ocr_line' id='line_1_15' title="bbox 103 673 896 711; baseline 0.001 -10"><span class='ocrx_word' id='word_1_100' title='bbox 103 674 263 711; x_wconf 78' lang='grc' dir='ltr'><strong>ὁμωνύμως</strong></span> <span class='ocrx_word' id='word_1_101' title='bbox 278 674 385 708; x_wconf 85' lang='lat' dir='ltr'><strong>quidem</strong></span> <span class='ocrx_word' id='word_1_102' title='bbox 398 693 406 706; x_wconf 91' lang='lat'><strong>,</strong></span> <span class='ocrx_word' id='word_1_103' title='bbox 430 673 478 701; x_wconf 89' lang='lat' dir='ltr'><strong>sed</strong></span> <span class='ocrx_word' id='word_1_104' title='bbox 498 681 551 700; x_wconf 90' lang='lat' dir='ltr'><strong>non</strong></span> <span class='ocrx_word' id='word_1_105' title='bbox 573 675 669 701; x_wconf 85' lang='lat' dir='ltr'><strong>eodem</strong></span> <span class='ocrx_word' id='word_1_106' title='bbox 692 675 790 707; x_wconf 85' lang='lat' dir='ltr'><strong>modo;</strong></span> <span class='ocrx_word' id='word_1_107' title='bbox 813 675 896 702; x_wconf 81' lang='lat' dir='ltr'><strong>Deum</strong></span> 
     </span>
    </p>
   </div>
   <div class='ocr_carea' id='block_1_16' title="bbox 105 719 894 756">
    <p class='ocr_par' dir='ltr' id='par_1_16' title="bbox 105 719 894 756">
     <span class='ocr_line' id='line_1_16' title="bbox 105 719 894 756; baseline 0.005 -10"><span class='ocrx_word' id='word_1_108' title='bbox 105 723 208 756; x_wconf 83' lang='lat' dir='ltr'><strong>quippe</strong></span> <span class='ocrx_word' id='word_1_109' title='bbox 228 720 388 755; x_wconf 70' lang='lat' dir='ltr'><strong>simpliciter</strong></span> <span class='ocrx_word' id='word_1_110' title='bbox 403 724 431 748; x_wconf 87' lang='lat' dir='ltr'><strong>et</strong></span> <span class='ocrx_word' id='word_1_111' title='bbox 454 719 578 747; x_wconf 89' lang='lat' dir='ltr'><strong>absolute</strong></span> <span class='ocrx_word' id='word_1_112' title='bbox 605 728 666 748; x_wconf 88' lang='lat' dir='ltr'><strong>esse</strong></span> <span class='ocrx_word' id='word_1_113' title='bbox 685 720 894 756; x_wconf 80' lang='lat' dir='ltr'><strong>incorporeum;</strong></span> 
     </span>
    </p>
   </div>
   <div class='ocr_carea' id='block_1_17' title="bbox 106 765 896 802">
    <p class='ocr_par' dir='ltr' id='par_1_17' title="bbox 106 765 896 802">
     <span class='ocr_line' id='line_1_17' title="bbox 106 765 896 802; baseline 0 -8"><span class='ocrx_word' id='word_1_114' title='bbox 106 767 167 802; x_wconf 78' lang='lat'><strong>(75)</strong></span> <span class='ocrx_word' id='word_1_115' title='bbox 184 766 303 794; x_wconf 88' lang='lat' dir='ltr'><strong>animam</strong></span> <span class='ocrx_word' id='word_1_116' title='bbox 322 772 387 800; x_wconf 73' lang='lat' dir='ltr'><strong>vero</strong></span> <span class='ocrx_word' id='word_1_117' title='bbox 408 765 573 792; x_wconf 87' lang='lat' dir='ltr'><strong>crassiorum</strong></span> <span class='ocrx_word' id='word_1_118' title='bbox 601 766 734 793; x_wconf 79' lang='lat' dir='ltr'><strong>duntaxat</strong></span> <span class='ocrx_word' id='word_1_119' title='bbox 751 774 896 801; x_wconf 89' lang='lat' dir='ltr'><strong>corporum</strong></span> 
     </span>
    </p>
   </div>
   <div class='ocr_carea' id='block_1_18' title="bbox 105 810 897 847">
    <p class='ocr_par' dir='ltr' id='par_1_18' title="bbox 105 810 897 847">
     <span class='ocr_line' id='line_1_18' title="bbox 105 810 897 847; baseline 0.001 -7"><span class='ocrx_word' id='word_1_120' title='bbox 105 813 226 840; x_wconf 83' lang='lat' dir='ltr'><strong>ratione.</strong></span> <span class='ocrx_word' id='word_1_121' title='bbox 242 811 320 845; x_wconf 87' lang='lat' dir='ltr'><strong>Quod</strong></span> <span class='ocrx_word' id='word_1_122' title='bbox 337 816 428 838; x_wconf 87' lang='lat' dir='ltr'><strong>autem</strong></span> <span class='ocrx_word' id='word_1_123' title='bbox 449 810 582 846; x_wconf 85' lang='lat' dir='ltr'><strong>objiciunt</strong></span> <span class='ocrx_word' id='word_1_124' title='bbox 604 811 770 847; x_wconf 89' lang='lat' dir='ltr'><strong>Theophilus</strong></span> <span class='ocrx_word' id='word_1_125' title='bbox 790 819 816 841; x_wconf 90' lang='lat' dir='ltr'><strong>et</strong></span> <span class='ocrx_word' id='word_1_126' title='bbox 833 813 897 842; x_wconf 83' lang='lat' dir='ltr'><strong>Ilie-</strong></span> 
     </span>
    </p>
   </div>
   <div class='ocr_carea' id='block_1_19' title="bbox 952 213 1391 248">
    <p class='ocr_par' dir='ltr' id='par_1_19' title="bbox 952 213 1391 248">
     <span class='ocr_line' id='line_1_19' title="bbox 952 213 1391 248; baseline -0.002 -8"><span class='ocrx_word' id='word_1_127' title='bbox 952 214 1033 248; x_wconf 77' lang='lat' dir='ltr'><strong>gnius</strong></span> <span class='ocrx_word' id='word_1_128' title='bbox 1048 213 1221 248; x_wconf 88' lang='lat' dir='ltr'><strong>interpretari</strong></span> <span class='ocrx_word' id='word_1_129' title='bbox 1235 219 1391 247; x_wconf 85' lang='lat' dir='ltr'><strong>possumus.</strong></span> 
     </span>
    </p>
   </div>
   <div class='ocr_carea' id='block_1_20' title="bbox 987 259 1741 292">
    <p class='ocr_par' dir='ltr' id='par_1_20' title="bbox 987 259 1741 292">
     <span class='ocr_line' id='line_1_20' title="bbox 987 259 1741 292; baseline 0.003 -6"><span class='ocrx_word' id='word_1_130' title='bbox 987 259 1054 286; x_wconf 88' lang='lat' dir='ltr'><strong>VIII.</strong></span> <span class='ocrx_word' id='word_1_131' title='bbox 1076 259 1140 292; x_wconf 66' lang='lat' dir='ltr'><strong>Quae</strong></span> <span class='ocrx_word' id='word_1_132' title='bbox 1154 267 1216 286; x_wconf 91' lang='lat' dir='ltr'><strong>cum</strong></span> <span class='ocrx_word' id='word_1_133' title='bbox 1233 259 1270 286; x_wconf 87' lang='lat' dir='ltr'><strong>ita</strong></span> <span class='ocrx_word' id='word_1_134' title='bbox 1287 259 1353 291; x_wconf 88' lang='lat' dir='ltr'><strong>sint,</strong></span> <span class='ocrx_word' id='word_1_135' title='bbox 1376 259 1432 286; x_wconf 69' lang='lat' dir='ltr'><strong>hare</strong></span> <span class='ocrx_word' id='word_1_136' title='bbox 1450 264 1540 286; x_wconf 89' lang='lat' dir='ltr'><strong>tamen</strong></span> <span class='ocrx_word' id='word_1_137' title='bbox 1560 260 1655 287; x_wconf 84' lang='lat' dir='ltr'><strong>scribit</strong></span> <span class='ocrx_word' id='word_1_138' title='bbox 1679 260 1741 289; x_wconf 87' lang='lat' dir='ltr'><strong>Ori-</strong></span> 
     </span>
    </p>
   </div>
   <div class='ocr_carea' id='block_1_21' title="bbox 952 303 1741 340">
    <p class='ocr_par' dir='ltr' id='par_1_21' title="bbox 952 303 1741 340">
     <span class='ocr_line' id='line_1_21' title="bbox 952 303 1741 340; baseline 0.003 -8"><span class='ocrx_word' id='word_1_139' title='bbox 952 313 1033 340; x_wconf 86' lang='lat' dir='ltr'><strong>genes</strong></span> <span class='ocrx_word' id='word_1_140' title='bbox 1045 305 1070 333; x_wconf 93' lang='lat' dir='ltr'><strong>in</strong></span> <span class='ocrx_word' id='word_1_141' title='bbox 1085 313 1199 340; x_wconf 75' lang='lat' dir='ltr'><strong>produn.</strong></span> <span class='ocrx_word' id='word_1_142' title='bbox 1214 304 1387 339; x_wconf 77' lang='lat' dir='ltr'><strong>libror.IIepl</strong></span> <span class='ocrx_word' id='word_1_143' title='bbox 1398 303 1509 340; x_wconf 79' lang='grc' dir='ltr'><strong>ἀρχῶν,</strong></span> <span class='ocrx_word' id='word_1_144' title='bbox 1523 305 1624 333; x_wconf 86' lang='lat' dir='ltr'><strong>num.9</strong></span> <span class='ocrx_word' id='word_1_145' title='bbox 1637 315 1658 332; x_wconf 78' lang='grc' dir='ltr'><strong>ει</strong></span> <span class='ocrx_word' id='word_1_146' title='bbox 1671 306 1741 334; x_wconf 85' lang='lat' dir='ltr'><strong>Deus</strong></span> 
     </span>
    </p>
   </div>
   <div class='ocr_carea' id='block_1_22' title="bbox 951 351 1739 386">
    <p class='ocr_par' dir='ltr' id='par_1_22' title="bbox 951 351 1739 386">
     <span class='ocr_line' id='line_1_22' title="bbox 951 351 1739 386; baseline 0 -8"><span class='ocrx_word' id='word_1_147' title='bbox 951 359 1059 386; x_wconf 89' lang='lat' dir='ltr'><strong>qttoque</strong></span> <span class='ocrx_word' id='word_1_148' title='bbox 1075 351 1133 386; x_wconf 88' lang='lat' dir='ltr'><strong>ipse</strong></span> <span class='ocrx_word' id='word_1_149' title='bbox 1147 351 1284 386; x_wconf 89' lang='lat' dir='ltr'><strong>quomodo</strong></span> <span class='ocrx_word' id='word_1_150' title='bbox 1300 351 1412 386; x_wconf 81' lang='lat' dir='ltr'><strong>intelligi</strong></span> <span class='ocrx_word' id='word_1_151' title='bbox 1430 352 1536 382; x_wconf 86' lang='lat' dir='ltr'><strong>debeat,</strong></span> <span class='ocrx_word' id='word_1_152' title='bbox 1550 351 1739 386; x_wconf 90' lang='lat' dir='ltr'><strong>inquirendum</strong></span> 
     </span>
    </p>
   </div>
   <div class='ocr_carea' id='block_1_23' title="bbox 951 398 1739 432">
    <p class='ocr_par' dir='ltr' id='par_1_23' title="bbox 951 398 1739 432">
     <span class='ocr_line' id='line_1_23' title="bbox 951 398 1739 432; baseline -0.001 -7"><span class='ocrx_word' id='word_1_153' title='bbox 951 403 1003 429; x_wconf 84' lang='lat' dir='ltr'><strong>est,</strong></span> <span class='ocrx_word' id='word_1_154' title='bbox 1028 405 1196 432; x_wconf 81' lang='lat' dir='ltr'><strong>corporeus,</strong></span> <span class='ocrx_word' id='word_1_155' title='bbox 1231 405 1264 424; x_wconf 85' lang='lat' dir='ltr'><strong>an</strong></span> <span class='ocrx_word' id='word_1_156' title='bbox 1299 399 1448 424; x_wconf 87' lang='lat' dir='ltr'><strong>secundum</strong></span> <span class='ocrx_word' id='word_1_157' title='bbox 1475 398 1591 432; x_wconf 82' lang='lat' dir='ltr'><strong>aliquem</strong></span> <span class='ocrx_word' id='word_1_158' title='bbox 1615 398 1739 425; x_wconf 87' lang='lat' dir='ltr'><strong>habitum</strong></span> 
     </span>
    </p>
   </div>
   <div class='ocr_carea' id='block_1_24' title="bbox 952 443 1737 479">
    <p class='ocr_par' dir='ltr' id='par_1_24' title="bbox 952 443 1737 479">
     <span class='ocr_line' id='line_1_24' title="bbox 952 443 1737 479; baseline -0.001 -7"><span class='ocrx_word' id='word_1_159' title='bbox 952 445 1139 477; x_wconf 77' lang='lat' dir='ltr'><strong>deformatus,</strong></span> <span class='ocrx_word' id='word_1_160' title='bbox 1171 452 1206 471; x_wconf 91' lang='lat' dir='ltr'><strong>an</strong></span> <span class='ocrx_word' id='word_1_161' title='bbox 1238 443 1352 473; x_wconf 84' lang='lat' dir='ltr'><strong>alterius</strong></span> <span class='ocrx_word' id='word_1_162' title='bbox 1379 449 1482 470; x_wconf 61' lang='lat' dir='ltr'><strong>natura!</strong></span> <span class='ocrx_word' id='word_1_163' title='bbox 1511 452 1592 478; x_wconf 87' lang='lat' dir='ltr'><strong>quam</strong></span> <span class='ocrx_word' id='word_1_164' title='bbox 1623 452 1737 479; x_wconf 85' lang='lat' dir='ltr'><strong>corpora</strong></span> 
     </span>
    </p>
   </div>
   <div class='ocr_carea' id='block_1_25' title="bbox 952 490 1741 525">
    <p class='ocr_par' dir='ltr' id='par_1_25' title="bbox 952 490 1741 525">
     <span class='ocr_line' id='line_1_25' title="bbox 952 490 1741 525; baseline -0.001 -7"><span class='ocrx_word' id='word_1_165' title='bbox 952 496 1025 523; x_wconf 83' lang='lat' dir='ltr'><strong>sunt,</strong></span> <span class='ocrx_word' id='word_1_166' title='bbox 1041 491 1113 525; x_wconf 90' lang='lat' dir='ltr'><strong>quod</strong></span> <span class='ocrx_word' id='word_1_167' title='bbox 1130 491 1223 525; x_wconf 80' lang='lat' dir='ltr'><strong>utique</strong></span> <span class='ocrx_word' id='word_1_168' title='bbox 1234 490 1261 517; x_wconf 84' lang='lat' dir='ltr'><strong>in</strong></span> <span class='ocrx_word' id='word_1_169' title='bbox 1283 490 1477 524; x_wconf 60' lang='lat' dir='ltr'><strong>praedicatione</strong></span> <span class='ocrx_word' id='word_1_170' title='bbox 1490 495 1582 517; x_wconf 91' lang='lat' dir='ltr'><strong>nostra</strong></span> <span class='ocrx_word' id='word_1_171' title='bbox 1595 490 1741 517; x_wconf 79' lang='lat' dir='ltr'><strong>manifeSIe</strong></span> 
     </span>
    </p>
   </div>
   <div class='ocr_carea' id='block_1_26' title="bbox 952 535 1739 572">
    <p class='ocr_par' dir='ltr' id='par_1_26' title="bbox 952 535 1739 572">
     <span class='ocr_line' id='line_1_26' title="bbox 952 535 1739 572; baseline -0.003 -8"><span class='ocrx_word' id='word_1_172' title='bbox 952 545 1004 564; x_wconf 90' lang='lat' dir='ltr'><strong>non</strong></span> <span class='ocrx_word' id='word_1_173' title='bbox 1023 537 1193 572; x_wconf 75' lang='lat' dir='ltr'><strong>designatur.</strong></span> <span class='ocrx_word' id='word_1_174' title='bbox 1209 546 1218 562; x_wconf 73' lang='grc' dir='ltr'><strong><em>ι</em></strong></span> <span class='ocrx_word' id='word_1_175' title='bbox 1240 535 1306 563; x_wconf 90' lang='lat' dir='ltr'><strong>Inde</strong></span> <span class='ocrx_word' id='word_1_176' title='bbox 1319 539 1362 562; x_wconf 87' lang='lat' dir='ltr'><strong>est</strong></span> <span class='ocrx_word' id='word_1_177' title='bbox 1381 536 1452 570; x_wconf 90' lang='lat' dir='ltr'><strong>quod</strong></span> <span class='ocrx_word' id='word_1_178' title='bbox 1469 535 1554 562; x_wconf 91' lang='lat' dir='ltr'><strong>Deum</strong></span> <span class='ocrx_word' id='word_1_179' title='bbox 1571 535 1739 570; x_wconf 88' lang='lat' dir='ltr'><strong>corporalem</strong></span> 
     </span>
    </p>
   </div>
   <div class='ocr_carea' id='block_1_27' title="bbox 951 581 1739 618">
    <p class='ocr_par' dir='ltr' id='par_1_27' title="bbox 951 581 1739 618">
     <span class='ocr_line' id='line_1_27' title="bbox 951 581 1739 618; baseline -0.003 -8"><span class='ocrx_word' id='word_1_180' title='bbox 951 591 1012 610; x_wconf 87' lang='lat' dir='ltr'><strong>esse</strong></span> <span class='ocrx_word' id='word_1_181' title='bbox 1030 583 1131 618; x_wconf 85' lang='lat' dir='ltr'><strong>absque</strong></span> <span class='ocrx_word' id='word_1_182' title='bbox 1142 582 1312 609; x_wconf 88' lang='lat' dir='ltr'><strong>dubitatione</strong></span> <span class='ocrx_word' id='word_1_183' title='bbox 1328 581 1448 609; x_wconf 89' lang='lat' dir='ltr'><strong>decrevit</strong></span> <span class='ocrx_word' id='word_1_184' title='bbox 1464 581 1659 614; x_wconf 88' lang='lat' dir='ltr'><strong>Tertullianus,</strong></span> <span class='ocrx_word' id='word_1_185' title='bbox 1678 589 1739 609; x_wconf 84' lang='lat' dir='ltr'><strong>cum</strong></span> 
     </span>
    </p>
   </div>
   <div class='ocr_carea' id='block_1_28' title="bbox 951 628 1739 662">
    <p class='ocr_par' dir='ltr' id='par_1_28' title="bbox 951 628 1739 662">
     <span class='ocr_line' id='line_1_28' title="bbox 951 628 1739 662; baseline 0 -7"><span class='ocrx_word' id='word_1_186' title='bbox 951 629 1025 661; x_wconf 84' lang='lat' dir='ltr'><strong>alibi,</strong></span> <span class='ocrx_word' id='word_1_187' title='bbox 1042 634 1097 656; x_wconf 90' lang='lat' dir='ltr'><strong>tum</strong></span> <span class='ocrx_word' id='word_1_188' title='bbox 1120 629 1222 657; x_wconf 79' lang='lat' dir='ltr'><strong>advers.</strong></span> <span class='ocrx_word' id='word_1_189' title='bbox 1241 628 1386 659; x_wconf 73' lang='lat' dir='ltr'><strong>Praxeam,</strong></span> <span class='ocrx_word' id='word_1_190' title='bbox 1414 635 1475 662; x_wconf 87' lang='lat' dir='ltr'><strong>cap.</strong></span> <span class='ocrx_word' id='word_1_191' title='bbox 1501 628 1528 655; x_wconf 88' lang='grc'><strong>7.</strong></span> <span class='ocrx_word' id='word_1_192' title='bbox 1555 628 1643 661; x_wconf 75' lang='lat' dir='ltr'><strong>«Quis</strong></span> <span class='ocrx_word' id='word_1_193' title='bbox 1667 628 1739 655; x_wconf 91' lang='lat' dir='ltr'><strong>enim</strong></span> 
     </span>
    </p>
   </div>
   <div class='ocr_carea' id='block_1_29' title="bbox 951 674 1740 709">
    <p class='ocr_par' dir='ltr' id='par_1_29' title="bbox 951 674 1740 709">
     <span class='ocr_line' id='line_1_29' title="bbox 951 674 1740 709; baseline 0 -8"><span class='ocrx_word' id='word_1_194' title='bbox 951 675 1070 709; x_wconf 77' lang='lat' dir='ltr'><strong>negabit,</strong></span> <span class='ocrx_word' id='word_1_195' title='bbox 1102 675 1201 709; x_wconf 88' lang='lat' dir='ltr'><strong>inquit,</strong></span> <span class='ocrx_word' id='word_1_196' title='bbox 1223 674 1306 702; x_wconf 86' lang='lat' dir='ltr'><strong>Deum</strong></span> <span class='ocrx_word' id='word_1_197' title='bbox 1332 681 1432 708; x_wconf 79' lang='lat' dir='ltr'><strong>corpus</strong></span> <span class='ocrx_word' id='word_1_198' title='bbox 1452 681 1521 705; x_wconf 81' lang='lat' dir='ltr'><strong>esse.</strong></span> <span class='ocrx_word' id='word_1_199' title='bbox 1546 674 1597 701; x_wconf 86' lang='lat' dir='ltr'><strong>etsi</strong></span> <span class='ocrx_word' id='word_1_200' title='bbox 1629 674 1740 708; x_wconf 78' lang='lat' dir='ltr'><strong>spiritus</strong></span> 
     </span>
    </p>
   </div>
   <div class='ocr_carea' id='block_1_30' title="bbox 950 719 1738 756">
    <p class='ocr_par' dir='ltr' id='par_1_30' title="bbox 950 719 1738 756">
     <span class='ocr_line' id='line_1_30' title="bbox 950 719 1738 756; baseline -0.001 -9"><span class='ocrx_word' id='word_1_201' title='bbox 950 721 1013 747; x_wconf 88' lang='lat' dir='ltr'><strong>est?</strong></span> <span class='ocrx_word' id='word_1_202' title='bbox 1027 721 1139 755; x_wconf 85' lang='lat' dir='ltr'><strong>spiritus</strong></span> <span class='ocrx_word' id='word_1_203' title='bbox 1155 721 1226 748; x_wconf 89' lang='lat' dir='ltr'><strong>enim</strong></span> <span class='ocrx_word' id='word_1_204' title='bbox 1242 728 1341 756; x_wconf 89' lang='lat' dir='ltr'><strong>corpus</strong></span> <span class='ocrx_word' id='word_1_205' title='bbox 1360 721 1401 748; x_wconf 92' lang='lat' dir='ltr'><strong>sui</strong></span> <span class='ocrx_word' id='word_1_206' title='bbox 1415 720 1523 755; x_wconf 87' lang='lat' dir='ltr'><strong>generis</strong></span> <span class='ocrx_word' id='word_1_207' title='bbox 1538 720 1563 747; x_wconf 92' lang='lat' dir='ltr'><strong>iu</strong></span> <span class='ocrx_word' id='word_1_208' title='bbox 1581 728 1628 747; x_wconf 91' lang='lat' dir='ltr'><strong>sua</strong></span> <span class='ocrx_word' id='word_1_209' title='bbox 1643 719 1738 755; x_wconf 82' lang='lat' dir='ltr'><strong>elligie.</strong></span> 
     </span>
    </p>
   </div>
   <div class='ocr_carea' id='block_1_31' title="bbox 952 766 1739 802">
    <p class='ocr_par' dir='ltr' id='par_1_31' title="bbox 952 766 1739 802">
     <span class='ocr_line' id='line_1_31' title="bbox 952 766 1739 802; baseline -0.004 -7"><span class='ocrx_word' id='word_1_210' title='bbox 952 766 1004 795; x_wconf 85' lang='lat' dir='ltr'><strong>Sed</strong></span> <span class='ocrx_word' id='word_1_211' title='bbox 1023 772 1049 794; x_wconf 91' lang='lat' dir='ltr'><strong>et</strong></span> <span class='ocrx_word' id='word_1_212' title='bbox 1065 767 1210 794; x_wconf 81' lang='lat' dir='ltr'><strong>invisibilia</strong></span> <span class='ocrx_word' id='word_1_213' title='bbox 1227 767 1272 794; x_wconf 93' lang='lat' dir='ltr'><strong>illa</strong></span> <span class='ocrx_word' id='word_1_214' title='bbox 1288 774 1457 802; x_wconf 61' lang='lat' dir='ltr'><strong>quascunque</strong></span> <span class='ocrx_word' id='word_1_215' title='bbox 1468 770 1541 798; x_wconf 86' lang='lat' dir='ltr'><strong>sunt,</strong></span> <span class='ocrx_word' id='word_1_216' title='bbox 1554 766 1657 793; x_wconf 84' lang='lat' dir='ltr'><strong>habent</strong></span> <span class='ocrx_word' id='word_1_217' title='bbox 1669 766 1739 801; x_wconf 87' lang='lat' dir='ltr'><strong>apud</strong></span> 
     </span>
    </p>
   </div>
   <div class='ocr_carea' id='block_1_32' title="bbox 952 811 1740 846">
    <p class='ocr_par' dir='ltr' id='par_1_32' title="bbox 952 811 1740 846">
     <span class='ocr_line' id='line_1_32' title="bbox 952 811 1740 846; baseline -0.003 -7"><span class='ocrx_word' id='word_1_218' title='bbox 952 812 1034 839; x_wconf 83' lang='lat' dir='ltr'><strong>Deum</strong></span> <span class='ocrx_word' id='word_1_219' title='bbox 1050 817 1077 839; x_wconf 87' lang='lat' dir='ltr'><strong>et</strong></span> <span class='ocrx_word' id='word_1_220' title='bbox 1097 819 1176 839; x_wconf 90' lang='lat' dir='ltr'><strong>suum</strong></span> <span class='ocrx_word' id='word_1_221' title='bbox 1191 819 1291 845; x_wconf 88' lang='lat' dir='ltr'><strong>corpus</strong></span> <span class='ocrx_word' id='word_1_222' title='bbox 1303 832 1310 844; x_wconf 93' lang='lat'><strong>,</strong></span> <span class='ocrx_word' id='word_1_223' title='bbox 1328 817 1355 839; x_wconf 91' lang='lat' dir='ltr'><strong>et</strong></span> <span class='ocrx_word' id='word_1_224' title='bbox 1369 819 1446 839; x_wconf 89' lang='lat' dir='ltr'><strong>suam</strong></span> <span class='ocrx_word' id='word_1_225' title='bbox 1464 811 1591 843; x_wconf 79' lang='lat' dir='ltr'><strong>formam,</strong></span> <span class='ocrx_word' id='word_1_226' title='bbox 1611 818 1660 846; x_wconf 87' lang='lat' dir='ltr'><strong>per</strong></span> <span class='ocrx_word' id='word_1_227' title='bbox 1679 819 1740 846; x_wconf 78' lang='lat' dir='ltr'><strong>qua:</strong></span> 
     </span>
    </p>
   </div>
   <div class='ocr_carea' id='block_1_33' title="bbox 105 856 1740 894">
    <p class='ocr_par' dir='ltr' id='par_1_33' title="bbox 105 856 1740 894">
     <span class='ocr_line' id='line_1_33' title="bbox 105 856 1740 894; baseline -0.001 -9"><span class='ocrx_word' id='word_1_228' title='bbox 105 866 240 894; x_wconf 85' lang='lat' dir='ltr'><strong>ronymus</strong></span> <span class='ocrx_word' id='word_1_229' title='bbox 255 858 340 884; x_wconf 89' lang='lat' dir='ltr'><strong>Deum</strong></span> <span class='ocrx_word' id='word_1_230' title='bbox 358 856 439 884; x_wconf 93' lang='lat' dir='ltr'><strong>unius</strong></span> <span class='ocrx_word' id='word_1_231' title='bbox 450 861 477 884; x_wconf 90' lang='lat' dir='ltr'><strong>et</strong></span> <span class='ocrx_word' id='word_1_232' title='bbox 492 857 613 892; x_wconf 87' lang='lat' dir='ltr'><strong>ejusdem</strong></span> <span class='ocrx_word' id='word_1_233' title='bbox 628 859 787 886; x_wconf 61' lang='lat' dir='ltr'><strong>substantiae</strong></span> <span class='ocrx_word' id='word_1_234' title='bbox 806 868 839 888; x_wconf 89' lang='lat' dir='ltr'><strong>ac</strong></span> <span class='ocrx_word' id='word_1_235' title='bbox 855 869 898 888; x_wconf 88' lang='lat' dir='ltr'><strong>res</strong></span> <span class='ocrx_word' id='word_1_236' title='bbox 914 859 934 885; x_wconf 82' lang='grc' dir='ltr'><strong>Β</strong></span> <span class='ocrx_word' id='word_1_237' title='bbox 950 858 999 885; x_wconf 85' lang='lat' dir='ltr'><strong>soli</strong></span> <span class='ocrx_word' id='word_1_238' title='bbox 1013 858 1081 885; x_wconf 71' lang='lat' dir='ltr'><strong>~Deo</strong></span> <span class='ocrx_word' id='word_1_239' title='bbox 1110 857 1228 885; x_wconf 89' lang='lat' dir='ltr'><strong>visibilia</strong></span> <span class='ocrx_word' id='word_1_240' title='bbox 1253 862 1317 885; x_wconf 86' lang='lat' dir='ltr'><strong>sunt</strong></span> <span class='ocrx_word' id='word_1_241' title='bbox 1331 867 1338 891; x_wconf 86' lang='lat'><strong>;</strong></span> <span class='ocrx_word' id='word_1_242' title='bbox 1370 861 1472 892; x_wconf 90' lang='lat' dir='ltr'><strong>quanto</strong></span> <span class='ocrx_word' id='word_1_243' title='bbox 1496 857 1582 891; x_wconf 83' lang='lat' dir='ltr'><strong>magis</strong></span> <span class='ocrx_word' id='word_1_244' title='bbox 1609 857 1680 892; x_wconf 90' lang='lat' dir='ltr'><strong>quod</strong></span> <span class='ocrx_word' id='word_1_245' title='bbox 1706 864 1740 884; x_wconf 77' lang='lat' dir='ltr'><strong>ex</strong></span> 
     </span>
    </p>
   </div>
   <div class='ocr_carea' id='block_1_34' title="bbox 106 904 897 941">
    <p class='ocr_par' dir='ltr' id='par_1_34' title="bbox 106 904 897 941">
     <span class='ocr_line' id='line_1_34' title="bbox 106 904 897 941; baseline 0.003 -9"><span class='ocrx_word' id='word_1_246' title='bbox 106 905 215 932; x_wconf 84' lang='lat' dir='ltr'><strong>ratione</strong></span> <span class='ocrx_word' id='word_1_247' title='bbox 226 904 353 939; x_wconf 74' lang='lat' dir='ltr'><strong>praeditas</strong></span> <span class='ocrx_word' id='word_1_248' title='bbox 361 904 554 931; x_wconf 82' lang='lat' dir='ltr'><strong>Adamantium</strong></span> <span class='ocrx_word' id='word_1_249' title='bbox 569 904 703 938; x_wconf 90' lang='lat' dir='ltr'><strong>posuisse,</strong></span> <span class='ocrx_word' id='word_1_250' title='bbox 716 905 775 940; x_wconf 90' lang='lat' dir='ltr'><strong>pari</strong></span> <span class='ocrx_word' id='word_1_251' title='bbox 789 913 897 941; x_wconf 89' lang='lat' dir='ltr'><strong>respon-</strong></span> 
     </span>
    </p>
   </div>
   <div class='ocr_carea' id='block_1_35' title="bbox 104 944 895 985">
    <p class='ocr_par' dir='ltr' id='par_1_35' title="bbox 104 944 895 985">
     <span class='ocr_line' id='line_1_35' title="bbox 104 944 895 985; baseline 0 -6"><span class='ocrx_word' id='word_1_252' title='bbox 104 952 184 979; x_wconf 81' lang='lat' dir='ltr'><strong>sione</strong></span> <span class='ocrx_word' id='word_1_253' title='bbox 202 950 373 982; x_wconf 88' lang='lat' dir='ltr'><strong>dissolvitur;</strong></span> <span class='ocrx_word' id='word_1_254' title='bbox 391 949 416 976; x_wconf 93' lang='lat' dir='ltr'><strong>in</strong></span> <span class='ocrx_word' id='word_1_255' title='bbox 434 957 467 976; x_wconf 90' lang='lat' dir='ltr'><strong>eo</strong></span> <span class='ocrx_word' id='word_1_256' title='bbox 480 949 540 977; x_wconf 83' lang='lat' dir='ltr'><strong>illas</strong></span> <span class='ocrx_word' id='word_1_257' title='bbox 555 944 704 978; x_wconf 87' lang='lat' dir='ltr'><strong>convenire</strong></span> <span class='ocrx_word' id='word_1_258' title='bbox 717 951 895 985; x_wconf 83' lang='lat' dir='ltr'><strong>substantias,</strong></span> 
     </span>
    </p>
   </div>
   <div class='ocr_carea' id='block_1_36' title="bbox 105 995 897 1032">
    <p class='ocr_par' dir='ltr' id='par_1_36' title="bbox 105 995 897 1032">
     <span class='ocr_line' id='line_1_36' title="bbox 105 995 897 1032; baseline 0 -8"><span class='ocrx_word' id='word_1_259' title='bbox 105 997 178 1032; x_wconf 89' lang='lat' dir='ltr'><strong>quod</strong></span> <span class='ocrx_word' id='word_1_260' title='bbox 196 997 250 1023; x_wconf 90' lang='lat' dir='ltr'><strong>sint</strong></span> <span class='ocrx_word' id='word_1_261' title='bbox 264 996 357 1031; x_wconf 75' lang='grc' dir='ltr'><strong>νοεραὶ</strong></span> <span class='ocrx_word' id='word_1_262' title='bbox 377 1000 404 1022; x_wconf 89' lang='lat' dir='ltr'><strong>et</strong></span> <span class='ocrx_word' id='word_1_263' title='bbox 423 995 541 1029; x_wconf 77' lang='grc' dir='ltr'><strong>λογικαὶ,</strong></span> <span class='ocrx_word' id='word_1_264' title='bbox 555 1002 616 1022; x_wconf 90' lang='lat' dir='ltr'><strong>cum</strong></span> <span class='ocrx_word' id='word_1_265' title='bbox 636 995 798 1024; x_wconf 88' lang='lat' dir='ltr'><strong>intmensum</strong></span> <span class='ocrx_word' id='word_1_266' title='bbox 817 1002 897 1024; x_wconf 67' lang='lat' dir='ltr'><strong>caete-</strong></span> 
     </span>
    </p>
   </div>
   <div class='ocr_carea' id='block_1_37' title="bbox 105 1040 896 1077">
    <p class='ocr_par' dir='ltr' id='par_1_37' title="bbox 105 1040 896 1077">
     <span class='ocr_line' id='line_1_37' title="bbox 105 1040 896 1077; baseline -0.001 -7"><span class='ocrx_word' id='word_1_267' title='bbox 105 1042 205 1077; x_wconf 90' lang='lat' dir='ltr'><strong>roquin</strong></span> <span class='ocrx_word' id='word_1_268' title='bbox 223 1041 358 1069; x_wconf 79' lang='lat' dir='ltr'><strong>dillerant.</strong></span> <span class='ocrx_word' id='word_1_269' title='bbox 375 1040 479 1067; x_wconf 85' lang='lat' dir='ltr'><strong>Firmat</strong></span> <span class='ocrx_word' id='word_1_270' title='bbox 497 1040 568 1067; x_wconf 86' lang='lat' dir='ltr'><strong>hanc</strong></span> <span class='ocrx_word' id='word_1_271' title='bbox 589 1041 797 1075; x_wconf 82' lang='lat' dir='ltr'><strong>responsionem</strong></span> <span class='ocrx_word' id='word_1_272' title='bbox 819 1041 896 1070; x_wconf 88' lang='lat' dir='ltr'><strong>locus</strong></span> 
     </span>
    </p>
   </div>
   <div class='ocr_carea' id='block_1_38' title="bbox 104 1083 896 1121">
    <p class='ocr_par' dir='ltr' id='par_1_38' title="bbox 104 1083 896 1121">
     <span class='ocr_line' id='line_1_38' title="bbox 104 1083 896 1121; baseline 0.001 -8"><span class='ocrx_word' id='word_1_273' title='bbox 104 1087 167 1121; x_wconf 89' lang='lat' dir='ltr'><strong>ipse</strong></span> <span class='ocrx_word' id='word_1_274' title='bbox 189 1085 314 1120; x_wconf 86' lang='lat' dir='ltr'><strong>Origenis</strong></span> <span class='ocrx_word' id='word_1_275' title='bbox 339 1092 419 1119; x_wconf 88' lang='lat' dir='ltr'><strong>quem</strong></span> <span class='ocrx_word' id='word_1_276' title='bbox 443 1083 523 1112; x_wconf 79' lang='lat' dir='ltr'><strong>affert</strong></span> <span class='ocrx_word' id='word_1_277' title='bbox 545 1084 727 1120; x_wconf 78' lang='lat' dir='ltr'><strong>Hieronymus</strong></span> <span class='ocrx_word' id='word_1_278' title='bbox 749 1093 783 1113; x_wconf 85' lang='lat' dir='ltr'><strong>ex</strong></span> <span class='ocrx_word' id='word_1_279' title='bbox 801 1086 847 1114; x_wconf 90' lang='lat' dir='ltr'><strong>lib.</strong></span> <span class='ocrx_word' id='word_1_280' title='bbox 869 1095 896 1114; x_wconf 92' lang='lat' dir='ltr'><strong>tv</strong></span> 
     </span>
    </p>
   </div>
   <div class='ocr_carea' id='block_1_39' title="bbox 102 1129 895 1166">
    <p class='ocr_par' dir='ltr' id='par_1_39' title="bbox 102 1129 895 1166">
     <span class='ocr_line' id='line_1_39' title="bbox 102 1129 895 1166; baseline 0 -8"><span class='ocrx_word' id='word_1_281' title='bbox 102 1131 178 1166; x_wconf 76' lang='grc' dir='ltr'><strong>Περὶ</strong></span> <span class='ocrx_word' id='word_1_282' title='bbox 202 1130 313 1166; x_wconf 83' lang='grc' dir='ltr'><strong>ἀρχῶν.</strong></span> <span class='ocrx_word' id='word_1_283' title='bbox 342 1138 416 1157; x_wconf 90' lang='lat' dir='ltr'><strong>num.</strong></span> <span class='ocrx_word' id='word_1_284' title='bbox 446 1130 492 1157; x_wconf 76' lang='grc'><strong>56.</strong></span> <span class='ocrx_word' id='word_1_285' title='bbox 521 1129 774 1163; x_wconf 79' lang='lat' dir='ltr'><strong>tlntelleclualem,</strong></span> <span class='ocrx_word' id='word_1_286' title='bbox 797 1131 895 1166; x_wconf 89' lang='lat' dir='ltr'><strong>inquit,</strong></span> 
     </span>
    </p>
   </div>
   <div class='ocr_carea' id='block_1_40' title="bbox 102 1176 897 1212">
    <p class='ocr_par' dir='ltr' id='par_1_40' title="bbox 102 1176 897 1212">
     <span class='ocr_line' id='line_1_40' title="bbox 102 1176 897 1212; baseline 0 -7"><span class='ocrx_word' id='word_1_287' title='bbox 102 1177 353 1210; x_wconf 82' lang='lat' dir='ltr'><strong>rationabiletnque</strong></span> <span class='ocrx_word' id='word_1_288' title='bbox 366 1183 490 1204; x_wconf 89' lang='lat' dir='ltr'><strong>naturam</strong></span> <span class='ocrx_word' id='word_1_289' title='bbox 511 1176 598 1204; x_wconf 83' lang='lat' dir='ltr'><strong>sentit</strong></span> <span class='ocrx_word' id='word_1_290' title='bbox 617 1176 688 1204; x_wconf 88' lang='lat' dir='ltr'><strong>Deus</strong></span> <span class='ocrx_word' id='word_1_291' title='bbox 700 1197 708 1209; x_wconf 89' lang='lat'><strong>,</strong></span> <span class='ocrx_word' id='word_1_292' title='bbox 726 1182 753 1204; x_wconf 90' lang='lat' dir='ltr'><strong>et</strong></span> <span class='ocrx_word' id='word_1_293' title='bbox 773 1177 897 1212; x_wconf 87' lang='lat' dir='ltr'><strong>unigeni-</strong></span> 
     </span>
    </p>
   </div>
   <div class='ocr_carea' id='block_1_41' title="bbox 103 1222 895 1258">
    <p class='ocr_par' dir='ltr' id='par_1_41' title="bbox 103 1222 895 1258">
     <span class='ocr_line' id='line_1_41' title="bbox 103 1222 895 1258; baseline -0.001 -7"><span class='ocrx_word' id='word_1_294' title='bbox 103 1229 151 1251; x_wconf 87' lang='lat' dir='ltr'><strong>tus</strong></span> <span class='ocrx_word' id='word_1_295' title='bbox 159 1223 246 1251; x_wconf 88' lang='lat' dir='ltr'><strong>Filius</strong></span> <span class='ocrx_word' id='word_1_296' title='bbox 261 1223 330 1257; x_wconf 85' lang='lat' dir='ltr'><strong>ejus,</strong></span> <span class='ocrx_word' id='word_1_297' title='bbox 343 1227 371 1250; x_wconf 92' lang='lat' dir='ltr'><strong>et</strong></span> <span class='ocrx_word' id='word_1_298' title='bbox 387 1222 505 1257; x_wconf 86' lang='lat' dir='ltr'><strong>Spiritus</strong></span> <span class='ocrx_word' id='word_1_299' title='bbox 515 1229 644 1256; x_wconf 89' lang='lat' dir='ltr'><strong>sanctus;</strong></span> <span class='ocrx_word' id='word_1_300' title='bbox 663 1223 784 1250; x_wconf 90' lang='lat' dir='ltr'><strong>sentiunt</strong></span> <span class='ocrx_word' id='word_1_301' title='bbox 796 1223 895 1258; x_wconf 85' lang='lat' dir='ltr'><strong>angeli,</strong></span> 
     </span>
    </p>
   </div>
   <div class='ocr_carea' id='block_1_42' title="bbox 103 1269 898 1306">
    <p class='ocr_par' dir='ltr' id='par_1_42' title="bbox 103 1269 898 1306">
     <span class='ocr_line' id='line_1_42' title="bbox 103 1269 898 1306; baseline -0.004 -8"><span class='ocrx_word' id='word_1_302' title='bbox 103 1277 134 1298; x_wconf 86' lang='lat' dir='ltr'><strong>et</strong></span> <span class='ocrx_word' id='word_1_303' title='bbox 150 1274 318 1306; x_wconf 82' lang='lat' dir='ltr'><strong>potestates,</strong></span> <span class='ocrx_word' id='word_1_304' title='bbox 335 1274 497 1303; x_wconf 60' lang='lat' dir='ltr'><strong>exterasque</strong></span> <span class='ocrx_word' id='word_1_305' title='bbox 519 1269 656 1301; x_wconf 87' lang='lat' dir='ltr'><strong>virtutes;</strong></span> <span class='ocrx_word' id='word_1_306' title='bbox 681 1269 764 1296; x_wconf 88' lang='lat' dir='ltr'><strong>sentit</strong></span> <span class='ocrx_word' id='word_1_307' title='bbox 784 1269 898 1296; x_wconf 88' lang='lat' dir='ltr'><strong>interior</strong></span> 
     </span>
    </p>
   </div>
   <div class='ocr_carea' id='block_1_43' title="bbox 104 1314 898 1350">
    <p class='ocr_par' dir='ltr' id='par_1_43' title="bbox 104 1314 898 1350">
     <span class='ocr_line' id='line_1_43' title="bbox 104 1314 898 1350; baseline -0.003 -6"><span class='ocrx_word' id='word_1_308' title='bbox 104 1317 203 1349; x_wconf 89' lang='lat' dir='ltr'><strong>homo,</strong></span> <span class='ocrx_word' id='word_1_309' title='bbox 220 1316 266 1350; x_wconf 90' lang='lat' dir='ltr'><strong>qui</strong></span> <span class='ocrx_word' id='word_1_310' title='bbox 284 1316 317 1342; x_wconf 81' lang='lat' dir='ltr'><strong>ad</strong></span> <span class='ocrx_word' id='word_1_311' title='bbox 335 1315 481 1349; x_wconf 80' lang='lat' dir='ltr'><strong>imaginem</strong></span> <span class='ocrx_word' id='word_1_312' title='bbox 496 1318 524 1342; x_wconf 91' lang='lat' dir='ltr'><strong>et</strong></span> <span class='ocrx_word' id='word_1_313' title='bbox 539 1314 746 1342; x_wconf 86' lang='lat' dir='ltr'><strong>similitudinem</strong></span> <span class='ocrx_word' id='word_1_314' title='bbox 763 1314 810 1342; x_wconf 90' lang='lat' dir='ltr'><strong>Dei</strong></span> <span class='ocrx_word' id='word_1_315' title='bbox 831 1322 898 1342; x_wconf 89' lang='lat' dir='ltr'><strong>con—</strong></span> 
     </span>
    </p>
   </div>
   <div class='ocr_carea' id='block_1_44' title="bbox 103 1360 897 1396">
    <p class='ocr_par' dir='ltr' id='par_1_44' title="bbox 103 1360 897 1396">
     <span class='ocr_line' id='line_1_44' title="bbox 103 1360 897 1396; baseline -0.004 -6"><span class='ocrx_word' id='word_1_316' title='bbox 103 1363 182 1390; x_wconf 74' lang='lat' dir='ltr'><strong>ditus</strong></span> <span class='ocrx_word' id='word_1_317' title='bbox 205 1367 258 1390; x_wconf 89' lang='lat' dir='ltr'><strong>est.</strong></span> <span class='ocrx_word' id='word_1_318' title='bbox 281 1361 320 1388; x_wconf 81' lang='lat' dir='ltr'><strong>Ex</strong></span> <span class='ocrx_word' id='word_1_319' title='bbox 335 1368 390 1396; x_wconf 85' lang='lat' dir='ltr'><strong>quo</strong></span> <span class='ocrx_word' id='word_1_320' title='bbox 405 1360 577 1388; x_wconf 86' lang='lat' dir='ltr'><strong>concluditur</strong></span> <span class='ocrx_word' id='word_1_321' title='bbox 596 1361 679 1387; x_wconf 89' lang='lat' dir='ltr'><strong>Deum</strong></span> <span class='ocrx_word' id='word_1_322' title='bbox 698 1365 726 1387; x_wconf 91' lang='lat' dir='ltr'><strong>et</strong></span> <span class='ocrx_word' id='word_1_323' title='bbox 746 1361 805 1388; x_wconf 66' lang='lat' dir='ltr'><strong>haec</strong></span> <span class='ocrx_word' id='word_1_324' title='bbox 830 1368 897 1395; x_wconf 87' lang='lat' dir='ltr'><strong>quo-</strong></span> 
     </span>
    </p>
   </div>
   <div class='ocr_carea' id='block_1_45' title="bbox 103 1406 894 1439">
    <p class='ocr_par' dir='ltr' id='par_1_45' title="bbox 103 1406 894 1439">
     <span class='ocr_line' id='line_1_45' title="bbox 103 1406 894 1439; baseline -0.001 -4"><span class='ocrx_word' id='word_1_325' title='bbox 103 1408 255 1437; x_wconf 86' lang='lat' dir='ltr'><strong>dammodo</strong></span> <span class='ocrx_word' id='word_1_326' title='bbox 276 1408 356 1435; x_wconf 88' lang='lat' dir='ltr'><strong>unius</strong></span> <span class='ocrx_word' id='word_1_327' title='bbox 380 1415 442 1435; x_wconf 88' lang='lat' dir='ltr'><strong>esse</strong></span> <span class='ocrx_word' id='word_1_328' title='bbox 466 1407 636 1435; x_wconf 63' lang='lat' dir='ltr'><strong>substantia.</strong></span> <span class='ocrx_word' id='word_1_329' title='bbox 646 1406 868 1439; x_wconf 86' lang='lat' dir='ltr'><strong>Quodammodo,</strong></span> <span class='ocrx_word' id='word_1_330' title='bbox 885 1417 894 1434; x_wconf 73' lang='grc' dir='ltr'><strong><em>ι</em></strong></span> 
     </span>
    </p>
   </div>
   <div class='ocr_carea' id='block_1_46' title="bbox 104 1451 897 1489">
    <p class='ocr_par' dir='ltr' id='par_1_46' title="bbox 104 1451 897 1489">
     <span class='ocr_line' id='line_1_46' title="bbox 104 1451 897 1489; baseline -0.001 -7"><span class='ocrx_word' id='word_1_331' title='bbox 104 1455 134 1483; x_wconf 86' lang='lat' dir='ltr'><strong>id</strong></span> <span class='ocrx_word' id='word_1_332' title='bbox 151 1459 206 1489; x_wconf 84' lang='lat' dir='ltr'><strong>est,</strong></span> <span class='ocrx_word' id='word_1_333' title='bbox 224 1454 315 1489; x_wconf 83' lang='lat' dir='ltr'><strong>aliqua</strong></span> <span class='ocrx_word' id='word_1_334' title='bbox 330 1461 362 1481; x_wconf 85' lang='lat' dir='ltr'><strong>ex</strong></span> <span class='ocrx_word' id='word_1_335' title='bbox 376 1458 471 1489; x_wconf 87' lang='lat' dir='ltr'><strong>parte;</strong></span> <span class='ocrx_word' id='word_1_336' title='bbox 486 1454 557 1488; x_wconf 85' lang='lat' dir='ltr'><strong>quod</strong></span> <span class='ocrx_word' id='word_1_337' title='bbox 567 1453 601 1480; x_wconf 87' lang='lat' dir='ltr'><strong>ad</strong></span> <span class='ocrx_word' id='word_1_338' title='bbox 613 1451 794 1488; x_wconf 76' lang='lat' dir='ltr'><strong>ell‘ugiendum</strong></span> <span class='ocrx_word' id='word_1_339' title='bbox 809 1453 897 1481; x_wconf 85' lang='lat' dir='ltr'><strong>sacri-</strong></span> 
     </span>
    </p>
   </div>
   <div class='ocr_carea' id='block_1_47' title="bbox 355 1534 650 1568">
    <p class='ocr_par' dir='ltr' id='par_1_47' title="bbox 355 1534 650 1568">
     <span class='ocr_line' id='line_1_47' title="bbox 355 1534 650 1568; baseline -0.003 -5"><span class='ocrx_word' id='word_1_340' title='bbox 355 1534 650 1568; x_wconf 61' lang='lat' dir='ltr'><strong>QUIESTIOII.</strong></span> 
     </span>
    </p>
   </div>
   <div class='ocr_carea' id='block_1_48' title="bbox 303 1578 703 1599">
    <p class='ocr_par' dir='ltr' id='par_1_48' title="bbox 303 1578 703 1599">
     <span class='ocr_line' id='line_1_48' title="bbox 303 1578 703 1599; baseline 0.003 -1"><span class='ocrx_word' id='word_1_341' title='bbox 303 1578 337 1598; x_wconf 75' lang='lat' dir='ltr'><strong>DE</strong></span> <span class='ocrx_word' id='word_1_342' title='bbox 356 1578 528 1599; x_wconf 71' lang='lat' dir='ltr'><strong>SANCTISSIMA</strong></span> <span class='ocrx_word' id='word_1_343' title='bbox 544 1579 703 1599; x_wconf 76' lang='lat' dir='ltr'><strong>&#39;I&#39;BINITA&#39;I&#39;E.</strong></span> 
     </span>
    </p>
   </div>
   <div class='ocr_carea' id='block_1_49' title="bbox 101 1614 898 1652">
    <p class='ocr_par' dir='ltr' id='par_1_49' title="bbox 101 1614 898 1652">
     <span class='ocr_line' id='line_1_49' title="bbox 101 1614 898 1652; baseline 0.004 -9"><span class='ocrx_word' id='word_1_344' title='bbox 101 1614 126 1643; x_wconf 89' lang='lat' dir='ltr'><strong>I.</strong></span> <span class='ocrx_word' id='word_1_345' title='bbox 154 1616 190 1642; x_wconf 87' lang='lat' dir='ltr'><strong>In</strong></span> <span class='ocrx_word' id='word_1_346' title='bbox 215 1616 312 1644; x_wconf 80' lang='lat' dir='ltr'><strong>multos</strong></span> <span class='ocrx_word' id='word_1_347' title='bbox 340 1617 411 1644; x_wconf 87' lang='lat' dir='ltr'><strong>circa</strong></span> <span class='ocrx_word' id='word_1_348' title='bbox 430 1616 460 1644; x_wconf 90' lang='lat' dir='ltr'><strong>S.</strong></span> <span class='ocrx_word' id='word_1_349' title='bbox 475 1616 614 1644; x_wconf 72' lang='lat' dir='ltr'><strong>Trinitatis</strong></span> <span class='ocrx_word' id='word_1_350' title='bbox 627 1617 778 1652; x_wconf 83' lang='lat' dir='ltr'><strong>mysterium</strong></span> <span class='ocrx_word' id='word_1_351' title='bbox 799 1626 898 1646; x_wconf 79' lang='lat' dir='ltr'><strong>errores</strong></span> 
     </span>
    </p>
   </div>
   <div class='ocr_carea' id='block_1_50' title="bbox 138 1651 900 1687">
    <p class='ocr_par' dir='ltr' id='par_1_50' title="bbox 138 1651 900 1687">
     <span class='ocr_line' id='line_1_50' title="bbox 138 1651 900 1687; baseline 0.004 -10"><span class='ocrx_word' id='word_1_352' title='bbox 138 1651 269 1678; x_wconf 76' lang='lat' dir='ltr'><strong>incidisse</strong></span> <span class='ocrx_word' id='word_1_353' title='bbox 290 1651 374 1687; x_wconf 74' lang='lat' dir='ltr'><strong>fertur</strong></span> <span class='ocrx_word' id='word_1_354' title='bbox 395 1652 538 1687; x_wconf 83' lang='lat' dir='ltr'><strong>Origenes,</strong></span> <span class='ocrx_word' id='word_1_355' title='bbox 561 1651 671 1687; x_wconf 84' lang='lat' dir='ltr'><strong>quorum</strong></span> <span class='ocrx_word' id='word_1_356' title='bbox 691 1654 838 1686; x_wconf 78' lang='lat' dir='ltr'><strong>gravissimi</strong></span> <span class='ocrx_word' id='word_1_357' title='bbox 853 1662 900 1680; x_wconf 76' lang='lat' dir='ltr'><strong>no-</strong></span> 
     </span>
    </p>
   </div>
   <div class='ocr_carea' id='block_1_51' title="bbox 140 1686 898 1722">
    <p class='ocr_par' dir='ltr' id='par_1_51' title="bbox 140 1686 898 1722">
     <span class='ocr_line' id='line_1_51' title="bbox 140 1686 898 1722; baseline 0.001 -9"><span class='ocrx_word' id='word_1_358' title='bbox 140 1692 245 1713; x_wconf 88' lang='lat' dir='ltr'><strong>tantur.</strong></span> <span class='ocrx_word' id='word_1_359' title='bbox 257 1687 286 1713; x_wconf 96' lang='lat' dir='ltr'><strong>ll.</strong></span> <span class='ocrx_word' id='word_1_360' title='bbox 300 1686 357 1714; x_wconf 79' lang='lat' dir='ltr'><strong>Hoc</strong></span> <span class='ocrx_word' id='word_1_361' title='bbox 370 1686 472 1714; x_wconf 84' lang='lat' dir='ltr'><strong>nomine</strong></span> <span class='ocrx_word' id='word_1_362' title='bbox 485 1686 593 1722; x_wconf 80' lang='lat' dir='ltr'><strong>Patrum</strong></span> <span class='ocrx_word' id='word_1_363' title='bbox 607 1688 749 1714; x_wconf 87' lang='lat' dir='ltr'><strong>multorum</strong></span> <span class='ocrx_word' id='word_1_364' title='bbox 761 1689 898 1722; x_wconf 79' lang='lat' dir='ltr'><strong>reprelien-</strong></span> 
     </span>
    </p>
   </div>
   <div class='ocr_carea' id='block_1_52' title="bbox 139 1721 898 1757">
    <p class='ocr_par' dir='ltr' id='par_1_52' title="bbox 139 1721 898 1757">
     <span class='ocr_line' id='line_1_52' title="bbox 139 1721 898 1757; baseline 0.004 -10"><span class='ocrx_word' id='word_1_365' title='bbox 139 1722 228 1748; x_wconf 75' lang='lat' dir='ltr'><strong>siones</strong></span> <span class='ocrx_word' id='word_1_366' title='bbox 241 1728 361 1756; x_wconf 64' lang='lat' dir='ltr'><strong>expertus</strong></span> <span class='ocrx_word' id='word_1_367' title='bbox 377 1727 425 1749; x_wconf 82' lang='lat' dir='ltr'><strong>est.</strong></span> <span class='ocrx_word' id='word_1_368' title='bbox 437 1722 479 1750; x_wconf 90' lang='lat' dir='ltr'><strong>III.</strong></span> <span class='ocrx_word' id='word_1_369' title='bbox 500 1721 595 1748; x_wconf 89' lang='lat' dir='ltr'><strong>Utrum</strong></span> <span class='ocrx_word' id='word_1_370' title='bbox 608 1722 637 1749; x_wconf 84' lang='lat' dir='ltr'><strong>S.</strong></span> <span class='ocrx_word' id='word_1_371' title='bbox 656 1722 792 1749; x_wconf 85' lang='lat' dir='ltr'><strong>Trinitatis</strong></span> <span class='ocrx_word' id='word_1_372' title='bbox 809 1731 898 1757; x_wconf 83' lang='lat' dir='ltr'><strong>perso-</strong></span> 
     </span>
    </p>
   </div>
   <div class='ocr_carea' id='block_1_53' title="bbox 139 1757 898 1792">
    <p class='ocr_par' dir='ltr' id='par_1_53' title="bbox 139 1757 898 1792">
     <span class='ocr_line' id='line_1_53' title="bbox 139 1757 898 1792; baseline 0.005 -10"><span class='ocrx_word' id='word_1_373' title='bbox 139 1764 192 1783; x_wconf 82' lang='lat' dir='ltr'><strong>nas</strong></span> <span class='ocrx_word' id='word_1_374' title='bbox 211 1758 359 1784; x_wconf 82' lang='lat' dir='ltr'><strong>substantia</strong></span> <span class='ocrx_word' id='word_1_375' title='bbox 376 1759 483 1792; x_wconf 81' lang='lat' dir='ltr'><strong>dif/erre</strong></span> <span class='ocrx_word' id='word_1_376' title='bbox 500 1758 623 1791; x_wconf 75' lang='lat' dir='ltr'><strong>opinatus</strong></span> <span class='ocrx_word' id='word_1_377' title='bbox 640 1757 685 1785; x_wconf 80' lang='lat' dir='ltr'><strong>sit.</strong></span> <span class='ocrx_word' id='word_1_378' title='bbox 701 1757 745 1784; x_wconf 91' lang='lat' dir='ltr'><strong>IV.</strong></span> <span class='ocrx_word' id='word_1_379' title='bbox 763 1757 898 1786; x_wconf 86' lang='lat' dir='ltr'><strong>Nonnulla</strong></span> 
     </span>
    </p>
   </div>
   <div class='ocr_carea' id='block_1_54' title="bbox 140 1791 897 1828">
    <p class='ocr_par' dir='ltr' id='par_1_54' title="bbox 140 1791 897 1828">
     <span class='ocr_line' id='line_1_54' title="bbox 140 1791 897 1828; baseline 0.003 -11"><span class='ocrx_word' id='word_1_380' title='bbox 140 1793 171 1818; x_wconf 85' lang='lat' dir='ltr'><strong>in</strong></span> <span class='ocrx_word' id='word_1_381' title='bbox 191 1793 248 1827; x_wconf 77' lang='lat' dir='ltr'><strong>ejus</strong></span> <span class='ocrx_word' id='word_1_382' title='bbox 270 1792 445 1828; x_wconf 72' lang='lat' dir='ltr'><strong>defensionem</strong></span> <span class='ocrx_word' id='word_1_383' title='bbox 465 1792 625 1828; x_wconf 68' lang='lat' dir='ltr'><strong>afferuntur.</strong></span> <span class='ocrx_word' id='word_1_384' title='bbox 653 1791 687 1828; x_wconf 40' lang='grc' dir='ltr'><strong>γέ</strong></span> <span class='ocrx_word' id='word_1_385' title='bbox 709 1792 821 1819; x_wconf 88' lang='lat' dir='ltr'><strong>Eruitur</strong></span> <span class='ocrx_word' id='word_1_386' title='bbox 838 1801 897 1828; x_wconf 87' lang='lat' dir='ltr'><strong>ger-</strong></span> 
     </span>
    </p>
   </div>
   <div class='ocr_carea' id='block_1_55' title="bbox 140 1826 896 1862">
    <p class='ocr_par' dir='ltr' id='par_1_55' title="bbox 140 1826 896 1862">
     <span class='ocr_line' id='line_1_55' title="bbox 140 1826 896 1862; baseline 0 -8"><span class='ocrx_word' id='word_1_387' title='bbox 140 1826 224 1854; x_wconf 83' lang='lat' dir='ltr'><strong>mana</strong></span> <span class='ocrx_word' id='word_1_388' title='bbox 237 1827 320 1861; x_wconf 75' lang='lat' dir='ltr'><strong>ipsius</strong></span> <span class='ocrx_word' id='word_1_389' title='bbox 342 1828 479 1854; x_wconf 71' lang='lat' dir='ltr'><strong>sententia.</strong></span> <span class='ocrx_word' id='word_1_390' title='bbox 502 1828 542 1854; x_wconf 92' lang='lat' dir='ltr'><strong>Vl.</strong></span> <span class='ocrx_word' id='word_1_391' title='bbox 560 1826 654 1854; x_wconf 85' lang='lat' dir='ltr'><strong>Utrum</strong></span> <span class='ocrx_word' id='word_1_392' title='bbox 664 1826 765 1862; x_wconf 82' lang='lat' dir='ltr'><strong>Filium</strong></span> <span class='ocrx_word' id='word_1_393' title='bbox 774 1836 819 1862; x_wconf 82' lang='lat' dir='ltr'><strong>per</strong></span> <span class='ocrx_word' id='word_1_394' title='bbox 834 1826 896 1861; x_wconf 67' lang='lat' dir='ltr'><strong>irro-</strong></span> 
     </span>
    </p>
   </div>
   <div class='ocr_carea' id='block_1_56' title="bbox 140 1861 896 1897">
    <p class='ocr_par' dir='ltr' id='par_1_56' title="bbox 140 1861 896 1897">
     <span class='ocr_line' id='line_1_56' title="bbox 140 1861 896 1897; baseline 0.003 -9"><span class='ocrx_word' id='word_1_395' title='bbox 140 1862 269 1897; x_wconf 64' lang='lat' dir='ltr'><strong>lgtionem</strong></span> <span class='ocrx_word' id='word_1_396' title='bbox 288 1863 403 1897; x_wconf 83' lang='lat' dir='ltr'><strong>genitum</strong></span> <span class='ocrx_word' id='word_1_397' title='bbox 425 1871 480 1889; x_wconf 77' lang='lat' dir='ltr'><strong>esse</strong></span> <span class='ocrx_word' id='word_1_398' title='bbox 502 1863 645 1890; x_wconf 76' lang='lat' dir='ltr'><strong>arbitratus</strong></span> <span class='ocrx_word' id='word_1_399' title='bbox 667 1861 710 1889; x_wconf 73' lang='lat' dir='ltr'><strong>sit.</strong></span> <span class='ocrx_word' id='word_1_400' title='bbox 734 1863 786 1890; x_wconf 85' lang='lat' dir='ltr'><strong>VII.</strong></span> <span class='ocrx_word' id='word_1_401' title='bbox 802 1862 896 1890; x_wconf 87' lang='lat' dir='ltr'><strong>Utrum</strong></span> 
     </span>
    </p>
   </div>
   <div class='ocr_carea' id='block_1_57' title="bbox 140 1896 896 1932">
    <p class='ocr_par' dir='ltr' id='par_1_57' title="bbox 140 1896 896 1932">
     <span class='ocr_line' id='line_1_57' title="bbox 140 1896 896 1932; baseline 0.001 -9"><span class='ocrx_word' id='word_1_402' title='bbox 140 1896 245 1924; x_wconf 85' lang='lat' dir='ltr'><strong>Filium</strong></span> <span class='ocrx_word' id='word_1_403' title='bbox 261 1896 342 1924; x_wconf 81' lang='lat' dir='ltr'><strong>Patre</strong></span> <span class='ocrx_word' id='word_1_404' title='bbox 353 1918 360 1928; x_wconf 88' lang='lat'><strong>,</strong></span> <span class='ocrx_word' id='word_1_405' title='bbox 378 1897 507 1931; x_wconf 81' lang='lat' dir='ltr'><strong>Spiritum</strong></span> <span class='ocrx_word' id='word_1_406' title='bbox 522 1902 640 1924; x_wconf 81' lang='lat' dir='ltr'><strong>sanctum</strong></span> <span class='ocrx_word' id='word_1_407' title='bbox 658 1896 730 1924; x_wconf 83' lang='lat' dir='ltr'><strong>Filio</strong></span> <span class='ocrx_word' id='word_1_408' title='bbox 746 1898 896 1932; x_wconf 78' lang='lat' dir='ltr'><strong>inferiorem</strong></span> 
     </span>
    </p>
   </div>
   <div class='ocr_carea' id='block_1_58' title="bbox 138 1932 895 1967">
    <p class='ocr_par' dir='ltr' id='par_1_58' title="bbox 138 1932 895 1967">
     <span class='ocr_line' id='line_1_58' title="bbox 138 1932 895 1967; baseline 0.001 -8"><span class='ocrx_word' id='word_1_409' title='bbox 138 1941 198 1967; x_wconf 75' lang='lat' dir='ltr'><strong>esse</strong></span> <span class='ocrx_word' id='word_1_410' title='bbox 218 1933 323 1963; x_wconf 73' lang='lat' dir='ltr'><strong>dixerit,</strong></span> <span class='ocrx_word' id='word_1_411' title='bbox 336 1932 402 1960; x_wconf 90' lang='lat' dir='ltr'><strong>VIII.</strong></span> <span class='ocrx_word' id='word_1_412' title='bbox 425 1933 462 1959; x_wconf 89' lang='lat' dir='ltr'><strong>ita</strong></span> <span class='ocrx_word' id='word_1_413' title='bbox 479 1939 505 1959; x_wconf 88' lang='lat' dir='ltr'><strong>ul</strong></span> <span class='ocrx_word' id='word_1_414' title='bbox 526 1932 647 1966; x_wconf 81' lang='lat' dir='ltr'><strong>jactatur</strong></span> <span class='ocrx_word' id='word_1_415' title='bbox 670 1941 685 1958; x_wconf 89' lang='lat' dir='ltr'><strong>a</strong></span> <span class='ocrx_word' id='word_1_416' title='bbox 698 1933 828 1967; x_wconf 76' lang='lat' dir='ltr'><strong>plurimis.</strong></span> <span class='ocrx_word' id='word_1_417' title='bbox 849 1933 895 1961; x_wconf 89' lang='lat' dir='ltr'><strong>IX.</strong></span> 
     </span>
    </p>
   </div>
   <div class='ocr_carea' id='block_1_59' title="bbox 140 1966 895 2002">
    <p class='ocr_par' dir='ltr' id='par_1_59' title="bbox 140 1966 895 2002">
     <span class='ocr_line' id='line_1_59' title="bbox 140 1966 895 2002; baseline 0.001 -8"><span class='ocrx_word' id='word_1_418' title='bbox 140 1966 288 2002; x_wconf 75' lang='lat' dir='ltr'><strong>Utriusque</strong></span> <span class='ocrx_word' id='word_1_419' title='bbox 313 1968 465 2002; x_wconf 80' lang='lat' dir='ltr'><strong>dignitatem</strong></span> <span class='ocrx_word' id='word_1_420' title='bbox 488 1968 590 1994; x_wconf 78' lang='lat' dir='ltr'><strong>videtur</strong></span> <span class='ocrx_word' id='word_1_421' title='bbox 611 1966 798 2002; x_wconf 81' lang='lat' dir='ltr'><strong>nonnunquam</strong></span> <span class='ocrx_word' id='word_1_422' title='bbox 819 1969 895 1995; x_wconf 85' lang='lat' dir='ltr'><strong>tueri.</strong></span> 
     </span>
    </p>
   </div>
   <div class='ocr_carea' id='block_1_60' title="bbox 139 2001 896 2037">
    <p class='ocr_par' dir='ltr' id='par_1_60' title="bbox 139 2001 896 2037">
     <span class='ocr_line' id='line_1_60' title="bbox 139 2001 896 2037; baseline 0.001 -8"><span class='ocrx_word' id='word_1_423' title='bbox 139 2001 178 2029; x_wconf 77' lang='grc' dir='ltr'><strong>Χ.</strong></span> <span class='ocrx_word' id='word_1_424' title='bbox 197 2002 308 2029; x_wconf 86' lang='lat' dir='ltr'><strong>Patrum</strong></span> <span class='ocrx_word' id='word_1_425' title='bbox 320 2001 464 2029; x_wconf 78' lang='lat' dir='ltr'><strong>multorum</strong></span> <span class='ocrx_word' id='word_1_426' title='bbox 486 2003 613 2037; x_wconf 70' lang='lat' dir='ltr'><strong>suffragio</strong></span> <span class='ocrx_word' id='word_1_427' title='bbox 628 2001 736 2037; x_wconf 76' lang='lat' dir='ltr'><strong>gaudet.</strong></span> <span class='ocrx_word' id='word_1_428' title='bbox 760 2002 804 2029; x_wconf 81' lang='lat' dir='ltr'><strong>XI.</strong></span> <span class='ocrx_word' id='word_1_429' title='bbox 820 2003 896 2030; x_wconf 77' lang='lat' dir='ltr'><strong>Ret-le</strong></span> 
     </span>
    </p>
   </div>
   <div class='ocr_carea' id='block_1_61' title="bbox 139 2036 894 2072">
    <p class='ocr_par' dir='ltr' id='par_1_61' title="bbox 139 2036 894 2072">
     <span class='ocr_line' id='line_1_61' title="bbox 139 2036 894 2072; baseline 0.001 -9"><span class='ocrx_word' id='word_1_430' title='bbox 139 2046 204 2064; x_wconf 82' lang='lat' dir='ltr'><strong>eum</strong></span> <span class='ocrx_word' id='word_1_431' title='bbox 224 2038 256 2063; x_wconf 88' lang='lat' dir='ltr'><strong>de</strong></span> <span class='ocrx_word' id='word_1_432' title='bbox 266 2036 338 2064; x_wconf 65' lang='lat' dir='ltr'><strong>Filii</strong></span> <span class='ocrx_word' id='word_1_433' title='bbox 356 2044 378 2064; x_wconf 93' lang='lat' dir='ltr'><strong>et</strong></span> <span class='ocrx_word' id='word_1_434' title='bbox 398 2037 511 2071; x_wconf 80' lang='lat' dir='ltr'><strong>Spiritus</strong></span> <span class='ocrx_word' id='word_1_435' title='bbox 526 2036 619 2064; x_wconf 74' lang='lat' dir='ltr'><strong>sancti</strong></span> <span class='ocrx_word' id='word_1_436' title='bbox 630 2036 767 2072; x_wconf 65' lang='lat' dir='ltr'><strong>dignitate</strong></span> <span class='ocrx_word' id='word_1_437' title='bbox 784 2039 894 2065; x_wconf 77' lang='lat' dir='ltr'><strong>semisse</strong></span> 
     </span>
    </p>
   </div>
   <div class='ocr_carea' id='block_1_62' title="bbox 140 2072 893 2100">
    <p class='ocr_par' dir='ltr' id='par_1_62' title="bbox 140 2072 893 2100">
     <span class='ocr_line' id='line_1_62' title="bbox 140 2072 893 2100; baseline 0.003 -2"><span class='ocrx_word' id='word_1_438' title='bbox 140 2072 239 2099; x_wconf 81' lang='lat' dir='ltr'><strong>Patres</strong></span> <span class='ocrx_word' id='word_1_439' title='bbox 251 2073 370 2099; x_wconf 81' lang='lat' dir='ltr'><strong>nonnulli</strong></span> <span class='ocrx_word' id='word_1_440' title='bbox 391 2077 529 2099; x_wconf 72' lang='lat' dir='ltr'><strong>testantur.</strong></span> <span class='ocrx_word' id='word_1_441' title='bbox 553 2072 610 2099; x_wconf 86' lang='lat' dir='ltr'><strong>XII.</strong></span> <span class='ocrx_word' id='word_1_442' title='bbox 629 2072 772 2099; x_wconf 84' lang='lat' dir='ltr'><strong>Platonicis</strong></span> <span class='ocrx_word' id='word_1_443' title='bbox 793 2074 893 2100; x_wconf 83' lang='lat' dir='ltr'><strong>deliriis</strong></span> 
     </span>
    </p>
   </div>
   <div class='ocr_carea' id='block_1_63' title="bbox 139 2107 892 2134">
    <p class='ocr_par' dir='ltr' id='par_1_63' title="bbox 139 2107 892 2134">
     <span class='ocr_line' id='line_1_63' title="bbox 139 2107 892 2134; baseline 0 0"><span class='ocrx_word' id='word_1_444' title='bbox 139 2109 316 2134; x_wconf 69' lang='lat' dir='ltr'><strong>orthodoxam</strong></span> <span class='ocrx_word' id='word_1_445' title='bbox 330 2107 476 2134; x_wconf 84' lang='lat' dir='ltr'><strong>doctrinam</strong></span> <span class='ocrx_word' id='word_1_446' title='bbox 490 2108 632 2134; x_wconf 75' lang='lat' dir='ltr'><strong>oblimauit.</strong></span> <span class='ocrx_word' id='word_1_447' title='bbox 648 2107 716 2134; x_wconf 91' lang='lat' dir='ltr'><strong>XIII.</strong></span> <span class='ocrx_word' id='word_1_448' title='bbox 734 2107 825 2134; x_wconf 84' lang='lat' dir='ltr'><strong>Utrum</strong></span> <span class='ocrx_word' id='word_1_449' title='bbox 840 2108 892 2134; x_wconf 87' lang='lat' dir='ltr'><strong>Pa-</strong></span> 
     </span>
    </p>
   </div>
   <div class='ocr_carea' id='block_1_64' title="bbox 139 2142 892 2176">
    <p class='ocr_par' dir='ltr' id='par_1_64' title="bbox 139 2142 892 2176">
     <span class='ocr_line' id='line_1_64' title="bbox 139 2142 892 2176; baseline 0.001 -7"><span class='ocrx_word' id='word_1_450' title='bbox 139 2149 210 2170; x_wconf 86' lang='lat' dir='ltr'><strong>trem</strong></span> <span class='ocrx_word' id='word_1_451' title='bbox 231 2143 386 2176; x_wconf 84' lang='lat' dir='ltr'><strong>primarium</strong></span> <span class='ocrx_word' id='word_1_452' title='bbox 407 2150 495 2169; x_wconf 87' lang='lat' dir='ltr'><strong>rerum</strong></span> <span class='ocrx_word' id='word_1_453' title='bbox 513 2142 691 2174; x_wconf 85' lang='lat' dir='ltr'><strong>Conditorem,</strong></span> <span class='ocrx_word' id='word_1_454' title='bbox 717 2142 814 2169; x_wconf 80' lang='lat' dir='ltr'><strong>Filium</strong></span> <span class='ocrx_word' id='word_1_455' title='bbox 834 2151 892 2170; x_wconf 82' lang='lat' dir='ltr'><strong>vero</strong></span> 
     </span>
    </p>
   </div>
   <div class='ocr_carea' id='block_1_65' title="bbox 139 2176 892 2204">
    <p class='ocr_par' dir='ltr' id='par_1_65' title="bbox 139 2176 892 2204">
     <span class='ocr_line' id='line_1_65' title="bbox 139 2176 892 2204; baseline 0 0"><span class='ocrx_word' id='word_1_456' title='bbox 139 2178 330 2204; x_wconf 73' lang='lat' dir='ltr'><strong>secundarium</strong></span> <span class='ocrx_word' id='word_1_457' title='bbox 346 2183 370 2204; x_wconf 88' lang='lat' dir='ltr'><strong>et</strong></span> <span class='ocrx_word' id='word_1_458' title='bbox 393 2176 481 2204; x_wconf 80' lang='lat' dir='ltr'><strong>Patris</strong></span> <span class='ocrx_word' id='word_1_459' title='bbox 493 2178 642 2204; x_wconf 78' lang='lat' dir='ltr'><strong>ministrum</strong></span> <span class='ocrx_word' id='word_1_460' title='bbox 658 2179 807 2204; x_wconf 80' lang='lat' dir='ltr'><strong>crediderit.</strong></span> <span class='ocrx_word' id='word_1_461' title='bbox 822 2177 892 2204; x_wconf 91' lang='lat' dir='ltr'><strong>XIV.</strong></span> 
     </span>
    </p>
   </div>
   <div class='ocr_carea' id='block_1_66' title="bbox 144 2207 932 2246">
    <p class='ocr_par' dir='ltr' id='par_1_66' title="bbox 144 2207 932 2246">
     <span class='ocr_line' id='line_1_66' title="bbox 144 2207 932 2246; baseline 0.003 -8"><span class='ocrx_word' id='word_1_462' title='bbox 144 2212 325 2239; x_wconf 80' lang='lat' dir='ltr'><strong>Vetustiorum</strong></span> <span class='ocrx_word' id='word_1_463' title='bbox 345 2213 445 2246; x_wconf 83' lang='lat' dir='ltr'><strong>aliquot</strong></span> <span class='ocrx_word' id='word_1_464' title='bbox 460 2211 570 2239; x_wconf 84' lang='lat' dir='ltr'><strong>Patrum</strong></span> <span class='ocrx_word' id='word_1_465' title='bbox 588 2220 715 2240; x_wconf 84' lang='lat' dir='ltr'><strong>consensu</strong></span> <span class='ocrx_word' id='word_1_466' title='bbox 731 2213 891 2241; x_wconf 79' lang='lat' dir='ltr'><strong>sublevatur.</strong></span> <span class='ocrx_word' id='word_1_467' title='bbox 910 2207 932 2234; x_wconf 83' lang='lat' dir='ltr'><strong>D</strong></span> 
     </span>
    </p>
   </div>
   <div class='ocr_carea' id='block_1_67' title="bbox 141 2246 892 2279">
    <p class='ocr_par' dir='ltr' id='par_1_67' title="bbox 141 2246 892 2279">
     <span class='ocr_line' id='line_1_67' title="bbox 141 2246 892 2279; baseline 0.001 -5"><span class='ocrx_word' id='word_1_468' title='bbox 141 2246 203 2274; x_wconf 77' lang='lat' dir='ltr'><strong>XV.</strong></span> <span class='ocrx_word' id='word_1_469' title='bbox 220 2247 278 2279; x_wconf 85' lang='lat' dir='ltr'><strong>Quo</strong></span> <span class='ocrx_word' id='word_1_470' title='bbox 295 2256 372 2274; x_wconf 85' lang='lat' dir='ltr'><strong>sensu</strong></span> <span class='ocrx_word' id='word_1_471' title='bbox 385 2246 486 2274; x_wconf 82' lang='lat' dir='ltr'><strong>Filium</strong></span> <span class='ocrx_word' id='word_1_472' title='bbox 507 2248 602 2274; x_wconf 68' lang='lat' dir='ltr'><strong>dixerit</strong></span> <span class='ocrx_word' id='word_1_473' title='bbox 625 2256 677 2274; x_wconf 85' lang='lat' dir='ltr'><strong>non</strong></span> <span class='ocrx_word' id='word_1_474' title='bbox 701 2257 755 2275; x_wconf 80' lang='lat' dir='ltr'><strong>esse</strong></span> <span class='ocrx_word' id='word_1_475' title='bbox 775 2249 892 2275; x_wconf 74' lang='lat' dir='ltr'><strong>absolute</strong></span> 
     </span>
    </p>
   </div>
   <div class='ocr_carea' id='block_1_68' title="bbox 140 2282 891 2314">
    <p class='ocr_par' dir='ltr' id='par_1_68' title="bbox 140 2282 891 2314">
     <span class='ocr_line' id='line_1_68' title="bbox 140 2282 891 2314; baseline 0.003 -5"><span class='ocrx_word' id='word_1_476' title='bbox 140 2283 251 2314; x_wconf 84' lang='lat' dir='ltr'><strong>bonum,</strong></span> <span class='ocrx_word' id='word_1_477' title='bbox 267 2282 335 2309; x_wconf 83' lang='lat' dir='ltr'><strong>XVI.</strong></span> <span class='ocrx_word' id='word_1_478' title='bbox 354 2287 378 2309; x_wconf 87' lang='lat' dir='ltr'><strong>et</strong></span> <span class='ocrx_word' id='word_1_479' title='bbox 392 2291 443 2309; x_wconf 89' lang='lat' dir='ltr'><strong>non</strong></span> <span class='ocrx_word' id='word_1_480' title='bbox 454 2291 510 2310; x_wconf 75' lang='lat' dir='ltr'><strong>esse</strong></span> <span class='ocrx_word' id='word_1_481' title='bbox 524 2283 641 2309; x_wconf 75' lang='lat' dir='ltr'><strong>absolute</strong></span> <span class='ocrx_word' id='word_1_482' title='bbox 655 2284 798 2309; x_wconf 73' lang='lat' dir='ltr'><strong>ueritatem.</strong></span> <span class='ocrx_word' id='word_1_483' title='bbox 810 2283 891 2311; x_wconf 91' lang='lat' dir='ltr'><strong>XVII.</strong></span> 
     </span>
    </p>
   </div>
   <div class='ocr_carea' id='block_1_69' title="bbox 139 2316 893 2353">
    <p class='ocr_par' dir='ltr' id='par_1_69' title="bbox 139 2316 893 2353">
     <span class='ocr_line' id='line_1_69' title="bbox 139 2316 893 2353; baseline 0 -9"><span class='ocrx_word' id='word_1_484' title='bbox 139 2316 238 2344; x_wconf 86' lang='lat' dir='ltr'><strong>Utrum</strong></span> <span class='ocrx_word' id='word_1_485' title='bbox 253 2325 326 2352; x_wconf 65' lang='lat' dir='ltr'><strong>aqua</strong></span> <span class='ocrx_word' id='word_1_486' title='bbox 347 2318 381 2344; x_wconf 86' lang='lat' dir='ltr'><strong>sit</strong></span> <span class='ocrx_word' id='word_1_487' title='bbox 404 2318 546 2344; x_wconf 89' lang='lat' dir='ltr'><strong>multorum</strong></span> <span class='ocrx_word' id='word_1_488' title='bbox 566 2318 716 2353; x_wconf 78' lang='lat' dir='ltr'><strong>criminatio</strong></span> <span class='ocrx_word' id='word_1_489' title='bbox 730 2339 737 2350; x_wconf 89' lang='lat'><strong>,</strong></span> <span class='ocrx_word' id='word_1_490' title='bbox 755 2317 893 2353; x_wconf 82' lang='lat' dir='ltr'><strong>Origenem</strong></span> 
     </span>
    </p>
   </div>
   <div class='ocr_carea' id='block_1_70' title="bbox 139 2352 892 2387">
    <p class='ocr_par' dir='ltr' id='par_1_70' title="bbox 139 2352 892 2387">
     <span class='ocr_line' id='line_1_70' title="bbox 139 2352 892 2387; baseline 0.003 -9"><span class='ocrx_word' id='word_1_491' title='bbox 139 2353 241 2379; x_wconf 69' lang='lat' dir='ltr'><strong>dixisse</strong></span> <span class='ocrx_word' id='word_1_492' title='bbox 255 2354 418 2387; x_wconf 84' lang='lat' dir='ltr'><strong>querentium</strong></span> <span class='ocrx_word' id='word_1_493' title='bbox 437 2352 543 2380; x_wconf 80' lang='lat' dir='ltr'><strong>Patrem</strong></span> <span class='ocrx_word' id='word_1_494' title='bbox 556 2362 571 2379; x_wconf 91' lang='lat' dir='ltr'><strong>a</strong></span> <span class='ocrx_word' id='word_1_495' title='bbox 582 2352 652 2378; x_wconf 75' lang='lat' dir='ltr'><strong>Filio</strong></span> <span class='ocrx_word' id='word_1_496' title='bbox 662 2373 669 2383; x_wconf 88' lang='lat'><strong>,</strong></span> <span class='ocrx_word' id='word_1_497' title='bbox 685 2353 783 2380; x_wconf 83' lang='lat' dir='ltr'><strong>Filium</strong></span> <span class='ocrx_word' id='word_1_498' title='bbox 801 2362 816 2379; x_wconf 86' lang='lat' dir='ltr'><strong>u</strong></span> <span class='ocrx_word' id='word_1_499' title='bbox 831 2352 892 2387; x_wconf 77' lang='lat' dir='ltr'><strong>Spi—</strong></span> 
     </span>
    </p>
   </div>
   <div class='ocr_carea' id='block_1_71' title="bbox 138 2387 893 2421">
    <p class='ocr_par' dir='ltr' id='par_1_71' title="bbox 138 2387 893 2421">
     <span class='ocr_line' id='line_1_71' title="bbox 138 2387 893 2421; baseline 0 -7"><span class='ocrx_word' id='word_1_500' title='bbox 138 2388 197 2414; x_wconf 88' lang='lat' dir='ltr'><strong>ritu</strong></span> <span class='ocrx_word' id='word_1_501' title='bbox 208 2394 298 2415; x_wconf 83' lang='lat' dir='ltr'><strong>sancto</strong></span> <span class='ocrx_word' id='word_1_502' title='bbox 311 2388 393 2414; x_wconf 79' lang='lat' dir='ltr'><strong>uideri</strong></span> <span class='ocrx_word' id='word_1_503' title='bbox 415 2396 467 2415; x_wconf 87' lang='lat' dir='ltr'><strong>non</strong></span> <span class='ocrx_word' id='word_1_504' title='bbox 497 2396 587 2421; x_wconf 78' lang='lat' dir='ltr'><strong>posse,</strong></span> <span class='ocrx_word' id='word_1_505' title='bbox 607 2387 697 2415; x_wconf 89' lang='lat' dir='ltr'><strong>XVllI.</strong></span> <span class='ocrx_word' id='word_1_506' title='bbox 710 2397 788 2421; x_wconf 89' lang='lat' dir='ltr'><strong>quam</strong></span> <span class='ocrx_word' id='word_1_507' title='bbox 818 2389 850 2414; x_wconf 86' lang='lat' dir='ltr'><strong>ab</strong></span> <span class='ocrx_word' id='word_1_508' title='bbox 863 2397 893 2415; x_wconf 91' lang='lat' dir='ltr'><strong>eo</strong></span> 
     </span>
    </p>
   </div>
   <div class='ocr_carea' id='block_1_72' title="bbox 139 2422 893 2458">
    <p class='ocr_par' dir='ltr' id='par_1_72' title="bbox 139 2422 893 2458">
     <span class='ocr_line' id='line_1_72' title="bbox 139 2422 893 2458; baseline 0.001 -9"><span class='ocrx_word' id='word_1_509' title='bbox 139 2423 270 2457; x_wconf 83' lang='lat' dir='ltr'><strong>depellere</strong></span> <span class='ocrx_word' id='word_1_510' title='bbox 301 2427 413 2450; x_wconf 87' lang='lat' dir='ltr'><strong>conatur</strong></span> <span class='ocrx_word' id='word_1_511' title='bbox 444 2422 566 2458; x_wconf 78' lang='lat' dir='ltr'><strong>Ruﬁnus.</strong></span> <span class='ocrx_word' id='word_1_512' title='bbox 597 2422 668 2451; x_wconf 84' lang='lat' dir='ltr'><strong>XIX.</strong></span> <span class='ocrx_word' id='word_1_513' title='bbox 698 2422 794 2450; x_wconf 84' lang='lat' dir='ltr'><strong>Utrum</strong></span> <span class='ocrx_word' id='word_1_514' title='bbox 827 2423 893 2450; x_wconf 84' lang='lat' dir='ltr'><strong>Filii</strong></span> 
     </span>
    </p>
   </div>
   <div class='ocr_carea' id='block_1_73' title="bbox 140 2513 894 2553">
    <p class='ocr_par' dir='ltr' id='par_1_73' title="bbox 140 2513 894 2553">
     <span class='ocr_line' id='line_1_73' title="bbox 140 2513 894 2553; baseline -0.004 -9"><span class='ocrx_word' id='word_1_515' title='bbox 140 2515 200 2553; x_wconf 54' lang='lat'><strong>(&#39;12)</strong></span> <span class='ocrx_word' id='word_1_516' title='bbox 213 2516 340 2553; x_wconf 83' lang='lat' dir='ltr'><strong>0rigenis</strong></span> <span class='ocrx_word' id='word_1_517' title='bbox 348 2515 416 2544; x_wconf 87' lang='lat' dir='ltr'><strong>Vide</strong></span> <span class='ocrx_word' id='word_1_518' title='bbox 425 2520 490 2543; x_wconf 85' lang='lat' dir='ltr'><strong>tom.</strong></span> <span class='ocrx_word' id='word_1_519' title='bbox 498 2520 597 2553; x_wconf 63' lang='lat' dir='ltr'><strong>nostra:</strong></span> <span class='ocrx_word' id='word_1_520' title='bbox 604 2514 715 2553; x_wconf 81' lang='lat' dir='ltr'><strong>edition.</strong></span> <span class='ocrx_word' id='word_1_521' title='bbox 732 2513 764 2546; x_wconf 87' lang='lat' dir='ltr'><strong>II,</strong></span> <span class='ocrx_word' id='word_1_522' title='bbox 773 2522 833 2553; x_wconf 68' lang='lat' dir='ltr'><strong>pag.</strong></span> <span class='ocrx_word' id='word_1_523' title='bbox 846 2515 894 2542; x_wconf 71' lang='grc'><strong>25.</strong></span> 
     </span>
    </p>
   </div>
   <div class='ocr_carea' id='block_1_74' title="bbox 141 2550 892 2586">
    <p class='ocr_par' dir='ltr' id='par_1_74' title="bbox 141 2550 892 2586">
     <span class='ocr_line' id='line_1_74' title="bbox 141 2550 892 2586; baseline 0 -8"><span class='ocrx_word' id='word_1_524' title='bbox 141 2550 204 2586; x_wconf 78' lang='lat'><strong>(75)</strong></span> <span class='ocrx_word' id='word_1_525' title='bbox 224 2550 348 2579; x_wconf 81' lang='lat' dir='ltr'><strong>Animam</strong></span> <span class='ocrx_word' id='word_1_526' title='bbox 371 2559 430 2578; x_wconf 83' lang='lat' dir='ltr'><strong>vero</strong></span> <span class='ocrx_word' id='word_1_527' title='bbox 446 2551 611 2578; x_wconf 71' lang='lat' dir='ltr'><strong>crassiorem</strong></span> <span class='ocrx_word' id='word_1_528' title='bbox 634 2550 892 2586; x_wconf 17' lang='lat' dir='ltr'><strong>duntaxatrratione.</strong></span> 
     </span>
    </p>
   </div>
   <div class='ocr_carea' id='block_1_75' title="bbox 102 2585 894 2621">
    <p class='ocr_par' dir='ltr' id='par_1_75' title="bbox 102 2585 894 2621">
     <span class='ocr_line' id='line_1_75' title="bbox 102 2585 894 2621; baseline -0.004 -7"><span class='ocrx_word' id='word_1_529' title='bbox 102 2585 213 2620; x_wconf 84' lang='lat' dir='ltr'><strong>Corpus</strong></span> <span class='ocrx_word' id='word_1_530' title='bbox 225 2588 333 2621; x_wconf 87' lang='lat' dir='ltr'><strong>quidem</strong></span> <span class='ocrx_word' id='word_1_531' title='bbox 347 2588 444 2613; x_wconf 67' lang='lat' dir='ltr'><strong>animat</strong></span> <span class='ocrx_word' id='word_1_532' title='bbox 460 2586 621 2621; x_wconf 64' lang='lat' dir='ltr'><strong>caeterisqne</strong></span> <span class='ocrx_word' id='word_1_533' title='bbox 631 2585 790 2621; x_wconf 82' lang='lat' dir='ltr'><strong>substantiis</strong></span> <span class='ocrx_word' id='word_1_534' title='bbox 808 2585 894 2612; x_wconf 88' lang='lat' dir='ltr'><strong>ratio-</strong></span> 
     </span>
    </p>
   </div>
   <div class='ocr_carea' id='block_1_76' title="bbox 104 2620 891 2656">
    <p class='ocr_par' dir='ltr' id='par_1_76' title="bbox 104 2620 891 2656">
     <span class='ocr_line' id='line_1_76' title="bbox 104 2620 891 2656; baseline -0.003 -8"><span class='ocrx_word' id='word_1_535' title='bbox 104 2620 244 2650; x_wconf 83' lang='lat' dir='ltr'><strong>nabilibus</strong></span> <span class='ocrx_word' id='word_1_536' title='bbox 276 2622 368 2649; x_wconf 89' lang='lat' dir='ltr'><strong>tribuit</strong></span> <span class='ocrx_word' id='word_1_537' title='bbox 397 2620 528 2656; x_wconf 76' lang='lat' dir='ltr'><strong>Origenes</strong></span> <span class='ocrx_word' id='word_1_538' title='bbox 557 2620 634 2655; x_wconf 85' lang='lat' dir='ltr'><strong>quasi</strong></span> <span class='ocrx_word' id='word_1_539' title='bbox 661 2620 815 2656; x_wconf 79' lang='lat' dir='ltr'><strong>Vehiculum</strong></span> <span class='ocrx_word' id='word_1_540' title='bbox 845 2627 891 2647; x_wconf 88' lang='lat' dir='ltr'><strong>seu</strong></span> 
     </span>
    </p>
   </div>
   <div class='ocr_carea' id='block_1_77' title="bbox 104 2655 891 2691">
    <p class='ocr_par' dir='ltr' id='par_1_77' title="bbox 104 2655 891 2691">
     <span class='ocr_line' id='line_1_77' title="bbox 104 2655 891 2691; baseline -0.001 -8"><span class='ocrx_word' id='word_1_541' title='bbox 104 2657 310 2689; x_wconf 82' lang='lat' dir='ltr'><strong>indumentum,</strong></span> <span class='ocrx_word' id='word_1_542' title='bbox 343 2661 435 2691; x_wconf 89' lang='lat' dir='ltr'><strong>utpote</strong></span> <span class='ocrx_word' id='word_1_543' title='bbox 450 2655 513 2690; x_wconf 62' lang='lat' dir='ltr'><strong>qua</strong></span> <span class='ocrx_word' id='word_1_544' title='bbox 531 2656 609 2682; x_wconf 68' lang='lat' dir='ltr'><strong>nudae</strong></span> <span class='ocrx_word' id='word_1_545' title='bbox 627 2655 819 2690; x_wconf 85' lang='lat' dir='ltr'><strong>comprehendi</strong></span> <span class='ocrx_word' id='word_1_546' title='bbox 838 2663 891 2682; x_wconf 89' lang='lat' dir='ltr'><strong>non</strong></span> 
     </span>
    </p>
   </div>
   <div class='ocr_carea' id='block_1_78' title="bbox 104 2691 887 2726">
    <p class='ocr_par' dir='ltr' id='par_1_78' title="bbox 104 2691 887 2726">
     <span class='ocr_line' id='line_1_78' title="bbox 104 2691 887 2726; baseline -0.004 -7"><span class='ocrx_word' id='word_1_547' title='bbox 104 2692 224 2726; x_wconf 83' lang='lat' dir='ltr'><strong>possint,</strong></span> <span class='ocrx_word' id='word_1_548' title='bbox 241 2699 290 2719; x_wconf 91' lang='lat' dir='ltr'><strong>nec</strong></span> <span class='ocrx_word' id='word_1_549' title='bbox 305 2691 359 2718; x_wconf 89' lang='lat' dir='ltr'><strong>ullo</strong></span> <span class='ocrx_word' id='word_1_550' title='bbox 374 2692 473 2724; x_wconf 78' lang='lat' dir='ltr'><strong>degere</strong></span> <span class='ocrx_word' id='word_1_551' title='bbox 486 2692 511 2717; x_wconf 89' lang='lat' dir='ltr'><strong>Ill</strong></span> <span class='ocrx_word' id='word_1_552' title='bbox 525 2691 584 2718; x_wconf 90' lang='lat' dir='ltr'><strong>loco</strong></span> <span class='ocrx_word' id='word_1_553' title='bbox 599 2691 662 2725; x_wconf 89' lang='lat' dir='ltr'><strong>quin</strong></span> <span class='ocrx_word' id='word_1_554' title='bbox 681 2691 817 2725; x_wconf 78' lang='lat' dir='ltr'><strong>indigeant</strong></span> <span class='ocrx_word' id='word_1_555' title='bbox 828 2698 887 2716; x_wconf 88' lang='lat' dir='ltr'><strong>cor-</strong></span> 
     </span>
    </p>
   </div>
   <div class='ocr_carea' id='block_1_79' title="bbox 105 2725 885 2760">
    <p class='ocr_par' dir='ltr' id='par_1_79' title="bbox 105 2725 885 2760">
     <span class='ocr_line' id='line_1_79' title="bbox 105 2725 885 2760; baseline -0.001 -8"><span class='ocrx_word' id='word_1_556' title='bbox 105 2725 173 2760; x_wconf 76' lang='lat' dir='ltr'><strong>pore</strong></span> <span class='ocrx_word' id='word_1_557' title='bbox 203 2728 237 2754; x_wconf 92' lang='lat' dir='ltr'><strong>ad</strong></span> <span class='ocrx_word' id='word_1_558' title='bbox 265 2731 392 2754; x_wconf 90' lang='lat' dir='ltr'><strong>naturam</strong></span> <span class='ocrx_word' id='word_1_559' title='bbox 419 2727 469 2753; x_wconf 92' lang='lat' dir='ltr'><strong>loci</strong></span> <span class='ocrx_word' id='word_1_560' title='bbox 498 2725 569 2753; x_wconf 85' lang='lat' dir='ltr'><strong>illius</strong></span> <span class='ocrx_word' id='word_1_561' title='bbox 595 2729 799 2752; x_wconf 81' lang='lat' dir='ltr'><strong>accommodato</strong></span> <span class='ocrx_word' id='word_1_562' title='bbox 816 2734 821 2751; x_wconf 92' lang='lat'>:</span> <span class='ocrx_word' id='word_1_563' title='bbox 839 2725 885 2752; x_wconf 91' lang='lat' dir='ltr'><strong>sed</strong></span> 
     </span>
    </p>
   </div>
   <div class='ocr_carea' id='block_1_80' title="bbox 105 2760 886 2796">
    <p class='ocr_par' dir='ltr' id='par_1_80' title="bbox 105 2760 886 2796">
     <span class='ocr_line' id='line_1_80' title="bbox 105 2760 886 2796; baseline -0.004 -7"><span class='ocrx_word' id='word_1_564' title='bbox 105 2770 160 2789; x_wconf 79' lang='lat' dir='ltr'><strong>non</strong></span> <span class='ocrx_word' id='word_1_565' title='bbox 186 2763 252 2789; x_wconf 84' lang='lat' dir='ltr'><strong>inde</strong></span> <span class='ocrx_word' id='word_1_566' title='bbox 279 2763 401 2796; x_wconf 84' lang='lat' dir='ltr'><strong>sequitur</strong></span> <span class='ocrx_word' id='word_1_567' title='bbox 431 2765 556 2788; x_wconf 88' lang='lat' dir='ltr'><strong>naturam</strong></span> <span class='ocrx_word' id='word_1_568' title='bbox 593 2761 690 2788; x_wconf 80' lang='lat' dir='ltr'><strong>animae</strong></span> <span class='ocrx_word' id='word_1_569' title='bbox 718 2760 886 2796; x_wconf 81' lang='lat' dir='ltr'><strong>aliarumque</strong></span> 
     </span>
    </p>
   </div>
   <div class='ocr_carea' id='block_1_81' title="bbox 106 2795 884 2830">
    <p class='ocr_par' dir='ltr' id='par_1_81' title="bbox 106 2795 884 2830">
     <span class='ocr_line' id='line_1_81' title="bbox 106 2795 884 2830; baseline -0.001 -7"><span class='ocrx_word' id='word_1_570' title='bbox 106 2797 310 2825; x_wconf 88' lang='lat' dir='ltr'><strong>rationabilium</strong></span> <span class='ocrx_word' id='word_1_571' title='bbox 319 2795 511 2824; x_wconf 64' lang='lat' dir='ltr'><strong>creaturarum</strong></span> <span class='ocrx_word' id='word_1_572' title='bbox 530 2797 556 2823; x_wconf 90' lang='lat' dir='ltr'><strong>in</strong></span> <span class='ocrx_word' id='word_1_573' title='bbox 572 2803 684 2830; x_wconf 86' lang='lat' dir='ltr'><strong>corpore</strong></span> <span class='ocrx_word' id='word_1_574' title='bbox 701 2795 884 2830; x_wconf 85' lang='lat' dir='ltr'><strong>qumntumvis</strong></span> 
     </span>
    </p>
   </div>
   <div class='ocr_carea' id='block_1_82' title="bbox 105 2831 882 2868">
    <p class='ocr_par' dir='ltr' id='par_1_82' title="bbox 105 2831 882 2868">
     <span class='ocr_line' id='line_1_82' title="bbox 105 2831 882 2868; baseline -0.003 -9"><span class='ocrx_word' id='word_1_575' title='bbox 105 2833 198 2861; x_wconf 80' lang='lat' dir='ltr'><strong>subtili</strong></span> <span class='ocrx_word' id='word_1_576' title='bbox 225 2833 357 2868; x_wconf 79' lang='lat' dir='ltr'><strong>posuisse,</strong></span> <span class='ocrx_word' id='word_1_577' title='bbox 380 2839 458 2866; x_wconf 86' lang='lat' dir='ltr'><strong>quant</strong></span> <span class='ocrx_word' id='word_1_578' title='bbox 487 2838 503 2859; x_wconf 90' lang='lat' dir='ltr'><strong>e</strong></span> <span class='ocrx_word' id='word_1_579' title='bbox 531 2832 668 2859; x_wconf 81' lang='lat' dir='ltr'><strong>contrario</strong></span> <span class='ocrx_word' id='word_1_580' title='bbox 695 2831 882 2865; x_wconf 71' lang='lat' dir='ltr'><strong>incorporeum</strong></span> 
     </span>
    </p>
   </div>
   <div class='ocr_carea' id='block_1_83' title="bbox 954 903 1778 939">
    <p class='ocr_par' dir='ltr' id='par_1_83' title="bbox 954 903 1778 939">
     <span class='ocr_line' id='line_1_83' title="bbox 954 903 1778 939; baseline -0.001 -9"><span class='ocrx_word' id='word_1_581' title='bbox 954 904 1039 939; x_wconf 79' lang='lat' dir='ltr'><strong>ipsius</strong></span> <span class='ocrx_word' id='word_1_582' title='bbox 1054 904 1207 931; x_wconf 89' lang='lat' dir='ltr'><strong>substantia</strong></span> <span class='ocrx_word' id='word_1_583' title='bbox 1225 904 1337 931; x_wconf 84' lang='lat' dir='ltr'><strong>missum</strong></span> <span class='ocrx_word' id='word_1_584' title='bbox 1361 907 1413 936; x_wconf 83' lang='lat' dir='ltr'><strong>est,</strong></span> <span class='ocrx_word' id='word_1_585' title='bbox 1432 903 1492 931; x_wconf 89' lang='lat' dir='ltr'><strong>sine</strong></span> <span class='ocrx_word' id='word_1_586' title='bbox 1508 903 1663 930; x_wconf 87' lang='lat' dir='ltr'><strong>substantia</strong></span> <span class='ocrx_word' id='word_1_587' title='bbox 1686 910 1739 930; x_wconf 86' lang='lat' dir='ltr'><strong>non</strong></span> <span class='ocrx_word' id='word_1_588' title='bbox 1776 936 1778 939; x_wconf 32' lang='grc' dir='ltr'>ι</span> 
     </span>
    </p>
   </div>
   <div class='ocr_carea' id='block_1_84' title="bbox 952 948 1739 984">
    <p class='ocr_par' dir='ltr' id='par_1_84' title="bbox 952 948 1739 984">
     <span class='ocr_line' id='line_1_84' title="bbox 952 948 1739 984; baseline -0.003 -7"><span class='ocrx_word' id='word_1_589' title='bbox 952 951 1023 977; x_wconf 88' lang='lat' dir='ltr'><strong>erit?</strong></span> <span class='ocrx_word' id='word_1_590' title='bbox 1038 960 1047 976; x_wconf 75' lang='grc' dir='ltr'><strong><em>ι</em></strong></span> <span class='ocrx_word' id='word_1_591' title='bbox 1070 951 1134 983; x_wconf 61' lang='lat' dir='ltr'><strong>Quae</strong></span> <span class='ocrx_word' id='word_1_592' title='bbox 1146 949 1269 984; x_wconf 89' lang='lat' dir='ltr'><strong>quamvis</strong></span> <span class='ocrx_word' id='word_1_593' title='bbox 1283 949 1429 976; x_wconf 80' lang='lat' dir='ltr'><strong>manifesta</strong></span> <span class='ocrx_word' id='word_1_594' title='bbox 1449 948 1514 981; x_wconf 86' lang='lat' dir='ltr'><strong>sint,</strong></span> <span class='ocrx_word' id='word_1_595' title='bbox 1534 949 1559 976; x_wconf 92' lang='lat' dir='ltr'><strong>in</strong></span> <span class='ocrx_word' id='word_1_596' title='bbox 1575 949 1739 976; x_wconf 86' lang='lat' dir='ltr'><strong>contrariam</strong></span> 
     </span>
    </p>
   </div>
   <div class='ocr_carea' id='block_1_85' title="bbox 952 995 1741 1031">
    <p class='ocr_par' dir='ltr' id='par_1_85' title="bbox 952 995 1741 1031">
     <span class='ocr_line' id='line_1_85' title="bbox 952 995 1741 1031; baseline -0.003 -7"><span class='ocrx_word' id='word_1_597' title='bbox 952 1002 1042 1024; x_wconf 81' lang='lat' dir='ltr'><strong>tamen</strong></span> <span class='ocrx_word' id='word_1_598' title='bbox 1062 997 1224 1024; x_wconf 90' lang='lat' dir='ltr'><strong>sententiam</strong></span> <span class='ocrx_word' id='word_1_599' title='bbox 1249 995 1359 1023; x_wconf 78' lang='lat' dir='ltr'><strong>ﬂectere</strong></span> <span class='ocrx_word' id='word_1_600' title='bbox 1381 1001 1517 1024; x_wconf 87' lang='lat' dir='ltr'><strong>conantur</strong></span> <span class='ocrx_word' id='word_1_601' title='bbox 1540 995 1662 1030; x_wconf 87' lang='lat' dir='ltr'><strong>quidam,</strong></span> <span class='ocrx_word' id='word_1_602' title='bbox 1691 1003 1741 1031; x_wconf 86' lang='lat' dir='ltr'><strong>per</strong></span> 
     </span>
    </p>
   </div>
   <div class='ocr_carea' id='block_1_86' title="bbox 952 1041 1740 1078">
    <p class='ocr_par' dir='ltr' id='par_1_86' title="bbox 952 1041 1740 1078">
     <span class='ocr_line' id='line_1_86' title="bbox 952 1041 1740 1078; baseline -0.001 -8"><span class='ocrx_word' id='word_1_603' title='bbox 952 1051 1050 1077; x_wconf 86' lang='lat' dir='ltr'><strong>corpus</strong></span> <span class='ocrx_word' id='word_1_604' title='bbox 1073 1042 1252 1070; x_wconf 85' lang='lat' dir='ltr'><strong>substantiam</strong></span> <span class='ocrx_word' id='word_1_605' title='bbox 1277 1042 1390 1078; x_wconf 84' lang='lat' dir='ltr'><strong>intelligi</strong></span> <span class='ocrx_word' id='word_1_606' title='bbox 1413 1043 1546 1069; x_wconf 89' lang='lat' dir='ltr'><strong>volentes.</strong></span> <span class='ocrx_word' id='word_1_607' title='bbox 1577 1041 1659 1075; x_wconf 84' lang='lat' dir='ltr'><strong>Quasi</strong></span> <span class='ocrx_word' id='word_1_608' title='bbox 1675 1049 1740 1069; x_wconf 88' lang='lat' dir='ltr'><strong>vero</strong></span> 
     </span>
    </p>
   </div>
   <div class='ocr_carea' id='block_1_87' title="bbox 951 1087 1741 1122">
    <p class='ocr_par' dir='ltr' id='par_1_87' title="bbox 951 1087 1741 1122">
     <span class='ocr_line' id='line_1_87' title="bbox 951 1087 1741 1122; baseline -0.001 -6"><span class='ocrx_word' id='word_1_609' title='bbox 951 1094 1004 1116; x_wconf 90' lang='lat' dir='ltr'><strong>tam</strong></span> <span class='ocrx_word' id='word_1_610' title='bbox 1019 1088 1108 1115; x_wconf 89' lang='lat' dir='ltr'><strong>Latini</strong></span> <span class='ocrx_word' id='word_1_611' title='bbox 1124 1088 1260 1116; x_wconf 89' lang='lat' dir='ltr'><strong>sermonis</strong></span> <span class='ocrx_word' id='word_1_612' title='bbox 1281 1088 1423 1122; x_wconf 91' lang='lat' dir='ltr'><strong>imperitus</strong></span> <span class='ocrx_word' id='word_1_613' title='bbox 1437 1087 1529 1121; x_wconf 78' lang='lat' dir='ltr'><strong>fuerit,</strong></span> <span class='ocrx_word' id='word_1_614' title='bbox 1546 1092 1574 1114; x_wconf 90' lang='lat' dir='ltr'><strong>et</strong></span> <span class='ocrx_word' id='word_1_615' title='bbox 1594 1087 1741 1115; x_wconf 87' lang='lat' dir='ltr'><strong>vocabulo-</strong></span> 
     </span>
    </p>
   </div>
   <div class='ocr_carea' id='block_1_88' title="bbox 950 1134 1741 1170">
    <p class='ocr_par' dir='ltr' id='par_1_88' title="bbox 950 1134 1741 1170">
     <span class='ocr_line' id='line_1_88' title="bbox 950 1134 1741 1170; baseline -0.001 -9"><span class='ocrx_word' id='word_1_616' title='bbox 950 1142 1010 1162; x_wconf 91' lang='lat' dir='ltr'><strong>rum</strong></span> <span class='ocrx_word' id='word_1_617' title='bbox 1027 1134 1105 1170; x_wconf 88' lang='lat' dir='ltr'><strong>inops</strong></span> <span class='ocrx_word' id='word_1_618' title='bbox 1117 1134 1314 1166; x_wconf 88' lang='lat' dir='ltr'><strong>Tertullianus,</strong></span> <span class='ocrx_word' id='word_1_619' title='bbox 1342 1139 1371 1161; x_wconf 90' lang='lat' dir='ltr'><strong>ut</strong></span> <span class='ocrx_word' id='word_1_620' title='bbox 1389 1142 1445 1161; x_wconf 89' lang='lat' dir='ltr'><strong>rem</strong></span> <span class='ocrx_word' id='word_1_621' title='bbox 1468 1141 1568 1168; x_wconf 58' lang='lat' dir='ltr'><strong>per‘se</strong></span> <span class='ocrx_word' id='word_1_622' title='bbox 1588 1138 1741 1163; x_wconf 82' lang='lat' dir='ltr'><strong>exstantem</strong></span> 
     </span>
    </p>
   </div>
   <div class='ocr_carea' id='block_1_89' title="bbox 950 1179 1739 1215">
    <p class='ocr_par' dir='ltr' id='par_1_89' title="bbox 950 1179 1739 1215">
     <span class='ocr_line' id='line_1_89' title="bbox 950 1179 1739 1215; baseline -0.003 -7"><span class='ocrx_word' id='word_1_623' title='bbox 950 1185 1046 1208; x_wconf 83' lang='lat' dir='ltr'><strong>notare</strong></span> <span class='ocrx_word' id='word_1_624' title='bbox 1061 1180 1167 1214; x_wconf 88' lang='lat' dir='ltr'><strong>volens,</strong></span> <span class='ocrx_word' id='word_1_625' title='bbox 1183 1188 1234 1208; x_wconf 92' lang='lat' dir='ltr'><strong>non</strong></span> <span class='ocrx_word' id='word_1_626' title='bbox 1249 1180 1329 1208; x_wconf 87' lang='lat' dir='ltr'><strong>aliter</strong></span> <span class='ocrx_word' id='word_1_627' title='bbox 1345 1179 1483 1215; x_wconf 85' lang='lat' dir='ltr'><strong>appellare</strong></span> <span class='ocrx_word' id='word_1_628' title='bbox 1496 1179 1634 1214; x_wconf 89' lang='lat' dir='ltr'><strong>potuerit,</strong></span> <span class='ocrx_word' id='word_1_629' title='bbox 1658 1187 1739 1214; x_wconf 88' lang='lat' dir='ltr'><strong>quam</strong></span> 
     </span>
    </p>
   </div>
   <div class='ocr_carea' id='block_1_90' title="bbox 950 1217 1739 1261">
    <p class='ocr_par' dir='ltr' id='par_1_90' title="bbox 950 1217 1739 1261">
     <span class='ocr_line' id='line_1_90' title="bbox 950 1217 1739 1261; baseline 0 -7"><span class='ocrx_word' id='word_1_630' title='bbox 950 1233 1061 1261; x_wconf 87' lang='lat' dir='ltr'><strong>corpus.</strong></span> <span class='ocrx_word' id='word_1_631' title='bbox 1073 1226 1148 1254; x_wconf 88' lang='lat' dir='ltr'><strong>Idem</strong></span> <span class='ocrx_word' id='word_1_632' title='bbox 1162 1227 1195 1254; x_wconf 91' lang='lat' dir='ltr'><strong>de</strong></span> <span class='ocrx_word' id='word_1_633' title='bbox 1218 1226 1273 1254; x_wconf 86' lang='lat' dir='ltr'><strong>Deo</strong></span> <span class='ocrx_word' id='word_1_634' title='bbox 1287 1231 1434 1254; x_wconf 88' lang='lat' dir='ltr'><strong>senserunt</strong></span> <span class='ocrx_word' id='word_1_635' title='bbox 1451 1217 1620 1260; x_wconf 77' lang='lat' dir='ltr'><strong>Valentinus,</strong></span> <span class='ocrx_word' id='word_1_636' title='bbox 1644 1227 1739 1255; x_wconf 86' lang='lat' dir='ltr'><strong>Seleu-</strong></span> 
     </span>
    </p>
   </div>
   <div class='ocr_carea' id='block_1_91' title="bbox 952 1271 1742 1308">
    <p class='ocr_par' dir='ltr' id='par_1_91' title="bbox 952 1271 1742 1308">
     <span class='ocr_line' id='line_1_91' title="bbox 952 1271 1742 1308; baseline 0.001 -9"><span class='ocrx_word' id='word_1_637' title='bbox 952 1279 999 1300; x_wconf 88' lang='lat' dir='ltr'><strong>eus</strong></span> <span class='ocrx_word' id='word_1_638' title='bbox 1014 1277 1041 1300; x_wconf 91' lang='lat' dir='ltr'><strong>et</strong></span> <span class='ocrx_word' id='word_1_639' title='bbox 1056 1271 1180 1300; x_wconf 83' lang='lat' dir='ltr'><strong>Hermias</strong></span> <span class='ocrx_word' id='word_1_640' title='bbox 1204 1273 1320 1306; x_wconf 65' lang='lat' dir='ltr'><strong>Galatae,</strong></span> <span class='ocrx_word' id='word_1_641' title='bbox 1343 1273 1456 1304; x_wconf 84' lang='lat' dir='ltr'><strong>Audius,</strong></span> <span class='ocrx_word' id='word_1_642' title='bbox 1484 1277 1512 1300; x_wconf 91' lang='lat' dir='ltr'><strong>et</strong></span> <span class='ocrx_word' id='word_1_643' title='bbox 1539 1274 1598 1308; x_wconf 88' lang='lat' dir='ltr'><strong>ejus</strong></span> <span class='ocrx_word' id='word_1_644' title='bbox 1627 1273 1742 1301; x_wconf 79' lang='lat' dir='ltr'><strong>asseclae</strong></span> 
     </span>
    </p>
   </div>
   <div class='ocr_carea' id='block_1_92' title="bbox 950 1319 1739 1355">
    <p class='ocr_par' dir='ltr' id='par_1_92' title="bbox 950 1319 1739 1355">
     <span class='ocr_line' id='line_1_92' title="bbox 950 1319 1739 1355; baseline 0.001 -10"><span class='ocrx_word' id='word_1_645' title='bbox 950 1319 1066 1346; x_wconf 82' lang='lat' dir='ltr'><strong>Audiatti</strong></span> <span class='ocrx_word' id='word_1_646' title='bbox 1098 1319 1188 1355; x_wconf 89' lang='lat' dir='ltr'><strong>(quos</strong></span> <span class='ocrx_word' id='word_1_647' title='bbox 1218 1319 1263 1347; x_wconf 83' lang='lat' dir='ltr'><strong>alii</strong></span> <span class='ocrx_word' id='word_1_648' title='bbox 1291 1319 1406 1347; x_wconf 88' lang='lat' dir='ltr'><strong>subinde</strong></span> <span class='ocrx_word' id='word_1_649' title='bbox 1435 1319 1572 1347; x_wconf 85' lang='lat' dir='ltr'><strong>Vadianos</strong></span> <span class='ocrx_word' id='word_1_650' title='bbox 1596 1328 1739 1355; x_wconf 85' lang='lat' dir='ltr'><strong>perperam</strong></span> 
     </span>
    </p>
   </div>
   <div class='ocr_carea' id='block_1_93' title="bbox 952 1365 1742 1402">
    <p class='ocr_par' dir='ltr' id='par_1_93' title="bbox 952 1365 1742 1402">
     <span class='ocr_line' id='line_1_93' title="bbox 952 1365 1742 1402; baseline 0.001 -10"><span class='ocrx_word' id='word_1_651' title='bbox 952 1365 1141 1401; x_wconf 86' lang='lat' dir='ltr'><strong>appellarunt)</strong></span> <span class='ocrx_word' id='word_1_652' title='bbox 1168 1370 1195 1393; x_wconf 88' lang='lat' dir='ltr'><strong>et</strong></span> <span class='ocrx_word' id='word_1_653' title='bbox 1219 1366 1345 1402; x_wconf 54' lang='lat' dir='ltr'><strong>.‘Egyptii</strong></span> <span class='ocrx_word' id='word_1_654' title='bbox 1376 1365 1659 1401; x_wconf 75' lang='lat' dir='ltr'><strong>anthropomorphilae</strong></span> <span class='ocrx_word' id='word_1_655' title='bbox 1674 1386 1681 1398; x_wconf 92' lang='lat'><strong>,</strong></span> <span class='ocrx_word' id='word_1_656' title='bbox 1706 1367 1742 1393; x_wconf 88' lang='lat' dir='ltr'><strong>de</strong></span> 
     </span>
    </p>
   </div>
   <div class='ocr_carea' id='block_1_94' title="bbox 951 1411 1331 1447">
    <p class='ocr_par' dir='ltr' id='par_1_94' title="bbox 951 1411 1331 1447">
     <span class='ocr_line' id='line_1_94' title="bbox 951 1411 1331 1447; baseline -0.003 -8"><span class='ocrx_word' id='word_1_657' title='bbox 951 1412 1050 1447; x_wconf 89' lang='lat' dir='ltr'><strong>quibus</strong></span> <span class='ocrx_word' id='word_1_658' title='bbox 1067 1411 1138 1439; x_wconf 84' lang='lat' dir='ltr'><strong>infra</strong></span> <span class='ocrx_word' id='word_1_659' title='bbox 1155 1412 1331 1440; x_wconf 87' lang='lat' dir='ltr'><strong>disseremus.</strong></span> 
     </span>
    </p>
   </div>
   <div class='ocr_carea' id='block_1_95' title="bbox 988 1527 1740 1563">
    <p class='ocr_par' dir='ltr' id='par_1_95' title="bbox 988 1527 1740 1563">
     <span class='ocr_line' id='line_1_95' title="bbox 988 1527 1740 1563; baseline 0.003 -9"><span class='ocrx_word' id='word_1_660' title='bbox 988 1532 1164 1563; x_wconf 83' lang='lat' dir='ltr'><strong>cognttianem</strong></span> <span class='ocrx_word' id='word_1_661' title='bbox 1201 1529 1347 1563; x_wconf 83' lang='lat' dir='ltr'><strong>cognitione</strong></span> <span class='ocrx_word' id='word_1_662' title='bbox 1367 1528 1481 1563; x_wconf 66' lang='lat' dir='ltr'><strong>Patris,</strong></span> <span class='ocrx_word' id='word_1_663' title='bbox 1509 1527 1624 1560; x_wconf 78' lang='lat' dir='ltr'><strong>Spiritus</strong></span> <span class='ocrx_word' id='word_1_664' title='bbox 1655 1529 1740 1556; x_wconf 79' lang='lat' dir='ltr'><strong>sanch</strong></span> 
     </span>
    </p>
   </div>
   <div class='ocr_carea' id='block_1_96' title="bbox 989 1561 1740 1598">
    <p class='ocr_par' dir='ltr' id='par_1_96' title="bbox 989 1561 1740 1598">
     <span class='ocr_line' id='line_1_96' title="bbox 989 1561 1740 1598; baseline 0.001 -9"><span class='ocrx_word' id='word_1_665' title='bbox 989 1561 1163 1598; x_wconf 63' lang='lat' dir='ltr'><strong>cognitionem</strong></span> <span class='ocrx_word' id='word_1_666' title='bbox 1188 1561 1337 1598; x_wconf 77' lang='lat' dir='ltr'><strong>cognitione</strong></span> <span class='ocrx_word' id='word_1_667' title='bbox 1359 1561 1425 1590; x_wconf 76' lang='lat' dir='ltr'><strong>Filii</strong></span> <span class='ocrx_word' id='word_1_668' title='bbox 1455 1563 1606 1595; x_wconf 80' lang='lat' dir='ltr'><strong>inferiorem</strong></span> <span class='ocrx_word' id='word_1_669' title='bbox 1632 1562 1740 1596; x_wconf 71' lang='lat' dir='ltr'><strong>dixerit,</strong></span> 
     </span>
    </p>
   </div>
   <div class='ocr_carea' id='block_1_97' title="bbox 989 1572 1739 1633">
    <p class='ocr_par' dir='ltr' id='par_1_97' title="bbox 989 1572 1739 1633">
     <span class='ocr_line' id='line_1_97' title="bbox 989 1572 1739 1598; baseline 0.001 -9"><span class='ocrx_word' id='word_1_670' title='bbox 989 1572 1018 1589; x_wconf 86' lang='lat' dir='ltr'><strong>co</strong></span> <span class='ocrx_word' id='word_1_671' title='bbox 1040 1572 1163 1590; x_wconf 88' lang='lat' dir='ltr'><strong>nmonem</strong></span> <span class='ocrx_word' id='word_1_672' title='bbox 1188 1572 1337 1598; x_wconf 73' lang='lat' dir='ltr'><strong>cognitione</strong></span> <span class='ocrx_word' id='word_1_673' title='bbox 1359 1572 1425 1590; x_wconf 73' lang='lat' dir='ltr'><strong>ruit</strong></span> <span class='ocrx_word' id='word_1_674' title='bbox 1455 1572 1606 1595; x_wconf 71' lang='lat' dir='ltr'><strong>interiorem</strong></span> <span class='ocrx_word' id='word_1_675' title='bbox 1632 1572 1739 1596; x_wconf 74' lang='lat' dir='ltr'><strong>auem,</strong></span> 
     </span>
     <span class='ocr_line' id='line_1_98' title="bbox 989 1572 1739 1633; baseline 0.001 -9"><span class='ocrx_word' id='word_1_676' title='bbox 989 1572 1049 1625; x_wconf 69' lang='lat' dir='ltr'><strong>XX.</strong></span> <span class='ocrx_word' id='word_1_677' title='bbox 1062 1598 1130 1633; x_wconf 87' lang='lat' dir='ltr'><strong>quod</strong></span> <span class='ocrx_word' id='word_1_678' title='bbox 1146 1599 1288 1633; x_wconf 87' lang='lat' dir='ltr'><strong>aliquando</strong></span> <span class='ocrx_word' id='word_1_679' title='bbox 1302 1599 1405 1625; x_wconf 80' lang='lat' dir='ltr'><strong>videtur</strong></span> <span class='ocrx_word' id='word_1_680' title='bbox 1420 1606 1536 1633; x_wconf 81' lang='lat' dir='ltr'><strong>negasse.</strong></span> <span class='ocrx_word' id='word_1_681' title='bbox 1557 1598 1627 1625; x_wconf 89' lang='lat' dir='ltr'><strong>XXI.</strong></span> <span class='ocrx_word' id='word_1_682' title='bbox 1646 1598 1739 1626; x_wconf 87' lang='lat' dir='ltr'><strong>Utrum</strong></span> 
     </span>
    </p>
   </div>
   <div class='ocr_carea' id='block_1_98' title="bbox 989 1633 1741 1668">
    <p class='ocr_par' dir='ltr' id='par_1_98' title="bbox 989 1633 1741 1668">
     <span class='ocr_line' id='line_1_99' title="bbox 989 1633 1741 1668; baseline 0.001 -8"><span class='ocrx_word' id='word_1_683' title='bbox 989 1633 1089 1660; x_wconf 79' lang='lat' dir='ltr'><strong>Filium</strong></span> <span class='ocrx_word' id='word_1_684' title='bbox 1100 1638 1122 1660; x_wconf 85' lang='lat' dir='ltr'><strong>et</strong></span> <span class='ocrx_word' id='word_1_685' title='bbox 1133 1634 1261 1668; x_wconf 83' lang='lat' dir='ltr'><strong>Spiritum</strong></span> <span class='ocrx_word' id='word_1_686' title='bbox 1272 1639 1391 1660; x_wconf 84' lang='lat' dir='ltr'><strong>sanctum</strong></span> <span class='ocrx_word' id='word_1_687' title='bbox 1405 1634 1592 1668; x_wconf 66' lang='lat' dir='ltr'><strong>existimaverit</strong></span> <span class='ocrx_word' id='word_1_688' title='bbox 1602 1642 1656 1661; x_wconf 84' lang='lat' dir='ltr'><strong>esse</strong></span> <span class='ocrx_word' id='word_1_689' title='bbox 1667 1642 1741 1661; x_wconf 85' lang='lat' dir='ltr'><strong>crea-</strong></span> 
     </span>
    </p>
   </div>
   <div class='ocr_carea' id='block_1_99' title="bbox 989 1667 1740 1704">
    <p class='ocr_par' dir='ltr' id='par_1_99' title="bbox 989 1667 1740 1704">
     <span class='ocr_line' id='line_1_100' title="bbox 989 1667 1740 1704; baseline 0.001 -9"><span class='ocrx_word' id='word_1_690' title='bbox 989 1673 1041 1701; x_wconf 73' lang='lat' dir='ltr'><strong>tos,</strong></span> <span class='ocrx_word' id='word_1_691' title='bbox 1060 1667 1184 1696; x_wconf 70' lang='lat' dir='ltr'><strong>XXILut</strong></span> <span class='ocrx_word' id='word_1_692' title='bbox 1200 1669 1273 1702; x_wconf 78' lang='lat' dir='ltr'><strong>rulgo</strong></span> <span class='ocrx_word' id='word_1_693' title='bbox 1284 1668 1379 1703; x_wconf 81' lang='lat' dir='ltr'><strong>fertur.</strong></span> <span class='ocrx_word' id='word_1_694' title='bbox 1397 1667 1488 1704; x_wconf 51' lang='lat' dir='ltr'><strong>XXIII:</strong></span> <span class='ocrx_word' id='word_1_695' title='bbox 1506 1667 1638 1704; x_wconf 68' lang='lat' dir='ltr'><strong>Plurima:</strong></span> <span class='ocrx_word' id='word_1_696' title='bbox 1655 1670 1740 1704; x_wconf 70' lang='lat' dir='ltr'><strong>culpae</strong></span> 
     </span>
    </p>
   </div>
   <div class='ocr_carea' id='block_1_100' title="bbox 988 1702 1739 1738">
    <p class='ocr_par' dir='ltr' id='par_1_100' title="bbox 988 1702 1739 1738">
     <span class='ocr_line' id='line_1_101' title="bbox 988 1702 1739 1738; baseline 0.001 -9"><span class='ocrx_word' id='word_1_697' title='bbox 988 1704 1050 1730; x_wconf 85' lang='lat' dir='ltr'><strong>huic</strong></span> <span class='ocrx_word' id='word_1_698' title='bbox 1065 1705 1197 1731; x_wconf 73' lang='lat' dir='ltr'><strong>elevandw</strong></span> <span class='ocrx_word' id='word_1_699' title='bbox 1217 1702 1409 1738; x_wconf 83' lang='lat' dir='ltr'><strong>proponuntur.</strong></span> <span class='ocrx_word' id='word_1_700' title='bbox 1426 1702 1523 1738; x_wconf 76' lang='lat' dir='ltr'><strong>XXIV.</strong></span> <span class='ocrx_word' id='word_1_701' title='bbox 1552 1703 1675 1737; x_wconf 85' lang='lat' dir='ltr'><strong>Aperitur</strong></span> <span class='ocrx_word' id='word_1_702' title='bbox 1693 1702 1739 1738; x_wconf 67' lang='lat' dir='ltr'><strong>ge-</strong></span> 
     </span>
    </p>
   </div>
   <div class='ocr_carea' id='block_1_101' title="bbox 989 1737 1738 1773">
    <p class='ocr_par' dir='ltr' id='par_1_101' title="bbox 989 1737 1738 1773">
     <span class='ocr_line' id='line_1_102' title="bbox 989 1737 1738 1773; baseline 0.003 -9"><span class='ocrx_word' id='word_1_703' title='bbox 989 1740 1070 1765; x_wconf 88' lang='lat' dir='ltr'><strong>nuina</strong></span> <span class='ocrx_word' id='word_1_704' title='bbox 1088 1738 1207 1772; x_wconf 82' lang='lat' dir='ltr'><strong>Origeuis</strong></span> <span class='ocrx_word' id='word_1_705' title='bbox 1221 1742 1357 1764; x_wconf 80' lang='lat' dir='ltr'><strong>sententia.</strong></span> <span class='ocrx_word' id='word_1_706' title='bbox 1372 1737 1457 1766; x_wconf 81' lang='lat' dir='ltr'><strong>XXV.</strong></span> <span class='ocrx_word' id='word_1_707' title='bbox 1473 1737 1566 1764; x_wconf 74' lang='lat' dir='ltr'><strong>Patres</strong></span> <span class='ocrx_word' id='word_1_708' title='bbox 1584 1737 1738 1773; x_wconf 67' lang='lat' dir='ltr'><strong>aliquotet-</strong></span> 
     </span>
    </p>
   </div>
   <div class='ocr_carea' id='block_1_102' title="bbox 987 1772 1738 1806">
    <p class='ocr_par' dir='ltr' id='par_1_102' title="bbox 987 1772 1738 1806">
     <span class='ocr_line' id='line_1_103' title="bbox 987 1772 1738 1806; baseline 0.001 -6"><span class='ocrx_word' id='word_1_709' title='bbox 987 1774 1124 1800; x_wconf 80' lang='lat' dir='ltr'><strong>sentiemes</strong></span> <span class='ocrx_word' id='word_1_710' title='bbox 1137 1774 1224 1801; x_wconf 83' lang='lat' dir='ltr'><strong>habet.</strong></span> <span class='ocrx_word' id='word_1_711' title='bbox 1236 1772 1330 1800; x_wconf 82' lang='lat' dir='ltr'><strong>XXVI.</strong></span> <span class='ocrx_word' id='word_1_712' title='bbox 1344 1773 1402 1806; x_wconf 84' lang='lat' dir='ltr'><strong>Quo</strong></span> <span class='ocrx_word' id='word_1_713' title='bbox 1417 1781 1493 1799; x_wconf 78' lang='lat' dir='ltr'><strong>sensu</strong></span> <span class='ocrx_word' id='word_1_714' title='bbox 1512 1773 1608 1799; x_wconf 72' lang='lat' dir='ltr'><strong>dixerit</strong></span> <span class='ocrx_word' id='word_1_715' title='bbox 1622 1774 1687 1800; x_wconf 85' lang='lat' dir='ltr'><strong>duos</strong></span> <span class='ocrx_word' id='word_1_716' title='bbox 1699 1782 1738 1801; x_wconf 76' lang='lat' dir='ltr'><strong>se-</strong></span> 
     </span>
    </p>
   </div>
   <div class='ocr_carea' id='block_1_103' title="bbox 988 1807 1738 1843">
    <p class='ocr_par' dir='ltr' id='par_1_103' title="bbox 988 1807 1738 1843">
     <span class='ocr_line' id='line_1_104' title="bbox 988 1807 1738 1843; baseline -0.001 -8"><span class='ocrx_word' id='word_1_717' title='bbox 988 1809 1112 1842; x_wconf 83' lang='lat' dir='ltr'><strong>rapltinos</strong></span> <span class='ocrx_word' id='word_1_718' title='bbox 1129 1807 1220 1843; x_wconf 77' lang='lat' dir='ltr'><strong>(Isaitc</strong></span> <span class='ocrx_word' id='word_1_719' title='bbox 1234 1817 1291 1842; x_wconf 83' lang='lat' dir='ltr'><strong>cap.</strong></span> <span class='ocrx_word' id='word_1_720' title='bbox 1306 1816 1342 1843; x_wconf 82' lang='lat' dir='ltr'><strong>vt,</strong></span> <span class='ocrx_word' id='word_1_721' title='bbox 1356 1817 1422 1843; x_wconf 73' lang='lat' dir='ltr'><strong>vers.</strong></span> <span class='ocrx_word' id='word_1_722' title='bbox 1435 1807 1462 1842; x_wconf 70' lang='grc'><strong>2)</strong></span> <span class='ocrx_word' id='word_1_723' title='bbox 1479 1816 1534 1834; x_wconf 82' lang='lat' dir='ltr'><strong>esse</strong></span> <span class='ocrx_word' id='word_1_724' title='bbox 1548 1807 1679 1834; x_wconf 84' lang='lat' dir='ltr'><strong>Christum</strong></span> <span class='ocrx_word' id='word_1_725' title='bbox 1689 1829 1696 1840; x_wconf 88' lang='lat'><strong>,</strong></span> <span class='ocrx_word' id='word_1_726' title='bbox 1714 1814 1738 1835; x_wconf 88' lang='lat' dir='ltr'><strong>et</strong></span> 
     </span>
    </p>
   </div>
   <div class='ocr_carea' id='block_1_104' title="bbox 988 1842 1738 1878">
    <p class='ocr_par' dir='ltr' id='par_1_104' title="bbox 988 1842 1738 1878">
     <span class='ocr_line' id='line_1_105' title="bbox 988 1842 1738 1878; baseline 0.001 -9"><span class='ocrx_word' id='word_1_727' title='bbox 988 1843 1119 1876; x_wconf 84' lang='lat' dir='ltr'><strong>Spiritum</strong></span> <span class='ocrx_word' id='word_1_728' title='bbox 1132 1850 1260 1878; x_wconf 79' lang='lat' dir='ltr'><strong>sanctum.</strong></span> <span class='ocrx_word' id='word_1_729' title='bbox 1279 1842 1384 1870; x_wconf 81' lang='lat' dir='ltr'><strong>XXVII.</strong></span> <span class='ocrx_word' id='word_1_730' title='bbox 1401 1842 1514 1869; x_wconf 87' lang='lat' dir='ltr'><strong>Crimini</strong></span> <span class='ocrx_word' id='word_1_731' title='bbox 1527 1843 1606 1878; x_wconf 83' lang='lat' dir='ltr'><strong>datur</strong></span> <span class='ocrx_word' id='word_1_732' title='bbox 1621 1844 1738 1878; x_wconf 80' lang='lat' dir='ltr'><strong>Origeni,</strong></span> 
     </span>
    </p>
   </div>
   <div class='ocr_carea' id='block_1_105' title="bbox 987 1877 1740 1913">
    <p class='ocr_par' dir='ltr' id='par_1_105' title="bbox 987 1877 1740 1913">
     <span class='ocr_line' id='line_1_106' title="bbox 987 1877 1740 1913; baseline 0 -8"><span class='ocrx_word' id='word_1_733' title='bbox 987 1880 1056 1913; x_wconf 82' lang='lat' dir='ltr'><strong>quod</strong></span> <span class='ocrx_word' id='word_1_734' title='bbox 1071 1879 1168 1905; x_wconf 73' lang='lat' dir='ltr'><strong>dixerit</strong></span> <span class='ocrx_word' id='word_1_735' title='bbox 1186 1877 1294 1905; x_wconf 83' lang='lat' dir='ltr'><strong>Patrem</strong></span> <span class='ocrx_word' id='word_1_736' title='bbox 1312 1880 1387 1904; x_wconf 85' lang='lat' dir='ltr'><strong>rebus</strong></span> <span class='ocrx_word' id='word_1_737' title='bbox 1412 1878 1551 1910; x_wconf 75' lang='lat' dir='ltr'><strong>uniuersis,</strong></span> <span class='ocrx_word' id='word_1_738' title='bbox 1573 1877 1675 1904; x_wconf 83' lang='lat' dir='ltr'><strong>Filium</strong></span> <span class='ocrx_word' id='word_1_739' title='bbox 1695 1887 1740 1905; x_wconf 91' lang='lat' dir='ltr'><strong>ra-</strong></span> 
     </span>
    </p>
   </div>
   <div class='ocr_carea' id='block_1_106' title="bbox 988 1913 1736 1947">
    <p class='ocr_par' dir='ltr' id='par_1_106' title="bbox 988 1913 1736 1947">
     <span class='ocr_line' id='line_1_107' title="bbox 988 1913 1736 1947; baseline 0 -7"><span class='ocrx_word' id='word_1_740' title='bbox 988 1914 1058 1940; x_wconf 87' lang='lat' dir='ltr'><strong>tione</strong></span> <span class='ocrx_word' id='word_1_741' title='bbox 1072 1914 1208 1947; x_wconf 73' lang='lat' dir='ltr'><strong>pra&#39;ditis.</strong></span> <span class='ocrx_word' id='word_1_742' title='bbox 1233 1913 1360 1946; x_wconf 85' lang='lat' dir='ltr'><strong>Spiritum</strong></span> <span class='ocrx_word' id='word_1_743' title='bbox 1385 1918 1505 1940; x_wconf 85' lang='lat' dir='ltr'><strong>sanctum</strong></span> <span class='ocrx_word' id='word_1_744' title='bbox 1529 1913 1626 1947; x_wconf 59' lang='lat' dir='ltr'><strong>sanctis</strong></span> <span class='ocrx_word' id='word_1_745' title='bbox 1639 1914 1736 1940; x_wconf 86' lang='lat' dir='ltr'><strong>dunta-</strong></span> 
     </span>
    </p>
   </div>
   <div class='ocr_carea' id='block_1_107' title="bbox 985 1941 1739 1983">
    <p class='ocr_par' dir='ltr' id='par_1_107' title="bbox 985 1941 1739 1983">
     <span class='ocr_line' id='line_1_108' title="bbox 985 1941 1739 1983; baseline -0.001 -7"><span class='ocrx_word' id='word_1_746' title='bbox 985 1955 1031 1976; x_wconf 66' lang='lat' dir='ltr'><strong>aut</strong></span> <span class='ocrx_word' id='word_1_747' title='bbox 1042 1941 1153 1983; x_wconf 39' lang='lat' dir='ltr'><strong>praeesse</strong></span> <span class='ocrx_word' id='word_1_748' title='bbox 1165 1941 1299 1976; x_wconf 75' lang='lat' dir='ltr'><strong>:XXVlll.</strong></span> <span class='ocrx_word' id='word_1_749' title='bbox 1316 1948 1526 1982; x_wconf 72' lang='lat' dir='ltr'><strong>sedtlefenditur.</strong></span> <span class='ocrx_word' id='word_1_750' title='bbox 1541 1941 1635 1975; x_wconf 82' lang='lat' dir='ltr'><strong>XXIX.</strong></span> <span class='ocrx_word' id='word_1_751' title='bbox 1645 1947 1739 1975; x_wconf 77' lang='lat' dir='ltr'><strong>Utrum</strong></span> 
     </span>
    </p>
   </div>
   <div class='ocr_carea' id='block_1_108' title="bbox 987 1982 1737 2016">
    <p class='ocr_par' dir='ltr' id='par_1_108' title="bbox 987 1982 1737 2016">
     <span class='ocr_line' id='line_1_109' title="bbox 987 1982 1737 2016; baseline 0 -6"><span class='ocrx_word' id='word_1_752' title='bbox 987 1983 1086 2010; x_wconf 87' lang='lat' dir='ltr'><strong>Filium</strong></span> <span class='ocrx_word' id='word_1_753' title='bbox 1109 1993 1159 2011; x_wconf 89' lang='lat' dir='ltr'><strong>non</strong></span> <span class='ocrx_word' id='word_1_754' title='bbox 1179 1984 1309 2010; x_wconf 86' lang='lat' dir='ltr'><strong>orandum</strong></span> <span class='ocrx_word' id='word_1_755' title='bbox 1330 1992 1385 2010; x_wconf 82' lang='lat' dir='ltr'><strong>esse</strong></span> <span class='ocrx_word' id='word_1_756' title='bbox 1407 1983 1625 2016; x_wconf 83' lang='lat' dir='ltr'><strong>pronuntiaverit.</strong></span> <span class='ocrx_word' id='word_1_757' title='bbox 1651 1982 1737 2010; x_wconf 82' lang='lat' dir='ltr'><strong>XXX.</strong></span> 
     </span>
    </p>
   </div>
   <div class='ocr_carea' id='block_1_109' title="bbox 986 2018 1739 2053">
    <p class='ocr_par' dir='ltr' id='par_1_109' title="bbox 986 2018 1739 2053">
     <span class='ocr_line' id='line_1_110' title="bbox 986 2018 1739 2053; baseline 0 -8"><span class='ocrx_word' id='word_1_758' title='bbox 986 2018 1079 2046; x_wconf 87' lang='lat' dir='ltr'><strong>Utrum</strong></span> <span class='ocrx_word' id='word_1_759' title='bbox 1091 2019 1198 2053; x_wconf 71' lang='lat' dir='ltr'><strong>[ina-erit</strong></span> <span class='ocrx_word' id='word_1_760' title='bbox 1213 2019 1262 2046; x_wconf 86' lang='lat' dir='ltr'><strong>sibi</strong></span> <span class='ocrx_word' id='word_1_761' title='bbox 1274 2018 1401 2053; x_wconf 78' lang='lat' dir='ltr'><strong>Spiritum</strong></span> <span class='ocrx_word' id='word_1_762' title='bbox 1414 2023 1534 2044; x_wconf 86' lang='lat' dir='ltr'><strong>sanctum</strong></span> <span class='ocrx_word' id='word_1_763' title='bbox 1547 2026 1627 2053; x_wconf 82' lang='lat' dir='ltr'><strong>genus</strong></span> <span class='ocrx_word' id='word_1_764' title='bbox 1643 2019 1739 2048; x_wconf 82' lang='lat' dir='ltr'><strong>Imma-</strong></span> 
     </span>
    </p>
   </div>
   <div class='ocr_carea' id='block_1_110' title="bbox 984 2050 1394 2088">
    <p class='ocr_par' dir='ltr' id='par_1_110' title="bbox 984 2050 1394 2088">
     <span class='ocr_line' id='line_1_111' title="bbox 984 2050 1394 2088; baseline 0 -8"><span class='ocrx_word' id='word_1_765' title='bbox 984 2063 1045 2081; x_wconf 88' lang='lat' dir='ltr'><strong>nunt</strong></span> <span class='ocrx_word' id='word_1_766' title='bbox 1062 2050 1189 2080; x_wconf 71' lang='lat' dir='ltr'><strong>redimere</strong></span> <span class='ocrx_word' id='word_1_767' title='bbox 1202 2062 1252 2080; x_wconf 85' lang='lat' dir='ltr'><strong>non</strong></span> <span class='ocrx_word' id='word_1_768' title='bbox 1267 2050 1394 2088; x_wconf 52' lang='lat' dir='ltr'><strong>pbtuisse.</strong></span> 
     </span>
    </p>
   </div>
   <div class='ocr_carea' id='block_1_111' title="bbox 985 2099 1738 2135">
    <p class='ocr_par' dir='ltr' id='par_1_111' title="bbox 985 2099 1738 2135">
     <span class='ocr_line' id='line_1_112' title="bbox 985 2099 1738 2135; baseline -0.001 -8"><span class='ocrx_word' id='word_1_769' title='bbox 985 2100 1004 2127; x_wconf 94' lang='grc' dir='ltr'><strong>Ι.</strong></span> <span class='ocrx_word' id='word_1_770' title='bbox 1027 2100 1067 2127; x_wconf 80' lang='lat' dir='ltr'><strong>Ex</strong></span> <span class='ocrx_word' id='word_1_771' title='bbox 1085 2100 1119 2127; x_wconf 87' lang='lat' dir='ltr'><strong>iis</strong></span> <span class='ocrx_word' id='word_1_772' title='bbox 1139 2099 1279 2135; x_wconf 84' lang='lat' dir='ltr'><strong>religionis</strong></span> <span class='ocrx_word' id='word_1_773' title='bbox 1295 2099 1455 2127; x_wconf 65' lang='lat' dir='ltr'><strong>Christianae</strong></span> <span class='ocrx_word' id='word_1_774' title='bbox 1475 2099 1608 2134; x_wconf 85' lang='lat' dir='ltr'><strong>dogmatis</strong></span> <span class='ocrx_word' id='word_1_775' title='bbox 1628 2107 1688 2133; x_wconf 67' lang='lat' dir='ltr'><strong>quae</strong></span> <span class='ocrx_word' id='word_1_776' title='bbox 1704 2099 1738 2126; x_wconf 86' lang='lat' dir='ltr'><strong>ab</strong></span> 
     </span>
    </p>
   </div>
   <div class='ocr_carea' id='block_1_112' title="bbox 948 2146 1738 2180">
    <p class='ocr_par' dir='ltr' id='par_1_112' title="bbox 948 2146 1738 2180">
     <span class='ocr_line' id='line_1_113' title="bbox 948 2146 1738 2180; baseline -0.003 -6"><span class='ocrx_word' id='word_1_777' title='bbox 948 2146 1065 2180; x_wconf 77' lang='lat' dir='ltr'><strong>Origene</strong></span> <span class='ocrx_word' id='word_1_778' title='bbox 1081 2150 1198 2173; x_wconf 84' lang='lat' dir='ltr'><strong>tractata</strong></span> <span class='ocrx_word' id='word_1_779' title='bbox 1222 2152 1303 2179; x_wconf 91' lang='lat' dir='ltr'><strong>sunt;</strong></span> <span class='ocrx_word' id='word_1_780' title='bbox 1318 2151 1433 2172; x_wconf 85' lang='lat' dir='ltr'><strong>tractata</strong></span> <span class='ocrx_word' id='word_1_781' title='bbox 1460 2151 1524 2174; x_wconf 91' lang='lat' dir='ltr'><strong>sunt</strong></span> <span class='ocrx_word' id='word_1_782' title='bbox 1553 2150 1644 2172; x_wconf 84' lang='lat' dir='ltr'><strong>autem</strong></span> <span class='ocrx_word' id='word_1_783' title='bbox 1670 2153 1738 2180; x_wconf 83' lang='lat' dir='ltr'><strong>pene</strong></span> 
     </span>
    </p>
   </div>
   <div class='ocr_carea' id='block_1_113' title="bbox 948 2192 1737 2228">
    <p class='ocr_par' dir='ltr' id='par_1_113' title="bbox 948 2192 1737 2228">
     <span class='ocr_line' id='line_1_114' title="bbox 948 2192 1737 2228; baseline 0 -8"><span class='ocrx_word' id='word_1_784' title='bbox 948 2194 1095 2227; x_wconf 88' lang='lat' dir='ltr'><strong>universa;</strong></span> <span class='ocrx_word' id='word_1_785' title='bbox 1112 2193 1214 2220; x_wconf 93' lang='lat' dir='ltr'><strong>nullum</strong></span> <span class='ocrx_word' id='word_1_786' title='bbox 1231 2200 1307 2227; x_wconf 68' lang='lat' dir='ltr'><strong>aeque</strong></span> <span class='ocrx_word' id='word_1_787' title='bbox 1324 2193 1485 2220; x_wconf 86' lang='lat' dir='ltr'><strong>commentis</strong></span> <span class='ocrx_word' id='word_1_788' title='bbox 1500 2197 1526 2220; x_wconf 92' lang='lat' dir='ltr'><strong>et</strong></span> <span class='ocrx_word' id='word_1_789' title='bbox 1536 2192 1737 2228; x_wconf 86' lang='lat' dir='ltr'><strong>opiuatiouibus</strong></span> 
     </span>
    </p>
   </div>
   <div class='ocr_carea' id='block_1_114' title="bbox 949 2238 1737 2272">
    <p class='ocr_par' dir='ltr' id='par_1_114' title="bbox 949 2238 1737 2272">
     <span class='ocr_line' id='line_1_115' title="bbox 949 2238 1737 2272; baseline 0 -7"><span class='ocrx_word' id='word_1_790' title='bbox 949 2239 1118 2267; x_wconf 74' lang='lat' dir='ltr'><strong>deformasse</strong></span> <span class='ocrx_word' id='word_1_791' title='bbox 1133 2239 1191 2266; x_wconf 88' lang='lat' dir='ltr'><strong>suis</strong></span> <span class='ocrx_word' id='word_1_792' title='bbox 1206 2238 1327 2266; x_wconf 82' lang='lat' dir='ltr'><strong>creditus</strong></span> <span class='ocrx_word' id='word_1_793' title='bbox 1343 2243 1371 2265; x_wconf 90' lang='lat' dir='ltr'><strong>et</strong></span> <span class='ocrx_word' id='word_1_794' title='bbox 1385 2238 1475 2266; x_wconf 84' lang='lat' dir='ltr'><strong>dictus</strong></span> <span class='ocrx_word' id='word_1_795' title='bbox 1491 2243 1544 2270; x_wconf 80' lang='lat' dir='ltr'><strong>cst,</strong></span> <span class='ocrx_word' id='word_1_796' title='bbox 1558 2246 1590 2265; x_wconf 87' lang='lat' dir='ltr'><strong>ac</strong></span> <span class='ocrx_word' id='word_1_797' title='bbox 1603 2238 1667 2265; x_wconf 91' lang='lat' dir='ltr'><strong>illud</strong></span> <span class='ocrx_word' id='word_1_798' title='bbox 1683 2246 1737 2272; x_wconf 88' lang='lat' dir='ltr'><strong>quo</strong></span> 
     </span>
    </p>
   </div>
   <div class='ocr_carea' id='block_1_115' title="bbox 947 2284 1735 2321">
    <p class='ocr_par' dir='ltr' id='par_1_115' title="bbox 947 2284 1735 2321">
     <span class='ocr_line' id='line_1_116' title="bbox 947 2284 1735 2321; baseline 0 -10"><span class='ocrx_word' id='word_1_799' title='bbox 947 2289 1130 2312; x_wconf 59' lang='lat' dir='ltr'><strong>sacrosancta;</strong></span> <span class='ocrx_word' id='word_1_800' title='bbox 1145 2285 1287 2312; x_wconf 87' lang='lat' dir='ltr'><strong>Trinitatis</strong></span> <span class='ocrx_word' id='word_1_801' title='bbox 1305 2286 1464 2321; x_wconf 84' lang='lat' dir='ltr'><strong>mysterium</strong></span> <span class='ocrx_word' id='word_1_802' title='bbox 1483 2285 1650 2312; x_wconf 90' lang='lat' dir='ltr'><strong>continetur.</strong></span> <span class='ocrx_word' id='word_1_803' title='bbox 1668 2284 1735 2311; x_wconf 84' lang='lat' dir='ltr'><strong>Nam</strong></span> 
     </span>
    </p>
   </div>
   <div class='ocr_carea' id='block_1_116' title="bbox 947 2332 1737 2360">
    <p class='ocr_par' dir='ltr' id='par_1_116' title="bbox 947 2332 1737 2360">
     <span class='ocr_line' id='line_1_117' title="bbox 947 2332 1737 2360; baseline 0.003 -2"><span class='ocrx_word' id='word_1_804' title='bbox 947 2336 973 2358; x_wconf 89' lang='lat' dir='ltr'><strong>et</strong></span> <span class='ocrx_word' id='word_1_805' title='bbox 986 2332 1047 2358; x_wconf 87' lang='lat' dir='ltr'><strong>Filii</strong></span> <span class='ocrx_word' id='word_1_806' title='bbox 1067 2332 1248 2359; x_wconf 84' lang='lat' dir='ltr'><strong>substantiam</strong></span> <span class='ocrx_word' id='word_1_807' title='bbox 1273 2333 1347 2360; x_wconf 86' lang='lat' dir='ltr'><strong>visus</strong></span> <span class='ocrx_word' id='word_1_808' title='bbox 1364 2336 1405 2360; x_wconf 87' lang='lat' dir='ltr'><strong>est</strong></span> <span class='ocrx_word' id='word_1_809' title='bbox 1432 2340 1447 2360; x_wconf 92' lang='lat' dir='ltr'><strong>a</strong></span> <span class='ocrx_word' id='word_1_810' title='bbox 1470 2333 1622 2360; x_wconf 85' lang='lat' dir='ltr'><strong>substantia</strong></span> <span class='ocrx_word' id='word_1_811' title='bbox 1648 2332 1737 2360; x_wconf 87' lang='lat' dir='ltr'><strong>Patris</strong></span> 
     </span>
    </p>
   </div>
   <div class='ocr_carea' id='block_1_117' title="bbox 949 2379 1735 2414">
    <p class='ocr_par' dir='ltr' id='par_1_117' title="bbox 949 2379 1735 2414">
     <span class='ocr_line' id='line_1_118' title="bbox 949 2379 1735 2414; baseline 0.001 -9"><span class='ocrx_word' id='word_1_812' title='bbox 949 2385 1114 2412; x_wconf 81' lang='lat' dir='ltr'><strong>Secernere;</strong></span> <span class='ocrx_word' id='word_1_813' title='bbox 1141 2384 1169 2406; x_wconf 89' lang='lat' dir='ltr'><strong>et</strong></span> <span class='ocrx_word' id='word_1_814' title='bbox 1199 2379 1298 2406; x_wconf 88' lang='lat' dir='ltr'><strong>Filium</strong></span> <span class='ocrx_word' id='word_1_815' title='bbox 1322 2379 1421 2413; x_wconf 85' lang='lat' dir='ltr'><strong>Patre,</strong></span> <span class='ocrx_word' id='word_1_816' title='bbox 1451 2379 1582 2414; x_wconf 90' lang='lat' dir='ltr'><strong>Spiritum</strong></span> <span class='ocrx_word' id='word_1_817' title='bbox 1613 2385 1735 2407; x_wconf 84' lang='lat' dir='ltr'><strong>sanctum</strong></span> 
     </span>
    </p>
   </div>
   <div class='ocr_carea' id='block_1_118' title="bbox 951 2423 1735 2459">
    <p class='ocr_par' dir='ltr' id='par_1_118' title="bbox 951 2423 1735 2459">
     <span class='ocr_line' id='line_1_119' title="bbox 951 2423 1735 2459; baseline 0.003 -9"><span class='ocrx_word' id='word_1_818' title='bbox 951 2423 1021 2450; x_wconf 86' lang='lat' dir='ltr'><strong>Filio</strong></span> <span class='ocrx_word' id='word_1_819' title='bbox 1041 2423 1197 2451; x_wconf 82' lang='lat' dir='ltr'><strong>inferiorem</strong></span> <span class='ocrx_word' id='word_1_820' title='bbox 1214 2431 1332 2459; x_wconf 88' lang='lat' dir='ltr'><strong>ponere,</strong></span> <span class='ocrx_word' id='word_1_821' title='bbox 1349 2425 1414 2452; x_wconf 82' lang='lat' dir='ltr'><strong>adeo</strong></span> <span class='ocrx_word' id='word_1_822' title='bbox 1430 2429 1457 2451; x_wconf 93' lang='lat' dir='ltr'><strong>ul</strong></span> <span class='ocrx_word' id='word_1_823' title='bbox 1470 2424 1550 2452; x_wconf 84' lang='lat' dir='ltr'><strong>Pater</strong></span> <span class='ocrx_word' id='word_1_824' title='bbox 1562 2433 1576 2452; x_wconf 87' lang='lat' dir='ltr'><strong>a</strong></span> <span class='ocrx_word' id='word_1_825' title='bbox 1589 2425 1669 2458; x_wconf 88' lang='lat' dir='ltr'><strong>Filio,</strong></span> <span class='ocrx_word' id='word_1_826' title='bbox 1691 2424 1735 2451; x_wconf 82' lang='lat' dir='ltr'><strong>Fi-</strong></span> 
     </span>
    </p>
   </div>
   <div class='ocr_carea' id='block_1_119' title="bbox 947 2514 1734 2551">
    <p class='ocr_par' dir='ltr' id='par_1_119' title="bbox 947 2514 1734 2551">
     <span class='ocr_line' id='line_1_120' title="bbox 947 2514 1734 2551; baseline 0 -8"><span class='ocrx_word' id='word_1_827' title='bbox 947 2516 1114 2551; x_wconf 90' lang='lat' dir='ltr'><strong>omninoque</strong></span> <span class='ocrx_word' id='word_1_828' title='bbox 1131 2515 1280 2550; x_wconf 83' lang='lat' dir='ltr'><strong>spiritalem</strong></span> <span class='ocrx_word' id='word_1_829' title='bbox 1295 2515 1420 2550; x_wconf 81' lang='lat' dir='ltr'><strong>agnoscit</strong></span> <span class='ocrx_word' id='word_1_830' title='bbox 1432 2515 1507 2550; x_wconf 79' lang='lat' dir='ltr'><strong>juxta</strong></span> <span class='ocrx_word' id='word_1_831' title='bbox 1523 2523 1555 2551; x_wconf 84' lang='lat' dir='ltr'><strong>ac</strong></span> <span class='ocrx_word' id='word_1_832' title='bbox 1569 2514 1734 2548; x_wconf 82' lang='lat' dir='ltr'><strong>Platonicos,</strong></span> 
     </span>
    </p>
   </div>
   <div class='ocr_carea' id='block_1_120' title="bbox 947 2550 1734 2585">
    <p class='ocr_par' dir='ltr' id='par_1_120' title="bbox 947 2550 1734 2585">
     <span class='ocr_line' id='line_1_121' title="bbox 947 2550 1734 2585; baseline -0.001 -7"><span class='ocrx_word' id='word_1_833' title='bbox 947 2556 978 2578; x_wconf 94' lang='lat' dir='ltr'><strong>ut</strong></span> <span class='ocrx_word' id='word_1_834' title='bbox 991 2551 1059 2578; x_wconf 80' lang='lat' dir='ltr'><strong>infra</strong></span> <span class='ocrx_word' id='word_1_835' title='bbox 1071 2550 1261 2584; x_wconf 41' lang='lat' dir='ltr'><strong>&#39;05tendemus,</strong></span> <span class='ocrx_word' id='word_1_836' title='bbox 1278 2557 1378 2585; x_wconf 68' lang='lat' dir='ltr'><strong>quaest.</strong></span> <span class='ocrx_word' id='word_1_837' title='bbox 1393 2551 1421 2583; x_wconf 85' lang='lat'><strong>6,</strong></span> <span class='ocrx_word' id='word_1_838' title='bbox 1449 2559 1523 2578; x_wconf 83' lang='lat' dir='ltr'><strong>nunt.</strong></span> <span class='ocrx_word' id='word_1_839' title='bbox 1539 2550 1565 2577; x_wconf 80' lang='lat'><strong>5.</strong></span> <span class='ocrx_word' id='word_1_840' title='bbox 1582 2551 1650 2578; x_wconf 86' lang='lat' dir='ltr'><strong>Hine</strong></span> <span class='ocrx_word' id='word_1_841' title='bbox 1667 2559 1734 2578; x_wconf 89' lang='lat' dir='ltr'><strong>con—</strong></span> 
     </span>
    </p>
   </div>
   <div class='ocr_carea' id='block_1_121' title="bbox 946 2585 1735 2620">
    <p class='ocr_par' dir='ltr' id='par_1_121' title="bbox 946 2585 1735 2620">
     <span class='ocr_line' id='line_1_122' title="bbox 946 2585 1735 2620; baseline -0.001 -7"><span class='ocrx_word' id='word_1_842' title='bbox 946 2594 1062 2620; x_wconf 83' lang='lat' dir='ltr'><strong>sequens</strong></span> <span class='ocrx_word' id='word_1_843' title='bbox 1079 2591 1130 2617; x_wconf 87' lang='lat' dir='ltr'><strong>est,</strong></span> <span class='ocrx_word' id='word_1_844' title='bbox 1150 2585 1236 2613; x_wconf 86' lang='lat' dir='ltr'><strong>sicubi</strong></span> <span class='ocrx_word' id='word_1_845' title='bbox 1252 2586 1352 2613; x_wconf 82' lang='lat' dir='ltr'><strong>dixerit</strong></span> <span class='ocrx_word' id='word_1_846' title='bbox 1365 2586 1588 2620; x_wconf 82' lang='lat' dir='ltr'><strong>0rigenes,quod</strong></span> <span class='ocrx_word' id='word_1_847' title='bbox 1605 2587 1735 2620; x_wconf 90' lang='lat' dir='ltr'><strong>objiciunt</strong></span> 
     </span>
    </p>
   </div>
   <div class='ocr_carea' id='block_1_122' title="bbox 947 2621 1734 2656">
    <p class='ocr_par' dir='ltr' id='par_1_122' title="bbox 947 2621 1734 2656">
     <span class='ocr_line' id='line_1_123' title="bbox 947 2621 1734 2656; baseline -0.001 -8"><span class='ocrx_word' id='word_1_848' title='bbox 947 2621 1114 2655; x_wconf 87' lang='lat' dir='ltr'><strong>Theophilus</strong></span> <span class='ocrx_word' id='word_1_849' title='bbox 1137 2626 1164 2648; x_wconf 90' lang='lat' dir='ltr'><strong>et</strong></span> <span class='ocrx_word' id='word_1_850' title='bbox 1180 2621 1369 2656; x_wconf 83' lang='lat' dir='ltr'><strong>Hieronymus,</strong></span> <span class='ocrx_word' id='word_1_851' title='bbox 1382 2621 1465 2647; x_wconf 89' lang='lat' dir='ltr'><strong>Deum</strong></span> <span class='ocrx_word' id='word_1_852' title='bbox 1480 2621 1561 2648; x_wconf 88' lang='lat' dir='ltr'><strong>unius</strong></span> <span class='ocrx_word' id='word_1_853' title='bbox 1576 2626 1603 2647; x_wconf 88' lang='lat' dir='ltr'><strong>et</strong></span> <span class='ocrx_word' id='word_1_854' title='bbox 1614 2621 1734 2654; x_wconf 86' lang='lat' dir='ltr'><strong>ejusdem</strong></span> 
     </span>
    </p>
   </div>
   <div class='ocr_carea' id='block_1_123' title="bbox 946 2655 1732 2690">
    <p class='ocr_par' dir='ltr' id='par_1_123' title="bbox 946 2655 1732 2690">
     <span class='ocr_line' id='line_1_124' title="bbox 946 2655 1732 2690; baseline 0 -8"><span class='ocrx_word' id='word_1_855' title='bbox 946 2657 1145 2690; x_wconf 87' lang='lat' dir='ltr'><strong>quodammodo</strong></span> <span class='ocrx_word' id='word_1_856' title='bbox 1157 2664 1217 2684; x_wconf 78' lang='lat' dir='ltr'><strong>esse</strong></span> <span class='ocrx_word' id='word_1_857' title='bbox 1231 2655 1390 2684; x_wconf 71' lang='lat' dir='ltr'><strong>substantia:</strong></span> <span class='ocrx_word' id='word_1_858' title='bbox 1407 2664 1439 2682; x_wconf 84' lang='lat' dir='ltr'><strong>ac</strong></span> <span class='ocrx_word' id='word_1_859' title='bbox 1452 2663 1494 2682; x_wconf 85' lang='lat' dir='ltr'><strong>res</strong></span> <span class='ocrx_word' id='word_1_860' title='bbox 1514 2655 1619 2683; x_wconf 83' lang='lat' dir='ltr'><strong>ratione</strong></span> <span class='ocrx_word' id='word_1_861' title='bbox 1636 2657 1732 2690; x_wconf 64' lang='lat' dir='ltr'><strong>pracdi-</strong></span> 
     </span>
    </p>
   </div>
   <div class='ocr_carea' id='block_1_124' title="bbox 945 2691 1732 2725">
    <p class='ocr_par' dir='ltr' id='par_1_124' title="bbox 945 2691 1732 2725">
     <span class='ocr_line' id='line_1_125' title="bbox 945 2691 1732 2725; baseline -0.001 -7"><span class='ocrx_word' id='word_1_862' title='bbox 945 2697 996 2725; x_wconf 84' lang='lat' dir='ltr'><strong>tas,</strong></span> <span class='ocrx_word' id='word_1_863' title='bbox 1013 2693 1039 2718; x_wconf 89' lang='lat' dir='ltr'><strong>in</strong></span> <span class='ocrx_word' id='word_1_864' title='bbox 1052 2700 1084 2719; x_wconf 82' lang='lat' dir='ltr'><strong>eo</strong></span> <span class='ocrx_word' id='word_1_865' title='bbox 1100 2692 1158 2718; x_wconf 88' lang='lat' dir='ltr'><strong>illas</strong></span> <span class='ocrx_word' id='word_1_866' title='bbox 1183 2691 1329 2718; x_wconf 88' lang='lat' dir='ltr'><strong>convenire</strong></span> <span class='ocrx_word' id='word_1_867' title='bbox 1346 2692 1514 2718; x_wconf 84' lang='lat' dir='ltr'><strong>substantias</strong></span> <span class='ocrx_word' id='word_1_868' title='bbox 1528 2696 1662 2725; x_wconf 85' lang='lat' dir='ltr'><strong>quatenus</strong></span> <span class='ocrx_word' id='word_1_869' title='bbox 1675 2691 1732 2719; x_wconf 86' lang='lat' dir='ltr'><strong>sint</strong></span> 
     </span>
    </p>
   </div>
   <div class='ocr_carea' id='block_1_125' title="bbox 940 2726 1729 2760">
    <p class='ocr_par' dir='ltr' id='par_1_125' title="bbox 940 2726 1729 2760">
     <span class='ocr_line' id='line_1_126' title="bbox 940 2726 1729 2760; baseline -0.001 -6"><span class='ocrx_word' id='word_1_870' title='bbox 940 2727 1138 2754; x_wconf 85' lang='lat' dir='ltr'><strong>intellectuales</strong></span> <span class='ocrx_word' id='word_1_871' title='bbox 1176 2733 1305 2760; x_wconf 77' lang='lat' dir='ltr'><strong>meroque</strong></span> <span class='ocrx_word' id='word_1_872' title='bbox 1330 2726 1478 2760; x_wconf 85' lang='lat' dir='ltr'><strong>spiritales,</strong></span> <span class='ocrx_word' id='word_1_873' title='bbox 1512 2733 1565 2753; x_wconf 90' lang='lat' dir='ltr'><strong>non</strong></span> <span class='ocrx_word' id='word_1_874' title='bbox 1591 2731 1729 2760; x_wconf 81' lang='lat' dir='ltr'><strong>quatenus</strong></span> 
     </span>
    </p>
   </div>
   <div class='ocr_carea' id='block_1_126' title="bbox 939 2761 1732 2799">
    <p class='ocr_par' dir='ltr' id='par_1_126' title="bbox 939 2761 1732 2799">
     <span class='ocr_line' id='line_1_127' title="bbox 939 2761 1732 2799; baseline 0 -10"><span class='ocrx_word' id='word_1_875' title='bbox 939 2770 1075 2799; x_wconf 63' lang='lat' dir='ltr'><strong>corporeae</strong></span> <span class='ocrx_word' id='word_1_876' title='bbox 1088 2783 1095 2794; x_wconf 93' lang='lat'><strong>,</strong></span> <span class='ocrx_word' id='word_1_877' title='bbox 1118 2767 1145 2789; x_wconf 90' lang='lat' dir='ltr'><strong>ut</strong></span> <span class='ocrx_word' id='word_1_878' title='bbox 1161 2767 1234 2799; x_wconf 77' lang='lat' dir='ltr'><strong>recte</strong></span> <span class='ocrx_word' id='word_1_879' title='bbox 1249 2763 1377 2789; x_wconf 83' lang='lat' dir='ltr'><strong>observat</strong></span> <span class='ocrx_word' id='word_1_880' title='bbox 1389 2761 1572 2799; x_wconf 32' lang='lat' dir='ltr'><strong>“clarissimus</strong></span> <span class='ocrx_word' id='word_1_881' title='bbox 1597 2762 1732 2799; x_wconf 66' lang='grc' dir='ltr'><strong>Ηυθιὶυς,</strong></span> 
     </span>
    </p>
   </div>
   <div class='ocr_carea' id='block_1_127' title="bbox 938 2796 1512 2833">
    <p class='ocr_par' dir='ltr' id='par_1_127' title="bbox 938 2796 1512 2833">
     <span class='ocr_line' id='line_1_128' title="bbox 938 2796 1512 2833; baseline -0.002 -9"><span class='ocrx_word' id='word_1_882' title='bbox 938 2796 1061 2832; x_wconf 82' lang='lat' dir='ltr'><strong>quamvis</strong></span> <span class='ocrx_word' id='word_1_883' title='bbox 1073 2798 1191 2833; x_wconf 78' lang='lat' dir='ltr'><strong>alioquin</strong></span> <span class='ocrx_word' id='word_1_884' title='bbox 1206 2798 1364 2825; x_wconf 86' lang='lat' dir='ltr'><strong>immensum</strong></span> <span class='ocrx_word' id='word_1_885' title='bbox 1380 2796 1512 2824; x_wconf 77' lang='lat' dir='ltr'><strong>dilIcrant.</strong></span> 
     </span>
    </p>
   </div>
  </div>
