1915 3079
243 116 293 143 719

866 115 897 143 Ρ.
916 113 1074 142 DANIELIS
1091 113 1207 142 HUETII

1800 113 1848 139 ’ῖΞο

242 175 379 209 ipsiusque
406 172 560 209 οἱκονσμιαν
586 177 723 207 pertinent
755 172 914 208 insigniores
943 171 1161 207 quin-Aquoatl
1197 170 1253 197 fieri
1287 171 1396 206 poterit,
1428 174 1455 197 et
1483 170 1509 197 in
1540 178 1623 205 pauca
1647 171 1846 199 contrahemus.

241 228 304 256 que.
330 220 384 248 Nos
413 220 517 255 singula
534 226 645 253 quisque
671 220 854 253 expendemus
874 218 1017 251 distincte,

241 309 311 345 quod
321 309 456 345 Christum
468 307 664 345 quodammodo
677 307 833 345 Creatorem
850 315 910 334 esse
927 308 998 345 dicat
1011 317 1018 336 :

240 341 302 374 nam
325 351 384 370 cum
411 343 528 370 haeretici
556 341 686 376 niajorcni
708 350 767 370 cum
788 343 915 370 Creatore
936 343 1021 376 tinge-

239 383 314 410 rent,
330 378 399 405 solet
413 377 543 412 Origenes
554 398 561 409 ,
578 382 607 403 ut
631 376 736 404 Patrem
751 377 819 404 Filio
831 398 838 409 ,
856 379 892 404 ita
909 377 1021 404 Creato-

239 422 296 441 rem
320 413 429 440 Christo
454 412 584 446 majorem
610 413 774 440 contendere
792 413 882 439 habita
906 412 1020 447 originis

237 449 354 476 ratione.

272 482 299 509 ln
313 482 407 510 eodem
419 485 501 513 lomo,
515 489 589 508 num.
601 480 647 514 5|,
660 481 705 514 52,
713 480 848 509 Christum
860 481 1018 515 magistrum

236 525 296 545 esse
307 522 334 544 et
346 517 487 544 Dominum
505 516 704 546 demonstrans,
719 517 751 543 ad
767 523 883 549 eumque
899 518 1019 543 referens

236 553 299 579 illud
318 551 455 578 Malachiae
468 560 474 578 :
489 550 517 578 Si
531 550 656 577 Dominus
671 559 717 586 ego
734 559 792 577 sum
803 570 809 582 ,
833 551 875 576 ubi
891 556 927 577 est
942 552 1019 577 timor

236 588 331 614 meus?
347 586 472 622 (Μαιαεγιι.
491 594 510 622 ι,
527 587 554 618 6)
570 586 657 622 adhuc.
671 586 892 612 honorificentius
913 586 936 612 ei
949 593 1019 622 esse

236 622 331 649 statuit
352 619 419 649 illud
441 621 538 647 Psaliui
558 629 564 646 :
582 619 668 646 Filius
685 629 757 646 meus
778 629 804 646 es
825 627 870 652 tu,
886 629 931 653 ego
944 619 1019 646 hodie

235 657 312 692 genui
335 662 358 682 te
371 654 456 692 (Emi.
473 664 503 687 ιι,
520 655 557 690 7).
576 654 656 692 ’ᾼλλὰ
680 654 844 692 διὰημτρῇτῳν
853 655 973 692 λιάντφν
987 655 1017 692 ob

235 689 329 725 ξςαφῶς
342 692 358 726 ἠ
376 689 502 726 ειξγένειᾳ.
517 689 685 726 »παρίσταται
698 689 746 726 τῷ
760 690 842 726 Υῑοῦ..
853 690 916 726 Ὅτε
930 689 957 726 δὲ
970 690 1000 726 τᾷ
1010 698 1016 705 ·

235 728 256 753 Υ
256 722 299 758 ἰός
309 722 367 760 μοι)
380 723 409 751 εἴ
415 722 465 755 iri),
477 724 533 759 ἐγὼ
542 722 673 760 σήμερον
681 724 844 760 γεγέννηκά
853 731 899 755 σε,
910 722 1018 758 λέγετᾶι

235 757 397 796 πρδξίαὺεὸν
412 759 463 796 ὑπὸ
472 757 531 796 fori
539 757 606 796 Θεὸς)
619 757 640 793 ᾧ
651 757 694 796 ἀεί
705 757 761 796 {est
776 759 806 796 τρ
823 760 940 796 σήμερον
948 757 958 774 7·
969 761 1019 796 ob):

235 793 274 822 ἔνι
290 795 344 830 γὰρ
354 795 457 829 ἑσπέρα
466 794 543 825 Θεοῦ,
551 793 612 830 ἐγὼ
625 795 653 821 δὲ
663 794 728 829 ἡγοῦ
734 803 780 829 μαι
791 795 831 820 ὅτι
842 793 902 821 esse
916 795 1016 830 πρωῒα,

235 804 274 822 ενι
290 804 344 855 γαὲ
354 804 418 821 εσπε
425 804 457 829 ρα
466 804 543 825 usos,
558 804 612 828 εγω
625 804 653 821 οε
663 804 780 829 ηγουμαι
791 804 831 820 οτι
842 804 902 821 ουοε
916 804 1016 830 πρωια,

235 830 301 856 ἀλλὰ
338 864 341 865 ν
370 838 400 855 συ
405 838 542 865 μπαρεκςτε
548 829 609 855 ῑνων
637 830 670 864 τῇ
707 829 805 865 ἁγεννή
813 838 845 864 τῳ
871 829 918 856 καὶ
941 830 1018 864 ἀϊδίῳ

234 864 314 891 αὑτοῦ
333 864 388 900 ζωῇ
400 863 411 896 ,⁷
428 863 471 890 't'vti
495 863 581 900 οΰειος
599 863 670 900 eia-tto
679 865 686 895 ζ
706 863 818 900 χρόνος)
833 863 930 900 ἡμέρᾳ
945 863 1018 891 ἐστὶν

234 900 307 935 αὐτῷ
327 896 507 935 σήμερρνηὲν
559 896 832 935 γεγέννητᾱΓὸνΥιὸς
842 896 956 935 ξίάῥχῆς
973 907 1018 935 γε-

234 933 333 974 νέσεω
347 933 429 974 ἀὺτρρ
447 933 599 974 obtine.be
615 933 826 974 εὑρίσιφμένης,
845 933 1017 974 secessum;

233 969 349 1005 ἡμέρας.
368 968 453 1005 (Non
472 974 559 995 tamen
576 968 616 1005 bis
637 968 762 996 omnibus
786 969 926 1005 manifeste
953 968 1011 996 Filii

233 1003 360 1032 nobilitas
373 1004 525 1031 declaratur
540 1014 545 1030 :
563 1004 609 1030 sed
624 1009 692 1035 tum,
710 1011 782 1036 cum,
798 1003 884 1030 Filius
900 1012 971 1030 meus
985 1012 1012 1030 es

233 1044 272 1070 tu,
287 1047 333 1074 ego
347 1039 422 1066 hodie
439 1039 516 1072 genui
528 1043 563 1070 te,
578 1039 611 1065 ad
642 1038 714 1065 illum
732 1039 829 1065 dicitur
843 1045 857 1064 a
874 1038 954 1074 Deo,r
969 1039 1012 1074 cui

234 1081 340 1108 semper
352 1079 393 1101 est
411 1073 490 1100 hodie
512 1082 519 1105 ;
543 1080 629 1107 neque
657 1073 727 1108 enim
750 1077 792 1100 est
819 1080 930 1106 vespera
946 1073 1010 1105 Dei,

233 1107 320 1142 neque
346 1115 437 1139 mane,
468 1115 528 1134 meo
551 1108 657 1142 quidem
683 1107 804 1140 judicio;
835 1110 880 1134 sed
911 1108 1013 1141 aequale

233 1142 304 1170 illius
335 1142 457 1177 ingenita:
476 1147 502 1169 et
523 1142 692 1177 sempiternae
707 1143 788 1174 vitm,
807 1148 835 1168 ιιι
861 1143 895 1168 ita
915 1142 1013 1175 dicam,

233 1183 354 1211 tempus,
373 1178 429 1204 dies
449 1177 498 1211 ipsi
522 1181 564 1203 est
585 1177 679 1208 hodie,
697 1178 721 1203 in
746 1184 797 1210 qua
812 1177 894 1203 Filius
909 1178 1014 1211 genitus

233 1218 288 1245 eet;
307 1213 392 1244 itaut,
407 1212 630 1247 quemadmodum
646 1219 694 1238 nec
709 1212 770 1244 diei,
787 1213 821 1238 ita
835 1219 921 1246 neque
932 1213 1013 1239 etiam

233 1247 414 1281 generationis
428 1246 532 1272 initittm
550 1247 711 1273 inveniatur.

268 1281 325 1308 Non
338 1282 426 1308 minus
441 1281 580 1316 niagoitice
596 1281 713 1315 loquitur
734 1281 811 1308 initio
825 1280 888 1316 tomi
907 1288 937 1312 ιι,
950 1289 1012 1316 pag.

232 1316 279 1349 49,
292 1316 347 1346 ubi,
362 1317 432 1348 quod
449 1317 474 1342 in
491 1315 579 1342 Veteri
593 1315 766 1343 Testamento
784 1316 836 1343 dici
851 1315 929 1348 solet,
946 1315 1011 1343 Ver-

233 1350 295 1385 bunt
313 1350 482 1377 factumesse
497 1350 529 1377 ad
543 1352 697 1385 prophetas,
707 1351 746 1378 sic
756 1355 963 1385 comparatcum
973 1351 1014 1378 his

231 1384 343 1412 Joannis
359 1385 462 1412 verbis:
479 1385 510 1411 Et
530 1384 641 1412 Verbum
664 1390 720 1420 erat
733 1386 803 1418 apud
824 1385 907 1411 Deum
921 1385 1011 1420 (Joan.

233 1427 253 1452 l,
270 1421 307 1455 1).
327 1420 406 1446 Ἀλλὰ
423 1420 490 1455 πρὸς
509 1420 557 1455 μὲν
573 1420 637 1455 τοὺς
649 1419 806 1455 ἀνθρώπους
816 1440 823 1451 ,
838 1419 967 1455 πρότερον
982 1421 1012 1446 οὐ

233 1429 253 1452 ι,
270 1429 307 1455 ι).
335 1429 406 1446 ΔΛΛα
423 1429 490 1455 προς
509 1429 557 1480 ξεν
573 1429 635 1451 τους
649 1429 806 1455 ανυρωπους
816 1440 823 1451 ,
838 1429 967 1455 προτερον
982 1429 1011 1446 ou

231 1455 385 1490 χωροῦντας
396 1455 445 1490 τὴν
456 1455 503 1480 τοῦ
526 1455 588 1486 ’ἱοῦ,
599 1454 645 1480 τοῦ
654 1455 719 1480 Θεοῦ
730 1455 815 1489 Λόγου
826 1455 1011 1490 τνγχάνοντος,

233 1489 388 1525 ἐπιδημίαν,
404 1489 519 1525 ὁᾏόγος
531 1490 633 1525 γίνετᾳι
644 1498 650 1504 ·
666 1490 734 1525 πρὸς
748 1490 775 1515 δὲ
787 1489 831 1516 τὸν
844 1489 909 1515 Θεὸν
923 1490 953 1516 οὐ
969 1491 1012 1524 γι-

231 1533 305 1551 νεται
318 1544 324 1557 ,
342 1525 379 1556 ὡς
395 1524 525 1559 πρότερην
547 1525 597 1551 οὐκ
611 1524 647 1550 ὢν
662 1525 728 1559 πρὸς
744 1525 834 1551 αὐτόν.
849 1525 928 1558 Παρὰ
942 1525 969 1551 δὲ
983 1525 1013 1551 τὸ

231 1560 274 1586 ἀεὶ
287 1561 403 1586 συνεῖναι
412 1559 555 1596 γτῷὲηατρζι
566 1559 682 1596 λέγεταιθ
699 1560 752 1596 Καὶ
761 1561 777 1596 (ξ
787 1560 879 1596 Λόγος
887 1559 925 1596 ἦν
939 1560 1012 1596 πρὸς

230 1595 284 1621 τὸν
294 1595 375 1622 Θεόν·
387 1595 423 1630 _ot'a
438 1594 493 1630 γὰρ
507 1594 612 1628 ἐγένετο
624 1595 691 1629 πρὸς
703 1595 748 1620 τὸν
762 1595 836 1621 Θεόν.
849 1594 903 1622 Rei.
917 1594 1012 1621 ταῦτὺν

249 1630 306 1665 ῆμα
319 1629 365 1666 vi.
380 1628 438 1666 tiro
453 1628 500 1666 τιὶῦ
512 1630 596 1666 Mra?
611 1628 817 1666 minuerat»
839 1630 879 1666 ἔτι
899 1631 927 1666 ὲν
942 1630 1012 1666 ἀρχῇ

250 1662 275 1696 ti,
287 1665 332 1691 καὶ
344 1662 465 1700 δτείῖιθε.
477 1662 614 1700 agape:
628 1662 752 1700 τὸνθέὸν
765 1662 808 1700 ἦν,
822 1663 883 1700 οὔτε
898 1665 947 1700 τῆς
963 1662 1013 1700 apt

229 1699 281 1736 χῆς
297 1699 574 1736 χωριζόμενοςκόῠτε
600 1699 645 1736 τρῦ
664 1700 767 1736 lingu;
781 1699 991 1735 ἀπολειπόμενοέ
1003 1708 1010 1715 δ

230 1732 277 1762 ἰξάὶ
291 1732 370 1761 ’ἦάλιν
388 1732 448 1770 obes
461 1734 514 1761 ἀπὸ
528 1735 574 1761 τοῦ
594 1734 630 1770 μὴ
651 1732 762 1770 εἶναι’ἐν
777 1736 857 1770 ἀρχῇ,
873 1732 1012 1770 γινόμενος

229 1771 340 1810 ξν-ἁρχῇ
354 1778 361 1784 θ
375 1769 501 1810 obesa-rio
515 1769 561 1810 τεοῦ
567 1769 615 1810 μὴ
634 1769 775 1810 τυγχάνειν
791 1769 859 1810 ’ἱερὸς
872 1770 917 1810 τὴν
934 1770 1009 1802 Θεὸν,

229 1806 274 1831 ἐπὶ
288 1803 407 1840 ’ξῷ“πρὸς
419 1804 462 1831 τὸν
474 1804 539 1840 Θεὸν
553 1803 622 1831 εἶναι
639 1803 786 1840 γινόμενος.
802 1803 858 1840 Πρὸ
874 1805 929 1840 γὰρ
945 1814 1012 1832 παν-

228 1841 274 1872 τὸς
280 1839 372 1875 χρόνου
380 1840 426 1875 καὶ
433 1839 538 1871 αἰῶνος,
548 1841 598 1866 Ἐν
607 1839 683 1874 ἀρχῇ
689 1839 728 1875 ἦν
739 1841 755 1866 ό
761 1839 864 1874 Λόγός,
874 1839 923 1868 καὶ
931 1842 947 1867 ὀ
955 1840 1010 1867 Λό-

229 1884 279 1909 Τος
292 1874 331 1909 ἦν
341 1874 475 1909 πρὸςτὸν
484 1875 566 1902 Θεόν.
586 1884 595 1900 ι
608 1877 642 1901 At
660 1874 774 1902 Verbum
798 1876 905 1908 quidem
929 1875 1010 1903 fiebat

229 1911 261 1936 ad
277 1910 408 1941 homines,
423 1910 468 1944 qtii
482 1911 555 1944 prius
571 1911 701 1936 adventus
719 1909 778 1936 Filii
794 1909 839 1937 Dei
857 1909 937 1937 Verbi
960 1917 1007 1937 ca-

228 1952 307 1979 paces
330 1952 382 1971 non
409 1950 497 1971 ei-ant.
521 1945 560 1971 Ad
586 1944 668 1972 Deum
693 1950 782 1971 autern
807 1952 857 1971 non
875 1945 1008 1979 fit,quasi

227 1979 302 2013 prius
323 1980 392 2014 apud
406 1986 466 2006 eum
488 1987 539 2006 non
556 1985 636 2007 esset.
653 1980 712 2014 Sed?
723 1979 785 2014 quia
805 1987 912 2013 semper
926 1987 1008 2006 coex-

227 2014 300 2041 sistit
322 2013 406 2045 Patri.
431 2014 532 2042 idcirco
556 2015 674 2042 dicitur:
689 2013 856 2040 Et'Verlium
869 2019 925 2041 erat
938 2016 1007 2047 apud

227 2048 322 2076 Deum.
336 2049 375 2075 Ae
390 2048 434 2076 illa
462 2050 518 2083 ipsa
538 2056 607 2081 vox,
631 2053 688 2076 erat
702 2068 710 2080 ,
734 2049 767 2076 de
789 2048 876 2077 Verbo
897 2050 1006 2082 dicitur,

227 2084 291 2118 quia
310 2085 336 2110 in
354 2084 485 2118 principio
507 2083 572 2117 fuit,
590 2088 618 2112 et
633 2085 703 2118 apud
724 2083 806 2110 Deum
825 2083 876 2110 fuit
889 2104 895 2115 ,
918 2090 969 2111 nec
992 2091 1006 2110 a

227 2118 360 2153 principio
378 2124 545 2153 separatum,
558 2127 608 2147 nec
623 2127 638 2146 a
656 2119 736 2146 Patre
752 2119 886 2150 relictuut,
901 2126 962 2150 nec,
973 2126 1005 2145 ex

227 2160 259 2180 eo
271 2154 341 2188 quod
356 2161 407 2180 non
421 2158 493 2181 esset
514 2154 540 2181 in
554 2154 694 2189 principio,
706 2154 804 2189 factum
822 2153 848 2180 in
865 2153 1005 2188 principio,

228 2195 288 2220 nec,
305 2196 339 2216 ex
353 2195 389 2223 eo
404 2190 474 2223 quod
488 2195 540 2215 non
555 2195 625 2215 esset
639 2188 709 2223 apud
721 2188 840 2220 Putrem,
853 2188 954 2215 factum
977 2194 1005 2216 ut

227 2226 300 2250 esset
322 2222 391 2257 apud
412 2222 531 2250 Patrem.
554 2224 624 2251 Ante
638 2222 722 2258 enim
748 2230 841 2258 omne,
855 2228 958 2258 tempus
979 2228 1006 2250 et

227 2264 324 2288 aevum,
354 2258 381 2283 in
403 2257 532 2292 principio
550 2265 605 2285 erat
635 2257 756 2291 Verbum,
776 2263 800 2284 et
824 2257 931 2286 Verbum
949 2264 1004 2286 erat

227 2292 296 2325 apud
311 2292 404 2318 Deum.
418 2300 429 2317 ι

253 2327 324 2362 Μθιιι
333 2327 558 2362 observateodent
565 2332 636 2354 tonio
646 2335 676 2359 ιι,
685 2336 712 2355 ιι.
724 2327 767 2358 15,
776 2327 1004 2362 pag.72,Verbum

228 2361 253 2397 in
266 2361 397 2395 principio
407 2361 506 2388 factum
516 2370 567 2389 non
582 2362 678 2395 fuisse;
692 2361 859 2397 nequeenim
873 2364 955 2390 fuisse
966 2364 1005 2389 ul-

226 2395 478 2431 luni_leinpus.cum
494 2397 664 2431 principium,
676 2398 703 2425 id
716 2395 766 2428 est,
778 2396 926 2431 Sapientia,
940 2398 1003 2425 ἄλο-

226 2439 273 2465 γος
288 2428 333 2466 ἧν,
349 2428 411 2458 sine
425 2428 513 2458 Verb'o
528 2437 555 2459 et
578 2428 692 2460 Ratione
711 2438 794 2460 esset.
815 2428 924 2459 ibidem
941 2441 1001 2460 cum

203 2475 206 2479 ’
226 2466 340 2493 dixiSset
356 2466 437 2492 vitam
462 2467 487 2493 in
505 2465 591 2493 Verbo
614 2468 711 2494 factam
733 2475 813 2499 esse,
837 2476 869 2495 ac
884 2466 1000 2495 Verbutn

225 2508 286 2528 esse
299 2502 498 2536 quodaminodo
514 2507 577 2528 ante
587 2501 749 2536 t'ilant,quia
763 2502 870 2529 vitalux
886 2508 937 2534 est,
953 2511 1002 2530 nec

201 2548 205 2550 -
226 2536 271 2563 lux
284 2536 487 2562 eratlioniinutn
499 2543 643 2573 antequam
658 2537 896 2573 hominesessent;
913 2542 1006 2573 mouet,

225 2579 259 2598 ne
273 2573 333 2605 quis
349 2580 363 2598 a
379 2579 408 2598 se
424 2571 565 2606 χρονιχῶς,
580 2572 764 2606 lemporaliier,
783 2572 839 2599 hau:
850 2573 900 2599 dici
916 2578 1000 2607 putet,

190 2626 194 2629 .
225 2607 300 2641 quasi
323 2607 379 2634 haec
396 2606 540 2638 aliquando
563 2615 616 2633 non
639 2607 754 2640 fuerint,
782 2608 828 2634 sed
848 2606 938 2634 hiec’a
962 2615 1001 2639 se,

225 2647 355 2674 quantum
373 2641 406 2667 ad
423 2641 545 2676 homines
563 2647 684 2675 spectat,
700 2643 769 2668 serie
783 2643 897 2676 quadam
909 2647 936 2669 et
955 2649 1000 2668 or-

226 2676 287 2702 dine
302 2677 445 2703 recenseri.
463 2675 510 2703 His
525 2677 592 2704 adde
606 2678 677 2710 quod
697 2675 799 2703 eodem
814 2682 885 2703 tomo
895 2697 903 2709 ,
925 2685 999 2703 nunt.

225 2710 270 2746 28,
289 2719 348 2744 pag.
362 2711 407 2742 87,
425 2717 518 2737 contra
535 2713 685 2744 haereticos,
702 2713 746 2746 qui
766 2711 954 2746 prophetarum
969 2714 1001 2738 de

226 2744 333 2780 Christo
346 2746 470 2772 vaticinia
490 2752 519 2773 ut
538 2747 640 2774 inutilia
656 2744 824 2780 reﬁciebant;
836 2747 1005 2773 demonstrat

228 2779 308 2815 Deum
323 2780 440 2807 voluisse
455 2785 483 2806 ut
499 2781 589 2807 multis
609 2779 775 2815 argutiientis
789 2785 925 2808 constaret
937 2801 944 2811 .
963 2782 1003 2808 ὅτι

225 2813 289 2845 Θεὸς
300 2815 313 2840 ὁ
329 2815 395 2848 ὑπὲρ
411 2815 496 2841 πάντα
509 2816 542 2842 τὰ
559 2813 659 2850 γενητᾶ
673 2815 872 2852 ἐνανθρώπησε,
886 2826 894 2842 ι
910 2817 1003 2849 Dcuni,

1031 951 1052 978 Β

1026 1614 1047 1643 C

1106 215 1147 244 111.
1166 216 1309 244 Ordiamur
1320 217 1435 251 primum
1450 219 1483 244 ab
1502 224 1533 244 eo
1546 217 1670 250 crimine,
1700 218 1778 252 cujus
1793 219 1848 244 0τί-

1072 310 1116 342 qui
1134 315 1175 337 est
1195 318 1273 344 supra
1295 317 1337 337 res
1353 317 1446 337 omnes
1460 313 1575 342 creatas,
1593 308 1730 335 hominem
1750 307 1845 335 factum

1070 352 1140 372 ESSE.
1159 354 1168 370 ι

1105 378 1137 406 ν.
1148 379 1319 412 Periniqnum
1332 379 1400 406 foret
1413 383 1451 405 tot
1465 377 1578 405 eximias
1590 377 1740 405 sententias
1755 379 1845 405 eodem

1069 413 1168 448 effugio
1183 414 1291 441 eludere
1303 434 1310 444 ,
1328 422 1381 448 quo
1398 414 1523 448 Petavius
1537 417 1564 440 et
1579 413 1692 448 Huetius
1707 414 1748 440 usi
1766 419 1844 445 sunt;

1069 447 1182 484 quorum
1196 450 1264 476 alter
1275 448 1320 477 lib.
1335 447 1342 476 i
1357 447 1495 484 DeATrin"
1508 455 1566 481 cap.
1579 447 1606 478 4,
1620 448 1702 484 citata
1718 449 1752 475 ab
1762 448 1846 484 Atha-

1070 482 1146 511 nasio
1160 484 1193 511 ad
1212 484 1336 518 Origenis
1359 482 1540 518 defensionem
1566 482 1718 509 testimonia
1733 502 1740 512 .
1758 483 1846 509 valere

1069 519 1114 545 illa
1128 519 1235 553 quidem
1251 517 1507 553 adversusiArianos
1520 517 1628 550 fatetur,
1640 519 1685 544 sed
1704 518 1738 543 ad
1751 517 1846 552 ὁμοούο

1070 562 1125 580 σιον
1138 552 1322 580 allirmandum
1338 552 1459 579 sufﬁcere
1473 556 1562 586 negat.
1576 559 1608 578 eo
1621 552 1691 585 quod
1705 558 1846 579 creaturas

1069 596 1100 615 ex
1116 593 1217 615 aeterno
1229 587 1312 615 fuisse
1326 595 1385 614 cum
1399 586 1453 613 Deo
1464 587 1597 614 censuerit
1611 586 1762 619 Origenes;
1783 587 1845 614 liue-

1069 623 1121 650 tius
1132 630 1196 650 vero
1213 623 1291 656 hujus
1305 622 1461 655 quaestionis
1477 621 1494 647 2
1517 628 1591 648 nttm.
1608 621 1654 652 Ἡ,
1671 621 1774 648 fatetur
1788 623 1844 654 qui-

1068 658 1128 684 dem
1144 665 1174 685 ex
1189 658 1256 684 ilicis
1273 662 1299 684 et
1315 657 1464 690 splendoris
1479 656 1601 690 exemplo
1619 656 1706 690 sequi,
1721 663 1750 683 ut
1765 656 1845 684 Filius

1067 699 1099 719 ex
1115 692 1205 719 Patris
1218 692 1366 719 substantia
1382 691 1487 724 genitus
1502 691 1547 722 sit,
1565 691 1614 718 sed
1629 692 1699 717 hunc
1713 692 1843 719 stultissi-

1068 735 1139 754 mum
1155 734 1274 754 errorem
1287 726 1394 760 Origeni
1415 724 1535 759 afﬁngit,
1559 725 1654 753 Filium
1680 732 1694 752 a
1718 726 1766 753 Dei
1785 727 1845 753 sub-

1068 763 1166 789 stantia
1180 769 1233 789 non
1247 761 1326 788 aliter
1340 767 1419 794 quam
1438 761 1521 794 ipsam
1541 761 1680 787 materiam
1691 780 1699 791 ,
1725 761 1760 788 ab
1774 762 1843 788 omni

1068 802 1141 823 rclro
1155 804 1212 823 aevo
1232 802 1382 823 emanasse.
1402 795 1478 827 Quod
1493 795 1529 821 ait
1546 795 1716 822 doctissimus
1737 797 1843 830 praesul,

1068 831 1218 863 materiam,
1234 838 1266 857 ex
1284 830 1408 865 Origenis
1423 830 1566 861 sententia,
1583 831 1619 857 ita
1637 837 1652 856 a
1667 830 1739 863 Deo,
1760 834 1789 857 ot
1805 831 1830 857 lu

1068 873 1128 892 men
1141 873 1154 892 a
1170 866 1225 892 sole
1240 865 1374 900 proficisci
1388 869 1414 900 et
1426 866 1581 898 procreari;
1597 873 1657 892 cum
1675 866 1748 892 nullo
1764 873 1844 900 argu-

1067 906 1156 928 mento
1170 901 1249 927 fidem
1262 901 1302 927 sui
1316 899 1408 933 judicii
1423 899 1515 931 faciat,
1525 900 1620 926 minuit
1631 901 1708 927 nobis
1724 899 1843 927 laborem

1067 936 1145 968 hujus
1167 935 1313 962 commenti
1335 933 1494 963 refellendi.
1521 934 1597 968 cujus
1621 935 1724 961 nullum
1757 941 1844 962 exstat

1065 971 1136 1011 apud
1150 970 1294 1011 Origenem
1311 969 1465 1011 vestigium.
1482 968 1545 1011 .Nisi-
1557 969 1619 1011 quis
1641 969 1710 996 forte
1720 970 1755 1011 _ii_t
1771 971 1844 1011 dete-

1066 1004 1164 1032 riorem
1187 1004 1396 1040 partemrrapiat
1418 1004 1489 1040 quod
1510 1004 1548 1040 ait
1566 1004 1697 1040 Origenes
1720 1004 1768 1040 lib.
1785 1014 1791 1031 ι
1809 1005 1843 1031 De

1063 1038 1195 1074 princip,
1212 1047 1270 1073 cap.
1289 1039 1318 1071 1,
1336 1046 1410 1074 num.
1424 1038 1460 1066 ὃς
1480 1047 1489 1064 ‹
1510 1038 1644 1074 Interduin
1663 1039 1737 1066 oculi
1760 1041 1843 1067 nostri

1065 1073 1152 1110 ipsam
1166 1079 1290 1102 naturain
1303 1073 1382 1104 lucis,
1397 1073 1430 1110 _id
1449 1079 1505 1110 est,
1527 1073 1704 1110 substantiam
1721 1074 1789 1110 solis
1804 1076 1844 1101 in-

1066 1107 1133 1137 t'ueri
1151 1117 1203 1137 non
1216 1113 1328 1143 possunt
1341 1117 1347 1135 :
1364 1107 1532 1142 splendorem
1545 1115 1609 1135 vero
1624 1108 1682 1143 ejus
1695 1109 1740 1135 vel
1756 1110 1843 1137 radios

1065 1145 1189 1172 fenestris
1205 1145 1273 1171 forte
1286 1149 1312 1170 et
1327 1143 1489 1177 quibuslibet
1512 1143 1572 1170 aliis
1587 1144 1766 1177 receptaculis
1782 1145 1842 1171 bre-

1064 1179 1142 1206 vibus
1155 1179 1257 1206 infusos
1268 1179 1410 1207 intuentes.
1423 1178 1561 1205 considera
1567 1184 1594 1204 re
1603 1185 1747 1212 possumus
1760 1178 1843 1205 fontes

1065 1214 1122 1248 ipse
1137 1221 1168 1241 ac
1182 1214 1242 1240 fons
1260 1217 1376 1247 quantus
1389 1213 1422 1239 sit
1440 1213 1560 1246 corporei
1584 1213 1703 1240 hnninis.
1724 1213 1764 1240 Ita
1780 1222 1842 1248 ergo

1064 1249 1140 1282 quasi
1154 1249 1221 1276 radii
1238 1249 1347 1282 quidam
1369 1252 1431 1274 sunt
1446 1248 1491 1274 Dei
1514 1252 1615 1274 naturae.
1637 1255 1721 1281 opera
1746 1249 1843 1275 divina:

1064 1281 1276 1310 Pravidentiaaet
1286 1282 1466 1317 universitatis
1475 1281 1601 1315 hujus,ad
1610 1283 1842 1317 comparationem

1064 1319 1218 1345 substantia:
1229 1324 1382 1353 aconaturaa.
1396 1316 1462 1350 Quia
1478 1325 1543 1351 ergo
1557 1324 1632 1343 mens
1648 1316 1740 1343 nustra
1755 1318 1842 1353 ipsum

1064 1361 1110 1388 per
1127 1361 1155 1380 se
1170 1354 1261 1384 Deum,
1280 1352 1349 1380 sicut
1364 1357 1416 1384 est,
1431 1359 1483 1388 non
1496 1356 1583 1386 potest
1598 1352 1715 1385 intueri;
1731 1360 1766 1379 ex
1784 1354 1842 1386 pul-

1063 1387 1216 1416 chritudine
1233 1395 1365 1422 operum,
1384 1392 1410 1413 et
1426 1387 1523 1422 decore
1537 1391 1724 1422 creaturarum
1742 1395 1841 1421 paren-

1064 1427 1117 1450 tem
1140 1421 1257 1449 universi
1281 1421 1413 1454 intelligit.
1433 1430 1442 1447 ι
1465 1421 1560 1448 Utrtnn
1582 1421 1626 1448 hic
1650 1421 1728 1449 locus
1753 1423 1841 1450 Huetii

1063 1458 1153 1484 animo
1173 1457 1331 1485 obversatus
1348 1457 1398 1489 sit,
1416 1463 1475 1482 cum
1492 1461 1544 1482 tam
1559 1457 1639 1482 stulta
1654 1458 1761 1484 somnia
1780 1459 1840 1485 Ori-

1063 1493 1122 1527 geni
1141 1492 1287 1523 tribueret,
1307 1490 1508 1527 allirmarenon
1534 1498 1642 1527 possunt
1659 1493 1730 1527 :sed
1757 1493 1841 1526 liquet

1063 1525 1202 1554 creaturas
1215 1527 1242 1553 in
1260 1534 1292 1553 eo
1309 1526 1385 1560 quasi
1407 1525 1496 1553 radios
1517 1526 1647 1559 quosdam
1667 1526 1722 1553 dici
1743 1525 1840 1555 divinae

1064 1567 1175 1594 naturze,
1198 1569 1249 1588 non
1263 1562 1334 1595 quod
1348 1561 1453 1593 omnia,
1467 1568 1633 1595 quaecunque
1647 1565 1711 1587 sunt
1730 1562 1757 1588 in
1777 1563 1840 1594 Deo,

1064 1597 1117 1623 sint
1131 1597 1211 1623 etiam
1225 1596 1251 1623 in
1269 1594 1411 1631 creaturis,
1428 1600 1457 1622 ut
1471 1594 1503 1622 de
1518 1594 1586 1622 Filio
1599 1596 1677 1622 docet
1687 1596 1838 1631 Origenes;

1064 1632 1109 1659 sed
1124 1631 1194 1665 quod
1210 1631 1235 1657 in
1251 1631 1290 1658 eis
1302 1630 1428 1665 majestas
1445 1634 1472 1657 et
1486 1631 1678 1664 omnipotentia
1698 1630 1841 1660 Creatoris

1063 1667 1178 1694 eluceat.
1193 1666 1248 1693 Huc
1263 1667 1365 1693 accedit
1381 1665 1451 1700 quod
1467 1665 1502 1692 de
1523 1665 1589 1692 Filio
1611 1665 1682 1692 idem
1702 1667 1770 1693 dicit
1783 1666 1840 1694 Ori-

1062 1708 1143 1735 genes
1159 1705 1223 1728 tom.
1238 1707 1247 1726 ι
1263 1701 1289 1727 in
1302 1700 1382 1727 Joan.
1393 1721 1400 1733 ,
1416 1707 1489 1726 num.
1502 1700 1536 1727 50
1547 1720 1555 1732 ,
1574 1707 1635 1734 pag.
1655 1700 1708 1732 52,
1728 1708 1792 1728 eum
1808 1710 1839 1729 ex

1062 1737 1187 1770 operibus
1204 1736 1328 1770 cognosci
1342 1735 1376 1762 ab
1388 1736 1439 1769 his,
1451 1735 1496 1770 qui
1511 1735 1627 1762 divinam
1641 1735 1702 1770 ejus
1713 1740 1838 1764 naturam

1062 1771 1236 1804 contentplari
1250 1778 1302 1797 non
1318 1775 1438 1805 possunt.

1095 1803 1174 1838 Quod
1183 1810 1285 1839 spectat
1297 1803 1330 1832 ad
1344 1805 1519 1832 aeternitatem
1534 1803 1653 1831 materiae
1665 1824 1673 1838 ,
1685 1805 1744 1832 sive
1756 1807 1837 1833 etiam

1061 1840 1163 1872 mundi,
1179 1839 1314 1867 fatendum
1329 1846 1371 1867 est
1383 1839 1535 1874 Origeuein,
1549 1840 1674 1873 quamvis
1688 1842 1838 1874 siepissime

1060 1882 1106 1902 cos
1121 1876 1241 1906 refellat,
1255 1875 1301 1909 qui
1318 1876 1444 1901 mundum
1460 1881 1491 1900 ex
1509 1874 1620 1901 materia
1634 1874 1774 1908 increala,
1793 1881 1837 1902 aut

1060 1910 1093 1937 ab
1111 1910 1237 1937 inferiore
1249 1910 1362 1944 quodam
1380 1909 1433 1936 Deo
1447 1913 1569 1945 creatum
1584 1909 1710 1936 volebant
1723 1918 1730 1942 ;
1747 1919 1837 1945 quain-

1059 1945 1099 1972 vis
1117 1953 1126 1970 ι
1143 1946 1175 1971 de
1197 1945 1386 1971 ecclesiasticis
1406 1944 1606 1970 definitionibus
1627 1944 1776 1972 secundum
1797 1947 1835 1972 lii-

1058 1980 1148 2006 storiie
1168 1984 1264 2006 nostra:
1281 1979 1359 2006 fidem
1379 1987 1388 2004 ι
1404 1983 1527 2005 constare
1542 1979 1653 2008 doceat.
1670 1980 1718 2006 lib.
1746 1988 1774 2006 IIl
1799 1981 1834 2006 De

1057 2015 1185 2049 princip.,
1199 2021 1258 2048 cap.
1272 2014 1300 2045 5,
1316 2021 1389 2040 num.
1405 2014 1437 2043 1.
1456 2022 1464 2038 ε
1482 2013 1552 2049 quod
1568 2014 1684 2040 mundus
1698 2014 1788 2042 factus
1801 2017 1834 2042 sit

1058 2054 1084 2076 et
1095 2056 1128 2076 ex
1142 2054 1216 2076 certo
1230 2054 1348 2082 tempore
1362 2049 1443 2082 coepit
1458 2056 1465 2074 :
1484 2058 1493 2073 ι
1511 2048 1643 2074 interdum
1659 2054 1748 2076 tamen
1763 2051 1834 2077 vide-

1059 2090 1102 2111 tur
1115 2085 1141 2111 in
1157 2084 1299 2110 absurdam
1315 2082 1386 2109 illam
1400 2083 1552 2117 opinionem
1572 2083 1716 2116 inclinare,
1728 2090 1757 2111 ut
1772 2090 1834 2112 ante

1058 2120 1128 2146 hunc
1143 2120 1270 2145 tnunthnn
1282 2117 1350 2144 alios
1360 2119 1489 2152 quosdam
1502 2119 1524 2144 ei
1538 2117 1684 2145 dissimiles
1697 2121 1834 2147 exstitisse

1058 2161 1109 2180 non
1127 2153 1269 2187 improbet.
1282 2152 1375 2179 Utrum
1388 2154 1435 2180 ltus
1451 2155 1609 2178 mundorum
1624 2154 1674 2179 sibi
1686 2155 1834 2181 succeden-

1058 2188 1121 2215 tium
1139 2188 1335 2215 vicissitudines
1348 2192 1463 2215 aeternas
1480 2187 1597 2218 duxerit,
1620 2196 1672 2214 non
1689 2190 1832 2221 examino;

1057 2224 1103 2250 sed
1122 2223 1227 2250 etiamsi
1247 2228 1363 2258 auertitis
1381 2222 1513 2252 duxisset,
1533 2227 1636 2249 starent
1654 2230 1764 2258 semper
1785 2233 1833 2251 suo

1058 2258 1155 2285 robore
1175 2258 1246 2285 illius
1266 2259 1299 2285 de
1317 2256 1377 2284 Filii
1397 2258 1548 2284 aeternitate
1572 2263 1599 2284 et
1627 2256 1768 2285 diviniiate
1793 2266 1832 2286 tc-

1058 2293 1203 2320 stimonia:
1224 2292 1301 2319 aliter
1316 2293 1387 2319 enim
1403 2291 1470 2318 Filio
1489 2291 1548 2323 Dei,
1564 2291 1641 2318 aliter
1659 2294 1740 2320 rebus
1757 2302 1833 2321 crea-

1059 2328 1092 2354 tis
1118 2328 1294 2354 atternitatem
1321 2327 1478 2353 attribueret
1501 2335 1507 2353 :
1535 2326 1594 2354 istis
1617 2328 1790 2362 conjicienda
1808 2334 1834 2355 et

1057 2362 1226 2389 dubitando:
1248 2362 1290 2389 isti
1317 2361 1475 2389 atlirmando
1499 2366 1526 2388 et
1545 2361 1727 2390 asseveraodo
1745 2373 1752 2390 :
1775 2365 1833 2391 istis

1057 2398 1118 2432 quia
1147 2398 1226 2424 aliter
1255 2398 1323 2424 Deus
1346 2396 1515 2431 omnipotens
1543 2404 1649 2430 semper
1674 2397 1759 2426 fuisse
1780 2407 1831 2426 nou

1058 2431 1207 2464 videbatur,
1227 2432 1278 2459 nisi
1298 2431 1397 2466 aliquid
1416 2440 1465 2458 suo
1483 2432 1619 2459 dominatu
1640 2437 1767 2465 teneret;
1790 2435 1832 2460 isti

1058 2475 1131 2500 vero,
1151 2468 1212 2501 quia
1232 2472 1272 2494 est
1291 2467 1371 2498 Deus,
1393 2465 1524 2498 Verbum,
1546 2466 1694 2501 Sapientia,
1716 2468 1831 2500 Veritas,

1057 2503 1188 2537 Splendor
1206 2502 1304 2533 Patris,
1324 2506 1351 2528 et
1367 2502 1456 2535 imago
1475 2502 1685 2537 absolutissima,
1704 2504 1748 2530 cui
1766 2504 1832 2530 nihil

1056 2536 1141 2569 desit,
1159 2538 1229 2571 quod
1249 2537 1355 2571 quidem
1377 2537 1413 2563 sit
1432 2537 1457 2563 iu
1478 2536 1566 2563 Patre.
1585 2537 1652 2569 Quin
1673 2537 1757 2564 etiam
1778 2546 1830 2564 non

1056 2573 1137 2599 Solius
1154 2572 1240 2599 Patris
1258 2572 1459 2606 omnipotentiae
1474 2572 1588 2598 consulit
1605 2572 1630 2597 in
1646 2571 1698 2599 hac
1713 2573 1830 2599 absurda

1055 2607 1189 2640 opinione,
1206 2609 1253 2634 sed
1273 2607 1357 2641 ipsius
1377 2606 1457 2633 etiam
1472 2605 1544 2633 Filii.
1559 2606 1693 2633 Mctuebat
1712 2615 1785 2635 etum
1803 2612 1831 2634 ut

1056 2642 1096 2668 vel
1116 2641 1195 2668 Pater
1213 2643 1401 2676 omnipotens,
1421 2641 1462 2667 vel
1483 2641 1566 2668 Filius
1594 2642 1739 2675 aporrbma
1759 2643 1830 2669 illius

1054 2677 1254 2710 omnipotentiae
1277 2675 1384 2710 semper
1402 2675 1484 2703 fuisse
1505 2678 1756 2710 demonstraretur,
1779 2678 1829 2704 nisi

1053 2712 1218 2738 exstitiSsent
1237 2719 1281 2739 res
1298 2717 1412 2744 creatae,
1431 2711 1458 2737 in
1477 2719 1544 2745 quas
1568 2711 1617 2745 ipsi
1640 2711 1721 2738 Pater
1740 2718 1768 2739 et
1785 2712 1829 2739 Fi-

1056 2747 1119 2778 lius,
1138 2747 1235 2780 quibus
1251 2754 1332 2773 unam
1351 2752 1378 2773 et
1403 2747 1524 2773 eamdem
1543 2746 1766 2780 oiunipoteutiam
1786 2753 1827 2773 at-

1057 2780 1159 2813 tribuit,
1179 2781 1390 2808 dominarentur.
1411 2780 1473 2807 Hazc
1490 2781 1578 2815 legere
1594 2787 1635 2808 est
1656 2782 1684 2808 in
1703 2782 1773 2810 lib.|
1793 2782 1828 2808 De

1056 2816 1165 2851 princip.
1180 2835 1188 2850 ,
1207 2823 1266 2851 cap.
1284 2817 1321 2851 2,
1343 2824 1416 2844 uum.
1438 2817 1481 2844 10.
1502 2817 1687 2854 Quamobrem.
1711 2818 1769 2845 haec
1795 2817 1827 2844 dc
