1915 3079
272 106 324 134 755

905 107 937 136 P.
957 108 1115 138 DANlELlS
1131 111 1246 140 llUETll
1268 127 1271 141 κ

1852 115 1902 142 T56

270 164 402 200 prttdiisse
418 165 564 192 vehemens
581 165 700 200 suspicio
713 170 765 194 est.
781 166 854 195 Talis
871 168 915 196 ille
930 169 1004 198 locus
1017 174 1059 198 est
1073 173 1095 202 Α
1109 171 1249 206 imaginem
1265 179 1352 204 suam,
1371 177 1395 199 et
1411 171 1552 200 secundum
1569 173 1682 208 speciem
1697 181 1777 200 suam
1792 174 1827 200 ¹¹.’
1837 170 1904 206 ρυλε

269 210 364 237 ΙιοιιιίΙ.
380 209 414 237 12
433 211 461 236 in
479 209 574 242 Num,
599 218 671 237 num.
687 211 713 244 t,
731 219 793 248 pag.
809 213 861 240 312
876 222 884 241 :
904 223 914 241 ‹
927 214 976 242 Est
994 223 1058 250 ergo

270 256 327 283 haec
344 255 423 282 trium
438 255 578 297 distinctio
592 263 772 291 personarum
790 257 816 286 in
833 258 924 293 Patre,
939 265 967 288 et
978 261 1058 296 Filio,

269 309 295 331 el
316 303 418 338 Spiritu
436 308 546 337 sancto,
563 311 624 339 qua:
642 305 675 332 ad
693 305 823 340 pluralem
844 312 987 342 puteorum
1009 317 1059 336 nu-

267 356 370 375 merum
391 353 545 376 revocatur.
568 349 622 376 Sed
644 349 740 377 borum
764 356 907 385 puteorum
925 361 994 381 untts
1015 357 1058 381 est

266 393 326 420 fons
343 401 350 420 :
365 401 420 420 una
431 393 502 421 enim
515 394 663 422 substantia
677 401 718 422 est
731 399 758 422 et
771 400 866 424 natura
877 397 1018 425 Trinitatis
1030 406 1054 430 ς»

268 444 296 466 et
312 439 355 467 hic
371 439 454 466 etiam
467 446 482 467 e
497 439 545 467 lib.
558 447 589 466 ιιι
608 440 636 466 in
654 440 739 475 Epist.
755 441 789 467 ad
803 441 892 474 ηοω..
905 450 980 469 ιιιιιιι.
992 442 1022 470 Η
1045 451 1054 470 :

267 497 276 514 ι
292 487 384 515 Fidem
405 492 497 514 autem
519 487 634 515 dicimus
656 488 683 515 in
707 487 827 521 Patrem,
850 493 878 516 et
898 482 1006 521 Filium,
1030 493 1058 518 et

264 533 397 568 Spiritum
417 538 553 565 sanctum,
580 533 723 569 integram,
750 533 868 568 plenam,
893 535 1054 571 perfectam,

264 588 325 614 quae
343 579 410 607 nihil
425 580 574 610 diversum,
589 578 628 606 nil
647 579 815 614 discrepans,
833 585 881 607 aut
896 585 1055 608 extraneum

264 626 291 653 in
305 625 439 652 Trinitate
463 625 620 660 proﬁtetur;
640 633 650 651 ι
675 629 702 652 et
723 625 768 652 ille
789 633 804 652 e
826 625 874 654 lib.
889 633 916 658 v,
939 634 1014 656 num.
1027 628 1056 661 ‘2,

1110 216 1199 251 imago
1215 216 1297 244 etiam
1321 223 1424 246 natura:
1448 225 1480 246 ac
1501 218 1661 246 substantiae
1686 219 1781 246 Patris
1801 225 1828 246 et
1842 219 1902 247 Filii

1109 262 1230 290 continet
1246 263 1391 296 unitatem;
1408 273 1418 290 ι
1435 268 1461 291 et
1475 264 1519 292 hic
1532 272 1548 292 e
1564 266 1654 299 capite
1670 265 1814 300 sequenti,
1829 274 1900 292 num.

1111 308 1138 340 4,
1154 316 1232 343 quem
1249 309 1346 336 recitat
1361 309 1516 344 Pamphilus
1539 310 1565 338 in
1584 311 1715 346 Apologia
1727 319 1737 337 :
1758 320 1768 336 ι
1785 311 1862 344 Quod
1881 313 1901 338 si

1108 357 1189 384 esset,
1209 361 1345 387 nunquam
1368 354 1460 389 utique
1477 354 1505 382 in
1518 355 1620 382 unitate
1631 355 1792 388 Trinitatis,
1809 357 1834 383 id
1850 362 1900 390 est,

1110 396 1155 424 Dei
1169 397 1257 425 Patris
1271 398 1488 426 inconvértibilis
1499 419 1507 433 ,
1522 404 1550 427 et
1563 399 1624 427 Filii
1639 399 1699 434 ejus
1712 421 1720 433 ,
1736 401 1824 429 etiam
1844 402 1900 435 ips:

1111 442 1230 478 Spiritus
1240 449 1350 472 sanctus
1364 444 1508 473 haberetur
1523 452 1531 473 :
1544 455 1553 472 ι
1569 452 1596 474 et
1607 446 1659 474 iste
1669 447 1757 474 etiam
1773 454 1788 474 e
1801 455 1861 482 cap.
1874 448 1898 477 5.

1107 497 1182 517 num.
1192 490 1209 518 5
1222 499 1249 518 ει
1260 489 1317 518 Νοιι
1332 491 1404 518 enim
1419 491 1559 520 Trinitatis
1571 498 1666 519 natura
1678 492 1786 520 habere
1801 492 1900 528 aliquid

1107 536 1313 569 compositionis
1346 541 1456 564 ostensa
1489 542 1547 569 est;
1577 547 1587 564 ι
1611 543 1639 566 et
1663 539 1709 565 hic
1741 547 1758 566 e
1789 539 1838 566 lib.
1862 548 1899 571 ιιι,

1107 590 1166 617 cap.
1179 582 1205 614 6,
1219 590 1293 611 num.
1309 582 1335 616 l,
1352 591 1412 618 pag.
1427 583 1495 611 152:
1513 594 1522 610 ι
1536 584 1563 612 ld
1578 585 1649 620 quod
1661 593 1747 612 unum
1761 591 1804 613 est
1820 585 1900 613 Filius

1107 635 1168 654 cum
1194 627 1285 661 Patre,
1312 629 1345 656 ad
1371 633 1476 657 naturae
1500 631 1693 665 proprietatem
1722 630 1899 658 referendum

223 686 225 692 τ
264 681 324 708 pag.
343 673 395 701 555
412 679 419 699 :
437 681 447 698 ‹
461 671 517 700 Nec
538 671 660 706 rapinam
676 671 750 698 ducit
770 671 917 708 (Christus)
942 680 1003 701 esse
1026 681 1056 702 se
1107 672 1168 700 ﬁdei
1185 674 1285 701 veritas
1300 674 1396 707 docet;
1416 684 1426 701 ι
1443 680 1469 702 et
1486 675 1537 704 iste
1550 681 1682 710 praeterea
1703 684 1720 705 e
1745 677 1796 704 lib.
1814 685 1851 709 tr,
1876 678 1900 704 in

263 719 393 754 aqualem
408 719 477 752 Deo;
501 719 552 746 hoc
567 722 626 752 est,
644 725 696 745 non
716 718 767 746 sibi
789 718 878 754 magni
893 719 994 755 aliquid
1008 719 1056 747 de-
1106 717 1340 753 Anacephalwosi:
1357 729 1366 746 ι
1381 719 1498 754 Veritas,
1512 721 1577 753 vita,
1590 721 1734 756 sapientia,
1752 722 1827 748 idem
1842 729 1901 749 sunt

264 769 348 799 putat,
373 765 444 799 quod
471 764 529 799 ipse
551 763 662 798 quidem
687 764 801 798 aequalis
827 765 895 798 Deo,
920 769 948 793 et
972 772 1055 793 unum
1106 771 1138 791 ac
1149 763 1274 793 Christus
1290 775 1296 792 :
1313 765 1439 794 Christus
1453 766 1522 795 idem
1537 774 1568 794 ac
1582 766 1673 795 Pater.
1689 766 1759 800 Quae
1776 768 1900 802 quamris

263 818 324 838 cum
344 810 424 839 Patre
442 815 502 842 est;
515 819 524 836 ι
543 815 570 837 et
587 810 639 838 iste
655 817 671 838 e
693 810 743 838 lib.
762 818 812 843 vit,
835 818 911 838 num.
928 811 972 845 £3,
991 819 1053 848 pag.
1108 808 1248 838 intellectu
1269 810 1352 839 multa
1377 818 1439 840 esse
1461 812 1602 845 dicantur;
1620 820 1650 840 re
1673 817 1767 839 tamen
1791 818 1822 840 et
1840 814 1900 839 sub-

263 856 315 884 612
331 866 338 884 :
353 866 362 882 ι
376 855 405 884 Si
417 864 483 892 ergo
498 855 583 885 Filius
601 857 671 884 Deus
688 864 772 892 super
784 856 875 884 omnia
897 857 1006 891 dicitur,
1026 863 1055 886 et
1071 849 1092 877 Β
1106 856 1205 883 stantia
1219 865 1301 884 unum
1316 862 1390 890 sunt,
1405 858 1431 885 in
1445 858 1543 892 quibus
1558 858 1696 894 plenitudo
1708 863 1752 886 εει.
1772 858 1899 885 divinita-

262 903 379 938 Spiritus
392 908 502 930 sanctus
517 902 659 931 continere
681 904 772 931 omnia
789 909 966 938 memoratur.
983 905 1054 934 Deus
1106 901 1139 928 lis
1157 910 1163 928 ε
1183 911 1193 928 ι
1213 902 1254 929 cui
1279 906 1306 929 ει
1331 902 1375 930 llic
1397 903 1515 931 indidem
1543 903 1730 938 θάἱυηεεηάυε
1757 904 1897 931 num-33:

261 953 350 976 autem
365 947 447 976 Pater
460 954 502 976 est
518 956 550 976 ex
565 956 620 984 quo
633 950 734 982 omnia,
749 950 890 978 evidenter
902 951 1054 979 ostenditur
1106 955 1116 973 ι
1129 945 1187 974 Νοη
1203 947 1276 974 ﬁlim
1289 947 1417 980 dieimusi
1434 948 1504 977 είευῑ
1525 949 1647 976 haram
1663 954 1776 984 Ριιιιιηιι
1796 956 1897 984 Panem

261 1000 385 1022 naturam
400 994 543 1023 Trinitatis
562 999 590 1022 et
604 995 781 1023 substantiam
798 1004 879 1023 uuam
900 1004 971 1030 esse,
995 1005 1053 1032 quae
1103 992 1222 1028 aliquam
1240 993 1398 1021 submittite
1417 994 1463 1022 Dei
1487 994 1515 1022 in
1531 995 1627 1023 Filium
1650 1003 1775 1026 versam.
1800 1001 1850 1023 aut
1868 1004 1898 1023 ex

261 1046 300 1068 est
317 1048 398 1076 super
412 1041 522 1074 omnia;
539 1051 548 1068 ι
563 1046 591 1068 et
608 1042 651 1068 hic
668 1049 778 1077 quoque
797 1050 814 1070 e
830 1042 878 1071 lib.
900 1051 959 1076 vui,
976 1051 1051 1071 num.
1103 1038 1185 1066 nullis
1197 1039 1405 1068 subsistentibus
1420 1039 1518 1068 Filium
1534 1045 1705 1076 procreatum
1725 1048 1741 1067 a
1764 1041 1858 1072 Patre,
1875 1042 1898 1068 id

260 1088 286 1120 5,
304 1095 365 1122 pag.
381 1086 452 1115 626:
473 1096 482 1113 ι
495 1087 565 1114 Sunt
581 1087 664 1115 etiam
679 1088 798 1116 nonnulli
821 1089 866 1123 qui
890 1089 1044 1117 annuntiaal

1102 1088 1154 1118 est,
1178 1089 1256 1112 extra
1277 1085 1458 1113 substantiam
1478 1093 1565 1120 suam,
1583 1091 1612 1113 ut
1631 1086 1713 1114 fuerit
1737 1086 1896 1119 aliquando,

260 1133 368 1169 quidem
384 1138 412 1160 et
427 1133 573 1168 praedicant
591 1134 624 1161 de
638 1133 734 1166 Patre,
752 1140 780 1162 et
796 1134 881 1168 Filio,
905 1139 933 1162 ει
947 1135 1051 1170 δρῖτίίιι
1101 1131 1212 1165 quando
1228 1138 1280 1158 non
1303 1131 1394 1158 fuerit.
1407 1140 1416 1157 ι
1441 1131 1512 1159 Nihil
1526 1136 1599 1159 esset
1621 1132 1654 1158 ad
1671 1130 1826 1158 Trinitatis
1846 1132 1897 1158 lau-

259 1184 364 1212 sancto,
383 1179 431 1207 sed
447 1187 500 1206 non
518 1180 641 1212 sincere,
661 1187 714 1207 nou
729 1181 850 1216 integre;
873 1185 903 1208 ut
917 1185 982 1209 sunt
995 1189 1051 1209 om-

259 1233 308 1252 nes
332 1225 472 1258 haeretici,
499 1226 544 1261 qui
564 1226 673 1253 Patrem
700 1226 821 1261 quidem,
846 1231 874 1254 et
891 1227 998 1261 Filium,
1023 1232 1051 1256 et

260 1271 393 1305 Spiritum
415 1275 538 1298 sanctum
556 1272 736 1305 annuntiant,
756 1273 803 1300 sed
822 1281 874 1300 non
895 1274 979 1306 bene,
996 1281 1048 1301 non

259 1316 373 1344 ﬁdeliter
395 1317 571 1345 annnntiant.
593 1317 647 1345 Aut
672 1317 744 1346 enim
766 1318 836 1346 male
859 1324 986 1354 separant
1004 1319 1049 1346 Fi—

259 1363 323 1389 lium
342 1371 357 1390 a
373 1362 470 1397 Patre,
488 1368 518 1391 ut
533 1363 646 1391 alterius
668 1367 772 1391 natura:
787 1363 913 1397 Patrem,
935 1364 1048 1393 alterius

259 1408 355 1436 Filium
373 1409 477 1442 dicant;
494 1414 541 1436 aut
557 1409 627 1437 male
643 1409 823 1442 confundunt,
845 1416 873 1437 ut
891 1411 932 1437 vel
947 1418 978 1438 ex
999 1411 1048 1438 tri-

259 1457 309 1479 bus
326 1453 507 1487 compositum
524 1453 625 1487 Deum,
647 1455 689 1481 vel
704 1455 782 1483 trinae
800 1457 984 1484 tantummodo
1000 1464 1047 1491 ap-

259 1497 410 1532 pellationis
425 1499 451 1525 in
465 1506 497 1526 eo
514 1507 575 1527 esse
591 1500 754 1528 vocabulum
769 1505 875 1535 putent.
892 1501 941 1535 Qui
954 1507 1044 1529 autem

1101 1176 1161 1203 dem
1179 1176 1288 1209 clarius,
1310 1176 1332 1203 si
1356 1184 1420 1210 non,
1448 1182 1478 1204 ut
1499 1177 1574 1211 dixi,
1593 1183 1720 1212 suspecta
1747 1185 1780 1205 ea
1801 1178 1897 1205 faceret

1100 1219 1171 1248 ﬂuxa
1191 1221 1280 1249 Ruﬁni
1307 1223 1462 1258 interpretis
1489 1222 1565 1251 ﬁdes.
1590 1222 1673 1251 Utilia
1700 1231 1818 1258 quoque
1844 1225 1894 1251 huic

1100 1275 1160 1296 esse
1171 1268 1280 1304 Origeni
1294 1270 1431 1304 putaverit
1448 1269 1556 1305 aliquis,
1569 1277 1630 1304 qua:
1643 1270 1775 1303 leguntur
1790 1276 1857 1298 tom.
1878 1278 1894 1297 ιι

1099 1314 1126 1340 in
1140 1314 1233 1346 Ιοιιη..
1251 1322 1325 1341 ιιυῐιι.
1341 1315 1357 1340 6
1370 1324 1377 1342 :
1389 1315 1419 1341 Εἰ
1437 1314 1466 1342 δὲ
1490 1315 1561 1342 κατὰ
1579 1314 1626 1341 τὸν
1646 1314 1765 1342 Ἡσαΐαν
1784 1316 1868 1350 φησι]
1883 1316 1895 1342 6

1098 1360 1199 1395 Κύριος
1214 1361 1292 1396 ἡμῶν
1316 1361 1368 1387 ὑπὸ
1391 1361 1438 1388 τοῦ
1460 1361 1566 1397 Πατρὸς
1587 1361 1759 1388 ἀπεστάλθαι
1785 1363 1834 1388 καὶ
1851 1361 1894 1389 τοῦ

1097 1406 1255 1442 Πνεύματος
1275 1406 1367 1439 αὐτοῦ,
1387 1407 1445 1434 ἐστὶ
1466 1407 1513 1434 καὶ
1531 1406 1647 1434 ἐνταῦθα
1668 1407 1735 1442 περὶ
1758 1407 1809 1433 τοῦ
1831 1407 1893 1434 ἀπο-

1098 1452 1251 1485 στείλαντος
1272 1453 1318 1479 τὸν
1343 1452 1459 1488 Χριστὸν
1479 1453 1636 1488 Πνεύματος
1656 1453 1891 1489 ἀπολογήσασθαι,

1096 1498 1145 1533 οὐχ
1161 1498 1198 1530 ὼς
1214 1497 1294 1532 φύσει
1317 1498 1500 1534 διαφέροντος,
1527 1498 1593 1525 ἀλλὰ
1611 1498 1655 1524 διὰ
1674 1499 1725 1534 τὴν
1742 1500 1893 1536 γενομένη-ι

259 1543 326 1571 bene
340 1545 480 1572 annuntiat
494 1545 575 1579 bona,
597 1547 778 1581 proprietates
793 1546 900 1582 quidem
916 1547 999 1580 Patri,
1018 1553 1044 1574 et

1097 1545 1250 1580 οἰκονομίαν
1271 1545 1319 1580 τῆς
1339 1545 1571 1581 ἐνανθρωπήσεως
1590 1545 1636 1572 τοῦ
1651 1545 1720 1572 Υἱοῦ
1744 1546 1796 1572 τοῦ
1816 1546 1891 1578 Θεοῦ,

258 1587 336 1622 Filio,
358 1593 385 1616 et
408 1588 522 1624 Spiritui
545 1595 640 1618 sancto
663 1598 727 1618 suas
745 1590 843 1627 cuique
865 1591 957 1625 dabit;
978 1592 1044 1619 nihil

1097 1589 1293 1622 ὲλαττωθέντος
1307 1591 1372 1627 παρ’
1382 1591 1448 1618 αὐτὸ
1463 1591 1508 1618 τοῦ
1521 1591 1656 1626 Σωτῆρος.
1674 1592 1709 1618 At
1725 1599 1791 1618 cum
1807 1592 1891 1626 Spiri-

258 1638 348 1661 autem
369 1634 535 1662 diversitatis
555 1643 616 1664 esse
635 1636 811 1666 conﬁtebitur
833 1637 859 1664 in
881 1643 975 1665 natura
1001 1638 1045 1666 vel
1096 1640 1153 1663 tum
1174 1641 1299 1663 sanctum
1326 1637 1363 1664 ait
1386 1645 1439 1664 non
1463 1645 1522 1664 esse
1542 1637 1622 1672 φύσει
1640 1638 1821 1674 διαφέροντα,
1843 1639 1891 1666 nii-

258 1679 426 1713 substantia;
451 1689 461 1706 ι
484 1687 588 1708 necnon
613 1685 639 1707 et
664 1681 708 1708 ille
723 1688 738 1709 e
751 1681 800 1710 lib.
816 1689 823 1708 ι
842 1682 912 1716 Περὶ
927 1682 1041 1717 ἀρχῶν,

257 1733 314 1760 cap.
342 1726 378 1757 2,
407 1734 481 1753 num.
506 1726 546 1753 5:
563 1736 572 1753 ι
597 1726 730 1754 Secunda:
754 1734 820 1755 vero
850 1727 1045 1763 comparationi

257 1771 345 1806 imago
357 1771 417 1798 Filii
431 1771 489 1804 Dei,
506 1772 538 1799 de
551 1780 604 1807 qua
622 1781 695 1800 nunc
709 1780 799 1800 sermo
817 1777 879 1806 est,,
889 1773 1043 1808 comparari

257 1822 346 1852 potest
369 1817 451 1844 etiam
475 1819 622 1846 secundum
649 1819 700 1846 hoc
728 1819 800 1854 quod
827 1819 970 1846 invisibilis
995 1819 1043 1847 Dei

258 1864 347 1898 imago
370 1864 515 1892 invisibilis
540 1868 600 1897 est,
634 1865 703 1892 sicut
726 1865 874 1894 secundum
898 1865 1042 1893 historiam

257 1909 372 1938 dicimus
399 1910 606 1938 similitudinem
621 1910 686 1938 Adae
712 1911 794 1939 ﬁlium
820 1911 878 1946 ejus
902 1911 979 1939 Seth.
1002 1911 1042 1938 lta

257 1956 328 1983 enirn
345 1957 476 1991 scriptum
494 1962 537 1985 est
553 1966 560 1985 :
578 1957 611 1984 Et
625 1958 712 1993 genuit
725 1957 810 1984 Adam
822 1957 882 1985 Sella
898 1957 1041 1984 secundum

297 2015 319 2030 ¹¹
333 2016 400 2043 Gen.
418 2023 443 2044 ν.
458 2017 485 2044 5.

257 2062 330 2089 addit
343 2063 478 2097 propriam
501 2068 528 2091 et
548 2063 753 2095 subsistentem,
774 2069 806 2089 ac
821 2062 877 2089 suis
892 2061 1041 2096 proprieta-

257 2098 329 2124 tibus
352 2098 490 2126 detinitam
517 2103 544 2126 et
567 2098 813 2131 circumscriptam.
844 2097 982 2131 Denique,
1011 2101 1040 2124 ut

257 2140 336 2166 supra
355 2132 496 2161 haereticos
520 2134 670 2168 castigabat
690 2132 762 2167 quod
776 2132 913 2159 Christum
931 2133 1041 2168 notitiae

256 2172 336 2195 tenus
348 2168 444 2195 Filium
461 2166 601 2201 dicerent,
609 2168 652 2194 hic
668 2166 766 2195 Filium
783 2174 847 2194 vere
860 2174 920 2194 esse
931 2166 1038 2200 Filium,

256 2201 365 2229 Patrem
386 2211 451 2231 vere
466 2203 573 2231 Patrem
595 2203 734 2230 contendit
750 2210 756 2228 :
774 2203 801 2228 in
818 2209 871 2236 quo
885 2209 937 2228 non
952 2201 1038 2228 solum

256 2236 403 2274 Noetianos
425 2238 532 2270 refellit,
552 2239 597 2274 qui
616 2239 674 2265 hinc
697 2237 730 2264 ad
757 2238 853 2274 inanes
869 2237 1040 2274 metaphoras

258 2272 431 2306 redigeliant;
445 2275 491 2301 sed
507 2271 587 2301 etiain
602 2273 728 2303 Arianos,
743 2272 789 2307 qui
805 2271 832 2298 in
846 2272 942 2307 haeresi
961 2272 1040 2305 plane

257 2308 394 2342 contraria
409 2309 502 2335 eadem
513 2314 605 2342 postea
618 2307 711 2342 nugati
720 2311 792 2334 sunt.
800 2322 837 2327 -—
845 2306 962 2334 Domnus
975 2307 1041 2333 Prti-

257 2340 366 2403 dentiui
377 2342 482 2403 Mlius“,
496 2340 533 2370 De
546 2340 682 2370 divinitale
692 2341 791 2369 Christi
805 2341 853 2369 lib.
866 2349 903 2374 tv,
918 2348 979 2376 cap.
994 2341 1039 2375 l5,

258 2383 332 2403 ΙΙυΙΙΙ.
384 2386 399 2403 θ
446 2397 454 2403 .

258 2383 332 2403 nutu.
349 2379 366 2403 Δ
384 2383 411 2405 et
427 2379 454 2404 5.

299 2412 355 2447 (8i)
385 2412 485 2439 Filium
515 2413 559 2447 qui
593 2412 717 2446 splendor
749 2411 862 2447 gloriae.
895 2415 919 2438 et
952 2411 1040 2446 ﬁgura

257 2447 413 2474 substantim
443 2453 558 2481 paterna:
583 2447 750 2482 appellatur.
784 2447 811 2473 id
835 2454 890 2474 esse
919 2448 1039 2482 censebat

258 2484 357 2518 ratione
367 2483 465 2515 Patris,
479 2483 547 2518 quod
559 2488 595 2509 est
610 2483 702 2510 radius
715 2487 831 2518 respectu
842 2482 916 2509 solis.
927 2481 983 2509 Hoc
993 2489 1039 2518 so:

257 2516 291 2552 Iis
304 2518 454 2552 solarisqpe
468 2516 535 2544 radii
557 2518 682 2552 exemplo
699 2517 765 2544 nihil
791 2518 956 2545 frequentius
968 2517 1038 2551 apud

256 2548 543 2587 Origenent-itliosque
563 2548 656 2580 Patres
678 2553 712 2579 ed
735 2551 938 2587 signiﬁcandam
960 2548 1039 2578 ualer-

257 2595 317 2613 natu
333 2587 411 2615 Verbi
426 2594 627 2623 generationem
644 2596 652 2615 :
670 2587 717 2623 sed
737 2592 870 2621 quatenus
891 2587 982 2623 radius
998 2592 1039 2614 est

257 2623 344 2656 portio
355 2621 476 2658 quaedam
490 2628 517 2650 et
528 2623 666 2658 ellluvium
677 2622 765 2658 solari
787 2621 957 2653 substantiie,
975 2629 1039 2658 n_us-

257 2664 337 2693 quant
355 2656 463 2693 censuit
480 2659 612 2693 Origenes
627 2657 725 2684 Filium
788 2663 849 2693 esse
865 2659 968 2693 ratione
985 2656 1038 2682 Pa-

258 2692 402 2732 ttzis,_quo_d
413 2699 455 2720 est
462 2691 565 2732 radius
574 2697 698 2732 respectu
713 2692 787 2732 solis.
799 2700 808 2716 ι
818 2691 1038 2732 Nunquidnam,t

258 2725 431 2762 inquitlilt.l
459 2728 528 2761 "apt
549 2725 665 2762 ἀρχῶν,
681 2734 741 2761 cap.
754 2727 780 2762 ir,
808 2733 885 2762 num.
898 2726 925 2762 ι,
953 2735 962 2751 ι
976 2726 1038 2762 quia

259 2760 363 2796 (Filius)
387 2763 478 2788 lumen
497 2760 678 2793 nominatur,
701 2760 789 2789 simile
814 2760 951 2796 putabitur
973 2761 1039 2788 solis

259 2796 337 2829 hujus
355 2795 468 2824 lumini?
491 2797 590 2824 Lumen
608 2801 649 2823 est
667 2804 798 2829 verum,»
823 2795 862 2822 ait
878 2795 925 2821 lib.
943 2796 1038 2822 eodem

259 2830 362 2864 cap.‘2,
384 2839 456 2857 num.
471 2832 503 2864 6,
524 2832 614 2864 «quod
634 2830 766 2858 illuminat
786 2838 887 2857 οηυκηι
905 2830 1036 2858 hominem

1056 2187 1077 2215 D

1095 1681 1168 1708 nime
1190 1682 1327 1717 signiﬁcat
1345 1688 1441 1710 natura
1462 1691 1514 1710 non
1539 1684 1663 1719 differre,
1684 1685 1763 1719 quod
1789 1687 1891 1721 putavit

1095 1725 1249 1760 Perionius,
1263 1728 1310 1755 sed
1329 1734 1426 1756 natura
1442 1737 1494 1756 non
1506 1735 1644 1763 prastare.

1134 1772 1163 1801 ν.
1182 1772 1301 1802 Validior
1319 1774 1364 1802 ille
1385 1774 1460 1802 locus
1475 1783 1508 1802 ex
1530 1776 1625 1804 eodem
1645 1781 1720 1804 tomo
1739 1777 1770 1804 in
1788 1777 1887 1810 Ιοαιι..

1095 1825 1170 1846 num.
1188 1819 1223 1851 2,
1241 1819 1288 1846 ubi
1311 1820 1440 1848 adversus
1457 1822 1588 1854 quosdam
1612 1822 1771 1854 invehitur,
1792 1824 1888 1859 ἀρνου-

1096 1864 1193 1900 μένους
1205 1865 1253 1901 τὴν
1268 1866 1381 1901 θεότητα
1400 1866 1447 1893 τοῦ
1462 1867 1538 1899 Υἱοῦ,
1554 1867 1677 1900 τιθέντας
1691 1869 1721 1895 δὲ
1743 1869 1830 1896 αὐτοῦ
1841 1870 1887 1905 τὴν

1096 1911 1224 1947 ἰδιότητα,
1239 1913 1286 1940 καὶ
1296 1913 1345 1948 τὴν
1360 1913 1452 1939 οὐσίαν
1464 1914 1534 1940 κατὰ
1549 1914 1723 1950 περιγραφὴν
1736 1916 1887 1951 τυγχάνου-

1095 1967 1144 1986 σαν
1160 1959 1256 1995 ἑτέραν
1277 1959 1325 1986 τοῦ
1346 1960 1462 1996 Πατρός.
1489 1960 1544 1996 (81)
1563 1960 1660 1987 Filium
1683 1962 1732 1996 qui
1759 1962 1885 1996 splendor

1094 2063 1237 2090 uenientem
1251 2062 1277 2088 in
1294 2061 1363 2088 hunc
1378 2061 1506 2088 mundum
1521 2061 1613 2097 (Joan.
1629 2069 1655 2094 ι,
1673 2061 1701 2097 9)
1714 2081 1734 2097 ,ί
1746 2062 1796 2089 sed
1819 2063 1883 2090 nihil

1094 2098 1178 2125 habet
1190 2104 1333 2124 commune
1350 2097 1383 2123 ad
1397 2097 1462 2124 solis
1480 2096 1559 2131 hujus
1573 2096 1673 2123 lumen.
1686 2105 1695 2122 ι
1716 2096 1880 2124 Germanam

1093 2132 1219 2167 Origenis
1234 2131 1285 2167 hac
1298 2132 1331 2158 de
1346 2139 1374 2158 re
1389 2132 1544 2166 opinionem
1560 2131 1666 2167 discere
1684 2131 1751 2167 licet
1766 2140 1800 2158 ex
1818 2137 1879 2158 tom.

1091 2165 1169 2194 xxxii
1193 2167 1222 2193 in
1246 2165 1346 2200 10am,
1371 2165 1445 2194 num.
1476 2167 1520 2196 18.
1541 2166 1586 2193 ubi
1615 2166 1654 2193 ait
1681 2166 1805 2194 tFilium
1825 2175 1880 2194 esse

1093 2201 1265 2236 splendorem
1293 2202 1376 2228 totius
1399 2201 1491 2235 gloria:
1516 2201 1577 2234 Dei,
1603 2206 1631 2228 et
1659 2201 1749 2228 solum
1775 2209 1880 2229 omnem

1092 2237 1263 2272 splendorem
1274 2237 1363 2272 totius
1385 2237 1478 2272 gloria:
1497 2236 1544 2264 Dei
1564 2243 1664 2272 capere
1680 2243 1773 2271 pastae.
1786 2246 1795 2262 ι
1819 2236 1880 2269 Quae

1091 2272 1174 2299 verba
1194 2271 1340 2298 manifeste
1362 2272 1482 2299 indicant
1503 2271 1570 2298 nihil
1595 2279 1656 2298 esse
1679 2273 1704 2297 in
1731 2272 1879 2305 exemplari

1091 2307 1162 2341 quod
1183 2314 1236 2333 non
1258 2307 1294 2334 sit
1315 2307 1341 2333 in
1363 2306 1499 2341 imagine,
1517 2307 1638 2340 adeoque
1650 2305 1752 2332 Filium
1772 2314 1787 2333 a
1804 2307 1879 2334 Patre

1091 2349 1145 2369 non
1165 2341 1248 2369 dividi
1264 2346 1310 2368 aut
1326 2343 1450 2377 separari
1463 2347 1492 2369 ut
1508 2346 1611 2377 partem
1628 2349 1642 2368 a
1658 2346 1716 2368 toto
1729 2341 1807 2377 ,Vsed
1823 2349 1878 2369 esse

1090 2377 1172 2404 unius
1193 2383 1304 2403 numero
1328 2376 1361 2403 et
1378 2376 1499 2410 ejusdem
1524 2384 1556 2404 ac
1577 2376 1684 2403 Patrem
1705 2376 1876 2403 substantiae.

1091 2410 1158 2439 Vide
1171 2412 1240 2438 inira
1260 2416 1318 2438 not.
1334 2412 1361 2438 in
1380 2420 1454 2438 num.
1468 2412 1518 2443 εις
1544 2411 1604 2438 vide
1617 2416 1644 2438 et
1658 2410 1770 2438 Bullum
1785 2412 1813 2438 in
1832 2411 1878 2437 De-

1091 2447 1157 2480 fens.
1171 2447 1235 2481 ﬁdei
1247 2445 1374 2480 Nicwme,
1399 2447 1432 2474 de
1446 2447 1508 2475 Filii
1518 2446 1744 2474 subordinatione
1755 2467 1763 2478 ,
1777 2454 1837 2480 cap.
1852 2447 1876 2477 ι,

1091 2480 1210 2514 ιιαιηζ9,
1221 2480 1254 2508 l0
1269 2486 1296 2509 et
1309 2489 1398 2517 seqq..
1414 2481 1458 2509 ubi
1472 2483 1612 2510 evidenter
1625 2481 1747 2517 ostendit
1760 2482 1876 2508 numeri-

1090 2524 1149 2544 catn
1175 2516 1303 2543 unitatem
1327 2515 1484 2544 substantiae
1505 2517 1594 2544 Patris
1620 2521 1647 2543 et
1669 2515 1732 2542 Filii
1764 2522 1875 2543 eatenus

1090 2551 1232 2586 agnovisse
1245 2551 1406 2586 Origenem,
1429 2557 1562 2587 quatenus
1587 2551 1671 2586 ipsam
1693 2550 1810 2587 Patrum
1828 2559 1874 2577 an-

1085 2587 1238 2621 _liquioruttt
1271 2586 1447 2622 quisquam,’
1465 2588 1585 2620 adeoque
1622 2587 1680 2620 ipse
1706 2586 1874 2622 Athanasius

1089 2619 1219 2655 agnovit:
1235 2619 1287 2649 hoc
1306 2619 1363 2654 esi,
1385 2623 1532 2649 credidisse
1541 2619 1692 2656 Origenem
1716 2619 1828 2648 Patrem
1848 2626 1874 2647 et

1089 2657 1187 2684 Filium
1202 2662 1229 2683 et
1241 2657 1370 2692 Spiritum
1384 2662 1508 2684 sanctum
1519 2678 1527 2690 ,
1548 2665 1608 2684 cum
1630 2663 1726 2692 revera
1745 2661 1803 2683 tres
1821 2656 1872 2682 sint

1089 2699 1221 2726 persome,
1240 2699 1407 2726 nequaquam
1423 2697 1513 2719 tamen
1527 2698 1556 2718 ut
1573 2699 1628 2718 tres
1649 2691 1777 2718 homines
1799 2697 1872 2718 ενοι·-

1089 2735 1149 2755 sum
1168 2732 1196 2754 et
1210 2727 1356 2761 separatim
1376 2727 1528 2760 exsistere;
1545 2726 1593 2754 sed
1612 2727 1708 2763 intime
1730 2726 1784 2763 sibi
1805 2726 1887 2763 invi:

1089 2769 1146 2790 cem
1161 2762 1298 2789 cohaerere
1315 2768 1344 2789 et.
1354 2763 1513 2796 coniunctos
1526 2769 1601 2795 esse;
1616 2762 1741 2795 adeoque
1755 2762 1868 2788 alterunt

1090 2797 1116 2824 in
1133 2797 1218 2824 altero
1234 2798 1383 2829 exsistere,
1404 2801 1502 2832 atque,
1525 2802 1553 2832 ut
1565 2797 1600 2824 ita
1615 2796 1724 2830 loquar,
1742 2796 1869 2822 immeare

1090 2831 1204 2859 invicetn
1215 2836 1242 2859 et
1257 2837 1398 2866 penetrare
1413 2839 1459 2866 per
1475 2831 1637 2860 incil'abilem
1655 2832 1803 2865 quamdam
1823 2837 1868 2856 1:1-
