1915 3079
59 131 107 159 ἰἰθ

467 132 752 161 ORIGENIANORUM
771 132 835 161 LIB.
858 133 889 166 ιι,
909 133 985 160 esp.
1006 132 1039 165 ιι,
1059 131 1197 166 ρυτεετ.
1217 131 1249 158 ιι.

1621 127 1673 154 750

59 197 112 219 erat
124 191 228 222 similis,
245 199 322 218 secus
345 199 397 225 qua
419 191 558 221 inferiora.
577 192 737 225 Macrobius,
761 192 808 220 lib.
825 200 833 220 l
848 194 872 222 Α
884 192 963 227 οὐσίᾳ
977 192 1075 226 priscis
1089 190 1253 225 temporibus
1267 187 1373 216 solebat
1385 186 1508 222 usurpari
1529 186 1564 214 ab
1585 185 1674 213 etlmi‘

59 239 82 264 in
91 237 176 265 Somn.
188 236 272 269 Schn,
281 244 339 271 cap.
352 237 396 269 l4,
405 245 437 265 ex
453 238 584 265 sententia
596 238 713 266 Platonis
724 238 765 266 sic
778 238 834 266 dis-

59 283 137 310 si-rit:
155 292 164 308 I
187 282 256 309 Deus
270 283 316 316 qui
341 283 427 317 prima
443 291 525 310 causa
543 289 571 311 et
591 287 632 311 est
653 289 681 311 et
706 288 832 318 vocatur,

59 336 120 355 unus
131 329 248 355 omnium
263 334 376 362 quaeque
395 332 469 362 sunt,
490 336 603 364 quaeque
624 329 749 356 videnlur
762 335 832 362 esse,

58 374 173 408 prim‘eps
189 378 215 400 et
230 373 305 408 origo
319 377 371 402 est.
389 373 437 401 llic
460 374 689 409 superabundauti
707 374 833 408 majesta-

60 422 88 447 tis
111 419 271 446 fecunditate
287 419 320 446 de
340 426 370 446 se
391 424 509 447 mentem
533 420 644 449 creavit.
668 419 731 448 Haec
757 427 833 448 mens

58 474 109 501 quia
122 465 181 497 νοῦς
200 470 322 499 vocatur,
345 473 397 502 qua
422 466 527 494 Patrem
544 467 661 502 inspicit,
678 466 784 502 plenam
796 466 833 494 si-

59 511 223 538 mililutlinem
252 516 342 539 servat
358 513 500 546 auctoris;
517 513 635 540 anitnam
658 520 721 540 vero
747 513 780 540 de
804 519 834 540 se

59 563 124 584 creat
140 557 286 590 posteriora
313 558 469 593 respiciens.
482 567 492 584 ι
515 558 607 586 Mundi
626 559 705 594 hujus
728 558 833 586 effecto-

58 610 108 629 rem
123 611 179 630 esse
200 602 263 629 νοῦν
281 602 443 639 Pythagorei
464 604 644 634 allirmabant.
666 606 706 632 Ab
722 605 763 633 his
779 613 831 633 non

58 649 149 675 abludit
165 649 307 683 Origenes,
325 657 386 677 cum
402 650 509 678 Patrem
524 652 560 678 ait
575 659 627 678 non
650 653 742 680 lucere
755 653 780 679 in
797 657 834 680 te-

59 695 149 726 net-ris,
161 695 259 723 Filium
272 703 336 723 vero
355 695 436 724 Patre
450 705 510 725 esse
531 698 687 726 inferiorem
702 703 834 734 quatenus

57 740 79 766 in
96 739 207 767 tenebris
231 740 314 775 lucet,
326 742 360 769 ab
383 742 468 777 iisque
495 748 666 779 oppugnatur
682 752 689 777 ;
705 751 765 771 cum
791 751 834 772 res

57 786 172 812 nimirum
186 787 220 813 ab
232 793 266 814 eo
282 792 446 821 procreatm,
461 796 493 816 ac
508 788 631 817 homines
643 789 775 824 praecipue
789 789 834 818 be-

57 831 198 858 neﬁciorum
226 833 410 867 immemores,
427 835 547 862 auctoris
568 835 610 862 sui
628 835 700 871 leges
713 843 745 863 ac
759 844 831 863 man-

56 877 108 902 data
120 881 303 905 contemnunt.

86 921 136 956 (Π)
156 922 293 951 Dillicilior
309 923 391 952 etiam
409 930 450 952 est
461 924 580 953 locorum
601 925 709 958 solutio,
722 927 767 961 qui
784 934 832 954 ex-

57 973 117 994 stant
136 968 180 995 lib.
195 975 244 996 vut
263 974 359 997 contra
382 970 496 1002 Celsum,
521 979 596 998 num.
621 972 655 999 η
670 981 678 1000 :
696 973 726 1000 El
743 973 771 1000 δέ
792 983 834 1006 τις

56 1013 304 1050 περισπασθήσεται.
323 1015 360 1050 μή
379 1024 417 1051 πη
447 1016 650 1052 αὑτομολοῦμεν
675 1018 744 1054 πρὸς
771 1020 834 1052 τοὺς

56 1060 217 1095 ἀνιιροῦντας
231 1060 280 1087 δύο
294 1058 363 1089 εἶναι
379 1062 540 1094 ὑποστάσεις
555 1063 663 1100 Πατέρα
690 1065 738 1091 καὶ
755 1065 832 1097 Υιὸν,

56 1106 212 1141 ἐπιστησάτω
229 1107 278 1143 τῷ,
291 1105 325 1144 ἦν
340 1107 369 1135 δὲ
389 1109 498 1137 πάντων
520 1109 575 1136 τῶν
594 1111 795 1138 πιστευσάντων
816 1113 834 1148 ή

57 1151 141 1186 καρδία
154 1153 198 1179 καὶ
208 1154 224 1187 ἡ
236 1152 310 1188 ψυχὴ
329 1154 388 1189 μία,
399 1154 441 1181 ἵνα
458 1155 584 1192 θεωρήσῃ
601 1156 646 1182 τόν
667 1157 741 1191 Ἐγὼ
753 1157 801 1184 καὶ
815 1158 833 1184 ὁ

57 1196 144 1231 Πατὴρ
157 1197 191 1224 ἓν
201 1198 306 1232 ἐσμεν·
322 1205 349 1226 et
365 1200 461 1227 deinde
477 1208 484 1226 :
503 1200 698 1237 Θρησχέυομεν
715 1200 762 1229 οὖν
782 1203 828 1230 τὸν

57 1242 152 1278 Ππὲρα.
168 1244 217 1279 τῆς
241 1244 380 1280 ἀληθείας,
403 1245 449 1272 καὶ
474 1246 520 1273 τὸν
539 1247 602 1273 Υἱδν
619 1247 669 1282 τὴν
691 1247 837 1283 ἀλήθειαν,

57 1288 110 1315 δντα
125 1289 168 1316 δύο
186 1292 218 1326 τῇ
236 1291 385 1319 ὑποστάσει
401 1293 561 1328 πράγματα,
581 1292 610 1320 ἒν
632 1293 661 1320 δὲ
673 1295 706 1329 τῇ
726 1294 838 1330 ὁμονοίᾳ

849 876 872 904 Β

58 1333 97 1360 καὶ
119 1336 148 1371 τῇ
171 1336 331 1372 συμφωνίᾳ,
348 1337 395 1365 xs‘.
408 1338 440 1373 τῇ
463 1337 607 1373 ταυτότητι
630 1338 677 1364 τοῦ
698 1338 834 1374 βουλήμα-

57 1388 107 1410 το;”
123 1381 222 1408 Patrem
236 1387 264 1409 et
277 1383 373 1410 Filium
386 1384 438 1410 duo
449 1390 508 1410 esse
522 1384 559 1410 ait
573 1384 732 1417 ὑποστάσει,
748 1392 832 1412 unutn

58 1434 175 1453 consensu
202 1432 229 1454 et
257 1427 413 1456 concordia.
436 1427 491 1463 (78)
510 1429 590 1464 Atqui
611 1429 759 1461 ὑπόστασις
783 1437 832 1464 pro

88 1519 139 1554 (Π)
162 1519 299 1554 υἰηῑείιὶοτ
311 1520 442 1556 etiamrest
456 1519 693 1556 locornmrsolutio,
710 1523 763 1556 etc.
778 1519 836 1548 Dil—
851 1526 872 1556 α

59 1555 125 1590 lii-ills
138 1555 258 1589 equidem
285 1556 371 1590 prima
392 1555 480 1582 l'mnte
497 1555 582 1582 videri
604 1557 690 1589 possit
714 1555 834 1582 locorum

58 1589 155 1618 istorum
168 1590 266 1616 solutio
279 1589 290 1621 ;⁷
304 1590 351 1618 sed
377 1591 398 1617 si
415 1591 546 1617 attentius
566 1594 593 1617 et
610 1589 726 1624 penitius
748 1590 836 1625 inspi-

57 1625 158 1658 ciuntur,
174 1625 410 1659 praeclarissimum
422 1624 524 1651 dabunt
540 1625 685 1652 nmnericze
699 1625 724 1651 in
744 1624 835 1653 divina

57 1661 190 1688 substantia
205 1661 319 1688 unitatis
335 1661 527 1688 testimonium.
543 1659 707 1687 l"Adhibita
726 1661 760 1687 ab
772 1660 836 1688 Ori—

57 1702 114 1727 gene
123 1695 217 1727 cautio,
229 1702 265 1722 ne
276 1695 346 1722 idem
359 1695 430 1730 quod
441 1695 562 1722 Noetiani
578 1695 680 1722 sentire
690 1695 834 1727 videretur,

57 1735 199 1764 argumento
217 1735 261 1757 est
283 1731 398 1757 mediam
424 1730 497 1756 illum
520 1730 592 1757 viam
620 1730 738 1758 tenuisse
766 1732 837 1758 inter

57 1765 169 1792 Arianant
189 1770 213 1792 et
231 1765 416 1792 Sabellianain
428 1765 564 1797 hzercsim,
577 1769 606 1792 ut
617 1765 750 1792 catholica
765 1774 834 1793 sem-

88 1809 97 1826 r
109 1801 189 1828 tenuit
204 1800 338 1828 Ecclesia.
354 1800 419 1834 Qui:
447 1800 518 1827 enim
537 1804 593 1836 tres
613 1807 744 1835 personas
759 1801 837 1836 longe

82 1840 150 1869 teque
165 1835 328 1866 diésocians.
342 1835 367 1862 id
390 1835 441 1862 sibi
454 1835 604 1862 cavendum
623 1840 650 1862 et
662 1836 836 1863 metuendum

59 1876 131 1903 putet,
146 1879 177 1897 ne
190 1879 236 1898 eas
263 1871 429 1898 confundere
440 1871 563 1897 videatur
577 1869 630 1897 i2°
642 1869 751 1906 Repetit
772 1871 835 1906 qui-

58 1906 109 1932 dem
137 1907 268 1940 Origenes
287 1906 417 1933 unitatem
441 1905 536 1932 Deiex
558 1905 701 1932 concordia
719 1909 747 1933 et
768 1905 836 1933 cou-

58 1947 126 1968 sensu
141 1942 208 1968 inter
220 1942 330 1968 Patrem
346 1945 373 1967 ct
385 1940 495 1973 Filium,
514 1941 561 1968 sed
581 1940 653 1967 hunc
671 1947 834 1968 consensum

59 1975 80 2001 in
92 1976 219 2004 idenlilnle
235 1976 380 2003 voluntatis
397 1976 472 2013 ponit
487 1985 493 2002 :
506 1983 566 2010 quze
581 1975 690 2013 quidem
708 1975 835 2013 loquendi

59 2014 118 2045 ratio
138 2020 196 2037 cum
221 2018 272 2038 sua
294 2016 391 2045 sponte
408 2011 576 2038 voluntatem
605 2010 662 2038 sive
688 2010 834 2038 essentiam

59 2044 134 2073 Patris
143 2046 207 2074 Filio
219 2044 447 2074 communicatam
459 2046 592 2078 designat,
602 2050 658 2073 tum
676 2053 742 2073 vero
753 2046 835 2073 alium

59 2087 153 2116 sensum
172 2082 222 2109 ltoc
241 2083 301 2108 loco
317 2089 371 2108 non
392 2080 504 2116 patitur.
518 2080 585 2107 Nam
601 2080 736 2108 haereticis
753 2088 835 2108 unam

59 2115 81 2142 in
96 2116 169 2144 Patre
185 2121 212 2144 et
228 2117 297 2144 Filio
314 2115 481 2152 voluntatem
503 2117 560 2143 sive
577 2116 722 2143 essentiam
740 2121 767 2152 ct
783 2116 835 2152 hy-

60 2152 174 2184 postasim
188 2152 353 2186 ﬁngentibus
382 2151 506 2178 concedit
527 2158 608 2178 unam
625 2158 686 2178 esse
712 2151 836 2178 volunta-

61 2187 193 2223 tem,duas
203 2185 362 2223 Iijpostascs
383 2186 506 2223 requirit.
527 2185 603 2219 Quod
617 2186 650 2218 si,
661 2190 693 2223 ut
707 2186 773 2223 duas
787 2187 836 2221 hy-

61 2226 176 2252 Postases.
188 2221 228 2249 ita
240 2221 330 2250 etiam
347 2222 414 2249 duas
430 2221 584 2249 voluntates
596 2221 767 2253 admittebat,
785 2228 835 2248 cur

62 2255 82 2281 in
95 2256 171 2283 altero
181 2265 275 2285 manus
285 2258 331 2284 dat
344 2256 531 2284 hmreticorum
539 2256 692 2287 sententia,
710 2255 743 2283 de
752 2256 838 2283 altero

61 2293 105 2327 tam
112 2292 240 2320 obstinate
249 2291 388 2327 delitigat?
396 2291 462 2318 Cum
472 2291 620 2325 praesertim
628 2291 688 2318 data
695 2298 775 2327 opera
784 2291 839 2318 dis-

63 2325 163 2362 tinguat,
172 2329 236 2362 quid
246 2325 388 2354 numerum
396 2327 422 2353 in
432 2327 564 2362 Trinitate
571 2326 697 2360 patiatur,
706 2325 771 2361 quid
783 2333 837 2362 non

61 2361 173 2393 patiatur.
182 2361 284 2390 Deinde
298 2369 363 2389 vero
375 2369 409 2389 ex
419 2361 769 2388 hacvoluntatisidentitate
779 2361 838 2389 ﬁeri

61 2397 179 2433 declarat,
200 2403 228 2425 ut
248 2398 294 2433 qui
310 2397 409 2433 Filium
420 2397 534 2433 rvitlcrit,
551 2396 839 2433 Patremquoquemvi-

62 2431 129 2468 derit.
143 2432 249 2468 Optime
257 2430 376 2468 ‘quidem
403 2432 425 2459 si
445 2436 499 2468 tota
516 2431 605 2468 Patris
632 2430 754 2468 voluntas
769 2430 838 2468 Filio

62 2467 148 2494 tradita
165 2466 196 2499 et
213 2466 416 2496 communicata
429 2476 436 2494 :
451 2467 502 2494 hoc
517 2467 588 2493 enim
609 2466 696 2499 posito
712 2466 838 2500 sequitur

63 2502 119 2536 nihil
129 2510 187 2530 esse
204 2503 230 2530 in
248 2503 329 2530 Patre
342 2503 415 2536 quod
431 2510 483 2529 non
502 2502 538 2528 sit
553 2502 578 2528 in
593 2501 671 2533 Filio,
685 2505 713 2528 et
729 2500 837 2528 Patrem

63 2535 145 2570 \iileri,
160 2539 220 2565 dum
239 2535 452 2565 videtur’Filius.
468 2539 502 2564 At
516 2537 537 2564 si
550 2537 677 2563 identitas
690 2536 838 2564 voluntatis

62 2571 121 2598 nihil
133 2573 201 2600 aliud
225 2578 276 2605 est,
295 2580 377 2608 quam
391 2573 553 2607 obsequium
568 2571 629 2599 Filii
641 2571 771 2608 adversus
786 2570 838 2608 Pa-

63 2609 130 2643 ll'em,
145 2608 204 2643 quis
221 2614 275 2636 tam
298 2606 443 2640 absurdus,
463 2606 493 2634 ut
515 2606 694 2643 exiejusmodi
707 2606 838 2643 obsequio

63 2641 191 2679 concludat
207 2644 337 2679 aequalem
353 2643 528 2679 iPatriresser
547 2642 644 2679 Filium
655 2660 663 2673 ,
679 2646 712 2679 et_
729 2641 837 2679 Patrem

64 2677 136 2703 videri
151 2679 214 2705 dum
228 2676 334 2706 videtur
347 2678 455 2706 Filius?
467 2678 497 2705 5°
514 2677 623 2704 Belellit
635 2677 686 2704 huc
707 2677 766 2704 loco
777 2676 838 2704 Ori-

64 2717 134 2748 genes
148 2715 217 2748 quod
232 2714 328 2741 Celsus
343 2713 482 2748 perinique
503 2713 559 2740 lieri
579 2721 593 2739 a
615 2712 779 2748 Christianis
795 2712 837 2738 di-

64 2747 142 2779 cebat,
155 2746 186 2776 ut
198 2756 260 2776 cum
275 2749 323 2784 ipsi
344 2746 446 2784 praeter
468 2756 603 2784 summum
622 2746 723 2784 Deum,
735 2755 745 2772 ‹
765 2748 838 2784 hunc

65 2787 147 2819 recens
167 2782 291 2811 exortum
309 2794 319 2810 ι
336 2782 386 2819 (sic
409 2791 482 2812 enim
508 2783 644 2811 Christum
668 2782 837 2819 designabat)

65 2815 142 2845 colere
168 2827 220 2846 non
249 2815 414 2850 dubitarent.
429 2819 553 2846 eamdem
569 2818 675 2844 veniam
702 2815 762 2844 aliis
783 2815 836 2844 non

66 2850 149 2881 darent
163 2862 267 2883 summo
279 2855 333 2884 Deo
348 2855 484 2883 ministros
495 2852 668 2889 adjuugeudi.
683 2851 837 2889 Respondet

886 238 928 265 cis
940 243 968 265 et
978 237 1148 265 Christianis.
1168 235 1347 271 Hieronymus
1357 233 1436 269 epist.
1450 232 1483 260 57
1496 233 1529 259 ad
1545 231 1671 259 Damas.:

889 292 899 310 ι
919 282 987 310 Tota
999 282 1166 310 saecularium
1177 281 1328 310 litterarum
1340 279 1430 307 schola
1447 278 1512 306 nihil
1524 277 1595 304 aliud
1609 276 1674 304 ὑπό-

888 337 982 356 στασιν
999 329 1050 356 nisi
1070 327 1164 355 οὐσίαν
1184 328 1268 354 novit.
1291 336 1301 353 ι
1320 325 1358 353 lla
1379 328 1553 359 sumpserunt
1572 322 1672 351 Nicaeui

886 373 993 405 Patres,
1010 373 1045 400 ita
1060 372 1245 400 Sardicenses.
1259 370 1296 398 lta
1316 374 1343 398 et
1367 369 1516 404 sumpsisse
1529 367 1672 402 Origenem

886 419 1032 447 verisimile
1042 424 1094 447 est.
1104 419 1188 446 Tomo
1195 417 1301 452 quidem
1314 416 1400 450 primo
1411 416 1437 442 in
1450 415 1587 445 Joannem,
1598 421 1671 440 num.

886 465 937 498 25,
960 465 1000 492 sic
1019 464 1138 499 loquitur
1163 463 1196 491 de
1218 462 1414 491 Valentinianis
1429 469 1436 487 :
1454 461 1577 496 Οῑόμενοι
1606 467 1674 494 προ-

887 512 972 547 φορὰν
993 510 1138 547 πατρικὴν,
1154 510 1235 537 οἱονεὶ
1257 510 1286 536 ὲν
1300 508 1444 539 συλλαϐαῖς
1456 507 1584 542 κειμένην
1603 503 1674 532 εἶναι

885 558 932 586 τὸν
952 558 1015 585 Υἰὸν
1032 557 1078 584 τοῦ
1093 556 1160 584 Θεοῦ
1171 577 1179 588 ,
1192 555 1320 583 καὶκατὰ
1333 555 1411 581 τοῦτο
1428 555 1574 580 ὑπόστασιν
1589 552 1673 587 αὐτῷ,

886 605 910 631 εἰ
936 603 1057 640 ἀκριϐῶς
1073 603 1162 630 αὐτῶν
1184 601 1393 636 πυνθανοίμεθα,
1416 601 1446 627 οὐ
1461 600 1593 631 διδόασιν,
1615 599 1675 626 οὐδὲ

886 650 979 677 οὐσίαν
1008 648 1089 677 αὐτοῦ
1121 647 1324 683 σαφηνίζουσιν.
1353 646 1401 674 Ubi
1421 646 1567 672 ὑπόστασιν
1583 646 1616 671 ab
1631 645 1675 671 οὑ-

888 695 933 732 σιᾳ
955 695 1095 730 dlstinguit
1119 694 1281 729 quidem,at
1306 701 1358 720 non
1381 692 1464 720 sumit
1479 699 1527 727 pro
1549 699 1674 726 persona,

887 741 933 769 sed
948 749 996 776 pro
1006 741 1185 773 subsidentia,
1201 747 1346 775 personam
1358 739 1458 775 quippe
1471 737 1581 774 proprio
1594 745 1675 764 voca-

887 787 949 815 bulo
963 787 1081 823 ἰδιότητα
1090 787 1156 814 alias
1164 786 1290 822 appellat.
1303 785 1435 813 Prmterea
1446 792 1506 812 cum
1521 791 1602 811 unum
1616 790 1677 811 esse

887 840 1020 861 consensu
1041 837 1068 860 et
1091 832 1237 860 concordia
1262 831 1362 859 dixerit
1382 831 1489 859 Patrem
1516 835 1544 858 et
1560 829 1676 863 Filium,

885 883 1027 913 postquam
1044 878 1210 905 docuitduos
1224 884 1284 904 esse
1298 877 1446 912 hypostasi,
1466 876 1545 911 plane
1559 875 1679 903 ὑποστά-

887 932 956 956 σεως
968 923 1129 951 vocabulum
1151 923 1258 950 videtur
1279 923 1404 949 notanda?
1427 921 1585 949 substantiae
1600 921 1678 948 adhi-

885 969 978 997 buisse
995 977 1001 995 :
1018 976 1080 996 nam
1096 969 1118 996 si
1140 969 1230 1003 priore
1249 968 1309 996 loco
1333 969 1401 1003 duos
1421 975 1482 995 esse
1499 967 1679 1003 signiﬁcasset

885 1015 973 1050 quoad
987 1014 1280 1050 personas,adjecisset
1291 1001 1413 1050 profe'cto
1424 1022 1506 1041 unum
1519 1001 1579 1041 esse
1589 1011 1678 1048 qnoail

884 1061 990 1088 οὐσίαν.
1007 1060 1042 1087 At
1059 1068 1120 1088 cum
1137 1068 1220 1087 unum
1232 1067 1293 1088 esse
1308 1060 1449 1095 scripserit
1463 1067 1596 1088 consensu
1613 1059 1679 1086 dun-

885 1111 960 1135 taxat
972 1127 980 1139 ,
993 1107 1074 1134 aliam
1091 1113 1199 1133 omnem
1211 1106 1319 1134 videtur
1339 1105 1476 1140 respuisse
1491 1106 1620 1133 unitatem
1631 1125 1639 1137 .
1651 1108 1680 1133 et

885 1153 953 1181 duos
965 1153 1055 1188 quoad
1071 1152 1165 1179 οὐσίαν
1179 1152 1337 1180 credidisse.
1351 1151 1538 1179 Antiochenus
1551 1150 1595 1178 ille
1610 1159 1678 1178 con-

885 1204 983 1228 ventus
1001 1200 1027 1227 in
1043 1199 1174 1227 encaeniis
1193 1198 1346 1226 celebratus
1370 1205 1442 1225 anno
1458 1197 1521 1230 541,
1542 1197 1569 1224 in
1587 1196 1678 1231 Expoo

886 1247 981 1274 titione
994 1246 1057 1280 fidei
1067 1245 1263 1278 ecclesiastica,
1277 1252 1358 1279 quam
1382 1244 1587 1279 Expositionem
1606 1243 1679 1273 relie-

888 1297 951 1319 runt
979 1291 1146 1320 Athanasius
1172 1295 1200 1318 et
1225 1290 1345 1318 Hilarius
1370 1290 1398 1318 in
1415 1290 1492 1318 libris
1516 1289 1554 1317 De
1571 1290 1679 1325 synodi:

887 1342 980 1364 contra
1005 1336 1132 1370 Arianos,
1158 1335 1293 1364 consimili
1311 1335 1450 1364 locutione
1473 1335 1577 1363 utitur:
1593 1345 1603 1362 ι
1623 1335 1680 1363 Ma-

887 1383 984 1410 nifesta
1001 1383 1103 1416 utique,
1135 1382 1232 1416 inquit,
1267 1380 1366 1413 Patris,
1397 1388 1460 1408 vere
1483 1380 1591 1414 Patris;
1620 1388 1680 1408 cera

886 1432 968 1464 taque
985 1428 1056 1462 Filii,
1072 1436 1136 1457 vere
1148 1428 1228 1462 Filii;
1241 1433 1359 1463 notaque
1375 1428 1494 1462 Spiritus
1509 1428 1606 1460 sancti,
1616 1435 1680 1455 vere

889 1520 1020 1556 Origenes
1035 1520 1116 1548 aliter
1134 1520 1167 1548 de
1181 1519 1344 1548 Christianis
1361 1520 1577 1556 existimaturum
1594 1518 1678 1548 fuisse

889 1554 1017 1591 Celsum.
1037 1557 1059 1583 si
1078 1556 1255 1583 intellexisset
1275 1555 1362 1591 illud:
1379 1555 1435 1591 Ego
1455 1561 1479 1582 et
1502 1554 1584 1581 Pater
1594 1563 1680 1591 unum

888 1599 979 1627 sumtu
994 1590 1085 1625 (Joan.
1103 1599 1141 1627 tv.
1159 1591 1216 1627 30),
1229 1595 1272 1627 et,
1283 1590 1365 1627 Pater
1376 1589 1411 1627 in:
1419 1599 1470 1623 me,
1489 1594 1511 1616 et
1524 1598 1571 1624 ego
1586 1590 1617 1627 Vin
1631 1589 1682 1627 Po:

888 1631 927 1653 tre
943 1626 1018 1661 (ibid.
1041 1626 1097 1660 38).
1113 1626 1181 1653 Tum
1195 1625 1322 1652 adhibita
1340 1626 1466 1653 cautione
1493 1626 1608 1661 nequis
1627 1625 1680 1652 sibi

887 1660 1025 1689 Noetianze
1041 1661 1152 1688 haeresis
1169 1666 1261 1689 notam
1282 1661 1412 1692 inureret,
1424 1660 1563 1689 concludit
1585 1665 1680 1688 coritra

887 1696 994 1724 Celsum
1007 1705 1016 1722 ι
1029 1703 1112 1723 unum
1122 1697 1216 1729 Deum,
1231 1695 1338 1722 Patrem
1347 1700 1374 1722 et
1386 1695 1483 1722 Filium
1502 1704 1511 1721 ι
1524 1695 1680 1722 aChristia-

888 1732 930 1758 nis
941 1731 1003 1762 coli.
1021 1740 1031 1757 ι
1052 1739 1096 1758 res
1113 1731 1380 1766 quidemﬂbypostasi
1402 1731 1480 1761 duas.
1494 1734 1574 1757 unam
1589 1735 1680 1758 autem

888 1766 1030 1793 identitate
1039 1765 1214 1793 voluntatis.)
1226 1765 1285 1792 Non
1297 1765 1537 1801 poteratEcclesite
1552 1773 1682 1801 causaiac-

887 1802 1008 1829 curatius
1021 1801 1127 1829 delendi
1140 1810 1148 1828 :
1166 1809 1228 1828 nam
1243 1808 1276 1828 ex
1288 1800 1392 1828 unitate
1406 1800 1568 1827 substantia;
1587 1801 1613 1826 in
1629 1800 1682 1827 Pa-

888 1841 930 1863 tre
942 1841 970 1863 et
985 1836 1054 1863 Filio
1068 1837 1159 1864 unitas
1175 1836 1221 1863 Dei
1239 1836 1395 1863 necessario
1408 1836 1593 1870 consequitur.
1608 1835 1644 1862 At
1655 1836 1679 1863 si

887 1870 1019 1905 Origenes
1029 1871 1112 1899 citata
1130 1871 1277 1905 Scriptum
1292 1871 1375 1898 verba
1396 1872 1429 1897 ad
1443 1871 1603 1905 obsequium
1619 1870 1681 1898 Filii

887 1911 915 1933 et
929 1914 1091 1934 consensum
1112 1906 1282 1934 voluntatum
1307 1910 1461 1939 θνοεοεεεῑ,
1480 1911 1509 1932 ιιι
1532 1905 1632 1932 factum
1646 1905 1681 1932 ab

886 1941 1007 1974 Arianis,
1023 1942 1159 1976 quomodo
1180 1942 1233 1968 sibi
1253 1948 1336 1968 unum
1358 1941 1442 1968 Deum
1459 1940 1549 1968 colere
1571 1940 1683 1967 videba-

887 1981 931 2004 tur
942 1977 953 2004 ?
966 1975 1061 2004 Nonne
1077 1976 1172 2004 Celsus
1193 1976 1288 2004 eodem
1300 1976 1361 2010 jure
1378 1983 1541 2004 consensum
1555 1975 1682 2002 volunta-

888 2017 945 2039 tum
962 2011 1034 2040 inter
1048 2019 1183 2039 summum
1200 2011 1283 2039 Deum
1297 2009 1324 2038 et
1337 2010 1396 2044 eius
1410 2011 1550 2038 ministros
1563 2009 1680 2044 objecis-

887 2047 950 2084 set?
964 2048 1004 2084 An
1024 2047 1064 2084 ita
1087 2046 1288 2084 absurdusl'uit
1309 2045 1450 2084 Origenes,
1468 2051 1497 2072 ut
1520 2047 1546 2073 in
1560 2046 1598 2084 id.
1610 2045 1681 2080 quod

887 2080 1105 2117 reprehendebat
1117 2083 1144 2109 iu
1163 2081 1291 2115 ethnicis,
1309 2080 1411 2117 revolvi
1425 2089 1462 2117 se
1479 2089 1532 2117 non
1548 2080 1654 2117 videret
1671 2088 1679 2114 ;

887 2115 934 2144 au't
947 2118 983 2145 ita
997 2117 1135 2151 improbus
1156 2121 1186 2144 ut
1203 2116 1410 2144 dissimularet?
1425 2115 1487 2143 Haec
1505 2116 1536 2143 D.
1559 2115 1683 2151 Pruden-

889 2153 942 2180 tius
967 2150 1078 2185 Ilara’n,
1100 2152 1146 2180 lib.
1161 2159 1193 2186 tv,
1205 2151 1244 2178 De
1262 2152 1402 2179 divinitate
1429 2151 1612 2186 ChristiLcap.
1636 2150 1680 2182 l5,

888 2195 962 2223 n_um.
974 2187 1002 2215 6.
1017 2187 1085 2215 Vide
1095 2188 1206 2223 insuper
1217 2187 1332 2223 Bullum,
1342 2185 1448 2223 Defens.
1456 2187 1520 2223 ﬁdei
1526 2185 1643 2223 Nic-uane
1650 2186 1683 2212 de

888 2221 1003 2258 Filiiju‘p
1014 2221 1166 2258 ὁμοουσιῳζ
1177 2227 1243 2250 sect.
1253 2221 1282 2255 2,
1299 2229 1358 2257 cap.
1376 2221 1403 2252 9,
1420 2229 1494 2258 num.
1510 2222 1554 2249 ll.

924 2255 1077 2293 (78)'Atqui
1089 2255 1258 2290 ύπόστασις
1275 2265 1322 2292 pro
1333 2255 1430 2290 ὀὐσίᾳ
1449 2257 1541 2291 priuis
1554 2255 1683 2293 tempori-

889 2292 936 2320 bus
950 2291 1048 2319 solebat
1061 2294 1197 2328 usurpari,
1206 2298 1258 2320 etc.
1272 2301 1280 2318 t
1294 2292 1407 2328 Etiamsi
1415 2292 1449 2319 de
1461 2291 1596 2319 nonnullis
1613 2292 1683 2319 scri—

888 2328 1011 2362 ptoribus
1035 2328 1061 2355 id
1078 2326 1266 2359 concederem,
1281 2328 1315 2355 de
1338 2326 1455 2362 Origene
1478 2332 1552 2354 certe
1567 2328 1679 2353 concedi

889 2370 941 2389 non
957 2367 1068 2397 posset;
1090 2364 1137 2391 sed
1159 2363 1235 2390 multi
1250 2362 1294 2390 alii
1310 2363 1381 2389 hanc
1395 2369 1487 2390 vocem
1509 2363 1534 2389 in
1558 2362 1683 2389 eamdem

889 2399 1049 2433 sententiain
1077 2402 1251 2432 usurparunt.
1280 2398 1334 2433 Ipsi
1358 2397 1490 2428 hicretici,
1511 2405 1573 2424 cum
1599 2404 1681 2433 unam

889 2432 1057 2467 hypostasim
1087 2433 1272 2464 admitterent,
1289 2432 1384 2468 nonne
1405 2433 1557 2468 hypostasis
1573 2432 1683 2468 nomine

889 2475 1031 2502 personam
1058 2468 1270 2503 intelligebant?
1289 2467 1324 2495 Ut
1347 2467 1471 2495 omittam
1497 2467 1682 2503 Alexandrum

887 2501 1099 2530 Alexandrinum
1119 2501 1164 2537 qui
1188 2504 1214 2530 in
1230 2503 1355 2537 epistola,
1371 2504 1404 2530 ad
1430 2503 1612 2530 Alexandrum
1628 2501 1681 2537 (ΖΡ.

893 2537 964 2565 idem
983 2538 1061 2566 docet
1075 2545 1106 2565 ac
1130 2536 1277 2572 Origenes;
1292 2539 1482 2570 Athanasium,
1496 2539 1542 2572 qui
1561 2542 1615 2563 tres
1633 2536 1683 2571 hy-

894 2578 1018 2607 postases
1037 2581 1098 2600 curn
1115 2581 1166 2600 una
1181 2571 1206 2600 in
1220 2574 1390 2600 concordiatu
1412 2571 1538 2605 adduxit;
1551 2571 1682 2598 Basiliunt

887 2615 914 2635 et
926 2608 1084 2643 Gregorium
1102 2607 1356 2643 Nazianzenttm,’et
1379 2608 1445 2635 alios
1460 2609 1539 2635 trium
1555 2607 1682 2642 hyposta-

890 2644 959 2670 sium
980 2642 1137 2671 defensores
1153 2652 1161 2676 ;
1181 2648 1293 2678 uterque
1320 2642 1482 2679 Dionysius,
1500 2643 1636 2679 Romanus
1655 2646 1683 2669 et

889 2679 1100 2712 Alexandrinus,
1119 2685 1166 2706 se:
1178 2677 1308 2713 episcopi,
1322 2677 1436 2712 quorum
1460 2682 1549 2705 exstat
1566 2677 1681 2711 epistola

888 2715 921 2740 ad
932 2713 1042 2740 Paulum
1054 2714 1271 2745 Samosatenum,
1284 2713 1450 2749 hypostasim
1460 2713 1554 2749 eodem
1566 2713 1643 2749 modo
1653 2718 1682 2738 nt

888 2749 1016 2783 Origenes
1030 2749 1198 2784 interpretati
1210 2753 1282 2775 sunt.
1296 2747 1336 2784 .'—;
1354 2747 1415 2784 Haec
1431 2748 1462 2775 D.
1473 2747 1555 2784 Prud.
1571 2747 1680 2784 Mansit.

888 2784 926 2810 De
939 2782 1021 2811 divin.
1036 2782 1167 2821 ChrIcap.
1180 2784 1224 2818 15,
1235 2783 1343 2812 ιιιιιιι.6.
1362 2783 1428 2811 Vide
1444 2788 1472 2811 et
1482 2782 1599 2815 Bullum,
1613 2782 1681 2810 ibid»

889 2826 942 2854 quo
959 2827 1052 2859 supra.
