1915 3079
269 106 321 135 755

903 109 935 138 P.
955 111 1112 141 DAMELIS
1128 113 1244 142 llUETll
1266 131 1267 135 η

1853 118 1902 146 758

267 165 400 201 prodiisse
416 166 562 194 vehemens
579 166 698 202 suspicio
711 172 763 196 est.
779 168 852 197 Talis
868 170 912 199 ille
928 172 1001 200 locus
1014 177 1056 201 est
1071 175 1093 204 Α
1107 173 1247 209 imagith
1263 182 1350 207 suam,
1369 180 1393 202 et
1409 174 1550 203 secundum
1567 176 1678 211 speciem
1693 185 1772 204 suam
1787 174 1904 210 "fqu

267 211 362 238 homil.
378 211 412 238 12
431 212 459 237 in
477 210 572 243 Num,
597 220 670 239 num.
685 213 711 246 l,
729 221 791 250 pag.
807 215 859 242 512
874 224 881 243 :
902 226 912 243 ι
925 217 973 244 Est
991 226 1055 253 ergo

267 257 325 284 lucc
341 257 420 283 trium
436 256 575 297 distinctio
589 265 770 292 personarum
787 260 814 288 iu
831 260 921 296 Patre,
937 267 964 290 et
976 263 1055 298 Filio,

266 310 292 332 et
313 304 415 339 Spiritu
434 309 544 338 sancto,
561 313 621 340 quae
640 307 673 334 ad
690 307 820 341 pluralem
842 315 985 344 puteorum
1007 319 1056 338 nu-

264 357 368 376 merum
389 353 542 377 revocatur.
566 350 620 378 Sed
642 351 737 379 borum
761 357 905 387 puteorum
922 363 992 383 unus
1012 360 1056 384 est

264 394 324 421 fons
340 402 347 421 :
363 402 416 421 una
428 394 500 422 enim
512 395 661 423 substantia
674 403 716 424 est
728 401 755 424 et
769 402 863 426 natura
875 399 1016 428 Trinitatis
1027 408 1051 432 μ

265 445 293 467 et
309 440 352 468 hic
368 440 451 468 etiam
464 447 480 468 e
495 440 542 468 lib.
555 448 586 468 ιιι
605 441 633 468 in
651 441 736 476 Epist.
752 443 786 469 ad
800 442 889 476 Ιίυιηη
903 452 977 472 num.
990 444 1019 472 11
1043 453 1052 473 :

264 498 273 515 ι
289 489 381 516 Fidem
403 493 494 516 autem
516 488 631 516 dicimus
654 489 681 516 in
704 488 824 523 Patrem,
847 495 875 518 et
895 484 1003 524 Filium,
1027 495 1055 520 et

261 534 394 569 Spiritum
413 539 550 567 sanctum,
576 535 720 570 integram,
747 535 866 570 plenam,
891 537 1052 573 perlectam,

261 589 321 616 quise
340 581 407 608 nihil
422 581 570 611 diversum,
586 580 624 607 nil
644 580 812 616 discrepans,
831 587 878 609 aut
893 587 1052 611 extraneum

261 627 288 654 in
302 626 436 654 'l‘rinitate
460 627 617 661 proﬁtetur;
637 635 647 652 ι
671 631 698 654 et
720 626 765 654 ille
786 635 801 654 e
823 627 872 656 lib.
886 635 913 661 ν,
936 637 1012 658 num.
1024 630 1053 663 ‘2,

220 687 222 692 ·
260 682 321 709 pag.
339 674 392 702 555
409 681 416 700 :
434 683 443 699 ‹
458 672 514 702 Nec
535 673 656 708 rapinam
672 672 746 700 ducit
767 673 914 710 (Christus)
940 682 1000 704 esse
1023 683 1054 704 se

260 720 389 755 a'qualem
405 720 474 754 Deo;
497 720 548 748 hoc
563 724 623 753 est,
640 727 693 747 non
713 720 764 748 sibi
786 721 875 756 magni
890 721 991 757 aliquid
1005 721 1054 750 de-

260 771 344 800 putat,
370 766 440 800 quod
468 765 526 800 ipse
548 765 659 800 quidem
684 765 798 800 aequalis
824 767 892 800 Deo,
917 772 945 795 et
969 775 1052 796 unum

260 819 320 839 cuni
340 811 420 840 Patre
439 817 520 844 est”
539 816 566 839 et
583 812 635 839 iste
651 819 667 840 e
689 812 740 840 lib.
759 820 809 845 vu,
832 821 908 840 num.
925 814 969 847 15,
988 821 1050 850 pag.

259 857 312 885 6l2
328 868 334 886 :
349 867 359 884 ι
372 857 402 886 Si
414 865 480 893 ergo
494 857 580 886 Filius
598 859 668 886 Deus
685 866 768 894 super
781 859 872 887 omnia
894 859 1003 893 dicitur,
1023 865 1051 889 et

258 904 376 940 Spiritus
389 910 499 932 sanctus
513 904 655 933 continere
677 906 769 934 omnia
786 911 963 941 memoratur,
980 907 1051 936 Deus

258 955 346 978 autem
361 948 443 978 Pater
457 956 499 978 est
515 958 547 978 ex
562 958 616 985 quo
629 951 730 984 omnia,
746 952 887 980 evidenter
899 953 1051 981 ostenditur

257 1002 381 1024 naturam
397 996 540 1024 Trinitatis
559 1001 586 1024 et
601 997 778 1025 substantiam
795 1006 875 1025 unam
897 1006 968 1032 esse,
991 1007 1050 1034 qua

257 1047 296 1070 est
314 1050 395 1078 super
409 1043 518 1076 omnia;
536 1052 545 1069 ι
560 1047 587 1070 et
605 1043 648 1070 hic
664 1051 774 1079 quoque
794 1052 810 1072 e
827 1044 874 1072 lib.
896 1053 956 1078 vnt,
972 1053 1047 1073 num.

257 1089 283 1122 5,
301 1097 362 1124 pag.
377 1088 449 1117 626:
469 1097 479 1114 ι
492 1089 561 1116 Sunt
578 1089 660 1116 etiam
675 1090 795 1117 nonnulli
818 1090 863 1125 qui
887 1091 1049 1119 annuntiant

257 1135 365 1170 quidem
380 1139 408 1162 et
423 1135 570 1170 praedicant
588 1135 620 1162 de
634 1135 731 1168 Patre,
749 1141 776 1163 et
792 1135 878 1170 Filio,
901 1141 929 1164 et
944 1137 1047 1172 Spiritu

256 1186 360 1214 sancto,
379 1180 426 1209 sed
443 1188 496 1208 non
515 1181 638 1213 sincere,
657 1189 710 1208 non
725 1182 847 1217 integre;
870 1187 899 1210 ut
914 1187 978 1211 sunt
992 1191 1047 1211 om-

256 1234 305 1254 nes
329 1226 468 1260 haeretici,
495 1227 540 1262 qui
560 1227 669 1255 Patrem
696 1228 817 1262 quidem,
843 1233 870 1256 et
887 1229 994 1263 Filium,
1020 1234 1048 1258 et

257 1272 389 1306 Spiritum
411 1276 534 1300 sanctum
553 1274 733 1306 annuntiant,
753 1274 799 1302 sed
819 1282 870 1302 non
892 1276 975 1308 bene,
993 1283 1044 1303 non

256 1318 370 1345 ﬁdeliter
392 1318 567 1346 annuntiant.
589 1319 643 1346 Aut
668 1319 741 1347 enim
762 1320 833 1348 male
855 1326 982 1356 separant
1000 1321 1046 1348 Fi-

255 1364 319 1390 lium
338 1372 353 1391 a
369 1363 466 1398 Patre,
484 1370 514 1392 nt
529 1365 642 1393 alterius
663 1369 767 1393 natura:
783 1365 909 1398 Patrem,
931 1367 1044 1394 alterius

255 1409 351 1437 Filium
369 1410 473 1443 dicant;
489 1416 537 1438 aut
553 1411 623 1438 male
639 1411 819 1444 confundunt,
841 1418 869 1440 ut
887 1413 928 1439 vel
943 1420 975 1440 ex
995 1413 1044 1440 tri-

255 1458 306 1480 bus
322 1455 503 1489 compositum
520 1455 621 1488 Deum,
642 1456 685 1483 vel
700 1456 778 1484 trinae
795 1459 980 1486 tantummodo
996 1466 1043 1493 ap-

254 1499 406 1533 pellationis
420 1500 447 1527 in
460 1508 493 1528 eo
510 1508 570 1528 esse
586 1501 749 1529 vocabulum
764 1507 871 1537 putent.
888 1503 937 1537 Qui
950 1509 1040 1532 autem

255 1545 322 1572 bene
335 1547 476 1574 annuntiat
489 1547 570 1580 bona,
592 1549 774 1584 proprietates
789 1548 896 1584 quidem
912 1549 995 1583 Patri,
1014 1555 1041 1577 et

254 1588 332 1623 Filio,
353 1595 381 1617 et
403 1590 518 1625 Spiritui
540 1596 636 1620 sancto
659 1600 723 1620 suas
740 1592 839 1629 cuique
860 1593 953 1627 dabit;
974 1594 1041 1622 nihil

254 1640 343 1662 autem
365 1636 531 1664 diversitatis
551 1645 612 1666 esse
630 1638 807 1667 conﬁtebitur
829 1639 855 1666 in
877 1645 971 1667 natura
997 1640 1041 1668 vel

253 1680 421 1714 substantia;
447 1690 456 1708 ι
479 1689 583 1710 necnon
609 1687 635 1709 et
659 1683 704 1710 ille
719 1690 734 1711 e
747 1683 796 1712 lib.
812 1690 819 1710 ι
838 1683 908 1718 Περὶ
923 1684 1036 1719 ἀρχῶν,

253 1735 310 1762 cap.
337 1727 374 1759 ‘2,
403 1735 476 1755 num.
502 1728 518 1755 5
535 1737 567 1755 ιι
592 1728 726 1756 Secunda:
750 1736 815 1756 vero
846 1729 1041 1765 comparationi

253 1773 341 1808 imago
352 1772 412 1800 Filii
426 1773 485 1806 Dei,
501 1774 534 1801 de
547 1781 599 1809 qua
618 1782 691 1802 nunc
705 1782 795 1802 sermo
813 1779 875 1808 est,,
885 1775 1038 1810 cotnparari

253 1824 341 1854 potest
364 1819 446 1846 etiam
470 1820 617 1847 secundum
645 1821 696 1848 hoc
724 1821 796 1856 quod
823 1821 966 1849 invisibilis
991 1821 1039 1849 Dei

253 1866 343 1900 imago
366 1865 510 1893 invisibilis
535 1870 595 1899 est,
629 1867 699 1894 sicut
722 1867 870 1895 secundum
894 1867 1037 1895 historiam

252 1911 368 1939 dicimus
394 1912 601 1940 similitudinem
617 1913 682 1940 Adae
707 1913 790 1941 illium
816 1913 873 1948 ejus
898 1913 974 1941 Seth.
997 1913 1037 1941 lta

252 1957 324 1985 enim
340 1959 471 1993 scriptum
489 1965 532 1987 est
548 1969 555 1987 :
573 1959 606 1987 Et
621 1960 708 1995 genuit
720 1959 805 1986 Adam
817 1958 879 1987 Selh
893 1960 1036 1987 secundum

293 2017 315 2032 "
328 2017 395 2045 Gen.
413 2025 438 2046 ν.
453 2018 480 2045 5.

252 2063 325 2091 addit
339 2065 473 2099 propriam
496 2069 523 2093 et
543 2065 748 2097 subsistentem,
769 2071 801 2091 ac
816 2064 873 2091 suis
888 2063 1036 2099 proprieta-

252 2100 324 2126 tibus
347 2100 485 2127 dellnitam
512 2104 539 2127 et
563 2099 808 2133 circumscriptam.
840 2099 977 2133 Denique,
1006 2103 1036 2126 ut

251 2142 331 2168 supra
345 2134 491 2170 haereticos
514 2135 665 2170 castigabat
685 2134 758 2169 quod
771 2133 908 2161 Christum
927 2134 1036 2170 genuine

252 2173 331 2196 tenus
343 2169 440 2197 Filium
456 2168 648 2203 dicerent,‘hic
663 2168 761 2198 Filium
779 2177 843 2196 vere
856 2176 915 2196 esse
926 2168 1033 2202 Filium,

252 2203 360 2231 Patrem
381 2213 446 2233 vere
461 2205 568 2233 Patrem
590 2205 729 2232 contendit
745 2212 752 2230 :
770 2205 796 2230 in
813 2211 866 2238 quo
880 2211 932 2230 non
948 2203 1033 2231 solum

251 2238 398 2275 Noctianos
421 2240 527 2271 refellit,
547 2241 592 2275 qui
611 2241 670 2267 hinc
692 2239 726 2266 ad
752 2239 848 2275 inanes
865 2239 1036 2275 metaphoras

253 2273 426 2307 redigehant;
440 2277 487 2302 sed
502 2273 582 2302 etiain
597 2275 724 2305 Ariauos,
738 2274 784 2308 qui
800 2273 828 2300 in
842 2274 937 2300 haeresi
956 2274 1035 2307 plane

252 2310 393 2345 conti-aria
404 2311 498 2337 eadem
508 2315 600 2345 postea
613 2309 707 2345 nugatj
715 2313 787 2345 sunt.
795 2308 957 2345 TDoumus
970 2309 1036 2345 Prn-

252 2342 360 2405 geutiui
371 2344 477 2405 MAlisAN,
491 2342 528 2372 De
541 2342 677 2372 diuinitaie
688 2343 786 2371 Christi
801 2343 848 2371 lib.
861 2351 898 2377 tv,
913 2351 974 2378 cap.
989 2344 1034 2377 15,

272 2385 326 2405 υΙΙΙ-
379 2385 406 2405 et
441 2399 449 2405 .

252 2384 326 2405 num.
344 2380 360 2405 4
379 2385 406 2406 et
422 2380 449 2406 5.

293 2412 350 2449 (8|)
380 2413 480 2441 Filium
510 2414 554 2449 qui
587 2414 712 2448 splendor
744 2413 857 2448 gloriae,
890 2417 914 2440 et
947 2413 1035 2448 figura

251 2449 408 2476 substantia:
438 2454 554 2483 paterna:
578 2449 745 2484 appellatur,
778 2449 805 2475 id
830 2456 885 2475 esse
914 2450 1034 2484 censebat

253 2485 351 2519 ratione
362 2485 459 2517 Patris,
474 2485 542 2519 quod
553 2483 697 2511 est'radius
710 2488 826 2516 respectu
837 2484 911 2511 solis.
922 2483 978 2511 Hoc
988 2492 1034 2511 so-

251 2517 285 2554 lis
298 2519 449 2554 solarisqpe
463 2517 530 2546 radii
551 2520 677 2554 exemplo
694 2519 760 2546 nihil
786 2520 951 2547 frequentius
963 2519 1033 2553 apud

251 2550 538 2593 Ot-igenem'aliosrpte
558 2550 651 2582 l’atre's
673 2555 711 2593 ad
730 2553 942 2593 signiﬁcandi-tn
955 2550 1034 2580 utier-

252 2597 312 2614 nam
327 2589 406 2616 Verbi
421 2596 622 2624 generationem
640 2598 647 2616 :
665 2589 712 2624 sed
731 2593 864 2622 quatenus
886 2589 977 2624 radius
993 2593 1034 2616 est

251 2625 338 2658 portio
350 2623 471 2660 quaedam
485 2630 511 2652 et
522 2624 661 2660 ellluvium
672 2623 760 2660 solari
782 2623 952 2655 substantize,
969 2631 1034 2660 nus-

251 2666 332 2692 quam
350 2658 458 2686 censuit
475 2661 607 2694 Origenes
622 2658 720 2686 Filium
736 2659 762 2685 id
783 2666 843 2694 esse
860 2660 964 2694 ratione
980 2658 1033 2684 Pa-

252 2693 397 2733 ti:is,_quo_d
408 2700 450 2722 est
457 2692 560 2733 inditis
569 2699 694 2733 respectu
707 2693 782 2733 solis.
794 2702 802 2718 ι
813 2692 1033 2733 Nunquidnam,t

253 2727 402 2764 inquitlih.
418 2737 426 2756 ι
454 2730 523 2763 Περὶ
544 2727 660 2764 ἀρχῶν,
675 2736 736 2763 cap.
749 2729 775 2764 l7,
803 2735 879 2764 num.
893 2728 920 2764 i,
948 2737 957 2753 I
970 2728 1033 2764 quia

253 2762 358 2798 (Filius)
382 2764 473 2790 lumen
492 2762 673 2795 nominatur,
696 2762 784 2790 simile
809 2762 946 2798 potabitur
968 2763 1034 2790 solis

254 2797 331 2830 hujus
352 2798 462 2825 lumini?
486 2799 585 2826 Lumen
603 2803 644 2825 est
661 2805 792 2831 verum,»
818 2797 856 2824 ait
873 2797 919 2823 lib.
938 2798 1032 2824 eodem

253 2841 311 2865 (up.
324 2832 357 2865 2,
378 2841 451 2859 nttm.
465 2834 498 2865 6,
518 2842 527 2858 ι
539 2833 609 2866 quod
629 2833 761 2860 illuminat
781 2840 881 2859 onmem
900 2832 1031 2860 hominem

1107 218 1196 254 imago
1213 219 1295 246 etiam
1319 225 1422 248 natum
1446 228 1478 249 ac
1499 221 1658 250 substantiae
1682 222 1776 250 Patris
1796 229 1824 250 et
1843 223 1901 251 Filii

1106 265 1228 292 continet
1243 265 1389 299 unitatem;
1406 276 1416 293 ι
1433 271 1459 294 et
1473 267 1517 295 hic
1530 275 1546 295 e
1562 268 1651 302 capite
1667 269 1809 303 sequenti,
1826 277 1900 296 num.

1108 310 1135 342 4,
1151 318 1230 346 quem
1247 311 1344 339 recitat
1359 311 1514 347 Pamphilus
1537 313 1563 341 in
1583 313 1712 349 Apologia
1723 322 1732 340 :
1754 323 1763 340 ι
1781 315 1862 348 Quod
1879 316 1901 342 si

1105 359 1187 387 esset,
1206 363 1342 390 nunquam
1365 357 1458 391 utique
1474 357 1503 385 in
1516 358 1619 386 unitate
1629 358 1787 392 Trinitatis,
1804 360 1831 387 id
1849 365 1900 393 est,

1107 399 1152 427 Dei
1167 399 1255 428 Patris
1268 400 1485 429 inconvertibilis
1497 423 1505 436 ,
1520 407 1548 430 et
1560 402 1622 430 Filii
1637 402 1696 438 ejus
1709 424 1717 437 ,
1732 405 1819 434 etiarn
1843 405 1900 438 ipse

1108 444 1227 481 Spiritus
1238 452 1348 474 sanctus
1361 447 1506 476 haberetur
1521 455 1529 475 :
1542 457 1551 475 ι
1567 455 1594 476 et
1604 448 1656 477 iste
1667 450 1752 477 etiam
1768 457 1784 477 e
1796 458 1860 486 cap.
1872 451 1898 482 ὅ,

1105 500 1179 520 num.
1189 493 1207 520 5
1219 501 1226 520 :
1237 502 1246 519 ι
1258 492 1314 520 Non
1330 493 1401 521 enim
1416 493 1557 522 Trinitatis
1569 501 1664 522 natura
1676 495 1782 523 habere
1796 496 1900 532 aliquid

1105 538 1311 571 compositionis
1344 543 1453 567 ostensa
1487 545 1545 572 est;
1576 551 1585 567 |
1609 546 1637 568 et
1661 542 1706 569 hic
1736 550 1753 569 ε
1785 542 1834 570 lib.
1861 551 1898 574 ιιι,

1105 592 1163 619 cap.
1176 585 1202 617 6,
1216 593 1290 614 num.
1306 585 1332 618 Ι,
1349 594 1409 621 pag.
1425 586 1493 614 l52:
1511 597 1520 613 ι
1533 587 1561 615 ld
1575 588 1646 622 quod
1659 596 1742 615 unum
1757 595 1799 616 est
1815 589 1899 616 Filius

1104 637 1165 656 cum
1191 629 1282 663 Patre,
1309 631 1342 658 ad
1369 636 1473 660 natura;
1497 634 1690 669 proprietatem
1719 634 1898 662 referendum

1105 674 1165 703 ﬁdei
1182 676 1283 704 veritas
1297 677 1393 710 docet;
1413 687 1423 704 ι
1440 683 1467 705 et
1483 678 1534 707 iste
1548 684 1679 713 praeterea
1700 687 1717 708 e
1741 680 1791 707 lib.
1807 688 1848 713 tv,
1874 681 1898 708 in

1103 720 1318 755 Anncephalteou'
1328 730 1337 748 :
1354 731 1364 748 ‹
1378 722 1495 757 Veritas,
1509 724 1574 756 vita,
1588 724 1729 759 sapientia,
1747 725 1822 752 idem
1838 731 1900 752 sunt

1103 774 1135 794 ac
1146 766 1270 796 Christus
1287 777 1293 795 :
1310 768 1436 797 Christus
1450 769 1519 798 idem
1535 777 1566 798 ac
1580 769 1671 798 Pater.
1686 769 1754 803 Quae
1771 772 1898 805 quamvis

1105 810 1244 840 intellectu
1266 813 1349 842 multa
1374 821 1436 842 esse
1458 815 1600 848 dicantur;
1618 823 1647 843 re
1671 820 1762 842 tamen
1786 822 1817 843 et
1835 817 1898 843 sub—

1068 851 1089 880 Β
1103 859 1202 886 stantia
1216 867 1298 886 unum
1313 865 1387 892 sunt,
1403 861 1428 888 in
1442 861 1540 896 quibus
1555 861 1693 897 plenitudo
1705 866 1747 889 est
1767 862 1898 888 divinita-

1102 903 1160 931 tis:
1180 913 1189 931 ι
1210 905 1251 932 cui
1275 909 1303 932 et
1328 905 1372 933 hic
1394 906 1512 934 indidem
1540 906 1727 941 adjungendus
1752 908 1895 934 normis:

1103 958 1113 975 ι
1126 947 1184 976 Non
1199 950 1272 977 enim
1286 950 1414 983 dicimus,
1431 951 1500 980 sicut
1522 951 1643 980 hzeretici
1661 957 1771 988 putant,
1791 959 1896 988 partem

1100 994 1218 1030 aliquam
1237 996 1395 1024 substantia
1414 998 1460 1025 Dei
1484 997 1512 1025 in
1528 997 1624 1025 Filium
1647 1006 1770 1029 versam,
1794 1005 1846 1026 aut
1865 1007 1896 1026 ex

1100 1041 1181 1069 nullis
1193 1041 1403 1070 subsistentibus
1417 1042 1515 1070 Filium
1530 1048 1702 1079 procreatum
1721 1052 1736 1070 a
1759 1043 1854 1076 Patre,
1872 1044 1896 1071 id

1099 1091 1150 1120 est,
1174 1092 1252 1114 extra
1274 1088 1454 1116 substantiam
1475 1096 1562 1123 suam,
1580 1094 1608 1116 ut
1628 1089 1710 1116 luerit
1732 1089 1894 1122 aliquando,

1098 1133 1209 1167 quando
1224 1141 1276 1160 non
1299 1133 1391 1161 fuerit.
1404 1143 1413 1160 ι
1437 1133 1508 1161 Nihil
1523 1139 1596 1162 esset
1618 1135 1651 1161 ad
1667 1133 1820 1162 Trinitatis
1840 1135 1894 1161 lau-

1097 1178 1158 1205 dem
1175 1179 1285 1211 clarius,
1306 1179 1328 1206 si
1352 1187 1417 1213 non,
1444 1185 1474 1207 ut
1496 1180 1570 1214 dixi,
1589 1186 1716 1215 suspecta
1741 1188 1775 1208 ea
1794 1181 1895 1208 faceret

1096 1222 1167 1251 lluxa
1187 1224 1277 1251 Ruﬁni
1303 1225 1459 1260 interpretis
1485 1225 1562 1254 ﬁdes.
1587 1225 1670 1254 Utilia
1696 1234 1811 1261 quoque
1838 1228 1891 1254 hac

1096 1278 1157 1298 esse
1167 1271 1276 1307 Origeni
1290 1272 1427 1306 putaverit
1444 1272 1553 1308 aliquis,
1566 1280 1626 1307 quae
1639 1273 1768 1306 leguntur
1783 1278 1852 1301 tom.
1875 1281 1892 1301 ιι

1095 1317 1122 1343 in
1136 1316 1229 1349 lenm,
1248 1325 1321 1344 nutn.
1337 1317 1353 1342 6
1367 1317 1416 1344 εει
1433 1317 1462 1344 δὲ
1486 1318 1558 1344 κατὰ
1576 1317 1623 1344 τὸν
1643 1317 1759 1345 Ἡσαΐαν
1778 1319 1864 1353 φησὶν
1880 1319 1893 1345 ό

1094 1363 1196 1398 Κύριος
1210 1363 1288 1398 ἡμῶν
1312 1363 1364 1390 ὑπὸ
1387 1363 1434 1390 τοῦ
1456 1363 1563 1400 Πατρὸς
1583 1364 1753 1391 ἀπεστάλθαι
1778 1366 1828 1391 καὶ
1846 1364 1892 1392 «ιηῦ

1093 1408 1251 1444 Πνεύματος
1271 1409 1363 1442 αὑτοῦ,
1383 1409 1442 1436 ἐστὶ
1462 1410 1509 1437 καὶ
1527 1409 1643 1437 ἐνταῦθα
1664 1410 1730 1445 περὶ
1753 1410 1801 1436 τοῦ
1825 1410 1891 1437 ἀπο-

1094 1455 1247 1487 στείλαντας
1268 1455 1314 1482 τὸν
1339 1455 1456 1491 Χριστὸν
1475 1456 1632 1491 Πνῖύματος
1652 1456 1889 1492 ἀπολογήσασθαι,

1092 1500 1141 1535 οὐχ
1157 1500 1194 1532 ὡς
1210 1500 1290 1534 φύσει
1312 1501 1496 1537 διαφέροντος,
1523 1501 1589 1528 ἀλλὰ
1606 1501 1651 1528 διὰ
1670 1501 1721 1537 τὴν
1737 1503 1890 1539 γενομένη-ι

1091 1547 1246 1582 οἰκονομίαν
1266 1547 1315 1583 τῆς
1335 1548 1567 1584 ἑνανθρωπήσεως
1586 1548 1633 1575 τοῦ
1647 1548 1715 1575 Υἱοῦ
1739 1548 1789 1576 τοῦ
1809 1549 1888 1582 8507a,

1091 1592 1288 1625 ἐλαττωῡέντος
1302 1594 1367 1630 παρ’
1377 1594 1444 1620 αὐτὸ
1459 1594 1504 1621 τοῦ
1517 1594 1652 1629 Σωτῆρος.
1671 1595 1704 1621 At
1720 1602 1785 1622 cum
1801 1595 1888 1629 Spiri-

1091 1642 1148 1665 tum
1170 1643 1294 1665 sanctum
1321 1640 1359 1666 ait
1382 1647 1434 1666 non
1458 1648 1518 1667 esse
1538 1641 1618 1676 φύσει
1636 1641 1815 1677 διαφέροντα,
1839 1643 1887 1669 ιιιὶ-

1091 1683 1164 1711 ninte
1186 1684 1322 1719 signiﬁcat
1341 1691 1437 1713 natura
1458 1694 1510 1713 non
1535 1687 1658 1722 differre,
1680 1689 1757 1722 quod
1783 1690 1887 1724 putavi

1091 1727 1244 1763 Perionius,
1258 1730 1306 1758 sed
1324 1737 1422 1759 natura
1438 1739 1489 1759 non
1503 1738 1640 1766 prmium.

1129 1775 1159 1804 V.
1177 1775 1296 1804 Validior
1315 1777 1360 1805 ille
1381 1777 1456 1806 locus
1471 1786 1504 1805 ex
1526 1779 1620 1807 eodem
1641 1784 1715 1808 tomo
1733 1781 1763 1808 in
1782 1781 1884 1815 10am,

1091 1828 1166 1848 num.
1184 1821 1218 1854 2,
1237 1821 1283 1849 ubi
1306 1823 1436 1850 adversus
1453 1825 1583 1858 quosdam
1608 1825 1765 1857 invehitur,
1786 1827 1884 1862 ἀρνου-

1092 1867 1188 1902 μένους
1200 1867 1249 1903 τὴν
1263 1868 1377 1903 Θεότητα
1395 1869 1443 1895 τοῦ
1458 1870 1534 1902 Υῑοῦ,
1550 1870 1672 1903 τιθέντας
1687 1872 1716 1898 δὲ
1737 1873 1825 1899 αὐτοῦ
1838 1874 1885 1909 τὴν

1091 1913 1220 1950 ἰδιότητα,
1235 1916 1281 1942 καὶ
1291 1916 1340 1951 τὴν
1355 1916 1448 1942 οὐσίαν
1459 1917 1530 1943 κατὰ
1544 1918 1717 1954 περιγραφὴν
1730 1919 1885 1954 τυγχάνου-

1091 1969 1139 1989 σαν
1156 1961 1251 1997 ἑτέραν
1273 1961 1320 1989 τοῦ
1342 1963 1458 1999 Πατρός.
1484 1963 1539 1999 (8|)
1559 1963 1655 1990 Filium
1679 1965 1726 1999 qui
1753 1966 1884 2000 splendor

1089 2065 1232 2092 uenientem
1246 2064 1273 2091 in
1289 2064 1359 2091 hunc
1373 2064 1501 2091 mundum
1517 2064 1609 2100 (locu.
1624 2073 1633 2091 ι
1643 2084 1650 2097 ,
1669 2064 1696 2100 9)
1708 2084 1729 2100 ,γ
1740 2065 1789 2092 sed
1813 2066 1882 2093 nihil

1089 2100 1173 2127 habet
1185 2106 1328 2126 commune
1345 2100 1378 2126 ad
1392 2099 1457 2127 solis
1475 2099 1554 2134 hujus
1568 2099 1668 2127 lumen.
1681 2108 1691 2125 ι
1709 2099 1879 2128 Germanam

1088 2134 1214 2170 Origenis
1229 2134 1280 2170 hac
1293 2134 1326 2161 de
1341 2142 1370 2161 re
1384 2135 1539 2169 opinionem
1555 2134 1661 2161 discere
1680 2135 1745 2170 liget
1759 2143 1793 2162 ex
1812 2140 1877 2162 tom.

1087 2168 1164 2196 xxxii
1188 2170 1217 2196 in
1241 2168 1341 2202 10am,
1366 2168 1440 2197 num.
1471 2170 1515 2199 18,
1537 2170 1581 2196 ubi
1610 2170 1649 2196 ait
1677 2169 1798 2197 (Filium
1819 2178 1877 2198 esse

1088 2204 1261 2239 splendorem
1288 2205 1371 2231 totius
1394 2204 1486 2238 gloriae
1511 2204 1572 2237 Dei,
1598 2209 1626 2231 et
1654 2204 1743 2232 solum
1768 2213 1876 2232 omnem

1087 2239 1257 2274 splendorem
1275 2239 1358 2266 totius
1380 2240 1473 2274 gloriae
1492 2239 1539 2267 Dei
1561 2246 1659 2274 capere
1675 2247 1766 2274 posi-e.
1778 2249 1788 2265 ι
1812 2240 1876 2272 Quae

1086 2274 1169 2301 verba
1189 2273 1335 2301 manifeste
1357 2273 1478 2302 indicant
1498 2275 1565 2301 nihil
1590 2273 1651 2301 esse
1674 2273 1699 2300 in
1725 2275 1874 2309 exemplari

1085 2310 1157 2344 quod
1179 2316 1231 2336 non
1253 2310 1288 2336 sit
1310 2309 1336 2336 in
1359 2309 1494 2344 imagine,
1512 2310 1633 2343 adeoque
1645 2309 1745 2336 Filium
1765 2318 1780 2336 a
1796 2310 1874 2337 Patre

1085 2352 1140 2371 non
1160 2344 1244 2372 dividi
1259 2349 1305 2371 aut
1321 2345 1440 2379 separari
1457 2349 1487 2372 ut
1503 2349 1606 2379 partem
1623 2352 1636 2371 a
1653 2349 1710 2371 toto
1723 2364 1732 2377 ,
1750 2345 1800 2372 sed
1816 2352 1873 2372 esse

1085 2379 1166 2406 unius
1188 2386 1299 2406 numero
1323 2383 1350 2406 et
1373 2379 1494 2413 ejusdem
1518 2387 1551 2407 ac
1572 2379 1679 2406 Patrem
1700 2379 1871 2406 substantiae.

1086 2413 1153 2441 Vide
1167 2414 1235 2441 infra
1255 2419 1312 2441 not.
1329 2415 1356 2441 in
1375 2422 1449 2441 num.
1463 2415 1513 2446 εις
1539 2414 1599 2442 vide
1612 2419 1639 2441 et
1653 2413 1763 2441 Bullum
1778 2415 1806 2441 in
1826 2415 1872 2441 Dc-

1086 2449 1152 2482 fem.
1166 2447 1369 2484 ﬁdeirNicwuaz,
1393 2449 1427 2477 de
1441 2450 1503 2478 Filii
1513 2449 1737 2477 subordinatione
1748 2469 1755 2482 ,
1770 2457 1830 2484 cap.
1846 2449 1870 2481 4,

1086 2483 1205 2516 "qu9,
1215 2483 1249 2510 10
1263 2489 1291 2511 et
1304 2491 1393 2519 seqq..
1408 2484 1452 2512 ubi
1466 2486 1606 2513 evidenter
1620 2484 1740 2519 ostendit
1753 2485 1871 2511 numeri-

1085 2526 1144 2546 cam
1169 2519 1298 2546 unitatem
1322 2518 1478 2547 Substantiaa
1500 2519 1588 2547 Patris
1615 2524 1642 2546 et
1664 2518 1726 2545 Filii
1757 2525 1870 2546 eatenus

1085 2554 1227 2588 agnovisse
1240 2553 1401 2589 Origenem,
1424 2560 1557 2590 quatenus
1582 2554 1666 2589 ipsam
1687 2553 1804 2590 Patrum
1822 2562 1869 2581 an-

1079 2589 1232 2623 tiquiorum
1265 2588 1442 2624 quisquam;
1459 2588 1598 2624 adeoque’
1616 2590 1674 2623 ipse
1701 2588 1870 2624 Athanasius

1084 2624 1214 2657 agnovit:
1230 2624 1281 2651 hoc
1300 2623 1357 2656 est,
1379 2625 1527 2652 credidisse
1541 2624 1687 2659 Origenem
1710 2623 1822 2651 Patrem
1843 2630 1869 2650 et

1084 2659 1182 2686 Filium
1196 2664 1223 2685 el.
1236 2659 1365 2694 Spiritum
1379 2664 1502 2687 sanctum
1513 2680 1521 2693 ,
1542 2668 1603 2687 cum
1625 2666 1720 2686 revera
1738 2663 1796 2686 tres
1815 2659 1867 2685 sint

1084 2701 1216 2729 personae,
1234 2702 1401 2729 nequaquam
1418 2700 1507 2722 tatnen
1521 2701 1551 2721 ut
1567 2702 1622 2721 tres
1644 2694 1770 2721 homines
1792 2701 1867 2720 seor-

1083 2737 1144 2757 sum
1163 2734 1195 2768 et_
1204 2729 1351 2763 separatim
1370 2731 1522 2768 ex_sistere;
1540 2729 1587 2758 sed
1607 2730 1702 2768 intime
1723 2729 1776 2768 sibi
1798 2730 1883 2768 ἱιινιι⁵

1083 2771 1142 2792 cem
1155 2764 1293 2791 cohaerere
1310 2770 1337 2792 et
1348 2766 1507 2799 coniunctos
1520 2772 1596 2798 esse;
1611 2765 1734 2798 adeoque
1747 2765 1862 2791 alterum

1084 2799 1110 2825 iu
1128 2799 1212 2834 altero
1229 2800 1378 2832 exsistere,
1399 2804 1496 2834 atque,
1519 2805 1547 2826 ut
1559 2800 1594 2827 ita
1610 2799 1717 2834 loquar,
1735 2799 1864 2825 iunneare

1085 2833 1199 2861 invicem
1210 2838 1237 2861 et
1251 2839 1392 2869 penetrare
1407 2833 1454 2869 per
1470 2834 1632 2862 incll'abilem
1649 2833 1795 2868 quamdam
1817 2840 1864 2860 1::-
