1904 3077
261 110 312 138 735
894 112 926 141 Ρ.
945 113 1103 143 DANIELIS
1119 115 1234 144 llUETll
1257 132 1261 146 ι
1837 121 1883 150 756

258 169 391 204 prodiisse
406 169 553 196 vehemens
570 169 689 204 suspicio
702 175 754 198 est.
770 171 843 200 Talis
859 173 904 202 ille
919 174 992 202 locus
1005 179 1047 203 est
1061 177 1084 207 Α
1098 176 1238 211 imaginem
1254 184 1340 209 suam,
1360 183 1384 204 et
1399 177 1541 205 secundum
1559 178 1669 213 speciem
1683 187 1762 206 suam
1776 176 1885 213 “fth

257 215 352 242 bomil.
369 214 403 242 12
422 215 450 240 in
468 213 563 246 Num,
588 223 660 242 num.
676 216 702 249 i,
720 224 782 252 pag.
798 218 850 245 512
865 227 872 246 :
892 229 903 246 ι
916 219 964 247 Est
982 228 1046 255 ergo
1098 221 1187 256 imago
1204 221 1286 249 etiam
1310 227 1413 250 naturae
1437 230 1470 251 ac
1490 223 1650 252 substantia:
1673 225 1765 252 Patris
1785 231 1812 253 et
1828 225 1883 254 Filii

258 260 316 287 haec
332 260 411 286 trium
427 259 567 300 distinctio
581 268 760 296 personarum
778 263 805 291 in
822 263 912 298 Patre,
927 270 955 293 et
967 266 1046 301 Filio,
1097 267 1219 294 continet
1234 267 1380 301 unitatem;
1397 278 1407 295 ι
1424 274 1450 296 et
1464 269 1508 297 hic
1521 277 1537 297 e
1554 271 1642 304 capite
1658 271 1798 305 sequenti,
1813 280 1882 299 num.

257 313 283 335 et
304 307 407 342 Spiritu
425 312 535 341 sancto,
552 316 612 344 quae
631 309 664 337 ad
682 309 812 344 pluralem
833 317 976 347 puteorum
998 322 1047 341 nu-
1099 313 1126 345 4,
1142 321 1221 348 quem
1238 314 1334 342 recitat
1350 314 1505 350 Pamphilus
1528 315 1555 343 in
1574 316 1723 351 Apologia:
1743 325 1752 342 ι
1769 317 1846 350 Quod
1862 319 1884 345 si

255 361 359 380 nierum
380 357 533 380 revocatur.
557 353 611 381 Sed
633 354 728 382 borum
752 361 896 390 puteorum
913 365 982 386 unus
1003 363 1046 386 est
1096 362 1178 389 esset,
1197 366 1333 392 nunquam
1356 359 1449 394 utique
1466 359 1494 387 in
1508 361 1610 388 unitate
1620 361 1776 394 Trinitatis,
1792 362 1818 390 id
1834 368 1882 397 Est,

255 397 315 424 lotis
331 405 339 424 :
353 405 408 424 una
419 398 491 425 enim
503 398 651 426 substantia
665 406 706 427 est
719 405 746 427 et
760 405 854 429 natura
866 401 1006 430 Trinitatis
1018 411 1042 435 ς»
1098 402 1143 430 Dei
1157 402 1245 430 Patris
1259 403 1477 432 inconvertibilis
1489 425 1496 438 ,
1511 410 1539 433 et
1551 405 1613 433 Filii
1628 405 1686 440 ejus
1699 427 1708 439 ,
1723 407 1808 437 etiam
1829 407 1882 441 ipse

256 448 284 470 et
300 443 343 471 hic
359 443 442 471 etiam
455 450 471 471 e
486 443 533 471 lib.
546 451 577 471 ιιι
597 444 624 471 in
642 445 727 479 Epist.
743 446 778 472 ad
790 445 880 479 liam.,
893 455 968 474 num.
981 447 1010 475 ll
1034 456 1042 476 :
1099 447 1218 484 Spiritus
1229 455 1339 477 sanctus
1352 450 1497 478 haberetur
1512 458 1520 478 :
1533 460 1542 478 ι
1558 457 1586 479 et
1596 451 1647 480 iste
1658 453 1742 480 etiam
1757 460 1773 480 e
1784 461 1845 488 cap.
1856 454 1880 485 5,

256 491 372 519 «Fidem
394 496 486 519 autem
507 491 622 519 dicimus
645 492 671 520 in
695 491 815 526 Patrem,
838 498 865 521 et
886 487 994 526 Filium,
1018 498 1046 522 et
1096 495 1306 523 num.3:tNon
1321 496 1392 524 enim
1407 496 1549 525 Trinitatis
1560 498 1770 526 naturababere
1784 487 1882 534 aliquid

253 537 385 572 Spiritum
405 542 541 570 sanctum,
567 538 711 573 integram,
738 538 857 573 plenam,
881 540 1042 576 perfectam,

252 592 313 618 qnze
331 584 398 611 nihil
414 584 561 615 diversum.
577 583 615 610 nil
635 583 803 619 discrepans,
821 589 869 612 aut
884 590 1043 614 extraneum

253 631 279 657 in
294 629 427 657 Trinitate
451 629 608 664 proﬁtetur;
628 638 638 655 ι
663 634 689 657 et
711 629 756 657 ille
777 638 793 657 e
814 630 862 660 lib.
877 639 905 664 v,
927 639 1002 661 num.
1015 633 1044 666 2,

211 691 214 696 ι
251 685 312 712 pag.
331 677 383 705 555
400 684 407 703 :
426 686 435 702 ι
449 676 505 704 Nec
526 676 648 711 rapinam
663 676 738 703 ducit
758 676 906 712 (Christus)
931 685 990 706 esse
1014 686 1045 707 se

251 723 380 758 aqualem
396 723 465 756 Deo;
488 723 540 751 hoc
555 727 614 756 est,
631 730 684 750 non
704 723 756 751 sibi
777 723 867 759 magni
881 724 982 760 aliquid
997 724 1045 753 de~

251 774 336 803 putat,
361 769 432 803 quod
459 768 517 804 ipse
540 768 651 803 quidem
675 769 789 803 aequalis
815 769 882 803 Deo,
908 775 936 798 et
960 777 1043 798 unum

251 822 311 842 cum
331 815 412 843 Patre
430 820 490 847 est;
503 824 512 840 ι
531 819 558 842 et
575 815 627 842 iste
643 821 659 843 ο
681 815 731 843 lib.
750 823 800 848 vn,
823 823 899 844 num.
917 817 961 850 l5,
979 824 1041 852 pag.

1095 541 1302 574 compositionis
1335 546 1444 570 ostensa
1478 548 1536 574 est:
1567 553 1576 570 ι
1601 549 1628 571 et
1652 544 1696 572 bic
1727 552 1743 572 ε
1773 545 1821 572 lib.
1846 554 1880 578 ιιι,

1095 595 1154 622 cap.
1167 587 1194 619 6,
1207 596 1282 616 num.
1297 588 1323 621 1,
1340 596 1400 624 pag.
1416 589 1484 616 152:
1502 599 1511 616 ι
1525 590 1553 617 ld
1567 591 1638 625 quod
1650 599 1732 618 unum
1747 597 1787 618 est
1803 591 1882 620 Filius

1095 640 1156 659 cum
1182 632 1273 666 Patre,
1301 634 1334 661 ad
1360 639 1465 662 natura:
1489 637 1681 671 proprietatem
1710 636 1881 664 referendum

1096 677 1156 705 ﬁdei
1173 679 1274 706 veritas
1288 679 1384 712 docet;
1405 690 1414 707 ι
1432 685 1458 708 et
1475 681 1525 710 iste
1540 687 1671 716 praeterea
1691 690 1708 711 e
1731 683 1780 710 lib.
1796 691 1834 715 tv,
1858 684 1881 710 iu

1094 723 1329 758 Anucephalteosi:
1345 734 1355 750 ‹
1369 725 1486 759 Veritas,
1501 727 1566 759 vita,
1580 727 1721 761 sapientia,
1738 728 1810 755 idem
1825 734 1882 755 sunt

1095 776 1126 796 ac
1137 769 1262 799 Christus
1278 780 1284 798 :
1301 770 1427 800 Christus
1441 772 1511 800 idem
1526 780 1557 800 ac
1572 772 1663 800 Pater.
1677 772 1744 806 Qum
1761 774 1882 807 quamvis

1096 813 1236 843 intellectu
1257 816 1340 844 multa
1365 823 1427 845 esse
1449 817 1592 850 dicantur;
1609 826 1638 846 re
1662 823 1752 845 tamen
1776 824 1804 845 et
1823 819 1882 846 sub-

251 861 303 888 6I‘2
319 871 326 889 :
341 870 350 887 ι
363 860 393 889 Si
406 868 471 896 ergo
485 860 571 889 Filius
589 861 659 889 Deus
677 869 759 897 super
772 861 863 890 omnia
885 862 994 896 dicitur,
1014 868 1043 891 et,
1059 853 1081 882 Β
1094 862 1194 888 stantia
1207 870 1289 889 unum
1305 867 1378 895 sunt,
1394 863 1420 890 in
1434 864 1532 898 quibus
1547 864 1684 899 plenitudo
1696 869 1737 891 est
1757 864 1882 891 divinita-

250 907 367 942 Spiritus
380 912 490 935 sanctus
505 907 647 935 continere
669 909 760 936 omnia
777 914 954 943 memoratur,
971 910 1043 939 Deus

249 958 338 980 autem
354 951 435 980 Pater
449 959 490 981 est
506 961 539 981 ex
553 961 608 988 quo
621 954 722 986 omnia,
737 955 878 983 evidenter
890 956 1042 984 ostenditur

249 1005 373 1026 naturam
389 996 531 1027 Trinitatis
550 1004 578 1027 et
592 1000 769 1028 substantiam
786 1009 866 1028 unam
889 1009 958 1035 esse,
982 1010 1041 1037 quae

249 1050 289 1073 est
306 1053 387 1081 super
400 1045 510 1078 omnia;
527 1055 536 1072 ι
551 1050 579 1073 et
597 1046 639 1073 hic
656 1054 766 1082 quaque
786 1054 802 1075 e
819 1047 866 1075 lib.
888 1055 947 1081 vnt,
963 1056 1039 1076 num.

248 1092 275 1125 5,
292 1099 354 1126 pag.
369 1091 441 1120 626:
461 1101 470 1117 ε
483 1092 553 1119 Sunt
569 1092 651 1119 etiam
667 1093 786 1121 nonnulli
809 1093 854 1128 qui
878 1094 1040 1122 annuntiant

248 1138 356 1173 quidem
372 1142 400 1165 et
415 1138 562 1172 praedicant
579 1138 612 1165 de
626 1138 722 1171 Patre,
740 1144 768 1166 et
784 1138 869 1173 Filio,
893 1144 921 1167 et
936 1139 1038 1174 Spiritu

247 1189 352 1217 sancto,
371 1183 419 1211 sed
435 1191 488 1211 non
506 1184 629 1216 sincere,
648 1192 702 1212 non
717 1185 838 1220 integre;
861 1190 890 1212 ut
905 1190 970 1213 sunt
983 1194 1039 1214 om-

248 1237 297 1257 nes
321 1229 460 1263 hatretici,
486 1230 532 1265 qui
552 1230 660 1258 Patrem
688 1230 808 1265 quidem,
834 1236 862 1259 et
878 1231 985 1266 Filium,
1011 1237 1039 1260 et

249 1275 381 1309 Spiritum
403 1279 526 1303 sanctum
544 1277 724 1309 annuntiant,
744 1277 791 1305 sed
810 1285 862 1305 non
883 1279 966 1310 bene,
984 1286 1035 1306 non

248 1321 361 1348 ﬁdeliter
383 1321 559 1349 annuntiant.
581 1321 635 1350 Aut
660 1322 732 1350 enim
754 1322 824 1350 male
846 1329 974 1358 separant
991 1324 1037 1351 Fi-

247 1367 311 1394 lium
330 1375 344 1394 a
360 1366 458 1401 Patre,
476 1372 506 1395 nt
520 1367 633 1395 alterius
655 1371 759 1395 natura:
775 1368 901 1401 Patrem,
923 1369 1036 1397 alterius

247 1413 342 1440 Filium
361 1413 465 1446 dicant;
481 1418 529 1441 aut
545 1413 615 1442 male
631 1414 811 1446 confundunt,
832 1421 861 1442 ιιι
879 1415 920 1442 vel
934 1423 966 1443 ex
987 1416 1035 1443 tri-

246 1461 297 1484 bus
314 1458 494 1492 compositum
512 1458 612 1491 Deum,
634 1459 676 1486 vel
692 1460 770 1487 trina:
787 1462 971 1488 tantummodo
987 1469 1035 1496 ap-

246 1502 398 1536 pellationis
412 1503 439 1530 in
452 1511 485 1531 eo
502 1511 562 1531 esse
578 1505 741 1532 vocabulum
756 1510 863 1540 putent.
879 1506 929 1540 Qui
941 1512 1031 1534 autem

1094 905 1127 934 tis
1145 915 1151 933 :
1171 916 1181 934 ι
1201 907 1242 934 cui
1267 911 1294 935 et
1319 907 1363 936 hic
1386 909 1503 936 indidem
1532 909 1718 943 adjungendus
1742 910 1879 937 num.28:

1094 960 1104 978 ι
1117 950 1175 979 Non
1190 953 1264 980 enim
1278 953 1406 985 dicimus,
1423 954 1492 982 sicut
1513 954 1635 982 haeretici
1652 959 1761 990 putant,
1780 961 1880 990 partem

1092 997 1210 1033 aliquam
1228 999 1387 1027 substantiae
1406 1000 1452 1028 Dei
1475 1000 1504 1028 in
1519 1000 1616 1028 Filium
1639 1008 1759 1032 versam,
1783 1007 1833 1029 aut
1851 1010 1880 1029 ex

1091 1043 1173 1071 nullis
1184 1044 1394 1073 subsistentibus
1409 1045 1507 1073 Filium
1522 1051 1692 1081 procreatum
1712 1054 1726 1072 a
1748 1046 1841 1078 Patre,
1858 1047 1880 1074 id

1090 1093 1142 1123 est,
1166 1094 1244 1117 extra
1265 1090 1446 1118 substantiam
1466 1099 1554 1126 suam,
1571 1096 1600 1119 ut
1620 1091 1701 1119 fuerit
1723 1092 1879 1125 aliquando,

1090 1135 1200 1170 quando
1215 1143 1267 1163 non
1291 1136 1404 1164 fuerit.)
1429 1136 1500 1164 Nihil
1515 1141 1588 1164 esset
1609 1137 1642 1163 ad
1659 1136 1807 1164 Trinitatis
1827 1137 1880 1164 lau-

1088 1181 1149 1208 dent
1167 1181 1276 1214 clarius,
1298 1181 1320 1209 si
1343 1189 1409 1215 non,
1436 1187 1466 1209 ut
1487 1182 1562 1216 dixi,
1581 1188 1707 1218 suspecta
1732 1190 1764 1210 ea
1782 1184 1880 1210 faceret

1088 1225 1159 1254 ﬂuxa
1178 1226 1268 1254 Ruﬁni
1294 1227 1451 1263 interpretis
1477 1228 1554 1256 ﬁdes.
1579 1228 1661 1256 Utilia
1687 1237 1798 1264 quoque
1824 1230 1876 1256 haec

1087 1280 1148 1301 esse
1158 1273 1268 1310 Origeni
1282 1275 1418 1309 putaverit
1436 1275 1545 1310 aliquis,
1558 1283 1618 1310 quae
1631 1276 1758 1309 leguntur
1772 1281 1837 1303 tom.
1860 1284 1876 1303 tt

1086 1319 1113 1345 in
1127 1319 1220 1352 Joun.,
1239 1327 1313 1346 num.
1328 1320 1407 1347 6:15!
1425 1319 1454 1347 δὲ
1478 1320 1549 1347 κατὰ
1568 1320 1615 1347 τὸν
1635 1319 1749 1347 Ἡσαΐαν
1767 1321 1848 1356 φησὶν
1865 1322 1878 1348 ὁ

1085 1365 1188 1400 Κύριος
1201 1366 1279 1401 ἡμῶν
1303 1366 1356 1392 ὑπὸ
1379 1366 1426 1393 τοῦ
1448 1366 1554 1402 Πατρὸς
1575 1367 1744 1393 ἀπεστάλθαι
1768 1368 1814 1393 καὶ
1831 1367 1877 1394 τοῦ

1085 1411 1243 1447 Πνεύματος
1262 1411 1355 1444 αὑτοῦ,
1374 1412 1434 1439 ἐστὶ
1454 1413 1501 1440 καὶ
1519 1412 1635 1440 ἐνταῦθα.
1656 1413 1721 1448 περὶ
1742 1412 1789 1439 τοῦ
1811 1413 1875 1440 ἀπο-

1085 1457 1238 1490 στείλαντος
1259 1458 1305 1485 τδν
1330 1457 1447 1494 Χριστὸν
1467 1459 1624 1494 Πνεύματος
1644 1459 1874 1494 ἀπολογήσασθαι,

1084 1503 1132 1538 οὐχ
1148 1503 1186 1535 ὡς
1202 1502 1281 1537 φύσει
1304 1503 1488 1540 διαφέροντος,
1515 1504 1581 1530 ἀλλὰ
1599 1504 1642 1530 διὰ
1662 1504 1712 1540 τὴν
1728 1505 1875 1541 γενομένη-ι

246 1548 313 1576 bene
327 1550 468 1577 annuntiat
481 1550 562 1583 bona,
584 1551 766 1586 proprietates
781 1551 887 1587 quidem
903 1551 987 1585 Patri,
1005 1558 1031 1580 et

1088 1550 1237 1585 aixovopt’av
1257 1550 1307 1586 τῆς
1326 1551 1559 1586 ὲνανϐρωπήσεως
1579 1551 1624 1578 τοῦ
1640 1551 1706 1578 Υεοῦ
1730 1551 1778 1578 τοῦ
1797 1551 1873 1585 Θεοῦ,

245 1591 324 1626 Filio,
345 1597 372 1620 et
395 1593 509 1628 Spiritui
532 1599 628 1622 sancto
651 1603 714 1623 suas
732 1595 830 1632 cuique
852 1596 944 1630 dabit;
966 1597 1031 1624 nihil

1088 1594 1280 1627 ὲλαττωθέντος
1294 1597 1359 1632 παρ’
1369 1596 1436 1623 αὐτὸ
1450 1596 1496 1623 τοῦ
1509 1597 1643 1632 Σωτῆρος.
1662 1598 1695 1624 At
1711 1605 1774 1624 cum
1788 1598 1873 1631 Spiri-

245 1643 335 1666 autem
356 1639 522 1667 diversitatis
542 1647 604 1668 esse
622 1641 798 1670 conﬁtebitur
821 1642 847 1669 in
869 1647 963 1670 natura
989 1643 1032 1671 vel
1083 1645 1140 1667 tum
1161 1646 1286 1668 sanctum
1313 1642 1351 1669 ait
1373 1650 1426 1669 non
1450 1651 1510 1670 esse
1530 1643 1610 1678 φύσει
1628 1643 1802 1679 διαφέροντα.
1824 1645 1873 1671 11ιί-

245 1683 413 1717 substantia;
438 1693 448 1711 ι
471 1692 575 1713 necnon
600 1690 626 1712 et
651 1685 696 1712 ille
710 1693 726 1714 e
739 1685 787 1714 lib.
803 1693 811 1713 l
829 1686 900 1721 Περὶ
915 1687 1028 1722 ἀρχῶν,

244 1738 301 1765 cap.
329 1730 365 1762 2.
395 1738 468 1758 ιιιιιιι.
494 1731 510 1758 5
527 1740 534 1758 :
550 1740 559 1757 ι
584 1731 718 1758 Secunda:
741 1739 807 1759 vero
837 1732 1032 1767 comparationi

244 1776 333 1811 imago
344 1775 404 1803 Filii
418 1776 476 1809 Dei,
493 1776 526 1804 de
539 1784 591 1812 qua
609 1785 682 1804 nunc
697 1785 787 1805 sermo
805 1781 867 1810 est,.
877 1778 1030 1813 comparari

244 1827 333 1857 potest
356 1822 438 1849 etiam
462 1823 609 1850 secundum
637 1823 688 1851 hoc
715 1824 788 1859 quod
815 1823 958 1851 invisibilis
982 1823 1030 1851 Dei

244 1869 334 1903 imago
358 1868 502 1896 invisibilis
527 1873 587 1902 est,
621 1869 691 1897 sicut
714 1869 862 1898 secundum
886 1870 1029 1897 historiam

244 1914 360 1942 dicimus
386 1915 593 1942 similitudinem
609 1915 674 1943 Adae
699 1916 782 1943 ﬁlium
807 1915 865 1950 ejus
890 1915 966 1944 Setb.
989 1915 1029 1943 lta

243 1960 316 1987 enim
332 1961 463 1996 scriptum
481 1967 524 1990 est
540 1971 547 1990 :
565 1962 598 1989 Et
613 1963 700 1998 genuit
712 1962 797 1989 Adam
809 1961 870 1990 Sella
885 1962 1027 1989 secundum

285 2020 307 2035 “
320 2020 387 2047 Gen.
405 2028 430 2048 v.
445 2021 472 2048 5.

244 2066 317 2094 addit
331 2068 465 2102 propriam
488 2072 515 2096 et
535 2068 740 2099 subsistentem,
761 2074 793 2094 ac
808 2066 864 2102 suis
879 2065 1028 2101 proprieta-

244 2103 316 2129 tibus
333 2101 477 2130 dellnitam
504 2107 531 2130 et
555 2102 800 2136 circumscriptam.
831 2101 968 2136 Denique,
998 2105 1027 2129 ut

243 2144 324 2171 supra
339 2137 483 2173 haereticos
506 2136 749 2173 castigabatwquod
763 2136 900 2164 Christum
918 2137 1027 2173 nomine

243 2176 322 2200 tenus
335 2172 432 2200 Filium
448 2171 587 2206 dicereut,
596 2173 640 2199 hic
655 2171 753 2200 Filium
770 2179 834 2199 vere
847 2179 906 2199 esse
917 2171 1025 2205 Filium,

243 2206 352 2234 Patrem
374 2215 438 2235 vere
453 2208 560 2236 Patrem
581 2207 722 2235 contendit
737 2215 743 2233 :
761 2207 788 2233 iu
805 2214 858 2241 quo
873 2214 924 2233 non
940 2206 1024 2233 solum

243 2241 390 2278 Noetianos
412 2243 519 2274 refellit,
539 2243 584 2278 qui
604 2243 662 2269 haec
684 2242 717 2269 ad
744 2242 839 2278 inanes
856 2242 1027 2278 metaphoras

245 2276 418 2310 redigehant;
432 2280 479 2305 sed
494 2276 574 2305 etiam
589 2278 715 2309 Ariauos.
730 2276 776 2312 qui
791 2276 819 2303 in
833 2276 929 2312 bteresi
948 2277 1027 2310 plane

1083 1686 1156 1714 nime
1177 1687 1314 1722 signiﬁcat
1333 1693 1429 1715 natura
1450 1697 1502 1716 non
1526 1689 1650 1724 di/I‘erre,
1671 1691 1748 1725 quod
1772 1692 1872 1726 putavit

1082 1730 1236 1766 Perionius,
1250 1733 1298 1760 sed
1316 1739 1414 1761 natura
1429 1742 1481 1762 non
1494 1740 1632 1768 prwstare.

1121 1777 1151 1806 ν.
1169 1778 1288 1807 Validior
1307 1779 1351 1808 ille
1372 1780 1447 1808 locus
1463 1788 1496 1808 ex
1518 1782 1612 1809 eodem
1633 1787 1706 1810 tomo
1724 1783 1754 1810 in
1772 1783 1870 1816 Joan.,

1082 1830 1158 1851 num.
1176 1824 1210 1856 2,
1228 1824 1275 1851 ubi
1298 1825 1428 1853 adversus
1445 1827 1575 1860 quosdatn
1599 1827 1755 1860 invehitur,
1775 1830 1871 1865 ἀρνου-

1083 1869 1180 1905 μένους
1191 1870 1240 1906 τὴν
1255 1871 1369 1906 θεότητα
1387 1871 1434 1898 τοῦ
1450 1872 1526 1905 Υὶοῦ,
1542 1873 1664 1905 τιθέντας
1678 1874 1707 1901 δὲ
1728 1875 1814 1902 αὐτοῦ
1826 1876 1871 1911 τὴν

1083 1916 1212 1953 ἰδιότητα,
1226 1918 1273 1944 καὶ
1283 1919 1332 1954 τὴν
1347 1919 1439 1945 οὐσίαν
1451 1919 1522 1946 κατὰ
1537 1920 1708 1956 περιγραφὴν
1721 1922 1872 1956 τυγχάνου-

1082 1972 1131 1991 σαν
1147 1964 1243 2000 ἑτέραν
1265 1964 1312 1992 τοῦ
1333 1965 1449 2002 Πατρός.
1476 1966 1531 2001 (8|)
1551 1966 1647 1993 Filium
1671 1967 1717 2002 qui
1743 1969 1871 2002 splendor

1081 2068 1224 2095 venientem
1238 2067 1265 2093 in
1281 2067 1351 2094 hunc
1364 2067 1493 2103 mundum
1509 2067 1601 2103 (Joon.
1617 2075 1642 2099 ι.
1660 2066 1687 2102 9)
1699 2087 1720 2103 ._
1730 2067 1779 2094 sed
1803 2069 1870 2095 nihil

1081 2103 1165 2130 habet
1177 2109 1320 2129 commune
1337 2102 1370 2128 ad
1384 2102 1449 2130 solis
1467 2101 1546 2137 hujus
1560 2102 1660 2129 lumen.
1673 2111 1682 2127 ι
1700 2101 1867 2130 Germanam

1079 2137 1206 2172 Origenis
1221 2137 1272 2172 hac
1285 2137 1318 2164 de
1333 2144 1362 2164 re
1376 2138 1531 2172 opinionem
1547 2137 1652 2164 discere
1671 2137 1734 2172 licet
1749 2145 1782 2164 ex
1802 2143 1866 2165 tom.

1079 2170 1156 2200 xxxii
1180 2172 1209 2198 in
1233 2170 1333 2205 10am,
1357 2170 1432 2199 uuln.
1463 2173 1507 2201 18.
1528 2172 1573 2199 ubi
1602 2172 1641 2199 ait
1668 2171 1787 2199 «Filium
1810 2180 1867 2199 esse

1080 2207 1252 2242 splendorem
1280 2208 1363 2234 totius
1386 2207 1478 2240 gloriae
1503 2207 1564 2240 Dei,
1590 2212 1618 2234 et
1646 2206 1732 2234 solum
1757 2214 1866 2234 omnem

1079 2241 1248 2276 splendorem
1262 2242 1350 2277 totius
1372 2243 1464 2277 gloria
1484 2242 1531 2269 Dei
1553 2249 1651 2276 capere
1667 2249 1778 2276 posw.»
1802 2241 1866 2274 Quae

1077 2277 1160 2304 verba
1181 2276 1327 2304 manifeste
1349 2276 1470 2304 indicant
1491 2277 1557 2304 nihil
1582 2284 1643 2304 esse
1666 2279 1690 2303 in
1715 2277 1865 2310 exemplari

244 2313 380 2347 contraria
396 2313 490 2340 eadem
500 2318 592 2347 postea
605 2311 949 2347 nugatisutit.—¢D01ntitts
962 2312 1028 2339 Pru-
1077 2313 1149 2346 quod
1170 2319 1223 2339 non
1245 2312 1280 2339 sit
1302 2312 1328 2338 in
1350 2311 1486 2347 imagine,
1504 2314 1625 2346 adeoque
1637 2311 1734 2338 Filium
1754 2319 1770 2338 a
1786 2312 1865 2339 Patre

244 2345 350 2373 deutius
363 2347 469 2380 Manu,
483 2345 520 2375 De
533 2345 669 2375 divinitate
679 2346 778 2374 Christi
792 2346 840 2374 lib.
852 2354 890 2380 tv,
904 2353 965 2380 cap.
981 2347 1026 2380 15,
1077 2345 1132 2374 non
1151 2347 1235 2374 dividi
1251 2352 1297 2374 aut
1313 2345 1432 2382 separari
1449 2352 1478 2375 ut
1495 2345 1598 2381 partem
1615 2355 1628 2374 a
1645 2352 1701 2374 toto
1713 2347 1790 2382 ,rsed
1806 2355 1864 2374 esse

244 2388 318 2408 ltum.
336 2382 352 2408 4
371 2387 398 2409 et
414 2383 440 2410 5.
1077 2382 1158 2409 unius
1179 2389 1291 2409 numero
1315 2381 1351 2409 et’
1365 2382 1485 2415 ejusdem
1510 2389 1543 2410 ac
1564 2382 1670 2409 Patrem
1691 2381 1861 2408 substantiae.

285 2415 342 2452 (8|)
371 2416 472 2444 Filium
502 2417 545 2452 qui
580 2417 704 2451 splendor
736 2416 829 2452 gloriae
841 2435 848 2448 ,
882 2420 906 2443 et
939 2416 1026 2450 ﬁgura
1078 2415 1145 2444 Vide
1158 2417 1227 2444 infra
1239 2421 1304 2452 not.
1321 2417 1348 2444 in
1367 2425 1441 2444 num.
1455 2417 1505 2449 εις
1531 2417 1591 2444 vide
1603 2422 1631 2443 et
1645 2416 1753 2443 Bullum
1768 2417 1796 2443 in
1815 2416 1863 2443 De-

243 2450 399 2491 eubstantjm
422 2450 545 2491 paterna:
570 2450 744 2491 appellatur,
770 2451 797 2478 id
822 2459 877 2491 esse
906 2452 1025 2491 censebat
1077 2452 1144 2485 feni.
1158 2450 1361 2491 ﬁdeiANicwnw,
1385 2452 1820 2491 de_Piliisubordinatioue,cap.
1836 2451 1861 2491 i.

245 2488 343 2523 ratione
353 2485 451 2520 Patris,
465 2488 534 2523 quod
545 2485 689 2514 est‘radius
702 2491 818 2523 respectu
828 2487 902 2514 solis.
914 2486 970 2514 Hoc
980 2495 1026 2523 σοτ
1078 2485 1240 2523 num.’9,740
1256 2491 1283 2514 et
1296 2494 1385 2522 seqq.,
1400 2487 1444 2514 ubi
1458 2489 1598 2523 evidenter
1612 2486 1730 2523 ostendit
1743 2485 1861 2513 numeri-

243 2521 277 2557 lis
290 2523 440 2557 solarisqpe
455 2521 522 2550 radii
544 2522 668 2556 exemplo
685 2522 752 2549 nihil
777 2523 943 2550 frequentius
955 2522 1025 2555 apud
1077 2529 1136 2548 eam
1161 2522 1289 2557 unitatem
1314 2521 1470 2550 substantiae
1492 2522 1580 2550 Patris
1607 2527 1634 2549 et
1656 2521 1716 2557 Filii
1747 2527 1860 2548 eatenus

243 2553 530 2596 0rige_r_ren_t"aliosqne
550 2553 642 2584 Patres
665 2558 703 2596 ad
721 2556 933 2596 signiﬁcandam
947 2553 1026 2583 zeier-
1077 2557 1219 2596 agnovisse
1232 2556 1393 2596 Origenem,
1416 2562 1549 2596 quatenus
1573 2557 1658 2596 ipsam
1679 2556 1794 2596 Patrum
1812 2564 1859 2596 an-

243 2591 304 2618 nani
319 2592 398 2620 Verbi
413 2591 614 2628 generationem
631 2600 639 2619 :
657 2592 704 2628 sed
724 2596 856 2628 quatenus
877 2591 969 2628 radius
985 2597 1026 2618 est
1071 2592 1226 2628 ,tiquiorutn
1258 2591 1434 2627 quisquam,’
1451 2593 1577 2628 adeoque,
1609 2592 1666 2625 ipse
1693 2591 1860 2628 Athanasius

243 2628 329 2661 portio
341 2625 463 2663 quaedam
477 2633 504 2654 et
515 2625 752 2665 ellluvithhsolari
774 2627 944 2665 subStantim,
961 2634 1026 2665 ups-
1076 2625 1206 2665 agnovit:
1221 2625 1273 2665 hoc
1292 2625 1349 2665 est,
1371 2628 1519 2655 credidisse
1528 2625 1678 2662 Origenem
1701 2625 1860 2665 Patrein_et

243 2670 323 2695 quam
341 2661 450 2690 censuit
467 2664 599 2697 Origenes
614 2661 712 2689 Filium
728 2662 754 2689 id
774 2669 835 2697 esse
852 2664 955 2697 ratione
972 2661 1024 2687 Pa-
1075 2661 1174 2689 Filium
1188 2667 1215 2688 et
1228 2662 1357 2696 Spiritum
1371 2668 1494 2690 sanctum
1505 2683 1513 2696 ,
1534 2661 1595 2690 cuin
1616 2669 1711 2688 revera
1728 2666 1787 2689 tres
1806 2661 1859 2687 sint

243 2697 388 2737 ttzis,_qnod
400 2703 442 2725 est
449 2696 552 2737 radius
561 2702 685 2737 respectu
699 2697 774 2737 solis.
786 2705 794 2722 t
805 2696 1025 2737 Nunquidnam,t
1075 2704 1208 2731 personae,
1226 2705 1393 2737 nequaquam
1410 2703 1499 2737 tamen
1514 2703 1542 2724 ut
1559 2704 1614 2737 tres
1635 2697 1766 2737 homines
1783 2703 1859 2736 seor-

244 2731 394 2769 inquit-lih.
410 2740 418 2759 ι
445 2733 515 2767 Περὶ
536 2731 652 2767 ἀρχῶν,
667 2739 728 2769 cap.
741 2733 767 2769 _1_,
795 2739 871 2769 unm.
885 2731 911 2769 μ,
939 2740 949 2756 ι
962 2731 1024 2769 quia
1075 2740 1136 2760 sum
1155 2737 1187 2769 et
1196 2732 1343 2766 separatim
1362 2733 1514 2766 exsistere;
1531 2732 1579 2760 sed
1599 2732 1694 2769 intime
1714 2731 1767 2769 sibi
1790 2732 1876 2769 invi-1

244 2765 349 2802 (Filius)
374 2768 464 2794 lumen
484 2765 665 2799 nominatur,
687 2765 776 2794 simile
800 2765 938 2802 potabitur
959 2766 1025 2802 solis
1075 2774 1133 2795 cem
1147 2767 1284 2793 cohaerere
1302 2773 1329 2794 et
1340 2769 1499 2802 coniunctos
1508 2765 1588 2801 esse;
1603 2768 1724 2800 adeoque
1737 2767 1856 2793 alterum

245 2802 328 2838 huius
340 2800 454 2829 lumini?
477 2803 577 2829 Lumen
595 2807 784 2838 estﬂverumn
809 2801 848 2827 ait
864 2800 911 2838 lib.
930 2801 1023 2838 eodem
1076 2802 1102 2838 in
1119 2802 1204 2838 altero
1220 2802 1370 2835 exsistere,
1391 2800 1488 2838 atque,
1511 2807 1539 2838 ut
1551 2803 1586 2838 ita
1601 2802 1709 2836 loquar,
1726 2801 1857 2838 inuneare

244 2846 302 2870 cap.
315 2836 348 2869 ‘2,
370 2845 442 2863 num.
457 2838 489 2869 6,
510 2846 519 2862 ι
531 2838 601 2870 quod
621 2837 753 2863 illuminat
773 2843 873 2863 attinent
891 2835 1022 2863 hominem
1076 2836 1191 2864 invicem
1202 2841 1228 2864 et
1243 2841 1384 2871 penetrare
1399 2835 1445 2872 per
1462 2836 1624 2866 inmobilem
1638 2835 1788 2871 quamdam
1810 2842 1856 2862 α-
