  <div class='ocr_page' id='page_1' title='image "/cluster/home/n/w/nwhite01/storage/ocr_20150623/17/njp.32101010944583/528.png"; bbox 0 0 1904 3077; ppageno 0'>
   <div class='ocr_carea' id='block_1_1' title="bbox 44 141 95 170">
    <p class='ocr_par' dir='ltr' id='par_1_1' title="bbox 44 141 95 170">
     <span class='ocr_line' id='line_1_1' title="bbox 44 141 95 170; baseline -0.039 0"><span class='ocrx_word' id='word_1_1' title='bbox 44 141 95 170; x_wconf 69' lang='grc' dir='ltr'><strong>πθ</strong></span> 
     </span>
    </p>
   </div>
   <div class='ocr_carea' id='block_1_2' title="bbox 467 130 1268 174">
    <p class='ocr_par' dir='ltr' id='par_1_2' title="bbox 467 130 1268 174">
     <span class='ocr_line' id='line_1_2' title="bbox 467 130 1268 174; baseline 0.002 -8"><span class='ocrx_word' id='word_1_2' title='bbox 467 138 756 167; x_wconf 74' lang='lat' dir='ltr'><strong>ORIGENIANORUM</strong></span> <span class='ocrx_word' id='word_1_3' title='bbox 776 139 841 167; x_wconf 81' lang='lat' dir='ltr'><strong>LIB.</strong></span> <span class='ocrx_word' id='word_1_4' title='bbox 863 141 895 173; x_wconf 88' lang='lat' dir='ltr'><strong>ll,</strong></span> <span class='ocrx_word' id='word_1_5' title='bbox 917 140 992 168; x_wconf 74' lang='lat' dir='ltr'><strong>CAP.</strong></span> <span class='ocrx_word' id='word_1_6' title='bbox 1013 140 1045 173; x_wconf 89' lang='lat' dir='ltr'><strong>ll,</strong></span> <span class='ocrx_word' id='word_1_7' title='bbox 1065 138 1202 174; x_wconf 61' lang='lat' dir='ltr'><strong>QUIEST.</strong></span> <span class='ocrx_word' id='word_1_8' title='bbox 1221 130 1268 168; x_wconf 35' lang='lat'>11..</span> 
     </span>
    </p>
   </div>
   <div class='ocr_carea' id='block_1_3' title="bbox 1608 142 1659 171">
    <p class='ocr_par' dir='ltr' id='par_1_3' title="bbox 1608 142 1659 171">
     <span class='ocr_line' id='line_1_3' title="bbox 1608 142 1659 171; baseline 0.02 -1"><span class='ocrx_word' id='word_1_9' title='bbox 1608 142 1659 171; x_wconf 77' lang='lat'><strong>750</strong></span> 
     </span>
    </p>
   </div>
   <div class='ocr_carea' id='block_1_4' title="bbox 45 197 832 237">
    <p class='ocr_par' dir='ltr' id='par_1_4' title="bbox 45 197 830 235">
     <span class='ocr_line' id='line_1_4' title="bbox 45 197 830 235; baseline 0.001 -10"><span class='ocrx_word' id='word_1_10' title='bbox 45 200 93 234; x_wconf 69' lang='grc' dir='ltr'><strong>τὴν</strong></span> <span class='ocrx_word' id='word_1_11' title='bbox 114 197 280 234; x_wconf 80' lang='grc' dir='ltr'><strong>προπέτειαν</strong></span> <span class='ocrx_word' id='word_1_12' title='bbox 299 197 470 224; x_wconf 75' lang='grc' dir='ltr'><strong>ὑποτίθεσθαι</strong></span> <span class='ocrx_word' id='word_1_13' title='bbox 493 198 538 224; x_wconf 84' lang='grc' dir='ltr'>τὸν</span> <span class='ocrx_word' id='word_1_14' title='bbox 562 199 675 235; x_wconf 81' lang='grc' dir='ltr'><strong>Σωτῆρα</strong></span> <span class='ocrx_word' id='word_1_15' title='bbox 692 197 761 226; x_wconf 80' lang='grc' dir='ltr'>εἶναι</span> <span class='ocrx_word' id='word_1_16' title='bbox 784 200 830 227; x_wconf 77' lang='grc' dir='ltr'><strong>τὸν</strong></span> 
     </span>
    </p>
   </div>
   <div class='ocr_carea' id='block_1_5' title="bbox 886 197 1661 237">
    <p class='ocr_par' dir='ltr' id='par_1_5' title="bbox 888 200 1661 237">
     <span class='ocr_line' id='line_1_5' title="bbox 888 200 1661 237; baseline 0.004 -10"><span class='ocrx_word' id='word_1_17' title='bbox 888 200 1027 236; x_wconf 73' lang='lat' dir='ltr'><strong>ignorasse</strong></span> <span class='ocrx_word' id='word_1_18' title='bbox 1038 200 1186 233; x_wconf 88' lang='lat' dir='ltr'><strong>Christum,</strong></span> <span class='ocrx_word' id='word_1_19' title='bbox 1207 205 1339 236; x_wconf 90' lang='lat' dir='ltr'><strong>quatenus</strong></span> <span class='ocrx_word' id='word_1_20' title='bbox 1351 201 1436 236; x_wconf 82' lang='lat' dir='ltr'><strong>ipsam</strong></span> <span class='ocrx_word' id='word_1_21' title='bbox 1452 201 1584 236; x_wconf 83' lang='lat' dir='ltr'><strong>Ecclesia,</strong></span> <span class='ocrx_word' id='word_1_22' title='bbox 1600 209 1661 237; x_wconf 66' lang='lat' dir='ltr'><strong>qua</strong></span> 
     </span>
    </p>
   </div>
   <div class='ocr_carea' id='block_1_6' title="bbox 46 242 828 279">
    <p class='ocr_par' dir='ltr' id='par_1_6' title="bbox 46 242 828 279">
     <span class='ocr_line' id='line_1_6' title="bbox 46 242 828 279; baseline 0.001 -8"><span class='ocrx_word' id='word_1_23' title='bbox 46 244 91 272; x_wconf 70' lang='grc' dir='ltr'><strong>επὶ</strong></span> <span class='ocrx_word' id='word_1_24' title='bbox 124 243 191 270; x_wconf 79' lang='grc' dir='ltr'>πᾶσι</span> <span class='ocrx_word' id='word_1_25' title='bbox 211 242 290 269; x_wconf 83' lang='grc' dir='ltr'>Θεόν.</span> <span class='ocrx_word' id='word_1_26' title='bbox 315 242 385 269; x_wconf 78' lang='grc' dir='ltr'><strong>Ἀλλ’</strong></span> <span class='ocrx_word' id='word_1_27' title='bbox 406 242 463 269; x_wconf 80' lang='grc' dir='ltr'>οῠτι</span> <span class='ocrx_word' id='word_1_28' title='bbox 489 251 520 277; x_wconf 91' lang='grc' dir='ltr'>γε</span> <span class='ocrx_word' id='word_1_29' title='bbox 545 244 625 279; x_wconf 78' lang='grc' dir='ltr'>ἡμεῖς</span> <span class='ocrx_word' id='word_1_30' title='bbox 652 245 781 279; x_wconf 80' lang='grc' dir='ltr'>τοιοῦτον,</span> <span class='ocrx_word' id='word_1_31' title='bbox 803 247 828 272; x_wconf 89' lang='grc' dir='ltr'>οἱ</span> 
     </span>
    </p>
   </div>
   <div class='ocr_carea' id='block_1_7' title="bbox 47 288 828 326">
    <p class='ocr_par' dir='ltr' id='par_1_7' title="bbox 47 288 828 326">
     <span class='ocr_line' id='line_1_7' title="bbox 47 288 828 326; baseline 0 -9"><span class='ocrx_word' id='word_1_32' title='bbox 47 290 198 324; x_wconf 77' lang='grc' dir='ltr'><strong>πειθόμενοι</strong></span> <span class='ocrx_word' id='word_1_33' title='bbox 224 288 298 324; x_wconf 84' lang='grc' dir='ltr'><strong>αὐτῷ</strong></span> <span class='ocrx_word' id='word_1_34' title='bbox 316 288 431 322; x_wconf 85' lang='grc' dir='ltr'><strong>λέγοντι·</strong></span> <span class='ocrx_word' id='word_1_35' title='bbox 453 299 463 314; x_wconf 87' lang='grc' dir='ltr'>ι</span> <span class='ocrx_word' id='word_1_36' title='bbox 474 289 504 315; x_wconf 88' lang='lat'>&#39;0</span> <span class='ocrx_word' id='word_1_37' title='bbox 517 289 609 325; x_wconf 80' lang='grc' dir='ltr'>Πατὴρ</span> <span class='ocrx_word' id='word_1_38' title='bbox 629 291 642 316; x_wconf 79' lang='grc' dir='ltr'>ὁ</span> <span class='ocrx_word' id='word_1_39' title='bbox 658 290 768 326; x_wconf 77' lang='grc' dir='ltr'>πέμψας</span> <span class='ocrx_word' id='word_1_40' title='bbox 785 299 828 326; x_wconf 84' lang='grc' dir='ltr'>με,</span> 
     </span>
    </p>
   </div>
   <div class='ocr_carea' id='block_1_8' title="bbox 49 334 829 372">
    <p class='ocr_par' dir='ltr' id='par_1_8' title="bbox 49 334 829 372">
     <span class='ocr_line' id='line_1_8' title="bbox 49 334 829 372; baseline 0.003 -10"><span class='ocrx_word' id='word_1_41' title='bbox 49 335 145 372; x_wconf 78' lang='grc' dir='ltr'>μείζων</span> <span class='ocrx_word' id='word_1_42' title='bbox 164 334 217 370; x_wconf 79' lang='grc' dir='ltr'>μού</span> <span class='ocrx_word' id='word_1_43' title='bbox 233 335 317 361; x_wconf 76' lang='grc' dir='ltr'><strong>ἐστιν,</strong></span> <span class='ocrx_word' id='word_1_44' title='bbox 332 342 343 360; x_wconf 76' lang='grc' dir='ltr'>ι</span> <span class='ocrx_word' id='word_1_45' title='bbox 363 334 411 362; x_wconf 81' lang='lat' dir='ltr'><strong>His</strong></span> <span class='ocrx_word' id='word_1_46' title='bbox 426 334 560 370; x_wconf 76' lang='lat' dir='ltr'><strong>vulgatam</strong></span> <span class='ocrx_word' id='word_1_47' title='bbox 578 343 611 363; x_wconf 81' lang='lat' dir='ltr'><strong>ex</strong></span> <span class='ocrx_word' id='word_1_48' title='bbox 620 336 768 364; x_wconf 83' lang='lat' dir='ltr'><strong>Athanasio</strong></span> <span class='ocrx_word' id='word_1_49' title='bbox 786 345 829 364; x_wconf 93' lang='lat' dir='ltr'><strong>re-</strong></span> 
     </span>
    </p>
   </div>
   <div class='ocr_carea' id='block_1_9' title="bbox 49 380 830 417">
    <p class='ocr_par' dir='ltr' id='par_1_9' title="bbox 49 380 830 417">
     <span class='ocr_line' id='line_1_9' title="bbox 49 380 830 417; baseline 0 -8"><span class='ocrx_word' id='word_1_50' title='bbox 49 381 217 416; x_wconf 85' lang='lat' dir='ltr'><strong>sponsionem</strong></span> <span class='ocrx_word' id='word_1_51' title='bbox 240 380 351 415; x_wconf 87' lang='lat' dir='ltr'><strong>subjicit</strong></span> <span class='ocrx_word' id='word_1_52' title='bbox 372 380 540 409; x_wconf 69' lang='lat' dir='ltr'><strong>Hteschelius</strong></span> <span class='ocrx_word' id='word_1_53' title='bbox 559 391 566 409; x_wconf 92' lang='lat'>:</span> <span class='ocrx_word' id='word_1_54' title='bbox 592 382 630 408; x_wconf 83' lang='grc' dir='ltr'>υύ</span> <span class='ocrx_word' id='word_1_55' title='bbox 648 382 756 417; x_wconf 75' lang='grc' dir='ltr'><strong>μεγέθει</strong></span> <span class='ocrx_word' id='word_1_56' title='bbox 776 384 830 410; x_wconf 75' lang='grc' dir='ltr'>τινὶ</span> 
     </span>
    </p>
   </div>
   <div class='ocr_carea' id='block_1_10' title="bbox 52 426 829 463">
    <p class='ocr_par' dir='ltr' id='par_1_10' title="bbox 52 426 829 463">
     <span class='ocr_line' id='line_1_10' title="bbox 52 426 829 463; baseline 0 -8"><span class='ocrx_word' id='word_1_57' title='bbox 52 428 108 455; x_wconf 76' lang='grc' dir='ltr'>οὐδὲ</span> <span class='ocrx_word' id='word_1_58' title='bbox 132 427 235 463; x_wconf 82' lang='grc' dir='ltr'><strong>χρόνῳ,</strong></span> <span class='ocrx_word' id='word_1_59' title='bbox 262 426 329 453; x_wconf 79' lang='grc' dir='ltr'>ἀλλὰ</span> <span class='ocrx_word' id='word_1_60' title='bbox 351 426 396 453; x_wconf 80' lang='grc' dir='ltr'><strong>διὰ</strong></span> <span class='ocrx_word' id='word_1_61' title='bbox 418 427 468 462; x_wconf 85' lang='grc' dir='ltr'><strong>τὴν</strong></span> <span class='ocrx_word' id='word_1_62' title='bbox 491 426 521 458; x_wconf 80' lang='grc' dir='ltr'>ἐξ</span> <span class='ocrx_word' id='word_1_63' title='bbox 549 427 629 454; x_wconf 83' lang='grc' dir='ltr'><strong>αὑτοῦ</strong></span> <span class='ocrx_word' id='word_1_64' title='bbox 650 427 697 454; x_wconf 79' lang='grc' dir='ltr'><strong>τοῦ</strong></span> <span class='ocrx_word' id='word_1_65' title='bbox 722 428 829 463; x_wconf 74' lang='grc' dir='ltr'><strong>Πατρὺς</strong></span> 
     </span>
    </p>
   </div>
   <div class='ocr_carea' id='block_1_11' title="bbox 50 471 824 508">
    <p class='ocr_par' dir='ltr' id='par_1_11' title="bbox 50 471 824 508">
     <span class='ocr_line' id='line_1_11' title="bbox 50 471 824 508; baseline 0.003 -9"><span class='ocrx_word' id='word_1_66' title='bbox 50 474 180 508; x_wconf 76' lang='grc' dir='ltr'>γέννησιν.</span> <span class='ocrx_word' id='word_1_67' title='bbox 198 482 207 498; x_wconf 80' lang='grc' dir='ltr'>ι</span> <span class='ocrx_word' id='word_1_68' title='bbox 225 471 283 499; x_wconf 84' lang='lat' dir='ltr'><strong>Non</strong></span> <span class='ocrx_word' id='word_1_69' title='bbox 299 472 486 507; x_wconf 69' lang='lat' dir='ltr'><strong>magnitudine</strong></span> <span class='ocrx_word' id='word_1_70' title='bbox 497 471 599 507; x_wconf 83' lang='lat' dir='ltr'><strong>aliqua,</strong></span> <span class='ocrx_word' id='word_1_71' title='bbox 619 480 669 501; x_wconf 90' lang='lat' dir='ltr'><strong>nec</strong></span> <span class='ocrx_word' id='word_1_72' title='bbox 693 478 824 508; x_wconf 85' lang='lat' dir='ltr'><strong>tempore.</strong></span> 
     </span>
    </p>
   </div>
   <div class='ocr_carea' id='block_1_12' title="bbox 53 518 829 553">
    <p class='ocr_par' dir='ltr' id='par_1_12' title="bbox 53 518 829 553">
     <span class='ocr_line' id='line_1_12' title="bbox 53 518 829 553; baseline 0 -7"><span class='ocrx_word' id='word_1_73' title='bbox 53 519 95 546; x_wconf 87' lang='lat' dir='ltr'><strong>sed</strong></span> <span class='ocrx_word' id='word_1_74' title='bbox 109 523 219 553; x_wconf 81' lang='lat' dir='ltr'><strong>propter</strong></span> <span class='ocrx_word' id='word_1_75' title='bbox 240 518 440 552; x_wconf 81' lang='lat' dir='ltr'><strong>generationem</strong></span> <span class='ocrx_word' id='word_1_76' title='bbox 455 525 489 545; x_wconf 79' lang='lat' dir='ltr'><strong>ex</strong></span> <span class='ocrx_word' id='word_1_77' title='bbox 504 518 562 553; x_wconf 84' lang='lat' dir='ltr'><strong>ipso</strong></span> <span class='ocrx_word' id='word_1_78' title='bbox 577 519 676 551; x_wconf 81' lang='lat' dir='ltr'><strong>Patre;</strong></span> <span class='ocrx_word' id='word_1_79' title='bbox 695 528 705 545; x_wconf 73' lang='grc' dir='ltr'>ι</span> <span class='ocrx_word' id='word_1_80' title='bbox 719 523 746 546; x_wconf 88' lang='lat' dir='ltr'><strong>et</strong></span> <span class='ocrx_word' id='word_1_81' title='bbox 760 520 829 547; x_wconf 89' lang='lat' dir='ltr'><strong>alte-</strong></span> 
     </span>
    </p>
   </div>
   <div class='ocr_carea' id='block_1_13' title="bbox 51 562 829 600">
    <p class='ocr_par' dir='ltr' id='par_1_13' title="bbox 51 562 829 600">
     <span class='ocr_line' id='line_1_13' title="bbox 51 562 829 600; baseline 0 -9"><span class='ocrx_word' id='word_1_82' title='bbox 51 572 103 591; x_wconf 87' lang='lat' dir='ltr'><strong>ram</strong></span> <span class='ocrx_word' id='word_1_83' title='bbox 121 564 207 591; x_wconf 85' lang='lat' dir='ltr'><strong>hanc:</strong></span> <span class='ocrx_word' id='word_1_84' title='bbox 227 564 274 594; x_wconf 82' lang='grc' dir='ltr'><strong>Ὦς</strong></span> <span class='ocrx_word' id='word_1_85' title='bbox 293 562 358 595; x_wconf 77' lang='grc' dir='ltr'><strong>Θεὸς</strong></span> <span class='ocrx_word' id='word_1_86' title='bbox 378 563 446 590; x_wconf 82' lang='grc' dir='ltr'>Θεοῦ</span> <span class='ocrx_word' id='word_1_87' title='bbox 465 562 525 598; x_wconf 86' lang='grc' dir='ltr'>οὓχ,</span> <span class='ocrx_word' id='word_1_88' title='bbox 543 564 581 596; x_wconf 82' lang='grc' dir='ltr'><strong>ὡς</strong></span> <span class='ocrx_word' id='word_1_89' title='bbox 605 564 699 600; x_wconf 83' lang='grc' dir='ltr'>Πατὴρ</span> <span class='ocrx_word' id='word_1_90' title='bbox 721 563 750 591; x_wconf 82' lang='grc' dir='ltr'><strong>δὲ</strong></span> <span class='ocrx_word' id='word_1_91' title='bbox 764 564 829 591; x_wconf 83' lang='grc' dir='ltr'><strong>Υἱοῦ</strong></span> 
     </span>
    </p>
   </div>
   <div class='ocr_carea' id='block_1_14' title="bbox 51 607 831 644">
    <p class='ocr_par' dir='ltr' id='par_1_14' title="bbox 51 607 831 644">
     <span class='ocr_line' id='line_1_14' title="bbox 51 607 831 644; baseline 0.001 -9"><span class='ocrx_word' id='word_1_92' title='bbox 51 608 314 644; x_wconf 74' lang='grc' dir='ltr'>ὲνανθριοπήσαντος.</span> <span class='ocrx_word' id='word_1_93' title='bbox 335 618 344 634; x_wconf 84' lang='grc' dir='ltr'>ι</span> <span class='ocrx_word' id='word_1_94' title='bbox 357 607 416 635; x_wconf 84' lang='lat' dir='ltr'><strong>Non</strong></span> <span class='ocrx_word' id='word_1_95' title='bbox 433 613 462 635; x_wconf 93' lang='lat' dir='ltr'><strong>ut</strong></span> <span class='ocrx_word' id='word_1_96' title='bbox 475 608 546 636; x_wconf 83' lang='lat' dir='ltr'><strong>Deus</strong></span> <span class='ocrx_word' id='word_1_97' title='bbox 559 609 624 641; x_wconf 76' lang='lat' dir='ltr'><strong>Deo,</strong></span> <span class='ocrx_word' id='word_1_98' title='bbox 643 610 689 637; x_wconf 85' lang='lat' dir='ltr'><strong>sed</strong></span> <span class='ocrx_word' id='word_1_99' title='bbox 706 614 735 636; x_wconf 92' lang='lat' dir='ltr'><strong>ut</strong></span> <span class='ocrx_word' id='word_1_100' title='bbox 751 609 831 636; x_wconf 88' lang='lat' dir='ltr'><strong>Pater</strong></span> 
     </span>
    </p>
   </div>
   <div class='ocr_carea' id='block_1_15' title="bbox 51 654 832 688">
    <p class='ocr_par' dir='ltr' id='par_1_15' title="bbox 51 654 832 688">
     <span class='ocr_line' id='line_1_15' title="bbox 51 654 832 688; baseline 0 -6"><span class='ocrx_word' id='word_1_101' title='bbox 51 654 124 688; x_wconf 85' lang='lat' dir='ltr'><strong>Filio,</strong></span> <span class='ocrx_word' id='word_1_102' title='bbox 144 654 190 688; x_wconf 87' lang='lat' dir='ltr'><strong>qui</strong></span> <span class='ocrx_word' id='word_1_103' title='bbox 205 654 351 681; x_wconf 88' lang='lat' dir='ltr'><strong>humanam</strong></span> <span class='ocrx_word' id='word_1_104' title='bbox 368 654 487 688; x_wconf 73' lang='lat' dir='ltr'><strong>suscepit</strong></span> <span class='ocrx_word' id='word_1_105' title='bbox 509 658 644 682; x_wconf 86' lang='lat' dir='ltr'><strong>naturam.</strong></span> <span class='ocrx_word' id='word_1_106' title='bbox 661 663 671 680; x_wconf 69' lang='grc' dir='ltr'>ι</span> <span class='ocrx_word' id='word_1_107' title='bbox 688 654 723 681; x_wconf 72' lang='lat' dir='ltr'><strong>At</strong></span> <span class='ocrx_word' id='word_1_108' title='bbox 742 661 785 685; x_wconf 86' lang='lat' dir='ltr'><strong>ea.</strong></span> <span class='ocrx_word' id='word_1_109' title='bbox 802 659 832 682; x_wconf 89' lang='lat' dir='ltr'><strong>ut</strong></span> 
     </span>
    </p>
   </div>
   <div class='ocr_carea' id='block_1_16' title="bbox 51 699 829 734">
    <p class='ocr_par' dir='ltr' id='par_1_16' title="bbox 51 699 829 734">
     <span class='ocr_line' id='line_1_16' title="bbox 51 699 829 734; baseline 0 -7"><span class='ocrx_word' id='word_1_110' title='bbox 51 707 111 727; x_wconf 86' lang='lat' dir='ltr'><strong>vere</strong></span> <span class='ocrx_word' id='word_1_111' title='bbox 135 699 237 732; x_wconf 88' lang='lat' dir='ltr'><strong>dicam,</strong></span> <span class='ocrx_word' id='word_1_112' title='bbox 263 707 359 734; x_wconf 86' lang='lat' dir='ltr'><strong>parum</strong></span> <span class='ocrx_word' id='word_1_113' title='bbox 383 700 416 727; x_wconf 88' lang='lat' dir='ltr'><strong>ad</strong></span> <span class='ocrx_word' id='word_1_114' title='bbox 436 707 505 727; x_wconf 89' lang='lat' dir='ltr'><strong>rem.</strong></span> <span class='ocrx_word' id='word_1_115' title='bbox 520 699 699 727; x_wconf 82' lang='lat' dir='ltr'><strong>Aﬂirmabant</strong></span> <span class='ocrx_word' id='word_1_116' title='bbox 720 701 829 734; x_wconf 80' lang='lat' dir='ltr'><strong>quidam</strong></span> 
     </span>
    </p>
   </div>
   <div class='ocr_carea' id='block_1_17' title="bbox 53 745 833 781">
    <p class='ocr_par' dir='ltr' id='par_1_17' title="bbox 53 745 833 781">
     <span class='ocr_line' id='line_1_17' title="bbox 53 745 833 781; baseline 0.003 -9"><span class='ocrx_word' id='word_1_117' title='bbox 53 745 186 773; x_wconf 84' lang='lat' dir='ltr'><strong>Christum</strong></span> <span class='ocrx_word' id='word_1_118' title='bbox 201 752 266 773; x_wconf 87' lang='lat' dir='ltr'><strong>esse</strong></span> <span class='ocrx_word' id='word_1_119' title='bbox 281 745 469 774; x_wconf 87' lang='lat' dir='ltr'><strong>universorum</strong></span> <span class='ocrx_word' id='word_1_120' title='bbox 496 746 591 780; x_wconf 91' lang='lat' dir='ltr'><strong>Deum,</strong></span> <span class='ocrx_word' id='word_1_121' title='bbox 617 747 699 781; x_wconf 87' lang='lat' dir='ltr'><strong>idque</strong></span> <span class='ocrx_word' id='word_1_122' title='bbox 719 754 782 775; x_wconf 84' lang='lat' dir='ltr'><strong>vere</strong></span> <span class='ocrx_word' id='word_1_123' title='bbox 805 751 833 774; x_wconf 86' lang='lat' dir='ltr'><strong>et</strong></span> 
     </span>
    </p>
   </div>
   <div class='ocr_carea' id='block_1_18' title="bbox 51 791 831 820">
    <p class='ocr_par' dir='ltr' id='par_1_18' title="bbox 51 791 831 820">
     <span class='ocr_line' id='line_1_18' title="bbox 51 791 831 820; baseline 0.001 -1"><span class='ocrx_word' id='word_1_124' title='bbox 51 791 207 820; x_wconf 77' lang='lat' dir='ltr'><strong>orthodoxe.</strong></span> <span class='ocrx_word' id='word_1_125' title='bbox 221 791 345 819; x_wconf 84' lang='lat' dir='ltr'><strong>Pertinet</strong></span> <span class='ocrx_word' id='word_1_126' title='bbox 372 791 436 819; x_wconf 91' lang='lat' dir='ltr'><strong>illud</strong></span> <span class='ocrx_word' id='word_1_127' title='bbox 462 798 528 819; x_wconf 87' lang='lat' dir='ltr'><strong>sane</strong></span> <span class='ocrx_word' id='word_1_128' title='bbox 545 792 578 819; x_wconf 87' lang='lat' dir='ltr'><strong>ad</strong></span> <span class='ocrx_word' id='word_1_129' title='bbox 598 792 716 819; x_wconf 84' lang='lat' dir='ltr'><strong>divinam</strong></span> <span class='ocrx_word' id='word_1_130' title='bbox 731 792 831 820; x_wconf 84' lang='lat' dir='ltr'><strong>Christi</strong></span> 
     </span>
    </p>
   </div>
   <div class='ocr_carea' id='block_1_19' title="bbox 54 836 833 873">
    <p class='ocr_par' dir='ltr' id='par_1_19' title="bbox 54 836 833 873">
     <span class='ocr_line' id='line_1_19' title="bbox 54 836 833 873; baseline 0 -9"><span class='ocrx_word' id='word_1_131' title='bbox 54 841 181 869; x_wconf 82' lang='lat' dir='ltr'><strong>naturam,</strong></span> <span class='ocrx_word' id='word_1_132' title='bbox 199 844 254 864; x_wconf 92' lang='lat' dir='ltr'><strong>non</strong></span> <span class='ocrx_word' id='word_1_133' title='bbox 266 837 300 864; x_wconf 92' lang='lat' dir='ltr'><strong>ad</strong></span> <span class='ocrx_word' id='word_1_134' title='bbox 316 837 473 865; x_wconf 83' lang='lat' dir='ltr'><strong>humanam.</strong></span> <span class='ocrx_word' id='word_1_135' title='bbox 488 836 573 873; x_wconf 79' lang='lat' dir='ltr'><strong>Negat.</strong></span> <span class='ocrx_word' id='word_1_136' title='bbox 587 845 602 865; x_wconf 92' lang='lat' dir='ltr'><strong>e</strong></span> <span class='ocrx_word' id='word_1_137' title='bbox 621 838 757 866; x_wconf 86' lang='lat' dir='ltr'><strong>contrario</strong></span> <span class='ocrx_word' id='word_1_138' title='bbox 771 837 833 866; x_wconf 84' lang='lat' dir='ltr'><strong>Ori-</strong></span> 
     </span>
    </p>
   </div>
   <div class='ocr_carea' id='block_1_20' title="bbox 54 872 869 919">
    <p class='ocr_par' dir='ltr' id='par_1_20' title="bbox 54 872 869 919">
     <span class='ocr_line' id='line_1_20' title="bbox 54 872 869 919; baseline 0.001 -9"><span class='ocrx_word' id='word_1_139' title='bbox 54 890 128 918; x_wconf 72' lang='lat' dir='ltr'><strong>genes</strong></span> <span class='ocrx_word' id='word_1_140' title='bbox 147 882 322 911; x_wconf 78' lang='lat' dir='ltr'><strong>servatorem</strong></span> <span class='ocrx_word' id='word_1_141' title='bbox 348 890 409 910; x_wconf 87' lang='lat' dir='ltr'><strong>esse</strong></span> <span class='ocrx_word' id='word_1_142' title='bbox 427 872 615 911; x_wconf 79' lang='lat' dir='ltr'><strong>universorum</strong></span> <span class='ocrx_word' id='word_1_143' title='bbox 630 884 713 912; x_wconf 89' lang='lat' dir='ltr'><strong>Deum</strong></span> <span class='ocrx_word' id='word_1_144' title='bbox 727 904 734 916; x_wconf 88' lang='lat'><strong>,</strong></span> <span class='ocrx_word' id='word_1_145' title='bbox 760 884 831 919; x_wconf 86' lang='lat' dir='ltr'><strong>quod</strong></span> <span class='ocrx_word' id='word_1_146' title='bbox 847 872 869 900; x_wconf 76' lang='grc' dir='ltr'><strong>Β</strong></span> 
     </span>
    </p>
   </div>
   <div class='ocr_carea' id='block_1_21' title="bbox 55 927 833 964">
    <p class='ocr_par' dir='ltr' id='par_1_21' title="bbox 55 927 833 964">
     <span class='ocr_line' id='line_1_21' title="bbox 55 927 833 964; baseline 0.001 -8"><span class='ocrx_word' id='word_1_147' title='bbox 55 928 112 956; x_wconf 87' lang='lat' dir='ltr'><strong>inde</strong></span> <span class='ocrx_word' id='word_1_148' title='bbox 128 929 224 963; x_wconf 86' lang='lat' dir='ltr'><strong>probat</strong></span> <span class='ocrx_word' id='word_1_149' title='bbox 235 929 301 963; x_wconf 86' lang='lat' dir='ltr'><strong>quia</strong></span> <span class='ocrx_word' id='word_1_150' title='bbox 317 927 395 956; x_wconf 84' lang='lat' dir='ltr'><strong>Patre</strong></span> <span class='ocrx_word' id='word_1_151' title='bbox 409 929 497 956; x_wconf 90' lang='lat' dir='ltr'><strong>minor</strong></span> <span class='ocrx_word' id='word_1_152' title='bbox 515 929 561 961; x_wconf 85' lang='lat' dir='ltr'><strong>sit,</strong></span> <span class='ocrx_word' id='word_1_153' title='bbox 574 930 621 964; x_wconf 86' lang='lat' dir='ltr'><strong>qui</strong></span> <span class='ocrx_word' id='word_1_154' title='bbox 636 934 678 957; x_wconf 87' lang='lat' dir='ltr'><strong>est</strong></span> <span class='ocrx_word' id='word_1_155' title='bbox 692 929 833 957; x_wconf 88' lang='lat' dir='ltr'><strong>universo-</strong></span> 
     </span>
    </p>
   </div>
   <div class='ocr_carea' id='block_1_22' title="bbox 56 973 835 1009">
    <p class='ocr_par' dir='ltr' id='par_1_22' title="bbox 56 973 835 1009">
     <span class='ocr_line' id='line_1_22' title="bbox 56 973 835 1009; baseline 0.001 -8"><span class='ocrx_word' id='word_1_156' title='bbox 56 981 109 1002; x_wconf 90' lang='lat' dir='ltr'><strong>rum</strong></span> <span class='ocrx_word' id='word_1_157' title='bbox 134 974 214 1002; x_wconf 88' lang='lat' dir='ltr'><strong>Deus.</strong></span> <span class='ocrx_word' id='word_1_158' title='bbox 245 973 350 1001; x_wconf 74' lang='lat' dir='ltr'><strong>Divinas</strong></span> <span class='ocrx_word' id='word_1_159' title='bbox 370 981 436 1009; x_wconf 78' lang='lat' dir='ltr'><strong>ergo</strong></span> <span class='ocrx_word' id='word_1_160' title='bbox 459 974 563 1002; x_wconf 85' lang='lat' dir='ltr'><strong>Christi</strong></span> <span class='ocrx_word' id='word_1_161' title='bbox 588 978 692 1002; x_wconf 72' lang='lat' dir='ltr'><strong>naturae</strong></span> <span class='ocrx_word' id='word_1_162' title='bbox 715 974 835 1002; x_wconf 87' lang='lat' dir='ltr'><strong>detrahit</strong></span> 
     </span>
    </p>
   </div>
   <div class='ocr_carea' id='block_1_23' title="bbox 57 1019 835 1055">
    <p class='ocr_par' dir='ltr' id='par_1_23' title="bbox 57 1019 835 1055">
     <span class='ocr_line' id='line_1_23' title="bbox 57 1019 835 1055; baseline 0 -7"><span class='ocrx_word' id='word_1_163' title='bbox 57 1027 199 1055; x_wconf 82' lang='lat' dir='ltr'><strong>supremam</strong></span> <span class='ocrx_word' id='word_1_164' title='bbox 224 1019 298 1046; x_wconf 71' lang='lat' dir='ltr'><strong>illam</strong></span> <span class='ocrx_word' id='word_1_165' title='bbox 322 1019 437 1055; x_wconf 80' lang='grc' dir='ltr'><strong>θεότητα</strong></span> <span class='ocrx_word' id='word_1_166' title='bbox 459 1027 539 1054; x_wconf 86' lang='lat' dir='ltr'><strong>supra</strong></span> <span class='ocrx_word' id='word_1_167' title='bbox 568 1027 611 1047; x_wconf 87' lang='lat' dir='ltr'><strong>res</strong></span> <span class='ocrx_word' id='word_1_168' title='bbox 631 1020 781 1052; x_wconf 86' lang='lat' dir='ltr'><strong>universas,</strong></span> <span class='ocrx_word' id='word_1_169' title='bbox 807 1024 835 1048; x_wconf 88' lang='lat' dir='ltr'><strong>et</strong></span> 
     </span>
    </p>
   </div>
   <div class='ocr_carea' id='block_1_24' title="bbox 56 1065 833 1102">
    <p class='ocr_par' dir='ltr' id='par_1_24' title="bbox 56 1065 833 1102">
     <span class='ocr_line' id='line_1_24' title="bbox 56 1065 833 1102; baseline 0.003 -10"><span class='ocrx_word' id='word_1_170' title='bbox 56 1065 122 1094; x_wconf 85' lang='lat' dir='ltr'><strong>Patri</strong></span> <span class='ocrx_word' id='word_1_171' title='bbox 138 1067 238 1094; x_wconf 82' lang='lat' dir='ltr'><strong>addicit</strong></span> <span class='ocrx_word' id='word_1_172' title='bbox 255 1067 444 1102; x_wconf 85' lang='lat' dir='ltr'><strong>;proindeque</strong></span> <span class='ocrx_word' id='word_1_173' title='bbox 460 1066 570 1102; x_wconf 81' lang='grc' dir='ltr'>μεγέθει</span> <span class='ocrx_word' id='word_1_174' title='bbox 586 1067 652 1099; x_wconf 82' lang='grc' dir='ltr'>τινι,</span> <span class='ocrx_word' id='word_1_175' title='bbox 667 1070 693 1095; x_wconf 86' lang='lat' dir='ltr'><strong>et</strong></span> <span class='ocrx_word' id='word_1_176' title='bbox 709 1072 738 1094; x_wconf 93' lang='lat' dir='ltr'><strong>ut</strong></span> <span class='ocrx_word' id='word_1_177' title='bbox 750 1067 833 1094; x_wconf 81' lang='lat' dir='ltr'><strong>Deum</strong></span> 
     </span>
    </p>
   </div>
   <div class='ocr_carea' id='block_1_25' title="bbox 57 1111 834 1146">
    <p class='ocr_par' dir='ltr' id='par_1_25' title="bbox 57 1111 834 1146">
     <span class='ocr_line' id='line_1_25' title="bbox 57 1111 834 1146; baseline 0.003 -8"><span class='ocrx_word' id='word_1_178' title='bbox 57 1111 116 1146; x_wconf 85' lang='lat' dir='ltr'><strong>Deo,</strong></span> <span class='ocrx_word' id='word_1_179' title='bbox 129 1112 284 1140; x_wconf 80' lang='lat' dir='ltr'><strong>inferiorem</strong></span> <span class='ocrx_word' id='word_1_180' title='bbox 300 1112 378 1140; x_wconf 88' lang='lat' dir='ltr'><strong>Patre</strong></span> <span class='ocrx_word' id='word_1_181' title='bbox 393 1113 492 1140; x_wconf 88' lang='lat' dir='ltr'><strong>Filium</strong></span> <span class='ocrx_word' id='word_1_182' title='bbox 507 1113 612 1145; x_wconf 91' lang='lat' dir='ltr'><strong>statuit,</strong></span> <span class='ocrx_word' id='word_1_183' title='bbox 628 1120 681 1140; x_wconf 92' lang='lat' dir='ltr'><strong>non</strong></span> <span class='ocrx_word' id='word_1_184' title='bbox 697 1117 727 1140; x_wconf 91' lang='lat' dir='ltr'><strong>ut</strong></span> <span class='ocrx_word' id='word_1_185' title='bbox 746 1113 834 1140; x_wconf 90' lang='lat' dir='ltr'><strong>homi-</strong></span> 
     </span>
    </p>
   </div>
   <div class='ocr_carea' id='block_1_26' title="bbox 57 1157 834 1194">
    <p class='ocr_par' dir='ltr' id='par_1_26' title="bbox 57 1157 834 1194">
     <span class='ocr_line' id='line_1_26' title="bbox 57 1157 834 1194; baseline 0.003 -10"><span class='ocrx_word' id='word_1_186' title='bbox 57 1165 111 1185; x_wconf 86' lang='lat' dir='ltr'><strong>nem</strong></span> <span class='ocrx_word' id='word_1_187' title='bbox 127 1157 191 1185; x_wconf 88' lang='lat' dir='ltr'><strong>Deo.</strong></span> <span class='ocrx_word' id='word_1_188' title='bbox 206 1158 339 1187; x_wconf 83' lang='lat' dir='ltr'><strong>Leontius</strong></span> <span class='ocrx_word' id='word_1_189' title='bbox 355 1158 521 1194; x_wconf 84' lang='lat' dir='ltr'><strong>Byzantinus</strong></span> <span class='ocrx_word' id='word_1_190' title='bbox 533 1158 705 1186; x_wconf 80' lang='lat' dir='ltr'><strong>Scholiorum</strong></span> <span class='ocrx_word' id='word_1_191' title='bbox 727 1158 834 1186; x_wconf 86' lang='lat' dir='ltr'><strong>actione</strong></span> 
     </span>
    </p>
   </div>
   <div class='ocr_carea' id='block_1_27' title="bbox 59 1202 833 1238">
    <p class='ocr_par' dir='ltr' id='par_1_27' title="bbox 59 1202 833 1238">
     <span class='ocr_line' id='line_1_27' title="bbox 59 1202 833 1238; baseline 0 -8"><span class='ocrx_word' id='word_1_192' title='bbox 59 1202 98 1234; x_wconf 82' lang='lat' dir='ltr'><strong>ll),</strong></span> <span class='ocrx_word' id='word_1_193' title='bbox 113 1203 144 1230; x_wconf 92' lang='lat' dir='ltr'><strong>ad</strong></span> <span class='ocrx_word' id='word_1_194' title='bbox 156 1203 372 1231; x_wconf 87' lang='lat' dir='ltr'><strong>convincendum</strong></span> <span class='ocrx_word' id='word_1_195' title='bbox 388 1204 492 1232; x_wconf 86' lang='lat' dir='ltr'><strong>erroris</strong></span> <span class='ocrx_word' id='word_1_196' title='bbox 514 1203 595 1237; x_wconf 90' lang='lat' dir='ltr'><strong>hujus</strong></span> <span class='ocrx_word' id='word_1_197' title='bbox 612 1203 757 1238; x_wconf 74' lang='lat' dir='ltr'><strong>Origenem</strong></span> <span class='ocrx_word' id='word_1_198' title='bbox 783 1204 833 1230; x_wconf 91' lang='lat' dir='ltr'><strong>ista</strong></span> 
     </span>
    </p>
   </div>
   <div class='ocr_carea' id='block_1_28' title="bbox 59 1248 834 1284">
    <p class='ocr_par' dir='ltr' id='par_1_28' title="bbox 59 1248 834 1284">
     <span class='ocr_line' id='line_1_28' title="bbox 59 1248 834 1284; baseline 0 -9"><span class='ocrx_word' id='word_1_199' title='bbox 59 1248 158 1275; x_wconf 81' lang='lat' dir='ltr'><strong>adducit</strong></span> <span class='ocrx_word' id='word_1_200' title='bbox 172 1250 256 1277; x_wconf 88' lang='lat' dir='ltr'><strong>verba</strong></span> <span class='ocrx_word' id='word_1_201' title='bbox 271 1257 305 1277; x_wconf 86' lang='lat' dir='ltr'><strong>ex</strong></span> <span class='ocrx_word' id='word_1_202' title='bbox 318 1250 433 1284; x_wconf 86' lang='lat' dir='ltr'><strong>quadam</strong></span> <span class='ocrx_word' id='word_1_203' title='bbox 455 1250 541 1283; x_wconf 90' lang='lat' dir='ltr'><strong>ipsius</strong></span> <span class='ocrx_word' id='word_1_204' title='bbox 557 1249 690 1284; x_wconf 88' lang='lat' dir='ltr'><strong>epistola:</strong></span> <span class='ocrx_word' id='word_1_205' title='bbox 714 1249 743 1275; x_wconf 91' lang='lat'><strong>&#39;0</strong></span> <span class='ocrx_word' id='word_1_206' title='bbox 769 1249 834 1281; x_wconf 79' lang='grc' dir='ltr'>Υἱὸς</span> 
     </span>
    </p>
   </div>
   <div class='ocr_carea' id='block_1_29' title="bbox 59 1293 834 1331">
    <p class='ocr_par' dir='ltr' id='par_1_29' title="bbox 59 1293 834 1331">
     <span class='ocr_line' id='line_1_29' title="bbox 59 1293 834 1331; baseline 0.004 -12"><span class='ocrx_word' id='word_1_207' title='bbox 59 1293 178 1328; x_wconf 75' lang='grc' dir='ltr'>ἢμείζων</span> <span class='ocrx_word' id='word_1_208' title='bbox 194 1295 254 1322; x_wconf 74' lang='grc' dir='ltr'><strong>ἐστὶ</strong></span> <span class='ocrx_word' id='word_1_209' title='bbox 268 1294 316 1321; x_wconf 83' lang='grc' dir='ltr'><strong>τοῦ</strong></span> <span class='ocrx_word' id='word_1_210' title='bbox 328 1294 475 1330; x_wconf 77' lang='grc' dir='ltr'><strong>Πατρὸς,ἣ</strong></span> <span class='ocrx_word' id='word_1_211' title='bbox 491 1295 619 1328; x_wconf 73' lang='grc' dir='ltr'><strong>ἐλάττων,</strong></span> <span class='ocrx_word' id='word_1_212' title='bbox 634 1294 650 1331; x_wconf 81' lang='grc' dir='ltr'>ἢ</span> <span class='ocrx_word' id='word_1_213' title='bbox 665 1295 730 1327; x_wconf 73' lang='grc' dir='ltr'><strong>ἴσος·</strong></span> <span class='ocrx_word' id='word_1_214' title='bbox 750 1295 775 1322; x_wconf 75' lang='grc' dir='ltr'>εἰ</span> <span class='ocrx_word' id='word_1_215' title='bbox 788 1293 834 1322; x_wconf 69' lang='grc' dir='ltr'><strong>οὖν</strong></span> 
     </span>
    </p>
   </div>
   <div class='ocr_carea' id='block_1_30' title="bbox 59 1339 834 1376">
    <p class='ocr_par' dir='ltr' id='par_1_30' title="bbox 59 1339 834 1376">
     <span class='ocr_line' id='line_1_30' title="bbox 59 1339 834 1376; baseline -0.001 -9"><span class='ocrx_word' id='word_1_216' title='bbox 59 1339 128 1372; x_wconf 78' lang='grc' dir='ltr'>δείξω</span> <span class='ocrx_word' id='word_1_217' title='bbox 145 1341 184 1367; x_wconf 85' lang='grc' dir='ltr'><strong>ὃτι</strong></span> <span class='ocrx_word' id='word_1_218' title='bbox 207 1340 271 1367; x_wconf 77' lang='grc' dir='ltr'><strong>οὐδὲ</strong></span> <span class='ocrx_word' id='word_1_219' title='bbox 296 1341 394 1376; x_wconf 76' lang='grc' dir='ltr'>μείζων</span> <span class='ocrx_word' id='word_1_220' title='bbox 416 1340 499 1373; x_wconf 73' lang='grc' dir='ltr'><strong>ἐστὶν,</strong></span> <span class='ocrx_word' id='word_1_221' title='bbox 518 1340 579 1367; x_wconf 76' lang='grc' dir='ltr'>οὐδὲ</span> <span class='ocrx_word' id='word_1_222' title='bbox 602 1341 668 1373; x_wconf 84' lang='grc' dir='ltr'>ῐσος,</span> <span class='ocrx_word' id='word_1_223' title='bbox 690 1340 767 1375; x_wconf 81' lang='grc' dir='ltr'>δῆλον</span> <span class='ocrx_word' id='word_1_224' title='bbox 793 1341 834 1367; x_wconf 80' lang='grc' dir='ltr'><strong>ὅτι</strong></span> 
     </span>
    </p>
   </div>
   <div class='ocr_carea' id='block_1_31' title="bbox 60 1386 833 1422">
    <p class='ocr_par' dir='ltr' id='par_1_31' title="bbox 60 1386 833 1422">
     <span class='ocr_line' id='line_1_31' title="bbox 60 1386 833 1422; baseline 0.004 -10"><span class='ocrx_word' id='word_1_225' title='bbox 60 1386 166 1414; x_wconf 70' lang='grc' dir='ltr'><strong>ἐλάττων</strong></span> <span class='ocrx_word' id='word_1_226' title='bbox 182 1387 269 1415; x_wconf 76' lang='grc' dir='ltr'><strong>ἐστιν.</strong></span> <span class='ocrx_word' id='word_1_227' title='bbox 285 1387 425 1415; x_wconf 87' lang='lat' dir='ltr'><strong>Postremo</strong></span> <span class='ocrx_word' id='word_1_228' title='bbox 440 1395 500 1415; x_wconf 86' lang='lat' dir='ltr'><strong>cum</strong></span> <span class='ocrx_word' id='word_1_229' title='bbox 515 1388 615 1415; x_wconf 79' lang='lat' dir='ltr'><strong>dixerit</strong></span> <span class='ocrx_word' id='word_1_230' title='bbox 637 1388 763 1422; x_wconf 87' lang='lat' dir='ltr'><strong>superius</strong></span> <span class='ocrx_word' id='word_1_231' title='bbox 778 1387 833 1415; x_wconf 83' lang='lat' dir='ltr'><strong>Pa-</strong></span> 
     </span>
    </p>
   </div>
   <div class='ocr_carea' id='block_1_32' title="bbox 61 1433 834 1468">
    <p class='ocr_par' dir='ltr' id='par_1_32' title="bbox 61 1433 834 1468">
     <span class='ocr_line' id='line_1_32' title="bbox 61 1433 834 1468; baseline 0.003 -9"><span class='ocrx_word' id='word_1_232' title='bbox 61 1437 121 1461; x_wconf 88' lang='lat' dir='ltr'><strong>trem</strong></span> <span class='ocrx_word' id='word_1_233' title='bbox 137 1433 268 1466; x_wconf 87' lang='lat' dir='ltr'><strong>essentia,</strong></span> <span class='ocrx_word' id='word_1_234' title='bbox 281 1433 422 1468; x_wconf 75' lang='lat' dir='ltr'><strong>dignitate,</strong></span> <span class='ocrx_word' id='word_1_235' title='bbox 448 1434 561 1467; x_wconf 88' lang='lat' dir='ltr'><strong>virtute,</strong></span> <span class='ocrx_word' id='word_1_236' title='bbox 589 1433 740 1466; x_wconf 88' lang='lat' dir='ltr'><strong>divinitate,</strong></span> <span class='ocrx_word' id='word_1_237' title='bbox 757 1433 834 1462; x_wconf 90' lang='lat' dir='ltr'><strong>boni-</strong></span> 
     </span>
    </p>
   </div>
   <div class='ocr_carea' id='block_1_33' title="bbox 61 1479 834 1514">
    <p class='ocr_par' dir='ltr' id='par_1_33' title="bbox 61 1479 834 1514">
     <span class='ocr_line' id='line_1_33' title="bbox 61 1479 834 1514; baseline 0.003 -9"><span class='ocrx_word' id='word_1_238' title='bbox 61 1482 110 1506; x_wconf 83' lang='lat' dir='ltr'><strong>tate</strong></span> <span class='ocrx_word' id='word_1_239' title='bbox 127 1484 154 1506; x_wconf 89' lang='lat' dir='ltr'><strong>et</strong></span> <span class='ocrx_word' id='word_1_240' title='bbox 174 1479 308 1514; x_wconf 86' lang='lat' dir='ltr'><strong>sapientia</strong></span> <span class='ocrx_word' id='word_1_241' title='bbox 327 1484 457 1514; x_wconf 56' lang='lat' dir='ltr'><strong>praestare</strong></span> <span class='ocrx_word' id='word_1_242' title='bbox 472 1479 553 1511; x_wconf 85' lang='lat' dir='ltr'><strong>Filio,</strong></span> <span class='ocrx_word' id='word_1_243' title='bbox 571 1479 641 1507; x_wconf 85' lang='lat' dir='ltr'><strong>idern</strong></span> <span class='ocrx_word' id='word_1_244' title='bbox 656 1487 766 1514; x_wconf 87' lang='lat' dir='ltr'><strong>quoque</strong></span> <span class='ocrx_word' id='word_1_245' title='bbox 779 1481 834 1507; x_wconf 89' lang='lat' dir='ltr'><strong>sci-</strong></span> 
     </span>
    </p>
   </div>
   <div class='ocr_carea' id='block_1_34' title="bbox 62 1524 869 1571">
    <p class='ocr_par' dir='ltr' id='par_1_34' title="bbox 62 1524 869 1571">
     <span class='ocr_line' id='line_1_34' title="bbox 62 1524 869 1571; baseline 0.001 -20"><span class='ocrx_word' id='word_1_246' title='bbox 62 1524 157 1571; x_wconf 49' lang='lat' dir='ltr'><strong>scit.de</strong></span> <span class='ocrx_word' id='word_1_247' title='bbox 180 1525 295 1553; x_wconf 87' lang='lat' dir='ltr'><strong>scientia</strong></span> <span class='ocrx_word' id='word_1_248' title='bbox 320 1531 399 1553; x_wconf 90' lang='lat' dir='ltr'><strong>tract.</strong></span> <span class='ocrx_word' id='word_1_249' title='bbox 430 1525 475 1558; x_wconf 76' lang='lat'><strong>50,</strong></span> <span class='ocrx_word' id='word_1_250' title='bbox 500 1525 527 1553; x_wconf 80' lang='lat' dir='ltr'><strong>in</strong></span> <span class='ocrx_word' id='word_1_251' title='bbox 548 1525 657 1559; x_wconf 67' lang='lat' dir='ltr'><strong>Malm,</strong></span> <span class='ocrx_word' id='word_1_252' title='bbox 686 1534 761 1553; x_wconf 89' lang='lat' dir='ltr'><strong>num.</strong></span> <span class='ocrx_word' id='word_1_253' title='bbox 777 1526 831 1554; x_wconf 84' lang='lat'><strong>55:</strong></span> <span class='ocrx_word' id='word_1_254' title='bbox 847 1542 869 1571; x_wconf 63' lang='grc' dir='ltr'>α</span> 
     </span>
    </p>
   </div>
   <div class='ocr_carea' id='block_1_35' title="bbox 64 1570 833 1606">
    <p class='ocr_par' dir='ltr' id='par_1_35' title="bbox 64 1570 833 1606">
     <span class='ocr_line' id='line_1_35' title="bbox 64 1570 833 1606; baseline 0.004 -10"><span class='ocrx_word' id='word_1_255' title='bbox 64 1578 74 1595; x_wconf 77' lang='grc' dir='ltr'>ι</span> <span class='ocrx_word' id='word_1_256' title='bbox 87 1570 202 1598; x_wconf 83' lang='lat' dir='ltr'><strong>Forsitan</strong></span> <span class='ocrx_word' id='word_1_257' title='bbox 218 1576 310 1598; x_wconf 86' lang='lat' dir='ltr'><strong>autem</strong></span> <span class='ocrx_word' id='word_1_258' title='bbox 325 1576 352 1598; x_wconf 91' lang='lat' dir='ltr'><strong>et</strong></span> <span class='ocrx_word' id='word_1_259' title='bbox 368 1572 439 1606; x_wconf 90' lang='lat' dir='ltr'><strong>quod</strong></span> <span class='ocrx_word' id='word_1_260' title='bbox 456 1571 494 1599; x_wconf 89' lang='lat' dir='ltr'><strong>ait</strong></span> <span class='ocrx_word' id='word_1_261' title='bbox 507 1572 613 1599; x_wconf 84' lang='lat' dir='ltr'><strong>nescire</strong></span> <span class='ocrx_word' id='word_1_262' title='bbox 626 1579 655 1599; x_wconf 88' lang='lat' dir='ltr'><strong>se</strong></span> <span class='ocrx_word' id='word_1_263' title='bbox 675 1572 745 1599; x_wconf 85' lang='lat' dir='ltr'><strong>diem</strong></span> <span class='ocrx_word' id='word_1_264' title='bbox 767 1579 833 1599; x_wconf 87' lang='lat' dir='ltr'><strong>con-</strong></span> 
     </span>
    </p>
   </div>
   <div class='ocr_carea' id='block_1_36' title="bbox 61 1617 829 1652">
    <p class='ocr_par' dir='ltr' id='par_1_36' title="bbox 61 1617 829 1652">
     <span class='ocr_line' id='line_1_36' title="bbox 61 1617 829 1652; baseline 0.003 -10"><span class='ocrx_word' id='word_1_265' title='bbox 61 1617 238 1645; x_wconf 76' lang='lat' dir='ltr'><strong>summationis</strong></span> <span class='ocrx_word' id='word_1_266' title='bbox 259 1622 286 1645; x_wconf 90' lang='lat' dir='ltr'><strong>et</strong></span> <span class='ocrx_word' id='word_1_267' title='bbox 305 1617 411 1649; x_wconf 87' lang='lat' dir='ltr'><strong>horam,</strong></span> <span class='ocrx_word' id='word_1_268' title='bbox 430 1622 493 1645; x_wconf 82' lang='lat' dir='ltr'><strong>ante</strong></span> <span class='ocrx_word' id='word_1_269' title='bbox 506 1617 734 1652; x_wconf 86' lang='lat' dir='ltr'><strong>dispensationem</strong></span> <span class='ocrx_word' id='word_1_270' title='bbox 751 1624 829 1644; x_wconf 88' lang='lat' dir='ltr'><strong>suam</strong></span> 
     </span>
    </p>
   </div>
   <div class='ocr_carea' id='block_1_37' title="bbox 63 1661 832 1698">
    <p class='ocr_par' dir='ltr' id='par_1_37' title="bbox 63 1661 832 1698">
     <span class='ocr_line' id='line_1_37' title="bbox 63 1661 832 1698; baseline 0.003 -10"><span class='ocrx_word' id='word_1_271' title='bbox 63 1661 121 1689; x_wconf 79' lang='lat' dir='ltr'><strong>dixit</strong></span> <span class='ocrx_word' id='word_1_272' title='bbox 136 1663 206 1698; x_wconf 86' lang='lat' dir='ltr'><strong>quia,</strong></span> <span class='ocrx_word' id='word_1_273' title='bbox 226 1663 312 1690; x_wconf 80' lang='lat' dir='ltr'><strong>Nemo</strong></span> <span class='ocrx_word' id='word_1_274' title='bbox 325 1663 384 1695; x_wconf 69' lang='lat' dir='ltr'><strong>scit,</strong></span> <span class='ocrx_word' id='word_1_275' title='bbox 411 1671 493 1698; x_wconf 80' lang='lat' dir='ltr'><strong>neque</strong></span> <span class='ocrx_word' id='word_1_276' title='bbox 515 1663 612 1698; x_wconf 80' lang='lat' dir='ltr'><strong>angeli,</strong></span> <span class='ocrx_word' id='word_1_277' title='bbox 640 1671 720 1697; x_wconf 79' lang='lat' dir='ltr'><strong>neque</strong></span> <span class='ocrx_word' id='word_1_278' title='bbox 736 1662 832 1696; x_wconf 79' lang='lat' dir='ltr'><strong>Filius,</strong></span> 
     </span>
    </p>
   </div>
   <div class='ocr_carea' id='block_1_38' title="bbox 63 1707 830 1743">
    <p class='ocr_par' dir='ltr' id='par_1_38' title="bbox 63 1707 830 1743">
     <span class='ocr_line' id='line_1_38' title="bbox 63 1707 830 1743; baseline 0.001 -10"><span class='ocrx_word' id='word_1_279' title='bbox 63 1707 107 1734; x_wconf 74' lang='lat' dir='ltr'><strong>nisi</strong></span> <span class='ocrx_word' id='word_1_280' title='bbox 124 1709 191 1736; x_wconf 71' lang='lat' dir='ltr'><strong>solus</strong></span> <span class='ocrx_word' id='word_1_281' title='bbox 207 1707 290 1736; x_wconf 79' lang='lat' dir='ltr'><strong>Pater</strong></span> <span class='ocrx_word' id='word_1_282' title='bbox 305 1708 338 1735; x_wconf 79' lang='lat'><strong>“.</strong></span> <span class='ocrx_word' id='word_1_283' title='bbox 356 1708 419 1736; x_wconf 87' lang='lat' dir='ltr'><strong>Post</strong></span> <span class='ocrx_word' id='word_1_284' title='bbox 435 1708 663 1743; x_wconf 83' lang='lat' dir='ltr'><strong>dispensationem</strong></span> <span class='ocrx_word' id='word_1_285' title='bbox 681 1713 770 1736; x_wconf 88' lang='lat' dir='ltr'><strong>autem</strong></span> <span class='ocrx_word' id='word_1_286' title='bbox 782 1709 830 1735; x_wconf 92' lang='lat' dir='ltr'><strong>im-</strong></span> 
     </span>
    </p>
   </div>
   <div class='ocr_carea' id='block_1_39' title="bbox 63 1751 834 1788">
    <p class='ocr_par' dir='ltr' id='par_1_39' title="bbox 63 1751 834 1788">
     <span class='ocr_line' id='line_1_39' title="bbox 63 1751 834 1788; baseline 0.003 -10"><span class='ocrx_word' id='word_1_287' title='bbox 63 1751 151 1786; x_wconf 85' lang='lat' dir='ltr'><strong>pletam</strong></span> <span class='ocrx_word' id='word_1_288' title='bbox 171 1761 341 1788; x_wconf 84' lang='lat' dir='ltr'><strong>nequaquam</strong></span> <span class='ocrx_word' id='word_1_289' title='bbox 352 1754 403 1781; x_wconf 90' lang='lat' dir='ltr'><strong>hoc</strong></span> <span class='ocrx_word' id='word_1_290' title='bbox 417 1754 498 1786; x_wconf 83' lang='lat' dir='ltr'><strong>dixit,</strong></span> <span class='ocrx_word' id='word_1_291' title='bbox 514 1759 656 1788; x_wconf 86' lang='lat' dir='ltr'><strong>postquam</strong></span> <span class='ocrx_word' id='word_1_292' title='bbox 675 1753 744 1781; x_wconf 73' lang='lat' dir='ltr'><strong>Deus</strong></span> <span class='ocrx_word' id='word_1_293' title='bbox 759 1753 834 1780; x_wconf 81' lang='lat' dir='ltr'><strong>illum</strong></span> 
     </span>
    </p>
   </div>
   <div class='ocr_carea' id='block_1_40' title="bbox 64 1799 835 1833">
    <p class='ocr_par' dir='ltr' id='par_1_40' title="bbox 64 1799 835 1833">
     <span class='ocr_line' id='line_1_40' title="bbox 64 1799 835 1833; baseline 0.003 -10"><span class='ocrx_word' id='word_1_294' title='bbox 64 1799 263 1832; x_wconf 72' lang='lat' dir='ltr'><strong>superezallauit,</strong></span> <span class='ocrx_word' id='word_1_295' title='bbox 277 1805 299 1826; x_wconf 82' lang='lat' dir='ltr'><strong>et</strong></span> <span class='ocrx_word' id='word_1_296' title='bbox 314 1800 419 1826; x_wconf 82' lang='lat' dir='ltr'><strong>donavit</strong></span> <span class='ocrx_word' id='word_1_297' title='bbox 447 1800 471 1826; x_wconf 82' lang='lat' dir='ltr'><strong>ei</strong></span> <span class='ocrx_word' id='word_1_298' title='bbox 488 1807 581 1826; x_wconf 78' lang='lat' dir='ltr'><strong>nomen</strong></span> <span class='ocrx_word' id='word_1_299' title='bbox 607 1799 675 1832; x_wconf 85' lang='lat' dir='ltr'><strong>quod</strong></span> <span class='ocrx_word' id='word_1_300' title='bbox 696 1805 733 1826; x_wconf 82' lang='lat' dir='ltr'><strong>est</strong></span> <span class='ocrx_word' id='word_1_301' title='bbox 756 1807 835 1833; x_wconf 68' lang='lat' dir='ltr'><strong>super</strong></span> 
     </span>
    </p>
   </div>
   <div class='ocr_carea' id='block_1_41' title="bbox 65 1844 834 1880">
    <p class='ocr_par' dir='ltr' id='par_1_41' title="bbox 65 1844 834 1880">
     <span class='ocr_line' id='line_1_41' title="bbox 65 1844 834 1880; baseline 0.003 -10"><span class='ocrx_word' id='word_1_302' title='bbox 65 1850 130 1871; x_wconf 83' lang='lat' dir='ltr'><strong>omne</strong></span> <span class='ocrx_word' id='word_1_303' title='bbox 151 1853 245 1872; x_wconf 82' lang='lat' dir='ltr'><strong>nomen</strong></span> <span class='ocrx_word' id='word_1_304' title='bbox 272 1846 293 1861; x_wconf 82' lang='lat'>”</span> <span class='ocrx_word' id='word_1_305' title='bbox 316 1854 323 1873; x_wconf 92' lang='lat'><strong>:</strong></span> <span class='ocrx_word' id='word_1_306' title='bbox 350 1853 411 1872; x_wconf 87' lang='lat' dir='ltr'><strong>nam</strong></span> <span class='ocrx_word' id='word_1_307' title='bbox 439 1850 531 1880; x_wconf 87' lang='lat' dir='ltr'><strong>postea</strong></span> <span class='ocrx_word' id='word_1_308' title='bbox 559 1850 586 1872; x_wconf 90' lang='lat' dir='ltr'><strong>et</strong></span> <span class='ocrx_word' id='word_1_309' title='bbox 610 1844 695 1872; x_wconf 80' lang='lat' dir='ltr'><strong>Filius</strong></span> <span class='ocrx_word' id='word_1_310' title='bbox 708 1846 834 1880; x_wconf 79' lang='lat' dir='ltr'><strong>cognovit</strong></span> 
     </span>
    </p>
   </div>
   <div class='ocr_carea' id='block_1_42' title="bbox 65 1889 834 1926">
    <p class='ocr_par' dir='ltr' id='par_1_42' title="bbox 65 1889 834 1926">
     <span class='ocr_line' id='line_1_42' title="bbox 65 1889 834 1926; baseline 0.003 -11"><span class='ocrx_word' id='word_1_311' title='bbox 65 1889 191 1918; x_wconf 83' lang='lat' dir='ltr'><strong>scientiam</strong></span> <span class='ocrx_word' id='word_1_312' title='bbox 216 1900 231 1918; x_wconf 91' lang='lat' dir='ltr'><strong>a</strong></span> <span class='ocrx_word' id='word_1_313' title='bbox 258 1892 339 1918; x_wconf 87' lang='lat' dir='ltr'><strong>Patre</strong></span> <span class='ocrx_word' id='word_1_314' title='bbox 361 1892 523 1926; x_wconf 83' lang='lat' dir='ltr'><strong>suscipiens,</strong></span> <span class='ocrx_word' id='word_1_315' title='bbox 542 1891 623 1919; x_wconf 88' lang='lat' dir='ltr'><strong>etiam</strong></span> <span class='ocrx_word' id='word_1_316' title='bbox 651 1891 685 1918; x_wconf 86' lang='lat' dir='ltr'><strong>de</strong></span> <span class='ocrx_word' id='word_1_317' title='bbox 709 1891 751 1918; x_wconf 87' lang='lat' dir='ltr'><strong>die</strong></span> <span class='ocrx_word' id='word_1_318' title='bbox 768 1898 834 1918; x_wconf 63' lang='lat' dir='ltr'><strong>con-</strong></span> 
     </span>
    </p>
   </div>
   <div class='ocr_carea' id='block_1_43' title="bbox 65 1936 834 1971">
    <p class='ocr_par' dir='ltr' id='par_1_43' title="bbox 65 1936 834 1971">
     <span class='ocr_line' id='line_1_43' title="bbox 65 1936 834 1971; baseline 0.003 -10"><span class='ocrx_word' id='word_1_319' title='bbox 65 1937 239 1966; x_wconf 88' lang='lat' dir='ltr'><strong>summationis</strong></span> <span class='ocrx_word' id='word_1_320' title='bbox 252 1943 279 1964; x_wconf 88' lang='lat' dir='ltr'><strong>et</strong></span> <span class='ocrx_word' id='word_1_321' title='bbox 292 1937 370 1970; x_wconf 89' lang='lat' dir='ltr'><strong>hora,</strong></span> <span class='ocrx_word' id='word_1_322' title='bbox 389 1941 419 1964; x_wconf 92' lang='lat' dir='ltr'><strong>ut</strong></span> <span class='ocrx_word' id='word_1_323' title='bbox 435 1937 490 1971; x_wconf 93' lang='lat' dir='ltr'><strong>jam</strong></span> <span class='ocrx_word' id='word_1_324' title='bbox 510 1945 561 1964; x_wconf 93' lang='lat' dir='ltr'><strong>non</strong></span> <span class='ocrx_word' id='word_1_325' title='bbox 577 1937 665 1964; x_wconf 87' lang='lat' dir='ltr'><strong>solum</strong></span> <span class='ocrx_word' id='word_1_326' title='bbox 685 1936 763 1964; x_wconf 89' lang='lat' dir='ltr'><strong>Pater</strong></span> <span class='ocrx_word' id='word_1_327' title='bbox 780 1936 834 1964; x_wconf 89' lang='lat' dir='ltr'><strong>sci-</strong></span> 
     </span>
    </p>
   </div>
   <div class='ocr_carea' id='block_1_44' title="bbox 66 1982 831 2017">
    <p class='ocr_par' dir='ltr' id='par_1_44' title="bbox 66 1982 831 2017">
     <span class='ocr_line' id='line_1_44' title="bbox 66 1982 831 2017; baseline 0.003 -10"><span class='ocrx_word' id='word_1_328' title='bbox 66 1985 102 2008; x_wconf 84' lang='lat' dir='ltr'><strong>ret</strong></span> <span class='ocrx_word' id='word_1_329' title='bbox 116 1982 145 2009; x_wconf 89' lang='lat' dir='ltr'><strong>de</strong></span> <span class='ocrx_word' id='word_1_330' title='bbox 157 1990 198 2017; x_wconf 88' lang='lat' dir='ltr'><strong>ea,</strong></span> <span class='ocrx_word' id='word_1_331' title='bbox 219 1984 266 2011; x_wconf 91' lang='lat' dir='ltr'><strong>sed</strong></span> <span class='ocrx_word' id='word_1_332' title='bbox 279 1983 360 2010; x_wconf 88' lang='lat' dir='ltr'><strong>etiam</strong></span> <span class='ocrx_word' id='word_1_333' title='bbox 380 1983 476 2010; x_wconf 85' lang='lat' dir='ltr'><strong>Filius.</strong></span> <span class='ocrx_word' id='word_1_334' title='bbox 494 1993 503 2009; x_wconf 71' lang='grc' dir='ltr'>ι</span> <span class='ocrx_word' id='word_1_335' title='bbox 520 1983 602 2016; x_wconf 82' lang='lat' dir='ltr'><strong>Quasi</strong></span> <span class='ocrx_word' id='word_1_336' title='bbox 623 1983 748 2009; x_wconf 73' lang='lat' dir='ltr'><strong>Christus</strong></span> <span class='ocrx_word' id='word_1_337' title='bbox 763 1990 831 2010; x_wconf 88' lang='lat' dir='ltr'><strong>non-</strong></span> 
     </span>
    </p>
   </div>
   <div class='ocr_carea' id='block_1_45' title="bbox 66 2026 834 2063">
    <p class='ocr_par' dir='ltr' id='par_1_45' title="bbox 66 2026 834 2063">
     <span class='ocr_line' id='line_1_45' title="bbox 66 2026 834 2063; baseline 0.004 -11"><span class='ocrx_word' id='word_1_338' title='bbox 66 2026 109 2054; x_wconf 84' lang='lat' dir='ltr'><strong>nisi</strong></span> <span class='ocrx_word' id='word_1_339' title='bbox 122 2035 177 2062; x_wconf 83' lang='lat' dir='ltr'><strong>post</strong></span> <span class='ocrx_word' id='word_1_340' title='bbox 192 2035 307 2058; x_wconf 88' lang='lat' dir='ltr'><strong>mortem</strong></span> <span class='ocrx_word' id='word_1_341' title='bbox 322 2029 423 2056; x_wconf 88' lang='lat' dir='ltr'><strong>obitam</strong></span> <span class='ocrx_word' id='word_1_342' title='bbox 440 2029 621 2063; x_wconf 75' lang='lat' dir='ltr'><strong>cognitionem</strong></span> <span class='ocrx_word' id='word_1_343' title='bbox 640 2029 709 2055; x_wconf 88' lang='lat' dir='ltr'><strong>hanc</strong></span> <span class='ocrx_word' id='word_1_344' title='bbox 723 2036 738 2055; x_wconf 91' lang='lat' dir='ltr'><strong>a</strong></span> <span class='ocrx_word' id='word_1_345' title='bbox 753 2028 834 2056; x_wconf 87' lang='lat' dir='ltr'><strong>Patre</strong></span> 
     </span>
    </p>
   </div>
   <div class='ocr_carea' id='block_1_46' title="bbox 67 2074 835 2110">
    <p class='ocr_par' dir='ltr' id='par_1_46' title="bbox 67 2074 835 2110">
     <span class='ocr_line' id='line_1_46' title="bbox 67 2074 835 2110; baseline 0.003 -11"><span class='ocrx_word' id='word_1_346' title='bbox 67 2074 196 2108; x_wconf 82' lang='lat' dir='ltr'><strong>acceperit.</strong></span> <span class='ocrx_word' id='word_1_347' title='bbox 215 2076 252 2102; x_wconf 77' lang='lat' dir='ltr'><strong>At</strong></span> <span class='ocrx_word' id='word_1_348' title='bbox 271 2074 364 2103; x_wconf 86' lang='lat' dir='ltr'><strong>sanior</strong></span> <span class='ocrx_word' id='word_1_349' title='bbox 386 2079 427 2102; x_wconf 88' lang='lat' dir='ltr'><strong>est</strong></span> <span class='ocrx_word' id='word_1_350' title='bbox 452 2083 512 2107; x_wconf 62' lang='lat' dir='ltr'><strong>quae</strong></span> <span class='ocrx_word' id='word_1_351' title='bbox 531 2074 611 2110; x_wconf 87' lang='lat' dir='ltr'><strong>paulo</strong></span> <span class='ocrx_word' id='word_1_352' title='bbox 631 2080 691 2109; x_wconf 88' lang='lat' dir='ltr'><strong>post</strong></span> <span class='ocrx_word' id='word_1_353' title='bbox 710 2075 835 2109; x_wconf 85' lang='lat' dir='ltr'><strong>sequitur</strong></span> 
     </span>
    </p>
   </div>
   <div class='ocr_carea' id='block_1_47' title="bbox 67 2115 834 2156">
    <p class='ocr_par' dir='ltr' id='par_1_47' title="bbox 67 2115 834 2156">
     <span class='ocr_line' id='line_1_47' title="bbox 67 2115 834 2156; baseline 0.007 -14"><span class='ocrx_word' id='word_1_354' title='bbox 67 2115 110 2144; x_wconf 86' lang='lat' dir='ltr'><strong>loci</strong></span> <span class='ocrx_word' id='word_1_355' title='bbox 123 2118 237 2153; x_wconf 84' lang='lat' dir='ltr'><strong>ejusdem</strong></span> <span class='ocrx_word' id='word_1_356' title='bbox 252 2121 395 2156; x_wconf 77' lang='lat' dir='ltr'><strong>expositio,</strong></span> <span class='ocrx_word' id='word_1_357' title='bbox 409 2126 524 2148; x_wconf 84' lang='lat' dir='ltr'><strong>eatenus</strong></span> <span class='ocrx_word' id='word_1_358' title='bbox 542 2128 638 2155; x_wconf 91' lang='lat' dir='ltr'><strong>nempe</strong></span> <span class='ocrx_word' id='word_1_359' title='bbox 655 2120 750 2148; x_wconf 87' lang='lat' dir='ltr'><strong>horam</strong></span> <span class='ocrx_word' id='word_1_360' title='bbox 763 2119 834 2147; x_wconf 89' lang='lat' dir='ltr'><strong>hanc</strong></span> 
     </span>
    </p>
   </div>
   <div class='ocr_carea' id='block_1_48' title="bbox 101 2185 624 2226">
    <p class='ocr_par' dir='ltr' id='par_1_48' title="bbox 101 2185 624 2226">
     <span class='ocr_line' id='line_1_48' title="bbox 101 2185 624 2226; baseline 0.008 -12"><span class='ocrx_word' id='word_1_361' title='bbox 101 2185 120 2202; x_wconf 84' lang='lat'>&quot;</span> <span class='ocrx_word' id='word_1_362' title='bbox 129 2187 219 2218; x_wconf 77' lang='lat' dir='ltr'><strong>Matth.</strong></span> <span class='ocrx_word' id='word_1_363' title='bbox 235 2198 310 2224; x_wconf 79' lang='lat' dir='ltr'><strong>xxiv,</strong></span> <span class='ocrx_word' id='word_1_364' title='bbox 325 2190 370 2218; x_wconf 75' lang='lat'><strong>56.</strong></span> <span class='ocrx_word' id='word_1_365' title='bbox 409 2191 431 2206; x_wconf 84' lang='lat'>”</span> <span class='ocrx_word' id='word_1_366' title='bbox 443 2190 541 2226; x_wconf 86' lang='lat' dir='ltr'><strong>Philip.</strong></span> <span class='ocrx_word' id='word_1_367' title='bbox 556 2199 586 2223; x_wconf 86' lang='grc' dir='ltr'><strong>ιι,</strong></span> <span class='ocrx_word' id='word_1_368' title='bbox 602 2191 624 2225; x_wconf 25' lang='grc'><strong>,9</strong></span> 
     </span>
    </p>
   </div>
   <div class='ocr_carea' id='block_1_49' title="bbox 68 2251 875 2297">
    <p class='ocr_par' dir='ltr' id='par_1_49' title="bbox 68 2251 875 2297">
     <span class='ocr_line' id='line_1_49' title="bbox 68 2251 875 2297; baseline 0.006 -14"><span class='ocrx_word' id='word_1_369' title='bbox 68 2255 255 2297; x_wconf 73' lang='lat' dir='ltr'><strong>dominabitur?</strong></span> <span class='ocrx_word' id='word_1_370' title='bbox 270 2270 279 2297; x_wconf 70' lang='grc' dir='ltr'>ι</span> <span class='ocrx_word' id='word_1_371' title='bbox 293 2260 358 2294; x_wconf 60' lang='lat' dir='ltr'><strong>Quae</strong></span> <span class='ocrx_word' id='word_1_372' title='bbox 368 2268 427 2297; x_wconf 86' lang='lat' dir='ltr'><strong>cum</strong></span> <span class='ocrx_word' id='word_1_373' title='bbox 443 2260 633 2297; x_wconf 53' lang='lat' dir='ltr'><strong>hgeticorttm</strong></span> <span class='ocrx_word' id='word_1_374' title='bbox 648 2261 759 2297; x_wconf 78' lang='lat' dir='ltr'><strong>propria</strong></span> <span class='ocrx_word' id='word_1_375' title='bbox 771 2267 832 2288; x_wconf 89' lang='lat' dir='ltr'><strong>esse</strong></span> <span class='ocrx_word' id='word_1_376' title='bbox 851 2251 875 2280; x_wconf 77' lang='grc' dir='ltr'><strong>θ</strong></span> 
     </span>
    </p>
   </div>
   <div class='ocr_carea' id='block_1_50' title="bbox 69 2295 832 2332">
    <p class='ocr_par' dir='ltr' id='par_1_50' title="bbox 69 2295 832 2332">
     <span class='ocr_line' id='line_1_50' title="bbox 69 2295 832 2332; baseline 0.004 -14"><span class='ocrx_word' id='word_1_377' title='bbox 69 2295 171 2332; x_wconf 51' lang='lat' dir='ltr'><strong>nesciret</strong></span> <span class='ocrx_word' id='word_1_378' title='bbox 194 2300 241 2322; x_wconf 86' lang='lat' dir='ltr'><strong>aut</strong></span> <span class='ocrx_word' id='word_1_379' title='bbox 265 2295 571 2332; x_wconf 24' lang='lat' dir='ltr'><strong>dissimularet,”Filium</strong></span> <span class='ocrx_word' id='word_1_380' title='bbox 589 2295 639 2332; x_wconf 79' lang='lat' dir='ltr'><strong>Dei</strong></span> <span class='ocrx_word' id='word_1_381' title='bbox 651 2295 720 2330; x_wconf 89' lang='lat' dir='ltr'><strong>apud</strong></span> <span class='ocrx_word' id='word_1_382' title='bbox 737 2302 832 2322; x_wconf 90' lang='lat' dir='ltr'><strong>omnes</strong></span> 
     </span>
    </p>
   </div>
   <div class='ocr_carea' id='block_1_51' title="bbox 68 2325 830 2363">
    <p class='ocr_par' dir='ltr' id='par_1_51' title="bbox 68 2325 830 2363">
     <span class='ocr_line' id='line_1_51' title="bbox 68 2325 830 2363; baseline 0.007 -11"><span class='ocrx_word' id='word_1_383' title='bbox 68 2325 231 2363; x_wconf 69' lang='lat' dir='ltr'><strong>Christianos,</strong></span> <span class='ocrx_word' id='word_1_384' title='bbox 257 2339 266 2355; x_wconf 74' lang='grc' dir='ltr'>ι</span> <span class='ocrx_word' id='word_1_385' title='bbox 287 2331 426 2358; x_wconf 82' lang='lat' dir='ltr'><strong>fortiorem</strong></span> <span class='ocrx_word' id='word_1_386' title='bbox 451 2325 510 2357; x_wconf 82' lang='lat' dir='ltr'><strong>Deo</strong></span> <span class='ocrx_word' id='word_1_387' title='bbox 545 2325 688 2363; x_wconf 78' lang='lat' dir='ltr'><strong>imperium</strong></span> <span class='ocrx_word' id='word_1_388' title='bbox 713 2334 830 2361; x_wconf 90' lang='lat' dir='ltr'><strong>tenente,</strong></span> 
     </span>
    </p>
   </div>
   <div class='ocr_carea' id='block_1_52' title="bbox 69 2359 829 2401">
    <p class='ocr_par' dir='ltr' id='par_1_52' title="bbox 69 2359 829 2401">
     <span class='ocr_line' id='line_1_52' title="bbox 69 2359 829 2401; baseline 0 -10"><span class='ocrx_word' id='word_1_389' title='bbox 69 2359 168 2401; x_wconf 48' lang='lat' dir='ltr'><strong>filiisque</strong></span> <span class='ocrx_word' id='word_1_390' title='bbox 180 2359 320 2392; x_wconf 83' lang='lat' dir='ltr'><strong>Dominum</strong></span> <span class='ocrx_word' id='word_1_391' title='bbox 331 2366 395 2398; x_wconf 90' lang='lat' dir='ltr'><strong>dici,</strong></span> <span class='ocrx_word' id='word_1_392' title='bbox 414 2373 446 2392; x_wconf 88' lang='lat' dir='ltr'><strong>ac</strong></span> <span class='ocrx_word' id='word_1_393' title='bbox 462 2365 549 2392; x_wconf 90' lang='lat' dir='ltr'><strong>solum</strong></span> <span class='ocrx_word' id='word_1_394' title='bbox 559 2359 610 2392; x_wconf 81' lang='lat' dir='ltr'><strong>coli</strong></span> <span class='ocrx_word' id='word_1_395' title='bbox 626 2374 635 2390; x_wconf 68' lang='grc' dir='ltr'>ι</span> <span class='ocrx_word' id='word_1_396' title='bbox 652 2359 829 2401; x_wconf 71' lang='lat' dir='ltr'><strong>querebatur.</strong></span> 
     </span>
    </p>
   </div>
   <div class='ocr_carea' id='block_1_53' title="bbox 69 2395 831 2436">
    <p class='ocr_par' dir='ltr' id='par_1_53' title="bbox 69 2395 831 2436">
     <span class='ocr_line' id='line_1_53' title="bbox 69 2395 831 2436; baseline 0.004 -14"><span class='ocrx_word' id='word_1_397' title='bbox 69 2395 190 2436; x_wconf 43' lang='lat' dir='ltr'><strong>Christum</strong></span> <span class='ocrx_word' id='word_1_398' title='bbox 214 2407 292 2436; x_wconf 70' lang='lat' dir='ltr'><strong>ergo,</strong></span> <span class='ocrx_word' id='word_1_399' title='bbox 318 2405 347 2427; x_wconf 93' lang='lat' dir='ltr'><strong>ut</strong></span> <span class='ocrx_word' id='word_1_400' title='bbox 370 2395 463 2436; x_wconf 68' lang='lat' dir='ltr'><strong>exilis</strong></span> <span class='ocrx_word' id='word_1_401' title='bbox 476 2406 564 2436; x_wconf 69' lang='lat' dir='ltr'><strong>patet,</strong></span> <span class='ocrx_word' id='word_1_402' title='bbox 584 2408 635 2426; x_wconf 90' lang='lat' dir='ltr'><strong>non</strong></span> <span class='ocrx_word' id='word_1_403' title='bbox 653 2395 735 2436; x_wconf 76' lang='lat' dir='ltr'><strong>Deum</strong></span> <span class='ocrx_word' id='word_1_404' title='bbox 753 2405 831 2434; x_wconf 81' lang='lat' dir='ltr'><strong>negat</strong></span> 
     </span>
    </p>
   </div>
   <div class='ocr_carea' id='block_1_54' title="bbox 70 2427 830 2469">
    <p class='ocr_par' dir='ltr' id='par_1_54' title="bbox 70 2427 830 2469">
     <span class='ocr_line' id='line_1_54' title="bbox 70 2427 830 2469; baseline -0.005 -5"><span class='ocrx_word' id='word_1_405' title='bbox 70 2427 196 2469; x_wconf 63' lang='grc' dir='ltr'><strong>ονῑκεηςε.</strong></span> <span class='ocrx_word' id='word_1_406' title='bbox 211 2427 261 2462; x_wconf 44' lang='lat' dir='ltr'><strong>sed.</strong></span> <span class='ocrx_word' id='word_1_407' title='bbox 273 2427 352 2462; x_wconf 78' lang='lat' dir='ltr'><strong>Patre</strong></span> <span class='ocrx_word' id='word_1_408' title='bbox 365 2427 493 2469; x_wconf 74' lang='lat' dir='ltr'><strong>majorem</strong></span> <span class='ocrx_word' id='word_1_409' title='bbox 511 2427 594 2462; x_wconf 75' lang='lat' dir='ltr'><strong>Deum</strong></span> <span class='ocrx_word' id='word_1_410' title='bbox 612 2443 619 2467; x_wconf 93' lang='lat'><strong>;</strong></span> <span class='ocrx_word' id='word_1_411' title='bbox 641 2441 692 2461; x_wconf 88' lang='lat' dir='ltr'><strong>nec</strong></span> <span class='ocrx_word' id='word_1_412' title='bbox 709 2427 830 2461; x_wconf 66' lang='grc' dir='ltr'><strong>(1³11ιόῙί-</strong></span> 
     </span>
    </p>
   </div>
   <div class='ocr_carea' id='block_1_55' title="bbox 70 2468 831 2502">
    <p class='ocr_par' dir='ltr' id='par_1_55' title="bbox 70 2468 831 2502">
     <span class='ocr_line' id='line_1_55' title="bbox 70 2468 831 2502; baseline 0.005 -11"><span class='ocrx_word' id='word_1_413' title='bbox 70 2469 111 2502; x_wconf 71' lang='grc' dir='ltr'><strong>ῳιι</strong></span> <span class='ocrx_word' id='word_1_414' title='bbox 125 2468 226 2502; x_wconf 81' lang='lat' dir='ltr'><strong>refellit,</strong></span> <span class='ocrx_word' id='word_1_415' title='bbox 242 2471 289 2497; x_wconf 88' lang='lat' dir='ltr'><strong>sed</strong></span> <span class='ocrx_word' id='word_1_416' title='bbox 304 2468 533 2501; x_wconf 82' lang='lat' dir='ltr'><strong>criminationem.</strong></span> <span class='ocrx_word' id='word_1_417' title='bbox 557 2470 600 2497; x_wconf 93' lang='lat' dir='ltr'><strong>cui</strong></span> <span class='ocrx_word' id='word_1_418' title='bbox 619 2469 761 2496; x_wconf 85' lang='lat' dir='ltr'><strong>materiam</strong></span> <span class='ocrx_word' id='word_1_419' title='bbox 784 2470 831 2496; x_wconf 90' lang='lat' dir='ltr'><strong>dc-</strong></span> 
     </span>
    </p>
   </div>
   <div class='ocr_carea' id='block_1_56' title="bbox 70 2497 832 2539">
    <p class='ocr_par' dir='ltr' id='par_1_56' title="bbox 70 2497 832 2539">
     <span class='ocr_line' id='line_1_56' title="bbox 70 2497 832 2539; baseline 0.004 -11"><span class='ocrx_word' id='word_1_420' title='bbox 70 2497 154 2539; x_wconf 66' lang='lat' dir='ltr'><strong>defant</strong></span> <span class='ocrx_word' id='word_1_421' title='bbox 167 2497 353 2532; x_wconf 65' lang='lat' dir='ltr'><strong>haereticorum</strong></span> <span class='ocrx_word' id='word_1_422' title='bbox 375 2497 540 2537; x_wconf 76' lang='lat' dir='ltr'><strong>commenta,</strong></span> <span class='ocrx_word' id='word_1_423' title='bbox 555 2513 570 2531; x_wconf 82' lang='lat' dir='ltr'><strong>tt</strong></span> <span class='ocrx_word' id='word_1_424' title='bbox 587 2504 754 2539; x_wconf 70' lang='lat' dir='ltr'><strong>Christianis</strong></span> <span class='ocrx_word' id='word_1_425' title='bbox 769 2512 832 2539; x_wconf 88' lang='lat' dir='ltr'><strong>pro-</strong></span> 
     </span>
    </p>
   </div>
   <div class='ocr_carea' id='block_1_57' title="bbox 70 2533 831 2570">
    <p class='ocr_par' dir='ltr' id='par_1_57' title="bbox 70 2533 831 2570">
     <span class='ocr_line' id='line_1_57' title="bbox 70 2533 831 2570; baseline 0 -4"><span class='ocrx_word' id='word_1_426' title='bbox 70 2533 154 2566; x_wconf 70' lang='lat' dir='ltr'><strong>PUlsat.</strong></span> <span class='ocrx_word' id='word_1_427' title='bbox 169 2538 196 2566; x_wconf 90' lang='grc' dir='ltr'><strong>ι).</strong></span> <span class='ocrx_word' id='word_1_428' title='bbox 208 2539 338 2567; x_wconf 86' lang='lat' dir='ltr'><strong>Prudent.</strong></span> <span class='ocrx_word' id='word_1_429' title='bbox 348 2540 439 2567; x_wconf 87' lang='lat' dir='ltr'><strong>Maran</strong></span> <span class='ocrx_word' id='word_1_430' title='bbox 452 2539 487 2566; x_wconf 84' lang='lat' dir='ltr'><strong>De</strong></span> <span class='ocrx_word' id='word_1_431' title='bbox 499 2533 600 2566; x_wconf 68' lang='lat' dir='ltr'><strong>diuinit.</strong></span> <span class='ocrx_word' id='word_1_432' title='bbox 612 2538 712 2566; x_wconf 76' lang='lat' dir='ltr'><strong>Christ.</strong></span> <span class='ocrx_word' id='word_1_433' title='bbox 731 2533 778 2566; x_wconf 59' lang='lat' dir='ltr'><strong>lib:</strong></span> <span class='ocrx_word' id='word_1_434' title='bbox 794 2547 831 2570; x_wconf 89' lang='lat' dir='ltr'><strong>tv,</strong></span> 
     </span>
    </p>
   </div>
   <div class='ocr_carea' id='block_1_58' title="bbox 71 2571 832 2609">
    <p class='ocr_par' dir='ltr' id='par_1_58' title="bbox 71 2571 832 2609">
     <span class='ocr_line' id='line_1_58' title="bbox 71 2571 832 2609; baseline -0.003 -7"><span class='ocrx_word' id='word_1_435' title='bbox 71 2573 124 2602; x_wconf 70' lang='grc' dir='ltr'>ων.</span> <span class='ocrx_word' id='word_1_436' title='bbox 138 2571 179 2609; x_wconf 72' lang='lat' dir='ltr'><strong>lii,</strong></span> <span class='ocrx_word' id='word_1_437' title='bbox 194 2583 267 2602; x_wconf 87' lang='lat' dir='ltr'><strong>nunt.</strong></span> <span class='ocrx_word' id='word_1_438' title='bbox 284 2575 311 2601; x_wconf 84' lang='lat'><strong>5.</strong></span> <span class='ocrx_word' id='word_1_439' title='bbox 329 2574 395 2602; x_wconf 88' lang='lat' dir='ltr'><strong>Vide</strong></span> <span class='ocrx_word' id='word_1_440' title='bbox 410 2580 436 2602; x_wconf 86' lang='lat' dir='ltr'><strong>et</strong></span> <span class='ocrx_word' id='word_1_441' title='bbox 450 2575 554 2602; x_wconf 76' lang='lat' dir='ltr'><strong>Rullum</strong></span> <span class='ocrx_word' id='word_1_442' title='bbox 579 2574 684 2609; x_wconf 74' lang='lat' dir='ltr'><strong>Defem.</strong></span> <span class='ocrx_word' id='word_1_443' title='bbox 699 2574 761 2608; x_wconf 69' lang='lat' dir='ltr'><strong>ﬁdei</strong></span> <span class='ocrx_word' id='word_1_444' title='bbox 780 2574 832 2600; x_wconf 83' lang='grc' dir='ltr'><strong>Νι-</strong></span> 
     </span>
    </p>
   </div>
   <div class='ocr_carea' id='block_1_59' title="bbox 71 2608 834 2653">
    <p class='ocr_par' dir='ltr' id='par_1_59' title="bbox 71 2608 834 2653">
     <span class='ocr_line' id='line_1_59' title="bbox 71 2608 834 2653; baseline 0 -17"><span class='ocrx_word' id='word_1_445' title='bbox 71 2608 185 2653; x_wconf 45' lang='grc' dir='ltr'><strong>ξείξιξλξιξε</strong></span> <span class='ocrx_word' id='word_1_446' title='bbox 201 2609 260 2653; x_wconf 55' lang='grc' dir='ltr'><strong>ξιιῙί</strong></span> <span class='ocrx_word' id='word_1_447' title='bbox 275 2609 471 2653; x_wconf 39' lang='grc' dir='ltr'>ομοουσιῳζ</span> <span class='ocrx_word' id='word_1_448' title='bbox 486 2618 545 2644; x_wconf 84' lang='lat' dir='ltr'><strong>cap.</strong></span> <span class='ocrx_word' id='word_1_449' title='bbox 557 2608 676 2653; x_wconf 39' lang='lat' dir='ltr'><strong>9,0rn&#39;utn.</strong></span> <span class='ocrx_word' id='word_1_450' title='bbox 691 2608 736 2642; x_wconf 78' lang='lat' dir='ltr'><strong>t2,</strong></span> <span class='ocrx_word' id='word_1_451' title='bbox 756 2614 783 2636; x_wconf 90' lang='lat' dir='ltr'><strong>et</strong></span> <span class='ocrx_word' id='word_1_452' title='bbox 797 2609 834 2636; x_wconf 87' lang='lat' dir='ltr'><strong>De</strong></span> 
     </span>
    </p>
   </div>
   <div class='ocr_carea' id='block_1_60' title="bbox 72 2637 608 2679">
    <p class='ocr_par' dir='ltr' id='par_1_60' title="bbox 72 2637 608 2679">
     <span class='ocr_line' id='line_1_60' title="bbox 72 2637 608 2679; baseline 0.007 -12"><span class='ocrx_word' id='word_1_453' title='bbox 72 2637 267 2679; x_wconf 55' lang='lat' dir='ltr'><strong>“lfgfdigntione</strong></span> <span class='ocrx_word' id='word_1_454' title='bbox 284 2637 360 2676; x_wconf 69' lang='lat' dir='ltr'><strong>Filii,</strong></span> <span class='ocrx_word' id='word_1_455' title='bbox 376 2653 435 2679; x_wconf 81' lang='lat' dir='ltr'><strong>cap.</strong></span> <span class='ocrx_word' id='word_1_456' title='bbox 447 2637 479 2677; x_wconf 54' lang='grc' dir='ltr'><strong>ἶ,</strong></span> <span class='ocrx_word' id='word_1_457' title='bbox 494 2637 608 2672; x_wconf 57' lang='lat' dir='ltr'><strong>minii.</strong></span> 
     </span>
    </p>
   </div>
   <div class='ocr_carea' id='block_1_61' title="bbox 102 2672 834 2715">
    <p class='ocr_par' dir='ltr' id='par_1_61' title="bbox 102 2672 834 2715">
     <span class='ocr_line' id='line_1_61' title="bbox 102 2672 834 2715; baseline -0.003 -8"><span class='ocrx_word' id='word_1_458' title='bbox 102 2672 150 2711; x_wconf 71' lang='grc'><strong>(92)</strong></span> <span class='ocrx_word' id='word_1_459' title='bbox 167 2678 234 2714; x_wconf 75' lang='grc' dir='ltr'>Πρὸς</span> <span class='ocrx_word' id='word_1_460' title='bbox 248 2680 293 2706; x_wconf 76' lang='grc' dir='ltr'><strong>τὸν</strong></span> <span class='ocrx_word' id='word_1_461' title='bbox 309 2672 479 2715; x_wconf 61' lang='grc' dir='ltr'>βουλόμενον,</span> <span class='ocrx_word' id='word_1_462' title='bbox 495 2684 547 2707; x_wconf 91' lang='lat' dir='ltr'><strong>etc.</strong></span> <span class='ocrx_word' id='word_1_463' title='bbox 572 2680 640 2707; x_wconf 83' lang='lat' dir='ltr'><strong>Vide</strong></span> <span class='ocrx_word' id='word_1_464' title='bbox 655 2679 834 2715; x_wconf 83' lang='lat' dir='ltr'><strong>paulosupra</strong></span> 
     </span>
    </p>
   </div>
   <div class='ocr_carea' id='block_1_62' title="bbox 72 2706 835 2750">
    <p class='ocr_par' dir='ltr' id='par_1_62' title="bbox 72 2706 835 2750">
     <span class='ocr_line' id='line_1_62' title="bbox 72 2706 835 2750; baseline 0.007 -15"><span class='ocrx_word' id='word_1_465' title='bbox 72 2706 272 2750; x_wconf 54' lang='lat' dir='ltr'><strong>observationem</strong></span> <span class='ocrx_word' id='word_1_466' title='bbox 299 2706 325 2742; x_wconf 65' lang='lat' dir='ltr'><strong>i&#39;n</strong></span> <span class='ocrx_word' id='word_1_467' title='bbox 341 2706 399 2743; x_wconf 68' lang='lat' dir='ltr'><strong>haec</strong></span> <span class='ocrx_word' id='word_1_468' title='bbox 414 2706 540 2750; x_wconf 64' lang='lat' dir='ltr'><strong>Oriéenis</strong></span> <span class='ocrx_word' id='word_1_469' title='bbox 556 2715 637 2742; x_wconf 89' lang='lat' dir='ltr'><strong>verba</strong></span> <span class='ocrx_word' id='word_1_470' title='bbox 649 2706 662 2742; x_wconf 74' lang='grc' dir='ltr'>ε’</span> <span class='ocrx_word' id='word_1_471' title='bbox 680 2714 748 2741; x_wconf 79' lang='grc' dir='ltr'>Ἀλλ’</span> <span class='ocrx_word' id='word_1_472' title='bbox 760 2706 835 2749; x_wconf 72' lang='grc' dir='ltr'>ὅμως</span> 
     </span>
    </p>
   </div>
   <div class='ocr_carea' id='block_1_63' title="bbox 73 2747 338 2781">
    <p class='ocr_par' dir='ltr' id='par_1_63' title="bbox 73 2747 338 2781">
     <span class='ocr_line' id='line_1_63' title="bbox 73 2747 338 2781; baseline 0.008 -6"><span class='ocrx_word' id='word_1_473' title='bbox 73 2747 267 2781; x_wconf 50' lang='grc' dir='ltr'><strong>ηυγ-δοσούτων,</strong></span> <span class='ocrx_word' id='word_1_474' title='bbox 285 2755 338 2777; x_wconf 84' lang='lat' dir='ltr'><strong>etc.</strong></span> 
     </span>
    </p>
   </div>
   <div class='ocr_carea' id='block_1_64' title="bbox 103 2778 833 2821">
    <p class='ocr_par' dir='ltr' id='par_1_64' title="bbox 103 2778 833 2821">
     <span class='ocr_line' id='line_1_64' title="bbox 103 2778 833 2821; baseline -0.004 -9"><span class='ocrx_word' id='word_1_475' title='bbox 103 2778 265 2821; x_wconf 62' lang='lat' dir='ltr'><strong>(93)__Taﬁtd</strong></span> <span class='ocrx_word' id='word_1_476' title='bbox 281 2785 310 2812; x_wconf 88' lang='grc' dir='ltr'><strong>δὲ</strong></span> <span class='ocrx_word' id='word_1_477' title='bbox 332 2785 448 2821; x_wconf 69' lang='grc' dir='ltr'>επιπολὺ</span> <span class='ocrx_word' id='word_1_478' title='bbox 472 2783 833 2821; x_wconf 23' lang='grc' dir='ltr'><strong>ἐξήτασταιηλθιεηΕι-Ρο-</strong></span> 
     </span>
    </p>
   </div>
   <div class='ocr_carea' id='block_1_65' title="bbox 74 2812 833 2854">
    <p class='ocr_par' dir='ltr' id='par_1_65' title="bbox 74 2812 833 2854">
     <span class='ocr_line' id='line_1_65' title="bbox 74 2812 833 2854; baseline 0.009 -16"><span class='ocrx_word' id='word_1_479' title='bbox 74 2812 256 2854; x_wconf 55' lang='lat' dir='ltr'><strong>trum&#39;alioruin</strong></span> <span class='ocrx_word' id='word_1_480' title='bbox 277 2820 410 2848; x_wconf 83' lang='lat' dir='ltr'><strong>similibus</strong></span> <span class='ocrx_word' id='word_1_481' title='bbox 435 2812 526 2847; x_wconf 60' lang='lat' dir='ltr'><strong>vertiis</strong></span> <span class='ocrx_word' id='word_1_482' title='bbox 546 2812 665 2846; x_wconf 79' lang='lat' dir='ltr'><strong>ostendit</strong></span> <span class='ocrx_word' id='word_1_483' title='bbox 681 2818 751 2847; x_wconf 81' lang='lat' dir='ltr'><strong>inira</strong></span> <span class='ocrx_word' id='word_1_484' title='bbox 775 2819 833 2853; x_wconf 82' lang='lat' dir='ltr'><strong>ipse</strong></span> 
     </span>
    </p>
   </div>
   <div class='ocr_carea' id='block_1_66' title="bbox 97 2853 647 2890">
    <p class='ocr_par' dir='ltr' id='par_1_66' title="bbox 97 2853 647 2890">
     <span class='ocr_line' id='line_1_66' title="bbox 97 2853 647 2890; baseline 0.015 -16"><span class='ocrx_word' id='word_1_485' title='bbox 97 2853 172 2880; x_wconf 85' lang='lat' dir='ltr'><strong>uetitis</strong></span> <span class='ocrx_word' id='word_1_486' title='bbox 183 2861 234 2888; x_wconf 88' lang='lat' dir='ltr'><strong>quo</strong></span> <span class='ocrx_word' id='word_1_487' title='bbox 249 2863 331 2884; x_wconf 85' lang='lat' dir='ltr'><strong>sensu</strong></span> <span class='ocrx_word' id='word_1_488' title='bbox 346 2857 404 2884; x_wconf 73' lang='lat' dir='ltr'><strong>haec</strong></span> <span class='ocrx_word' id='word_1_489' title='bbox 420 2855 507 2890; x_wconf 85' lang='lat' dir='ltr'><strong>accipi</strong></span> <span class='ocrx_word' id='word_1_490' title='bbox 520 2856 647 2883; x_wconf 87' lang='lat' dir='ltr'><strong>debeant.</strong></span> 
     </span>
    </p>
   </div>
   <div class='ocr_carea' id='block_1_67' title="bbox 880 245 1660 281">
    <p class='ocr_par' dir='ltr' id='par_1_67' title="bbox 880 245 1660 281">
     <span class='ocr_line' id='line_1_67' title="bbox 880 245 1660 281; baseline 0.005 -9"><span class='ocrx_word' id='word_1_491' title='bbox 880 252 980 280; x_wconf 90' lang='lat' dir='ltr'><strong>corpus</strong></span> <span class='ocrx_word' id='word_1_492' title='bbox 995 245 1096 273; x_wconf 87' lang='lat' dir='ltr'><strong>Christi</strong></span> <span class='ocrx_word' id='word_1_493' title='bbox 1108 249 1160 279; x_wconf 89' lang='lat' dir='ltr'><strong>est,</strong></span> <span class='ocrx_word' id='word_1_494' title='bbox 1176 246 1292 281; x_wconf 79' lang='lat' dir='ltr'><strong>ignorat.</strong></span> <span class='ocrx_word' id='word_1_495' title='bbox 1309 246 1368 274; x_wconf 83' lang='lat' dir='ltr'><strong>Huc</strong></span> <span class='ocrx_word' id='word_1_496' title='bbox 1384 247 1533 275; x_wconf 88' lang='lat' dir='ltr'><strong>addendam</strong></span> <span class='ocrx_word' id='word_1_497' title='bbox 1548 253 1660 276; x_wconf 81' lang='lat' dir='ltr'><strong>censeat</strong></span> 
     </span>
    </p>
   </div>
   <div class='ocr_carea' id='block_1_68' title="bbox 880 291 1658 328">
    <p class='ocr_par' dir='ltr' id='par_1_68' title="bbox 880 291 1658 328">
     <span class='ocr_line' id='line_1_68' title="bbox 880 291 1658 328; baseline 0.005 -10"><span class='ocrx_word' id='word_1_498' title='bbox 880 291 977 326; x_wconf 84' lang='lat' dir='ltr'><strong>aliquis</strong></span> <span class='ocrx_word' id='word_1_499' title='bbox 997 291 1104 326; x_wconf 72' lang='lat' dir='ltr'><strong>longam</strong></span> <span class='ocrx_word' id='word_1_500' title='bbox 1126 291 1334 327; x_wconf 86' lang='lat' dir='ltr'><strong>disputationem</strong></span> <span class='ocrx_word' id='word_1_501' title='bbox 1357 300 1388 320; x_wconf 81' lang='lat' dir='ltr'><strong>ex</strong></span> <span class='ocrx_word' id='word_1_502' title='bbox 1411 293 1488 321; x_wconf 91' lang='lat' dir='ltr'><strong>initio</strong></span> <span class='ocrx_word' id='word_1_503' title='bbox 1503 295 1568 322; x_wconf 90' lang='lat' dir='ltr'><strong>tomi</strong></span> <span class='ocrx_word' id='word_1_504' title='bbox 1584 302 1615 328; x_wconf 85' lang='grc' dir='ltr'><strong>ιι,</strong></span> <span class='ocrx_word' id='word_1_505' title='bbox 1630 296 1658 321; x_wconf 83' lang='lat' dir='ltr'><strong>in</strong></span> 
     </span>
    </p>
   </div>
   <div class='ocr_carea' id='block_1_69' title="bbox 879 335 1661 372">
    <p class='ocr_par' dir='ltr' id='par_1_69' title="bbox 879 335 1661 372">
     <span class='ocr_line' id='line_1_69' title="bbox 879 335 1661 372; baseline 0.004 -9"><span class='ocrx_word' id='word_1_506' title='bbox 879 335 973 368; x_wconf 70' lang='lat' dir='ltr'><strong>learn,</strong></span> <span class='ocrx_word' id='word_1_507' title='bbox 987 345 1060 364; x_wconf 93' lang='lat' dir='ltr'><strong>num.</strong></span> <span class='ocrx_word' id='word_1_508' title='bbox 1078 336 1133 364; x_wconf 62' lang='lat' dir='ltr'><strong>ﬁet</strong></span> <span class='ocrx_word' id='word_1_509' title='bbox 1146 344 1216 371; x_wconf 87' lang='lat' dir='ltr'><strong>seq.,</strong></span> <span class='ocrx_word' id='word_1_510' title='bbox 1236 338 1262 364; x_wconf 92' lang='lat' dir='ltr'><strong>iu</strong></span> <span class='ocrx_word' id='word_1_511' title='bbox 1282 345 1334 372; x_wconf 92' lang='lat' dir='ltr'><strong>qua</strong></span> <span class='ocrx_word' id='word_1_512' title='bbox 1346 345 1439 366; x_wconf 87' lang='lat' dir='ltr'><strong>vocem</strong></span> <span class='ocrx_word' id='word_1_513' title='bbox 1459 337 1527 370; x_wconf 83' lang='grc' dir='ltr'><strong>Θεός</strong></span> <span class='ocrx_word' id='word_1_514' title='bbox 1547 338 1661 366; x_wconf 88' lang='lat' dir='ltr'><strong>articulo</strong></span> 
     </span>
    </p>
   </div>
   <div class='ocr_carea' id='block_1_70' title="bbox 880 381 1663 418">
    <p class='ocr_par' dir='ltr' id='par_1_70' title="bbox 880 381 1663 418">
     <span class='ocr_line' id='line_1_70' title="bbox 880 381 1663 418; baseline 0.003 -9"><span class='ocrx_word' id='word_1_515' title='bbox 880 389 929 409; x_wconf 91' lang='lat' dir='ltr'><strong>suo</strong></span> <span class='ocrx_word' id='word_1_516' title='bbox 944 382 1115 416; x_wconf 76' lang='lat' dir='ltr'><strong>coniunctam</strong></span> <span class='ocrx_word' id='word_1_517' title='bbox 1132 382 1273 417; x_wconf 77' lang='lat' dir='ltr'><strong>distinguit</strong></span> <span class='ocrx_word' id='word_1_518' title='bbox 1288 381 1419 418; x_wconf 75' lang='lat' dir='ltr'><strong>Origenes</strong></span> <span class='ocrx_word' id='word_1_519' title='bbox 1432 391 1447 410; x_wconf 89' lang='lat' dir='ltr'><strong>a</strong></span> <span class='ocrx_word' id='word_1_520' title='bbox 1459 390 1524 411; x_wconf 91' lang='lat' dir='ltr'><strong>voce</strong></span> <span class='ocrx_word' id='word_1_521' title='bbox 1537 382 1603 415; x_wconf 85' lang='grc' dir='ltr'><strong>Θεός</strong></span> <span class='ocrx_word' id='word_1_522' title='bbox 1615 390 1663 411; x_wconf 88' lang='lat' dir='ltr'><strong>eo-</strong></span> 
     </span>
    </p>
   </div>
   <div class='ocr_carea' id='block_1_71' title="bbox 881 427 1660 464">
    <p class='ocr_par' dir='ltr' id='par_1_71' title="bbox 881 427 1660 464">
     <span class='ocr_line' id='line_1_71' title="bbox 881 427 1660 464; baseline 0.005 -11"><span class='ocrx_word' id='word_1_523' title='bbox 881 427 941 454; x_wconf 88' lang='lat' dir='ltr'><strong>dem</strong></span> <span class='ocrx_word' id='word_1_524' title='bbox 963 427 1078 454; x_wconf 83' lang='lat' dir='ltr'><strong>articulo</strong></span> <span class='ocrx_word' id='word_1_525' title='bbox 1102 427 1240 460; x_wconf 86' lang='lat' dir='ltr'><strong>destituta,</strong></span> <span class='ocrx_word' id='word_1_526' title='bbox 1257 432 1339 462; x_wconf 91' lang='lat' dir='ltr'><strong>atque</strong></span> <span class='ocrx_word' id='word_1_527' title='bbox 1364 428 1434 456; x_wconf 91' lang='lat' dir='ltr'><strong>hanc</strong></span> <span class='ocrx_word' id='word_1_528' title='bbox 1450 428 1562 464; x_wconf 87' lang='lat' dir='ltr'><strong>deputat</strong></span> <span class='ocrx_word' id='word_1_529' title='bbox 1580 428 1660 462; x_wconf 82' lang='lat' dir='ltr'><strong>Filio,</strong></span> 
     </span>
    </p>
   </div>
   <div class='ocr_carea' id='block_1_72' title="bbox 881 472 1660 509">
    <p class='ocr_par' dir='ltr' id='par_1_72' title="bbox 881 472 1660 509">
     <span class='ocr_line' id='line_1_72' title="bbox 881 472 1660 509; baseline 0.003 -10"><span class='ocrx_word' id='word_1_530' title='bbox 881 472 954 500; x_wconf 88' lang='lat' dir='ltr'><strong>illam</strong></span> <span class='ocrx_word' id='word_1_531' title='bbox 968 472 1041 500; x_wconf 90' lang='lat' dir='ltr'><strong>Patri</strong></span> <span class='ocrx_word' id='word_1_532' title='bbox 1059 482 1066 500; x_wconf 91' lang='lat'><strong>:</strong></span> <span class='ocrx_word' id='word_1_533' title='bbox 1085 473 1155 501; x_wconf 90' lang='lat' dir='ltr'><strong>unde</strong></span> <span class='ocrx_word' id='word_1_534' title='bbox 1168 473 1271 508; x_wconf 88' lang='lat' dir='ltr'><strong>opinati</strong></span> <span class='ocrx_word' id='word_1_535' title='bbox 1283 478 1345 501; x_wconf 90' lang='lat' dir='ltr'><strong>sunt</strong></span> <span class='ocrx_word' id='word_1_536' title='bbox 1356 474 1465 508; x_wconf 85' lang='lat' dir='ltr'><strong>quidam</strong></span> <span class='ocrx_word' id='word_1_537' title='bbox 1480 474 1560 502; x_wconf 87' lang='lat' dir='ltr'><strong>aliam</strong></span> <span class='ocrx_word' id='word_1_538' title='bbox 1571 475 1660 509; x_wconf 91' lang='lat' dir='ltr'><strong>ipsum</strong></span> 
     </span>
    </p>
   </div>
   <div class='ocr_carea' id='block_1_73' title="bbox 882 510 1663 554">
    <p class='ocr_par' dir='ltr' id='par_1_73' title="bbox 882 510 1663 554">
     <span class='ocr_line' id='line_1_73' title="bbox 882 510 1663 554; baseline 0.004 -9"><span class='ocrx_word' id='word_1_539' title='bbox 882 518 1015 546; x_wconf 89' lang='lat' dir='ltr'><strong>Deitatem</strong></span> <span class='ocrx_word' id='word_1_540' title='bbox 1047 510 1205 553; x_wconf 70' lang='lat' dir='ltr'><strong>ascripsisse</strong></span> <span class='ocrx_word' id='word_1_541' title='bbox 1220 518 1304 551; x_wconf 86' lang='lat' dir='ltr'><strong>Patri,</strong></span> <span class='ocrx_word' id='word_1_542' title='bbox 1321 526 1354 546; x_wconf 82' lang='lat' dir='ltr'><strong>ac</strong></span> <span class='ocrx_word' id='word_1_543' title='bbox 1366 519 1601 554; x_wconf 56' lang='lat' dir='ltr'><strong>praestantiorem;</strong></span> <span class='ocrx_word' id='word_1_544' title='bbox 1620 521 1663 548; x_wconf 91' lang='lat' dir='ltr'><strong>in-</strong></span> 
     </span>
    </p>
   </div>
   <div class='ocr_carea' id='block_1_74' title="bbox 883 563 1661 599">
    <p class='ocr_par' dir='ltr' id='par_1_74' title="bbox 883 563 1661 599">
     <span class='ocr_line' id='line_1_74' title="bbox 883 563 1661 599; baseline 0.003 -8"><span class='ocrx_word' id='word_1_545' title='bbox 883 563 1009 591; x_wconf 77' lang='lat' dir='ltr'><strong>ieriorem</strong></span> <span class='ocrx_word' id='word_1_546' title='bbox 1038 571 1103 592; x_wconf 86' lang='lat' dir='ltr'><strong>vero</strong></span> <span class='ocrx_word' id='word_1_547' title='bbox 1123 564 1204 591; x_wconf 85' lang='lat' dir='ltr'><strong>Filio.</strong></span> <span class='ocrx_word' id='word_1_548' title='bbox 1232 564 1403 599; x_wconf 85' lang='lat' dir='ltr'><strong>Quapropter</strong></span> <span class='ocrx_word' id='word_1_549' title='bbox 1424 572 1455 592; x_wconf 87' lang='lat' dir='ltr'><strong>ea</strong></span> <span class='ocrx_word' id='word_1_550' title='bbox 1469 564 1661 594; x_wconf 86' lang='lat' dir='ltr'><strong>Genebrardus</strong></span> 
     </span>
    </p>
   </div>
   <div class='ocr_carea' id='block_1_75' title="bbox 883 609 1663 639">
    <p class='ocr_par' dir='ltr' id='par_1_75' title="bbox 883 609 1663 639">
     <span class='ocr_line' id='line_1_75' title="bbox 883 609 1663 639; baseline 0.004 -3"><span class='ocrx_word' id='word_1_551' title='bbox 883 609 916 637; x_wconf 84' lang='lat' dir='ltr'><strong>ab</strong></span> <span class='ocrx_word' id='word_1_552' title='bbox 931 609 1038 637; x_wconf 78' lang='lat' dir='ltr'><strong>Arianis</strong></span> <span class='ocrx_word' id='word_1_553' title='bbox 1055 614 1146 637; x_wconf 83' lang='lat' dir='ltr'><strong>assuta</strong></span> <span class='ocrx_word' id='word_1_554' title='bbox 1165 610 1249 637; x_wconf 80' lang='lat' dir='ltr'><strong>fuisse</strong></span> <span class='ocrx_word' id='word_1_555' title='bbox 1271 610 1409 638; x_wconf 87' lang='lat' dir='ltr'><strong>censebat.</strong></span> <span class='ocrx_word' id='word_1_556' title='bbox 1429 611 1465 637; x_wconf 84' lang='lat' dir='ltr'><strong>At</strong></span> <span class='ocrx_word' id='word_1_557' title='bbox 1489 618 1550 638; x_wconf 91' lang='lat' dir='ltr'><strong>cum</strong></span> <span class='ocrx_word' id='word_1_558' title='bbox 1565 618 1597 639; x_wconf 90' lang='lat' dir='ltr'><strong>ea</strong></span> <span class='ocrx_word' id='word_1_559' title='bbox 1624 617 1663 638; x_wconf 88' lang='lat' dir='ltr'><strong>ta-</strong></span> 
     </span>
    </p>
   </div>
   <div class='ocr_carea' id='block_1_76' title="bbox 882 655 1665 692">
    <p class='ocr_par' dir='ltr' id='par_1_76' title="bbox 882 655 1665 692">
     <span class='ocr_line' id='line_1_76' title="bbox 882 655 1665 692; baseline 0.003 -10"><span class='ocrx_word' id='word_1_560' title='bbox 882 662 945 683; x_wconf 88' lang='lat' dir='ltr'><strong>men</strong></span> <span class='ocrx_word' id='word_1_561' title='bbox 958 655 1052 683; x_wconf 82' lang='lat' dir='ltr'><strong>dextre</strong></span> <span class='ocrx_word' id='word_1_562' title='bbox 1075 656 1159 690; x_wconf 89' lang='lat' dir='ltr'><strong>accipi</strong></span> <span class='ocrx_word' id='word_1_563' title='bbox 1171 663 1252 691; x_wconf 84' lang='lat' dir='ltr'><strong>posse</strong></span> <span class='ocrx_word' id='word_1_564' title='bbox 1275 661 1414 691; x_wconf 76' lang='lat' dir='ltr'><strong>agnoscat,</strong></span> <span class='ocrx_word' id='word_1_565' title='bbox 1434 661 1462 684; x_wconf 87' lang='lat' dir='ltr'><strong>et</strong></span> <span class='ocrx_word' id='word_1_566' title='bbox 1477 663 1527 684; x_wconf 88' lang='lat' dir='ltr'><strong>nos</strong></span> <span class='ocrx_word' id='word_1_567' title='bbox 1555 663 1665 692; x_wconf 85' lang='lat' dir='ltr'><strong>quoque</strong></span> 
     </span>
    </p>
   </div>
   <div class='ocr_carea' id='block_1_77' title="bbox 884 700 1664 734">
    <p class='ocr_par' dir='ltr' id='par_1_77' title="bbox 884 700 1664 734">
     <span class='ocr_line' id='line_1_77' title="bbox 884 700 1664 734; baseline 0.001 -6"><span class='ocrx_word' id='word_1_568' title='bbox 884 701 910 728; x_wconf 95' lang='lat' dir='ltr'><strong>in</strong></span> <span class='ocrx_word' id='word_1_569' title='bbox 932 700 1162 729; x_wconf 69' lang='lat' dir='ltr'><strong>Observatiom&#39;bus</strong></span> <span class='ocrx_word' id='word_1_570' title='bbox 1177 701 1389 729; x_wconf 86' lang='lat' dir='ltr'><strong>demonstraturi</strong></span> <span class='ocrx_word' id='word_1_571' title='bbox 1417 702 1513 734; x_wconf 88' lang='lat' dir='ltr'><strong>simus,</strong></span> <span class='ocrx_word' id='word_1_572' title='bbox 1536 709 1586 729; x_wconf 92' lang='lat' dir='ltr'><strong>cur</strong></span> <span class='ocrx_word' id='word_1_573' title='bbox 1605 702 1664 729; x_wconf 85' lang='lat' dir='ltr'><strong>loco</strong></span> 
     </span>
    </p>
   </div>
   <div class='ocr_carea' id='block_1_78' title="bbox 883 747 1666 782">
    <p class='ocr_par' dir='ltr' id='par_1_78' title="bbox 883 747 1666 782">
     <span class='ocr_line' id='line_1_78' title="bbox 883 747 1666 782; baseline 0.001 -8"><span class='ocrx_word' id='word_1_574' title='bbox 883 747 946 775; x_wconf 89' lang='lat' dir='ltr'><strong>huic</strong></span> <span class='ocrx_word' id='word_1_575' title='bbox 969 747 1031 774; x_wconf 78' lang='lat' dir='ltr'><strong>falsi</strong></span> <span class='ocrx_word' id='word_1_576' title='bbox 1054 754 1221 782; x_wconf 88' lang='lat' dir='ltr'><strong>apponamus</strong></span> <span class='ocrx_word' id='word_1_577' title='bbox 1243 752 1346 780; x_wconf 87' lang='lat' dir='ltr'><strong>notam,</strong></span> <span class='ocrx_word' id='word_1_578' title='bbox 1369 755 1451 776; x_wconf 88' lang='lat' dir='ltr'><strong>causa</strong></span> <span class='ocrx_word' id='word_1_579' title='bbox 1470 747 1542 775; x_wconf 88' lang='lat' dir='ltr'><strong>nulla</strong></span> <span class='ocrx_word' id='word_1_580' title='bbox 1559 752 1612 775; x_wconf 78' lang='lat' dir='ltr'><strong>est.</strong></span> <span class='ocrx_word' id='word_1_581' title='bbox 1630 747 1666 775; x_wconf 76' lang='lat' dir='ltr'><strong>At</strong></span> 
     </span>
    </p>
   </div>
   <div class='ocr_carea' id='block_1_79' title="bbox 884 792 1666 828">
    <p class='ocr_par' dir='ltr' id='par_1_79' title="bbox 884 792 1666 828">
     <span class='ocr_line' id='line_1_79' title="bbox 884 792 1666 828; baseline 0 -8"><span class='ocrx_word' id='word_1_582' title='bbox 884 792 1025 820; x_wconf 78' lang='lat' dir='ltr'><strong>manifeste</strong></span> <span class='ocrx_word' id='word_1_583' title='bbox 1042 798 1164 820; x_wconf 87' lang='lat' dir='ltr'><strong>sanctum</strong></span> <span class='ocrx_word' id='word_1_584' title='bbox 1183 793 1313 828; x_wconf 87' lang='lat' dir='ltr'><strong>Spiritum</strong></span> <span class='ocrx_word' id='word_1_585' title='bbox 1336 793 1439 820; x_wconf 88' lang='lat' dir='ltr'><strong>honore</strong></span> <span class='ocrx_word' id='word_1_586' title='bbox 1461 800 1509 820; x_wconf 89' lang='lat' dir='ltr'><strong>suo</strong></span> <span class='ocrx_word' id='word_1_587' title='bbox 1527 800 1559 820; x_wconf 89' lang='lat' dir='ltr'><strong>ac</strong></span> <span class='ocrx_word' id='word_1_588' title='bbox 1579 792 1666 828; x_wconf 74' lang='lat' dir='ltr'><strong>digni-</strong></span> 
     </span>
    </p>
   </div>
   <div class='ocr_carea' id='block_1_80' title="bbox 885 837 1663 874">
    <p class='ocr_par' dir='ltr' id='par_1_80' title="bbox 885 837 1663 874">
     <span class='ocr_line' id='line_1_80' title="bbox 885 837 1663 874; baseline 0 -10"><span class='ocrx_word' id='word_1_589' title='bbox 885 842 940 866; x_wconf 90' lang='lat' dir='ltr'><strong>tate</strong></span> <span class='ocrx_word' id='word_1_590' title='bbox 953 838 1080 866; x_wconf 89' lang='lat' dir='ltr'><strong>l&#39;raudare</strong></span> <span class='ocrx_word' id='word_1_591' title='bbox 1096 843 1211 866; x_wconf 90' lang='lat' dir='ltr'><strong>conatur</strong></span> <span class='ocrx_word' id='word_1_592' title='bbox 1228 838 1358 874; x_wconf 78' lang='lat' dir='ltr'><strong>Origenes</strong></span> <span class='ocrx_word' id='word_1_593' title='bbox 1371 843 1435 866; x_wconf 90' lang='lat' dir='ltr'><strong>tom.</strong></span> <span class='ocrx_word' id='word_1_594' title='bbox 1459 845 1508 865; x_wconf 82' lang='lat' dir='ltr'><strong>xm</strong></span> <span class='ocrx_word' id='word_1_595' title='bbox 1526 838 1554 864; x_wconf 82' lang='lat' dir='ltr'><strong>in</strong></span> <span class='ocrx_word' id='word_1_596' title='bbox 1568 837 1663 871; x_wconf 68' lang='lat' dir='ltr'><strong>10am,</strong></span> 
     </span>
    </p>
   </div>
   <div class='ocr_carea' id='block_1_81' title="bbox 885 883 1664 919">
    <p class='ocr_par' dir='ltr' id='par_1_81' title="bbox 885 883 1664 919">
     <span class='ocr_line' id='line_1_81' title="bbox 885 883 1664 919; baseline 0.001 -9"><span class='ocrx_word' id='word_1_597' title='bbox 885 891 958 910; x_wconf 91' lang='lat' dir='ltr'><strong>num.</strong></span> <span class='ocrx_word' id='word_1_598' title='bbox 985 883 1031 915; x_wconf 74' lang='lat'><strong>25,</strong></span> <span class='ocrx_word' id='word_1_599' title='bbox 1058 884 1102 911; x_wconf 86' lang='lat' dir='ltr'><strong>his</strong></span> <span class='ocrx_word' id='word_1_600' title='bbox 1127 884 1233 911; x_wconf 88' lang='lat' dir='ltr'><strong>verbis:</strong></span> <span class='ocrx_word' id='word_1_601' title='bbox 1256 883 1314 919; x_wconf 64' lang='lat'><strong>(92)</strong></span> <span class='ocrx_word' id='word_1_602' title='bbox 1339 883 1411 919; x_wconf 86' lang='grc' dir='ltr'>Πρὸς</span> <span class='ocrx_word' id='word_1_603' title='bbox 1438 883 1484 910; x_wconf 78' lang='grc' dir='ltr'>τὸν</span> <span class='ocrx_word' id='word_1_604' title='bbox 1504 883 1664 919; x_wconf 85' lang='grc' dir='ltr'>βουλόμενον</span> 
     </span>
    </p>
   </div>
   <div class='ocr_carea' id='block_1_82' title="bbox 884 929 1667 965">
    <p class='ocr_par' dir='ltr' id='par_1_82' title="bbox 884 929 1667 965">
     <span class='ocr_line' id='line_1_82' title="bbox 884 929 1667 965; baseline 0 -9"><span class='ocrx_word' id='word_1_605' title='bbox 884 929 1073 964; x_wconf 80' lang='grc' dir='ltr'>ὑπερδοξάζειν</span> <span class='ocrx_word' id='word_1_606' title='bbox 1092 930 1137 956; x_wconf 80' lang='grc' dir='ltr'>τὸν</span> <span class='ocrx_word' id='word_1_607' title='bbox 1161 929 1234 961; x_wconf 80' lang='grc' dir='ltr'><strong>Υἱὸν,</strong></span> <span class='ocrx_word' id='word_1_608' title='bbox 1263 930 1369 957; x_wconf 82' lang='grc' dir='ltr'>πάντων</span> <span class='ocrx_word' id='word_1_609' title='bbox 1392 929 1440 964; x_wconf 84' lang='grc' dir='ltr'><strong>μὲν</strong></span> <span class='ocrx_word' id='word_1_610' title='bbox 1462 929 1516 955; x_wconf 84' lang='grc' dir='ltr'><strong>τῶν</strong></span> <span class='ocrx_word' id='word_1_611' title='bbox 1547 929 1667 965; x_wconf 80' lang='grc' dir='ltr'><strong>γενητῶν</strong></span> 
     </span>
    </p>
   </div>
   <div class='ocr_carea' id='block_1_83' title="bbox 883 974 1666 1012">
    <p class='ocr_par' dir='ltr' id='par_1_83' title="bbox 883 974 1666 1012">
     <span class='ocr_line' id='line_1_83' title="bbox 883 974 1666 1012; baseline 0 -11"><span class='ocrx_word' id='word_1_612' title='bbox 883 976 1036 1011; x_wconf 77' lang='grc' dir='ltr'>ὑπερέχειν,</span> <span class='ocrx_word' id='word_1_613' title='bbox 1047 975 1078 1002; x_wconf 90' lang='grc' dir='ltr'>οὺ</span> <span class='ocrx_word' id='word_1_614' title='bbox 1096 975 1247 1011; x_wconf 77' lang='grc' dir='ltr'><strong>συγκρίσει,</strong></span> <span class='ocrx_word' id='word_1_615' title='bbox 1270 975 1328 1002; x_wconf 80' lang='grc' dir='ltr'><strong>ἀλλ’</strong></span> <span class='ocrx_word' id='word_1_616' title='bbox 1352 974 1556 1012; x_wconf 75' lang='grc' dir='ltr'>ὑπερϐαλλούσῃ</span> <span class='ocrx_word' id='word_1_617' title='bbox 1580 975 1666 1011; x_wconf 81' lang='grc' dir='ltr'>ὑπερ-</span> 
     </span>
    </p>
   </div>
   <div class='ocr_carea' id='block_1_84' title="bbox 887 1021 1666 1057">
    <p class='ocr_par' dir='ltr' id='par_1_84' title="bbox 887 1021 1666 1057">
     <span class='ocr_line' id='line_1_84' title="bbox 887 1021 1666 1057; baseline 0.001 -10"><span class='ocrx_word' id='word_1_618' title='bbox 887 1021 1052 1057; x_wconf 84' lang='grc' dir='ltr'>οχῇ,-φαμὲν</span> <span class='ocrx_word' id='word_1_619' title='bbox 1070 1021 1115 1048; x_wconf 77' lang='grc' dir='ltr'><strong>τὸν</strong></span> <span class='ocrx_word' id='word_1_620' title='bbox 1130 1021 1254 1057; x_wconf 72' lang='grc' dir='ltr'><strong>Σωτῆρα,</strong></span> <span class='ocrx_word' id='word_1_621' title='bbox 1280 1021 1326 1048; x_wconf 77' lang='grc' dir='ltr'><strong>καὶ</strong></span> <span class='ocrx_word' id='word_1_622' title='bbox 1349 1021 1379 1047; x_wconf 79' lang='grc' dir='ltr'><strong>τὸ</strong></span> <span class='ocrx_word' id='word_1_623' title='bbox 1402 1021 1513 1057; x_wconf 82' lang='grc' dir='ltr'><strong>Πνεῦμα</strong></span> <span class='ocrx_word' id='word_1_624' title='bbox 1528 1021 1558 1048; x_wconf 82' lang='grc' dir='ltr'><strong>τὺ</strong></span> <span class='ocrx_word' id='word_1_625' title='bbox 1578 1021 1666 1056; x_wconf 76' lang='grc' dir='ltr'><strong>ᾰγισν,</strong></span> 
     </span>
    </p>
   </div>
   <div class='ocr_carea' id='block_1_85' title="bbox 885 1067 1670 1103">
    <p class='ocr_par' dir='ltr' id='par_1_85' title="bbox 885 1067 1670 1103">
     <span class='ocr_line' id='line_1_85' title="bbox 885 1067 1670 1103; baseline 0.003 -10"><span class='ocrx_word' id='word_1_626' title='bbox 885 1067 1085 1103; x_wconf 83' lang='grc' dir='ltr'><strong>ὑπερεχόμενον</strong></span> <span class='ocrx_word' id='word_1_627' title='bbox 1115 1067 1253 1101; x_wconf 81' lang='grc' dir='ltr'>τοσοῦτον,</span> <span class='ocrx_word' id='word_1_628' title='bbox 1268 1068 1285 1103; x_wconf 78' lang='grc' dir='ltr'>ἢ</span> <span class='ocrx_word' id='word_1_629' title='bbox 1304 1067 1349 1094; x_wconf 70' lang='grc' dir='ltr'><strong>καὶ</strong></span> <span class='ocrx_word' id='word_1_630' title='bbox 1371 1067 1449 1094; x_wconf 75' lang='grc' dir='ltr'>πλέον</span> <span class='ocrx_word' id='word_1_631' title='bbox 1470 1067 1523 1094; x_wconf 72' lang='grc' dir='ltr'><strong>ἀπὸ</strong></span> <span class='ocrx_word' id='word_1_632' title='bbox 1545 1067 1592 1094; x_wconf 84' lang='grc' dir='ltr'><strong>τοῦ</strong></span> <span class='ocrx_word' id='word_1_633' title='bbox 1614 1067 1670 1095; x_wconf 78' lang='grc' dir='ltr'><strong>Παι-</strong></span> 
     </span>
    </p>
   </div>
   <div class='ocr_carea' id='block_1_86' title="bbox 883 1110 1667 1148">
    <p class='ocr_par' dir='ltr' id='par_1_86' title="bbox 883 1110 1667 1148">
     <span class='ocr_line' id='line_1_86' title="bbox 883 1110 1667 1148; baseline 0 -10"><span class='ocrx_word' id='word_1_634' title='bbox 883 1112 957 1147; x_wconf 82' lang='grc' dir='ltr'><strong>τρὺς,</strong></span> <span class='ocrx_word' id='word_1_635' title='bbox 974 1113 1028 1147; x_wconf 81' lang='grc' dir='ltr'><strong>ὅσῳ</strong></span> <span class='ocrx_word' id='word_1_636' title='bbox 1042 1112 1169 1148; x_wconf 84' lang='grc' dir='ltr'>ὑπερέχει</span> <span class='ocrx_word' id='word_1_637' title='bbox 1183 1112 1262 1144; x_wconf 83' lang='grc' dir='ltr'><strong>αὐτὸς</strong></span> <span class='ocrx_word' id='word_1_638' title='bbox 1283 1112 1329 1139; x_wconf 80' lang='grc' dir='ltr'><strong>καὶ</strong></span> <span class='ocrx_word' id='word_1_639' title='bbox 1343 1112 1373 1139; x_wconf 85' lang='grc' dir='ltr'><strong>τὸ</strong></span> <span class='ocrx_word' id='word_1_640' title='bbox 1387 1112 1463 1146; x_wconf 73' lang='grc' dir='ltr'>ἅγιον</span> <span class='ocrx_word' id='word_1_641' title='bbox 1478 1111 1591 1147; x_wconf 75' lang='grc' dir='ltr'>Πνεῦμα</span> <span class='ocrx_word' id='word_1_642' title='bbox 1611 1110 1667 1139; x_wconf 80' lang='grc' dir='ltr'><strong>τῶν</strong></span> 
     </span>
    </p>
   </div>
   <div class='ocr_carea' id='block_1_87' title="bbox 883 1157 1668 1193">
    <p class='ocr_par' dir='ltr' id='par_1_87' title="bbox 883 1157 1668 1193">
     <span class='ocr_line' id='line_1_87' title="bbox 883 1157 1668 1193; baseline 0.003 -10"><span class='ocrx_word' id='word_1_643' title='bbox 883 1157 994 1190; x_wconf 85' lang='grc' dir='ltr'><strong>λοιπῶν,</strong></span> <span class='ocrx_word' id='word_1_644' title='bbox 1014 1157 1056 1184; x_wconf 44' lang='grc' dir='ltr'>οὐκ</span> <span class='ocrx_word' id='word_1_645' title='bbox 1065 1159 1120 1184; x_wconf 83' lang='grc' dir='ltr'>τῶν</span> <span class='ocrx_word' id='word_1_646' title='bbox 1138 1158 1283 1193; x_wconf 82' lang='grc' dir='ltr'>τυχόντων.</span> <span class='ocrx_word' id='word_1_647' title='bbox 1309 1157 1440 1193; x_wconf 87' lang='lat' dir='ltr'><strong>Spiritum</strong></span> <span class='ocrx_word' id='word_1_648' title='bbox 1464 1162 1588 1185; x_wconf 89' lang='lat' dir='ltr'><strong>sanctum</strong></span> <span class='ocrx_word' id='word_1_649' title='bbox 1611 1157 1668 1185; x_wconf 86' lang='lat' dir='ltr'><strong>illic</strong></span> 
     </span>
    </p>
   </div>
   <div class='ocr_carea' id='block_1_88' title="bbox 885 1202 1666 1238">
    <p class='ocr_par' dir='ltr' id='par_1_88' title="bbox 885 1202 1666 1238">
     <span class='ocr_line' id='line_1_88' title="bbox 885 1202 1666 1238; baseline 0.001 -8"><span class='ocrx_word' id='word_1_650' title='bbox 885 1202 955 1230; x_wconf 81' lang='lat' dir='ltr'><strong>infra</strong></span> <span class='ocrx_word' id='word_1_651' title='bbox 970 1203 1077 1231; x_wconf 85' lang='lat' dir='ltr'><strong>Patrem</strong></span> <span class='ocrx_word' id='word_1_652' title='bbox 1091 1204 1235 1238; x_wconf 85' lang='lat' dir='ltr'><strong>deprimit:</strong></span> <span class='ocrx_word' id='word_1_653' title='bbox 1252 1203 1321 1231; x_wconf 87' lang='lat' dir='ltr'><strong>Filio</strong></span> <span class='ocrx_word' id='word_1_654' title='bbox 1329 1211 1393 1231; x_wconf 90' lang='lat' dir='ltr'><strong>vero</strong></span> <span class='ocrx_word' id='word_1_655' title='bbox 1403 1204 1546 1238; x_wconf 89' lang='lat' dir='ltr'><strong>posthabet</strong></span> <span class='ocrx_word' id='word_1_656' title='bbox 1558 1207 1623 1231; x_wconf 88' lang='lat' dir='ltr'><strong>tom.</strong></span> <span class='ocrx_word' id='word_1_657' title='bbox 1634 1211 1666 1237; x_wconf 86' lang='grc' dir='ltr'><strong>ιι,</strong></span> 
     </span>
    </p>
   </div>
   <div class='ocr_carea' id='block_1_89' title="bbox 883 1248 1669 1287">
    <p class='ocr_par' dir='ltr' id='par_1_89' title="bbox 883 1248 1669 1287">
     <span class='ocr_line' id='line_1_89' title="bbox 883 1248 1669 1287; baseline 0 -11"><span class='ocrx_word' id='word_1_658' title='bbox 883 1249 911 1276; x_wconf 83' lang='lat' dir='ltr'><strong>in</strong></span> <span class='ocrx_word' id='word_1_659' title='bbox 924 1248 1016 1282; x_wconf 66' lang='lat' dir='ltr'><strong>10am,</strong></span> <span class='ocrx_word' id='word_1_660' title='bbox 1027 1256 1101 1277; x_wconf 91' lang='lat' dir='ltr'><strong>num.</strong></span> <span class='ocrx_word' id='word_1_661' title='bbox 1126 1248 1160 1276; x_wconf 82' lang='lat'><strong>6:</strong></span> <span class='ocrx_word' id='word_1_662' title='bbox 1175 1249 1230 1284; x_wconf 79' lang='lat'><strong>(95)</strong></span> <span class='ocrx_word' id='word_1_663' title='bbox 1250 1248 1383 1287; x_wconf 31' lang='lat' dir='ltr'><strong>TaBta‘ae‘.</strong></span> <span class='ocrx_word' id='word_1_664' title='bbox 1398 1249 1511 1276; x_wconf 68' lang='grc' dir='ltr'>ἐπιπολὺ</span> <span class='ocrx_word' id='word_1_665' title='bbox 1524 1249 1669 1284; x_wconf 78' lang='grc' dir='ltr'><strong>ἐξήτασται</strong></span> 
     </span>
    </p>
   </div>
   <div class='ocr_carea' id='block_1_90' title="bbox 884 1294 1668 1330">
    <p class='ocr_par' dir='ltr' id='par_1_90' title="bbox 884 1294 1668 1330">
     <span class='ocr_line' id='line_1_90' title="bbox 884 1294 1668 1330; baseline -0.001 -8"><span class='ocrx_word' id='word_1_666' title='bbox 884 1295 1049 1330; x_wconf 80' lang='grc' dir='ltr'>σαφέστερον</span> <span class='ocrx_word' id='word_1_667' title='bbox 1076 1295 1140 1323; x_wconf 73' lang='grc' dir='ltr'>ἰδεῖν</span> <span class='ocrx_word' id='word_1_668' title='bbox 1166 1295 1347 1330; x_wconf 77' lang='grc' dir='ltr'><strong>βουλομένοις,</strong></span> <span class='ocrx_word' id='word_1_669' title='bbox 1380 1294 1449 1327; x_wconf 83' lang='grc' dir='ltr'><strong>πῶς,</strong></span> <span class='ocrx_word' id='word_1_670' title='bbox 1477 1295 1502 1321; x_wconf 86' lang='grc' dir='ltr'>εἰ</span> <span class='ocrx_word' id='word_1_671' title='bbox 1530 1295 1618 1322; x_wconf 81' lang='grc' dir='ltr'>πάντα</span> <span class='ocrx_word' id='word_1_672' title='bbox 1634 1294 1668 1321; x_wconf 79' lang='grc' dir='ltr'><strong>δι’</strong></span> 
     </span>
    </p>
   </div>
   <div class='ocr_carea' id='block_1_91' title="bbox 883 1341 1668 1377">
    <p class='ocr_par' dir='ltr' id='par_1_91' title="bbox 883 1341 1668 1377">
     <span class='ocr_line' id='line_1_91' title="bbox 883 1341 1668 1377; baseline 0 -10"><span class='ocrx_word' id='word_1_673' title='bbox 883 1341 965 1369; x_wconf 80' lang='grc' dir='ltr'><strong>αὑτοῦ</strong></span> <span class='ocrx_word' id='word_1_674' title='bbox 979 1342 1096 1375; x_wconf 73' lang='grc' dir='ltr'>ἐγένετο,</span> <span class='ocrx_word' id='word_1_675' title='bbox 1110 1342 1157 1368; x_wconf 72' lang='grc' dir='ltr'>καὶ</span> <span class='ocrx_word' id='word_1_676' title='bbox 1168 1342 1199 1368; x_wconf 81' lang='grc' dir='ltr'><strong>τὸ</strong></span> <span class='ocrx_word' id='word_1_677' title='bbox 1211 1341 1323 1377; x_wconf 82' lang='grc' dir='ltr'>Πνεῦμα</span> <span class='ocrx_word' id='word_1_678' title='bbox 1338 1341 1381 1368; x_wconf 87' lang='grc' dir='ltr'><strong>διὰ</strong></span> <span class='ocrx_word' id='word_1_679' title='bbox 1394 1341 1440 1368; x_wconf 79' lang='grc' dir='ltr'><strong>τοῦ</strong></span> <span class='ocrx_word' id='word_1_680' title='bbox 1456 1341 1535 1376; x_wconf 84' lang='grc' dir='ltr'>λόγου</span> <span class='ocrx_word' id='word_1_681' title='bbox 1548 1341 1668 1375; x_wconf 78' lang='grc' dir='ltr'>ἐγένετο,</span> 
     </span>
    </p>
   </div>
   <div class='ocr_carea' id='block_1_92' title="bbox 883 1384 1670 1423">
    <p class='ocr_par' dir='ltr' id='par_1_92' title="bbox 883 1384 1670 1423">
     <span class='ocr_line' id='line_1_92' title="bbox 883 1384 1670 1423; baseline 0 -10"><span class='ocrx_word' id='word_1_682' title='bbox 883 1386 912 1413; x_wconf 83' lang='grc' dir='ltr'>ἓν</span> <span class='ocrx_word' id='word_1_683' title='bbox 939 1387 992 1414; x_wconf 86' lang='grc' dir='ltr'><strong>τῶν</strong></span> <span class='ocrx_word' id='word_1_684' title='bbox 1020 1387 1127 1414; x_wconf 78' lang='grc' dir='ltr'>πάντων</span> <span class='ocrx_word' id='word_1_685' title='bbox 1152 1386 1284 1423; x_wconf 78' lang='grc' dir='ltr'>τυγχάνον</span> <span class='ocrx_word' id='word_1_686' title='bbox 1301 1387 1500 1422; x_wconf 78' lang='grc' dir='ltr'>ὑποδεεστέρων</span> <span class='ocrx_word' id='word_1_687' title='bbox 1521 1385 1568 1413; x_wconf 76' lang='grc' dir='ltr'><strong>τοῦ</strong></span> <span class='ocrx_word' id='word_1_688' title='bbox 1592 1386 1625 1413; x_wconf 83' lang='grc' dir='ltr'><strong>δι’</strong></span> <span class='ocrx_word' id='word_1_689' title='bbox 1639 1384 1670 1414; x_wconf 76' lang='grc' dir='ltr'>οὗ</span> 
     </span>
    </p>
   </div>
   <div class='ocr_carea' id='block_1_93' title="bbox 882 1432 1670 1468">
    <p class='ocr_par' dir='ltr' id='par_1_93' title="bbox 882 1432 1670 1468">
     <span class='ocr_line' id='line_1_93' title="bbox 882 1432 1670 1468; baseline 0 -9"><span class='ocrx_word' id='word_1_690' title='bbox 882 1433 990 1467; x_wconf 78' lang='grc' dir='ltr'>ἐγένετο</span> <span class='ocrx_word' id='word_1_691' title='bbox 1003 1433 1157 1468; x_wconf 83' lang='grc' dir='ltr'>νοούμενον,</span> <span class='ocrx_word' id='word_1_692' title='bbox 1171 1434 1195 1460; x_wconf 80' lang='grc' dir='ltr'>εἰ</span> <span class='ocrx_word' id='word_1_693' title='bbox 1211 1433 1258 1460; x_wconf 80' lang='grc' dir='ltr'><strong>καὶ</strong></span> <span class='ocrx_word' id='word_1_694' title='bbox 1269 1432 1355 1465; x_wconf 80' lang='grc' dir='ltr'>λέξεις</span> <span class='ocrx_word' id='word_1_695' title='bbox 1365 1433 1435 1464; x_wconf 86' lang='grc' dir='ltr'>τινὲς</span> <span class='ocrx_word' id='word_1_696' title='bbox 1449 1433 1584 1468; x_wconf 82' lang='grc' dir='ltr'>περισπᾷν</span> <span class='ocrx_word' id='word_1_697' title='bbox 1596 1433 1670 1468; x_wconf 76' lang='grc' dir='ltr'><strong>ἡμᾶς</strong></span> 
     </span>
    </p>
   </div>
   <div class='ocr_carea' id='block_1_94' title="bbox 883 1478 1262 1511">
    <p class='ocr_par' dir='ltr' id='par_1_94' title="bbox 883 1478 1262 1511">
     <span class='ocr_line' id='line_1_94' title="bbox 883 1478 1262 1511; baseline 0.003 -6"><span class='ocrx_word' id='word_1_698' title='bbox 883 1480 924 1511; x_wconf 77' lang='grc' dir='ltr'>εἰς</span> <span class='ocrx_word' id='word_1_699' title='bbox 943 1479 974 1505; x_wconf 81' lang='grc' dir='ltr'><strong>τὸ</strong></span> <span class='ocrx_word' id='word_1_700' title='bbox 989 1480 1108 1506; x_wconf 79' lang='grc' dir='ltr'>ἐναντίον</span> <span class='ocrx_word' id='word_1_701' title='bbox 1128 1478 1262 1506; x_wconf 76' lang='grc' dir='ltr'>δοκοῦσιν.</span> 
     </span>
    </p>
   </div>
   <div class='ocr_carea' id='block_1_95' title="bbox 920 1523 1670 1560">
    <p class='ocr_par' dir='ltr' id='par_1_95' title="bbox 920 1523 1670 1560">
     <span class='ocr_line' id='line_1_95' title="bbox 920 1523 1670 1560; baseline 0.001 -9"><span class='ocrx_word' id='word_1_702' title='bbox 920 1524 986 1552; x_wconf 83' lang='lat' dir='ltr'><strong>Vill.</strong></span> <span class='ocrx_word' id='word_1_703' title='bbox 1013 1525 1096 1552; x_wconf 66' lang='lat' dir='ltr'><strong>Laesa:</strong></span> <span class='ocrx_word' id='word_1_704' title='bbox 1121 1525 1223 1552; x_wconf 86' lang='lat' dir='ltr'><strong>Christi</strong></span> <span class='ocrx_word' id='word_1_705' title='bbox 1245 1524 1394 1560; x_wconf 87' lang='lat' dir='ltr'><strong>majestatis</strong></span> <span class='ocrx_word' id='word_1_706' title='bbox 1421 1532 1497 1552; x_wconf 88' lang='lat' dir='ltr'><strong>reum</strong></span> <span class='ocrx_word' id='word_1_707' title='bbox 1525 1523 1670 1560; x_wconf 77' lang='lat' dir='ltr'><strong>Origenem</strong></span> 
     </span>
    </p>
   </div>
   <div class='ocr_carea' id='block_1_96' title="bbox 885 1569 1671 1607">
    <p class='ocr_par' dir='ltr' id='par_1_96' title="bbox 885 1569 1671 1607">
     <span class='ocr_line' id='line_1_96' title="bbox 885 1569 1671 1607; baseline 0 -10"><span class='ocrx_word' id='word_1_708' title='bbox 885 1571 991 1607; x_wconf 74' lang='lat' dir='ltr'><strong>peragit</strong></span> <span class='ocrx_word' id='word_1_709' title='bbox 1005 1570 1187 1606; x_wconf 83' lang='lat' dir='ltr'><strong>Hieronymus</strong></span> <span class='ocrx_word' id='word_1_710' title='bbox 1202 1570 1282 1605; x_wconf 89' lang='lat' dir='ltr'><strong>epist.</strong></span> <span class='ocrx_word' id='word_1_711' title='bbox 1304 1571 1350 1603; x_wconf 85' lang='lat'><strong>59,</strong></span> <span class='ocrx_word' id='word_1_712' title='bbox 1363 1571 1398 1598; x_wconf 80' lang='lat' dir='ltr'><strong>ad</strong></span> <span class='ocrx_word' id='word_1_713' title='bbox 1410 1570 1493 1602; x_wconf 83' lang='lat' dir='ltr'><strong>Auit.,</strong></span> <span class='ocrx_word' id='word_1_714' title='bbox 1515 1577 1574 1605; x_wconf 89' lang='lat' dir='ltr'><strong>cap.</strong></span> <span class='ocrx_word' id='word_1_715' title='bbox 1591 1577 1610 1602; x_wconf 88' lang='lat' dir='ltr'><strong>t,</strong></span> <span class='ocrx_word' id='word_1_716' title='bbox 1625 1569 1671 1597; x_wconf 91' lang='lat' dir='ltr'><strong>ubi</strong></span> 
     </span>
    </p>
   </div>
   <div class='ocr_carea' id='block_1_97' title="bbox 885 1615 1671 1651">
    <p class='ocr_par' dir='ltr' id='par_1_97' title="bbox 885 1615 1671 1651">
     <span class='ocr_line' id='line_1_97' title="bbox 885 1615 1671 1651; baseline 0 -9"><span class='ocrx_word' id='word_1_717' title='bbox 885 1615 947 1643; x_wconf 90' lang='lat' dir='ltr'><strong>libri</strong></span> <span class='ocrx_word' id='word_1_718' title='bbox 967 1617 1046 1650; x_wconf 85' lang='lat' dir='ltr'><strong>primi</strong></span> <span class='ocrx_word' id='word_1_719' title='bbox 1063 1616 1133 1650; x_wconf 74' lang='grc' dir='ltr'>Περὶ</span> <span class='ocrx_word' id='word_1_720' title='bbox 1147 1616 1248 1651; x_wconf 83' lang='grc' dir='ltr'>ἀρχῶν</span> <span class='ocrx_word' id='word_1_721' title='bbox 1258 1616 1354 1644; x_wconf 89' lang='lat' dir='ltr'><strong>deliria</strong></span> <span class='ocrx_word' id='word_1_722' title='bbox 1371 1623 1600 1649; x_wconf 86' lang='lat' dir='ltr'><strong>commemorans,</strong></span> <span class='ocrx_word' id='word_1_723' title='bbox 1613 1615 1671 1651; x_wconf 71' lang='lat' dir='ltr'><strong>(9L)</strong></span> 
     </span>
    </p>
   </div>
   <div class='ocr_carea' id='block_1_98' title="bbox 887 1660 1673 1690">
    <p class='ocr_par' dir='ltr' id='par_1_98' title="bbox 887 1660 1673 1690">
     <span class='ocr_line' id='line_1_98' title="bbox 887 1660 1673 1690; baseline 0 -1"><span class='ocrx_word' id='word_1_724' title='bbox 887 1662 988 1690; x_wconf 83' lang='lat' dir='ltr'><strong>dixisse</strong></span> <span class='ocrx_word' id='word_1_725' title='bbox 1012 1662 1085 1689; x_wconf 91' lang='lat' dir='ltr'><strong>illum</strong></span> <span class='ocrx_word' id='word_1_726' title='bbox 1103 1667 1181 1689; x_wconf 89' lang='lat' dir='ltr'><strong>notat</strong></span> <span class='ocrx_word' id='word_1_727' title='bbox 1197 1671 1204 1689; x_wconf 88' lang='lat'><strong>:</strong></span> <span class='ocrx_word' id='word_1_728' title='bbox 1229 1670 1238 1688; x_wconf 87' lang='grc' dir='ltr'>ι</span> <span class='ocrx_word' id='word_1_729' title='bbox 1253 1661 1389 1689; x_wconf 88' lang='lat' dir='ltr'><strong>Christum</strong></span> <span class='ocrx_word' id='word_1_730' title='bbox 1418 1661 1562 1688; x_wconf 84' lang='lat' dir='ltr'><strong>collatione</strong></span> <span class='ocrx_word' id='word_1_731' title='bbox 1582 1660 1673 1689; x_wconf 86' lang='lat' dir='ltr'><strong>Patris</strong></span> 
     </span>
    </p>
   </div>
   <div class='ocr_carea' id='block_1_99' title="bbox 887 1707 1672 1743">
    <p class='ocr_par' dir='ltr' id='par_1_99' title="bbox 887 1707 1672 1743">
     <span class='ocr_line' id='line_1_99' title="bbox 887 1707 1672 1743; baseline -0.001 -8"><span class='ocrx_word' id='word_1_732' title='bbox 887 1708 1060 1742; x_wconf 88' lang='lat' dir='ltr'><strong>splendorem</strong></span> <span class='ocrx_word' id='word_1_733' title='bbox 1075 1715 1137 1735; x_wconf 89' lang='lat' dir='ltr'><strong>esse</strong></span> <span class='ocrx_word' id='word_1_734' title='bbox 1152 1715 1326 1743; x_wconf 80' lang='lat' dir='ltr'><strong>perparvom,</strong></span> <span class='ocrx_word' id='word_1_735' title='bbox 1342 1707 1389 1742; x_wconf 94' lang='lat' dir='ltr'><strong>qui</strong></span> <span class='ocrx_word' id='word_1_736' title='bbox 1404 1709 1474 1742; x_wconf 90' lang='lat' dir='ltr'><strong>apud</strong></span> <span class='ocrx_word' id='word_1_737' title='bbox 1491 1714 1541 1734; x_wconf 91' lang='lat' dir='ltr'><strong>nos</strong></span> <span class='ocrx_word' id='word_1_738' title='bbox 1557 1714 1606 1742; x_wconf 91' lang='lat' dir='ltr'><strong>pro</strong></span> <span class='ocrx_word' id='word_1_739' title='bbox 1621 1707 1672 1734; x_wconf 89' lang='lat' dir='ltr'><strong>im-</strong></span> 
     </span>
    </p>
   </div>
   <div class='ocr_carea' id='block_1_100' title="bbox 887 1751 1674 1788">
    <p class='ocr_par' dir='ltr' id='par_1_100' title="bbox 887 1751 1674 1788">
     <span class='ocr_line' id='line_1_100' title="bbox 887 1751 1674 1788; baseline 0 -8"><span class='ocrx_word' id='word_1_740' title='bbox 887 1753 1034 1781; x_wconf 83' lang='lat' dir='ltr'><strong>becillitate</strong></span> <span class='ocrx_word' id='word_1_741' title='bbox 1062 1758 1154 1780; x_wconf 89' lang='lat' dir='ltr'><strong>n0stra</strong></span> <span class='ocrx_word' id='word_1_742' title='bbox 1179 1760 1291 1788; x_wconf 77' lang='lat' dir='ltr'><strong>magnus</strong></span> <span class='ocrx_word' id='word_1_743' title='bbox 1306 1759 1367 1780; x_wconf 87' lang='lat' dir='ltr'><strong>esse</strong></span> <span class='ocrx_word' id='word_1_744' title='bbox 1388 1752 1523 1780; x_wconf 89' lang='lat' dir='ltr'><strong>videatur.</strong></span> <span class='ocrx_word' id='word_1_745' title='bbox 1545 1761 1554 1778; x_wconf 69' lang='grc' dir='ltr'>ι</span> <span class='ocrx_word' id='word_1_746' title='bbox 1570 1751 1674 1780; x_wconf 90' lang='lat' dir='ltr'><strong>Deinde</strong></span> 
     </span>
    </p>
   </div>
   <div class='ocr_carea' id='block_1_101' title="bbox 887 1797 1672 1834">
    <p class='ocr_par' dir='ltr' id='par_1_101' title="bbox 887 1797 1672 1834">
     <span class='ocr_line' id='line_1_101' title="bbox 887 1797 1672 1834; baseline -0.003 -8"><span class='ocrx_word' id='word_1_747' title='bbox 887 1798 981 1826; x_wconf 84' lang='lat' dir='ltr'><strong>addit:</strong></span> <span class='ocrx_word' id='word_1_748' title='bbox 1003 1798 1060 1834; x_wconf 82' lang='lat'><strong>(95)</strong></span> <span class='ocrx_word' id='word_1_749' title='bbox 1083 1807 1092 1824; x_wconf 81' lang='grc' dir='ltr'>ι</span> <span class='ocrx_word' id='word_1_750' title='bbox 1111 1798 1231 1826; x_wconf 87' lang='lat' dir='ltr'><strong>Duarum</strong></span> <span class='ocrx_word' id='word_1_751' title='bbox 1248 1799 1412 1830; x_wconf 85' lang='lat' dir='ltr'><strong>statuarum,</strong></span> <span class='ocrx_word' id='word_1_752' title='bbox 1432 1797 1543 1832; x_wconf 87' lang='lat' dir='ltr'><strong>majoris</strong></span> <span class='ocrx_word' id='word_1_753' title='bbox 1565 1802 1593 1824; x_wconf 90' lang='lat' dir='ltr'><strong>et</strong></span> <span class='ocrx_word' id='word_1_754' title='bbox 1610 1805 1672 1832; x_wconf 69' lang='lat' dir='ltr'><strong>paro</strong></span> 
     </span>
    </p>
   </div>
   <div class='ocr_carea' id='block_1_102' title="bbox 887 1843 1670 1879">
    <p class='ocr_par' dir='ltr' id='par_1_102' title="bbox 887 1843 1670 1879">
     <span class='ocr_line' id='line_1_102' title="bbox 887 1843 1670 1879; baseline 0 -9"><span class='ocrx_word' id='word_1_755' title='bbox 887 1844 975 1877; x_wconf 63' lang='lat' dir='ltr'><strong>vulta;</strong></span> <span class='ocrx_word' id='word_1_756' title='bbox 998 1845 1079 1872; x_wconf 91' lang='lat' dir='ltr'><strong>unius</strong></span> <span class='ocrx_word' id='word_1_757' title='bbox 1097 1852 1157 1879; x_wconf 65' lang='lat' dir='ltr'><strong>quas</strong></span> <span class='ocrx_word' id='word_1_758' title='bbox 1185 1845 1314 1871; x_wconf 90' lang='lat' dir='ltr'><strong>mundum</strong></span> <span class='ocrx_word' id='word_1_759' title='bbox 1335 1843 1456 1878; x_wconf 83' lang='lat' dir='ltr'><strong>impleat,</strong></span> <span class='ocrx_word' id='word_1_760' title='bbox 1484 1848 1512 1871; x_wconf 90' lang='lat' dir='ltr'><strong>et</strong></span> <span class='ocrx_word' id='word_1_761' title='bbox 1533 1843 1670 1878; x_wconf 76' lang='lat' dir='ltr'><strong>magnitu-</strong></span> 
     </span>
    </p>
   </div>
   <div class='ocr_carea' id='block_1_103' title="bbox 887 1889 1672 1925">
    <p class='ocr_par' dir='ltr' id='par_1_103' title="bbox 887 1889 1672 1925">
     <span class='ocr_line' id='line_1_103' title="bbox 887 1889 1672 1925; baseline -0.004 -7"><span class='ocrx_word' id='word_1_762' title='bbox 887 1890 950 1918; x_wconf 88' lang='lat' dir='ltr'><strong>dine</strong></span> <span class='ocrx_word' id='word_1_763' title='bbox 970 1898 1017 1917; x_wconf 88' lang='lat' dir='ltr'><strong>sua</strong></span> <span class='ocrx_word' id='word_1_764' title='bbox 1033 1890 1233 1925; x_wconf 88' lang='lat' dir='ltr'><strong>quodammodo</strong></span> <span class='ocrx_word' id='word_1_765' title='bbox 1254 1889 1396 1917; x_wconf 88' lang='lat' dir='ltr'><strong>invisibilis</strong></span> <span class='ocrx_word' id='word_1_766' title='bbox 1422 1889 1478 1922; x_wconf 90' lang='lat' dir='ltr'><strong>sit;</strong></span> <span class='ocrx_word' id='word_1_767' title='bbox 1505 1894 1533 1916; x_wconf 93' lang='lat' dir='ltr'><strong>et</strong></span> <span class='ocrx_word' id='word_1_768' title='bbox 1560 1889 1672 1916; x_wconf 84' lang='lat' dir='ltr'><strong>alterius</strong></span> 
     </span>
    </p>
   </div>
   <div class='ocr_carea' id='block_1_104' title="bbox 888 1934 1673 1971">
    <p class='ocr_par' dir='ltr' id='par_1_104' title="bbox 888 1934 1673 1971">
     <span class='ocr_line' id='line_1_104' title="bbox 888 1934 1673 1971; baseline -0.004 -7"><span class='ocrx_word' id='word_1_769' title='bbox 888 1943 949 1971; x_wconf 69' lang='lat' dir='ltr'><strong>quae</strong></span> <span class='ocrx_word' id='word_1_770' title='bbox 963 1937 1012 1964; x_wconf 87' lang='lat' dir='ltr'><strong>sub</strong></span> <span class='ocrx_word' id='word_1_771' title='bbox 1024 1936 1117 1964; x_wconf 88' lang='lat' dir='ltr'><strong>oculos</strong></span> <span class='ocrx_word' id='word_1_772' title='bbox 1129 1937 1220 1968; x_wconf 86' lang='lat' dir='ltr'><strong>cadat,</strong></span> <span class='ocrx_word' id='word_1_773' title='bbox 1236 1935 1312 1970; x_wconf 90' lang='lat' dir='ltr'><strong>ponit</strong></span> <span class='ocrx_word' id='word_1_774' title='bbox 1327 1935 1481 1970; x_wconf 80' lang='lat' dir='ltr'><strong>exemplum</strong></span> <span class='ocrx_word' id='word_1_775' title='bbox 1497 1955 1504 1968; x_wconf 86' lang='lat'><strong>,</strong></span> <span class='ocrx_word' id='word_1_776' title='bbox 1520 1934 1605 1968; x_wconf 86' lang='lat' dir='ltr'><strong>priori</strong></span> <span class='ocrx_word' id='word_1_777' title='bbox 1621 1934 1673 1961; x_wconf 76' lang='lat' dir='ltr'><strong>Pa«</strong></span> 
     </span>
    </p>
   </div>
   <div class='ocr_carea' id='block_1_105' title="bbox 889 1980 1672 2018">
    <p class='ocr_par' dir='ltr' id='par_1_105' title="bbox 889 1980 1672 2018">
     <span class='ocr_line' id='line_1_105' title="bbox 889 1980 1672 2018; baseline -0.004 -8"><span class='ocrx_word' id='word_1_778' title='bbox 889 1987 968 2015; x_wconf 89' lang='lat' dir='ltr'><strong>trem,</strong></span> <span class='ocrx_word' id='word_1_779' title='bbox 985 1983 1127 2018; x_wconf 88' lang='lat' dir='ltr'><strong>posteriori</strong></span> <span class='ocrx_word' id='word_1_780' title='bbox 1141 1982 1240 2009; x_wconf 89' lang='lat' dir='ltr'><strong>Filium</strong></span> <span class='ocrx_word' id='word_1_781' title='bbox 1253 1989 1424 2017; x_wconf 85' lang='lat' dir='ltr'><strong>comparans.</strong></span> <span class='ocrx_word' id='word_1_782' title='bbox 1437 1991 1447 2007; x_wconf 75' lang='grc' dir='ltr'>ι</span> <span class='ocrx_word' id='word_1_783' title='bbox 1461 1980 1632 2008; x_wconf 82' lang='lat' dir='ltr'><strong>Justinianus</strong></span> <span class='ocrx_word' id='word_1_784' title='bbox 1644 1981 1672 2008; x_wconf 90' lang='lat' dir='ltr'><strong>in</strong></span> 
     </span>
    </p>
   </div>
   <div class='ocr_carea' id='block_1_106' title="bbox 887 2026 1672 2063">
    <p class='ocr_par' dir='ltr' id='par_1_106' title="bbox 887 2026 1672 2063">
     <span class='ocr_line' id='line_1_106' title="bbox 887 2026 1672 2063; baseline -0.003 -8"><span class='ocrx_word' id='word_1_785' title='bbox 887 2028 1003 2063; x_wconf 88' lang='lat' dir='ltr'><strong>epistola</strong></span> <span class='ocrx_word' id='word_1_786' title='bbox 1029 2029 1062 2055; x_wconf 90' lang='lat' dir='ltr'><strong>ad</strong></span> <span class='ocrx_word' id='word_1_787' title='bbox 1085 2028 1191 2055; x_wconf 81' lang='lat' dir='ltr'><strong>Menam</strong></span> <span class='ocrx_word' id='word_1_788' title='bbox 1216 2027 1315 2060; x_wconf 66' lang='lat' dir='ltr'><strong>gradus</strong></span> <span class='ocrx_word' id='word_1_789' title='bbox 1339 2028 1365 2055; x_wconf 91' lang='lat' dir='ltr'><strong>in</strong></span> <span class='ocrx_word' id='word_1_790' title='bbox 1390 2026 1523 2054; x_wconf 88' lang='lat' dir='ltr'><strong>Trinitate</strong></span> <span class='ocrx_word' id='word_1_791' title='bbox 1547 2026 1672 2062; x_wconf 86' lang='lat' dir='ltr'><strong>posuisse</strong></span> 
     </span>
    </p>
   </div>
   <div class='ocr_carea' id='block_1_107' title="bbox 888 2072 1671 2109">
    <p class='ocr_par' dir='ltr' id='par_1_107' title="bbox 888 2072 1671 2109">
     <span class='ocr_line' id='line_1_107' title="bbox 888 2072 1671 2109; baseline -0.003 -9"><span class='ocrx_word' id='word_1_792' title='bbox 888 2075 976 2109; x_wconf 88' lang='lat' dir='ltr'><strong>ipsum</strong></span> <span class='ocrx_word' id='word_1_793' title='bbox 991 2075 1049 2106; x_wconf 86' lang='lat' dir='ltr'><strong>ait,</strong></span> <span class='ocrx_word' id='word_1_794' title='bbox 1069 2079 1096 2101; x_wconf 89' lang='lat' dir='ltr'><strong>et</strong></span> <span class='ocrx_word' id='word_1_795' title='bbox 1109 2073 1217 2101; x_wconf 85' lang='lat' dir='ltr'><strong>Patrem</strong></span> <span class='ocrx_word' id='word_1_796' title='bbox 1233 2073 1303 2101; x_wconf 86' lang='lat' dir='ltr'><strong>Filio</strong></span> <span class='ocrx_word' id='word_1_797' title='bbox 1315 2073 1444 2108; x_wconf 87' lang='lat' dir='ltr'><strong>majorem</strong></span> <span class='ocrx_word' id='word_1_798' title='bbox 1462 2072 1573 2099; x_wconf 81' lang='lat' dir='ltr'><strong>ﬂuxisse</strong></span> <span class='ocrx_word' id='word_1_799' title='bbox 1589 2081 1595 2098; x_wconf 94' lang='lat'>:</span> <span class='ocrx_word' id='word_1_800' title='bbox 1615 2077 1671 2099; x_wconf 92' lang='lat' dir='ltr'><strong>tum</strong></span> 
     </span>
    </p>
   </div>
   <div class='ocr_carea' id='block_1_108' title="bbox 889 2119 1671 2155">
    <p class='ocr_par' dir='ltr' id='par_1_108' title="bbox 889 2119 1671 2155">
     <span class='ocr_line' id='line_1_108' title="bbox 889 2119 1671 2155; baseline -0.004 -7"><span class='ocrx_word' id='word_1_801' title='bbox 889 2128 920 2148; x_wconf 87' lang='lat' dir='ltr'><strong>ex</strong></span> <span class='ocrx_word' id='word_1_802' title='bbox 939 2120 1006 2155; x_wconf 85' lang='lat' dir='ltr'><strong>ipsis</strong></span> <span class='ocrx_word' id='word_1_803' title='bbox 1020 2119 1145 2155; x_wconf 78' lang='lat' dir='ltr'><strong>Origenis</strong></span> <span class='ocrx_word' id='word_1_804' title='bbox 1163 2119 1253 2147; x_wconf 87' lang='lat' dir='ltr'><strong>verbis</strong></span> <span class='ocrx_word' id='word_1_805' title='bbox 1274 2119 1475 2147; x_wconf 82' lang='lat' dir='ltr'><strong>accusationem</strong></span> <span class='ocrx_word' id='word_1_806' title='bbox 1499 2125 1579 2146; x_wconf 86' lang='lat' dir='ltr'><strong>suam</strong></span> <span class='ocrx_word' id='word_1_807' title='bbox 1595 2125 1671 2146; x_wconf 88' lang='lat' dir='ltr'><strong>com-</strong></span> 
     </span>
    </p>
   </div>
   <div class='ocr_carea' id='block_1_109' title="bbox 923 2253 1671 2293">
    <p class='ocr_par' dir='ltr' id='par_1_109' title="bbox 923 2253 1671 2293">
     <span class='ocr_line' id='line_1_109' title="bbox 923 2253 1671 2293; baseline -0.008 -7"><span class='ocrx_word' id='word_1_808' title='bbox 923 2259 979 2293; x_wconf 63' lang='lat'><strong>(9‘)</strong></span> <span class='ocrx_word' id='word_1_809' title='bbox 1003 2258 1108 2285; x_wconf 73' lang='lat' dir='ltr'><strong>Dixisse</strong></span> <span class='ocrx_word' id='word_1_810' title='bbox 1126 2258 1200 2284; x_wconf 82' lang='lat' dir='ltr'><strong>illum</strong></span> <span class='ocrx_word' id='word_1_811' title='bbox 1212 2262 1295 2289; x_wconf 76' lang='lat' dir='ltr'><strong>notat,</strong></span> <span class='ocrx_word' id='word_1_812' title='bbox 1308 2256 1442 2284; x_wconf 69' lang='lat' dir='ltr'><strong>Christum</strong></span> <span class='ocrx_word' id='word_1_813' title='bbox 1457 2255 1596 2293; x_wconf 61' lang='lat' dir='ltr'><strong>collatione</strong></span> <span class='ocrx_word' id='word_1_814' title='bbox 1613 2253 1671 2293; x_wconf 63' lang='grc' dir='ltr'><strong>ρα-</strong></span> 
     </span>
    </p>
   </div>
   <div class='ocr_carea' id='block_1_110' title="bbox 886 2289 1672 2327">
    <p class='ocr_par' dir='ltr' id='par_1_110' title="bbox 886 2289 1672 2327">
     <span class='ocr_line' id='line_1_110' title="bbox 886 2289 1672 2327; baseline -0.005 -6"><span class='ocrx_word' id='word_1_815' title='bbox 886 2289 934 2321; x_wconf 65' lang='lat' dir='ltr'><strong>mi</strong></span> <span class='ocrx_word' id='word_1_816' title='bbox 951 2289 1113 2327; x_wconf 75' lang='lat' dir='ltr'><strong>splendorem</strong></span> <span class='ocrx_word' id='word_1_817' title='bbox 1137 2301 1191 2320; x_wconf 70' lang='lat' dir='ltr'><strong>esse</strong></span> <span class='ocrx_word' id='word_1_818' title='bbox 1214 2299 1379 2326; x_wconf 79' lang='lat' dir='ltr'><strong>perparuum,</strong></span> <span class='ocrx_word' id='word_1_819' title='bbox 1403 2289 1590 2327; x_wconf 19' lang='lat' dir='ltr'><strong>etc.r_V_idetur</strong></span> <span class='ocrx_word' id='word_1_820' title='bbox 1613 2289 1672 2317; x_wconf 64' lang='lat' dir='ltr'><strong>haec</strong></span> 
     </span>
    </p>
   </div>
   <div class='ocr_carea' id='block_1_111' title="bbox 886 2324 1672 2364">
    <p class='ocr_par' dir='ltr' id='par_1_111' title="bbox 886 2324 1672 2364">
     <span class='ocr_line' id='line_1_111' title="bbox 886 2324 1672 2364; baseline -0.006 -9"><span class='ocrx_word' id='word_1_821' title='bbox 886 2324 1040 2364; x_wconf 70' lang='lat' dir='ltr'><strong>criminatio</strong></span> <span class='ocrx_word' id='word_1_822' title='bbox 1067 2335 1099 2364; x_wconf 64' lang='lat' dir='ltr'><strong>ex</strong></span> <span class='ocrx_word' id='word_1_823' title='bbox 1121 2327 1154 2354; x_wconf 89' lang='lat' dir='ltr'><strong>iis</strong></span> <span class='ocrx_word' id='word_1_824' title='bbox 1181 2324 1247 2354; x_wconf 83' lang='lat' dir='ltr'><strong>locis</strong></span> <span class='ocrx_word' id='word_1_825' title='bbox 1261 2324 1362 2364; x_wconf 76' lang='lat' dir='ltr'><strong>petita,</strong></span> <span class='ocrx_word' id='word_1_826' title='bbox 1383 2325 1438 2364; x_wconf 53' lang='lat' dir='ltr'><strong>ubi</strong></span> <span class='ocrx_word' id='word_1_827' title='bbox 1452 2325 1518 2352; x_wconf 88' lang='lat' dir='ltr'><strong>dicit</strong></span> <span class='ocrx_word' id='word_1_828' title='bbox 1540 2324 1672 2364; x_wconf 62' lang='lat' dir='ltr'><strong>Origenes</strong></span> 
     </span>
    </p>
   </div>
   <div class='ocr_carea' id='block_1_112' title="bbox 889 2360 1672 2393">
    <p class='ocr_par' dir='ltr' id='par_1_112' title="bbox 889 2360 1672 2393">
     <span class='ocr_line' id='line_1_112' title="bbox 889 2360 1672 2393; baseline -0.005 -4"><span class='ocrx_word' id='word_1_829' title='bbox 889 2373 898 2389; x_wconf 84' lang='grc' dir='ltr'>ι</span> <span class='ocrx_word' id='word_1_830' title='bbox 921 2365 946 2391; x_wconf 91' lang='lat' dir='ltr'><strong>in</strong></span> <span class='ocrx_word' id='word_1_831' title='bbox 962 2363 1041 2390; x_wconf 87' lang='lat' dir='ltr'><strong>Patre</strong></span> <span class='ocrx_word' id='word_1_832' title='bbox 1055 2363 1143 2389; x_wconf 80' lang='lat' dir='ltr'><strong>nullas</strong></span> <span class='ocrx_word' id='word_1_833' title='bbox 1158 2369 1218 2389; x_wconf 80' lang='lat' dir='ltr'><strong>esse</strong></span> <span class='ocrx_word' id='word_1_834' title='bbox 1231 2362 1368 2393; x_wconf 88' lang='lat' dir='ltr'><strong>tenebras,</strong></span> <span class='ocrx_word' id='word_1_835' title='bbox 1389 2360 1486 2387; x_wconf 88' lang='lat' dir='ltr'><strong>Filium</strong></span> <span class='ocrx_word' id='word_1_836' title='bbox 1498 2367 1566 2387; x_wconf 89' lang='lat' dir='ltr'><strong>vero</strong></span> <span class='ocrx_word' id='word_1_837' title='bbox 1587 2360 1612 2385; x_wconf 90' lang='lat' dir='ltr'><strong>in</strong></span> <span class='ocrx_word' id='word_1_838' title='bbox 1632 2364 1672 2385; x_wconf 91' lang='lat' dir='ltr'><strong>te-</strong></span> 
     </span>
    </p>
   </div>
   <div class='ocr_carea' id='block_1_113' title="bbox 886 2395 1673 2431">
    <p class='ocr_par' dir='ltr' id='par_1_113' title="bbox 886 2395 1673 2431">
     <span class='ocr_line' id='line_1_113' title="bbox 886 2395 1673 2431; baseline -0.008 -5"><span class='ocrx_word' id='word_1_839' title='bbox 886 2399 979 2426; x_wconf 89' lang='lat' dir='ltr'><strong>nebris</strong></span> <span class='ocrx_word' id='word_1_840' title='bbox 996 2399 1097 2425; x_wconf 91' lang='lat' dir='ltr'><strong>lucere.</strong></span> <span class='ocrx_word' id='word_1_841' title='bbox 1114 2407 1123 2422; x_wconf 74' lang='grc'><strong>»</strong></span> <span class='ocrx_word' id='word_1_842' title='bbox 1140 2397 1192 2424; x_wconf 88' lang='lat' dir='ltr'><strong>Sed</strong></span> <span class='ocrx_word' id='word_1_843' title='bbox 1208 2404 1261 2431; x_wconf 89' lang='lat' dir='ltr'><strong>quo</strong></span> <span class='ocrx_word' id='word_1_844' title='bbox 1277 2403 1357 2423; x_wconf 84' lang='lat' dir='ltr'><strong>sensu</strong></span> <span class='ocrx_word' id='word_1_845' title='bbox 1372 2396 1400 2422; x_wconf 91' lang='lat' dir='ltr'><strong>id</strong></span> <span class='ocrx_word' id='word_1_846' title='bbox 1417 2395 1518 2431; x_wconf 67' lang='lat' dir='ltr'><strong>dix_erit</strong></span> <span class='ocrx_word' id='word_1_847' title='bbox 1530 2401 1609 2429; x_wconf 88' lang='lat' dir='ltr'><strong>supra</strong></span> <span class='ocrx_word' id='word_1_848' title='bbox 1623 2400 1673 2420; x_wconf 75' lang='lat' dir='ltr'><strong>ex-</strong></span> 
     </span>
    </p>
   </div>
   <div class='ocr_carea' id='block_1_114' title="bbox 885 2429 1673 2468">
    <p class='ocr_par' dir='ltr' id='par_1_114' title="bbox 885 2429 1673 2468">
     <span class='ocr_line' id='line_1_114' title="bbox 885 2429 1673 2468; baseline -0.008 -8"><span class='ocrx_word' id='word_1_849' title='bbox 885 2434 1019 2468; x_wconf 88' lang='lat' dir='ltr'><strong>ponimus,</strong></span> <span class='ocrx_word' id='word_1_850' title='bbox 1040 2440 1116 2468; x_wconf 67' lang='lat' dir='ltr'><strong>lium.</strong></span> <span class='ocrx_word' id='word_1_851' title='bbox 1131 2432 1158 2463; x_wconf 75' lang='lat'><strong>5,</strong></span> <span class='ocrx_word' id='word_1_852' title='bbox 1186 2429 1289 2458; x_wconf 44' lang='lat' dir='ltr'><strong>in‘hazc</strong></span> <span class='ocrx_word' id='word_1_853' title='bbox 1305 2430 1406 2468; x_wconf 81' lang='lat' dir='ltr'><strong>verba:</strong></span> <span class='ocrx_word' id='word_1_854' title='bbox 1424 2439 1434 2455; x_wconf 85' lang='grc' dir='ltr'>ι</span> <span class='ocrx_word' id='word_1_855' title='bbox 1451 2429 1505 2468; x_wconf 76' lang='lat' dir='ltr'><strong>sed</strong></span> <span class='ocrx_word' id='word_1_856' title='bbox 1519 2436 1616 2468; x_wconf 78' lang='lat' dir='ltr'><strong>vereor</strong></span> <span class='ocrx_word' id='word_1_857' title='bbox 1632 2433 1673 2455; x_wconf 88' lang='lat' dir='ltr'><strong>ta--</strong></span> 
     </span>
    </p>
   </div>
   <div class='ocr_carea' id='block_1_115' title="bbox 885 2464 1671 2496">
    <p class='ocr_par' dir='ltr' id='par_1_115' title="bbox 885 2464 1671 2496">
     <span class='ocr_line' id='line_1_115' title="bbox 885 2464 1671 2496; baseline -0.008 -1"><span class='ocrx_word' id='word_1_858' title='bbox 885 2464 945 2496; x_wconf 87' lang='lat' dir='ltr'><strong>ineu</strong></span> <span class='ocrx_word' id='word_1_859' title='bbox 975 2475 1008 2495; x_wconf 92' lang='lat' dir='ltr'><strong>ne</strong></span> <span class='ocrx_word' id='word_1_860' title='bbox 1032 2467 1065 2494; x_wconf 93' lang='lat' dir='ltr'><strong>de</strong></span> <span class='ocrx_word' id='word_1_861' title='bbox 1089 2467 1234 2494; x_wconf 63' lang='lat' dir='ltr'><strong>Platonica;</strong></span> <span class='ocrx_word' id='word_1_862' title='bbox 1261 2465 1391 2492; x_wconf 65' lang='lat' dir='ltr'><strong>doctrinm</strong></span> <span class='ocrx_word' id='word_1_863' title='bbox 1417 2464 1570 2496; x_wconf 87' lang='lat' dir='ltr'><strong>narthecio,</strong></span> <span class='ocrx_word' id='word_1_864' title='bbox 1593 2473 1602 2489; x_wconf 74' lang='grc' dir='ltr'>ι</span> <span class='ocrx_word' id='word_1_865' title='bbox 1617 2468 1671 2490; x_wconf 85' lang='lat' dir='ltr'><strong>etc.</strong></span> 
     </span>
    </p>
   </div>
   <div class='ocr_carea' id='block_1_116' title="bbox 884 2497 1672 2536">
    <p class='ocr_par' dir='ltr' id='par_1_116' title="bbox 884 2497 1672 2536">
     <span class='ocr_line' id='line_1_116' title="bbox 884 2497 1672 2536; baseline -0.006 -7"><span class='ocrx_word' id='word_1_866' title='bbox 884 2502 952 2530; x_wconf 81' lang='lat' dir='ltr'><strong>Vide</strong></span> <span class='ocrx_word' id='word_1_867' title='bbox 973 2507 1000 2530; x_wconf 91' lang='lat' dir='ltr'><strong>et</strong></span> <span class='ocrx_word' id='word_1_868' title='bbox 1017 2502 1121 2529; x_wconf 82' lang='lat' dir='ltr'><strong>Bullum</strong></span> <span class='ocrx_word' id='word_1_869' title='bbox 1148 2502 1254 2536; x_wconf 75' lang='lat' dir='ltr'><strong>Defam.</strong></span> <span class='ocrx_word' id='word_1_870' title='bbox 1282 2500 1345 2534; x_wconf 81' lang='lat' dir='ltr'><strong>ﬁdei</strong></span> <span class='ocrx_word' id='word_1_871' title='bbox 1367 2498 1486 2526; x_wconf 80' lang='lat' dir='ltr'><strong>Nicama:</strong></span> <span class='ocrx_word' id='word_1_872' title='bbox 1502 2499 1536 2526; x_wconf 88' lang='lat' dir='ltr'><strong>de</strong></span> <span class='ocrx_word' id='word_1_873' title='bbox 1556 2498 1619 2525; x_wconf 83' lang='lat' dir='ltr'><strong>Filii</strong></span> <span class='ocrx_word' id='word_1_874' title='bbox 1632 2497 1672 2533; x_wconf 80' lang='grc' dir='ltr'><strong>τῷ</strong></span> 
     </span>
    </p>
   </div>
   <div class='ocr_carea' id='block_1_117' title="bbox 884 2537 1305 2574">
    <p class='ocr_par' dir='ltr' id='par_1_117' title="bbox 884 2537 1305 2574">
     <span class='ocr_line' id='line_1_117' title="bbox 884 2537 1305 2574; baseline -0.005 -9"><span class='ocrx_word' id='word_1_875' title='bbox 884 2538 1027 2574; x_wconf 22' lang='grc' dir='ltr'><strong>ὀμοουσίῳῗ,</strong></span> <span class='ocrx_word' id='word_1_876' title='bbox 1048 2546 1108 2571; x_wconf 86' lang='lat' dir='ltr'><strong>cap.</strong></span> <span class='ocrx_word' id='word_1_877' title='bbox 1127 2537 1155 2568; x_wconf 86' lang='lat'><strong>9,</strong></span> <span class='ocrx_word' id='word_1_878' title='bbox 1171 2545 1245 2563; x_wconf 87' lang='lat' dir='ltr'><strong>num.</strong></span> <span class='ocrx_word' id='word_1_879' title='bbox 1263 2537 1305 2563; x_wconf 82' lang='lat' dir='ltr'><strong>l8.</strong></span> 
     </span>
    </p>
   </div>
   <div class='ocr_carea' id='block_1_118' title="bbox 922 2568 1672 2609">
    <p class='ocr_par' dir='ltr' id='par_1_118' title="bbox 922 2568 1672 2609">
     <span class='ocr_line' id='line_1_118' title="bbox 922 2568 1672 2609; baseline -0.008 -10"><span class='ocrx_word' id='word_1_880' title='bbox 922 2568 1306 2609; x_wconf 24' lang='lat' dir='ltr'><strong>(95jibuarumslatuarum,</strong></span> <span class='ocrx_word' id='word_1_881' title='bbox 1330 2571 1444 2609; x_wconf 72' lang='lat' dir='ltr'><strong>_major_is</strong></span> <span class='ocrx_word' id='word_1_882' title='bbox 1479 2568 1672 2609; x_wconf 54' lang='lat' dir='ltr'><strong>etmparvulai,</strong></span> 
     </span>
    </p>
   </div>
   <div class='ocr_carea' id='block_1_119' title="bbox 886 2602 1673 2640">
    <p class='ocr_par' dir='ltr' id='par_1_119' title="bbox 886 2602 1673 2640">
     <span class='ocr_line' id='line_1_119' title="bbox 886 2602 1673 2640; baseline -0.01 -4"><span class='ocrx_word' id='word_1_883' title='bbox 886 2602 941 2636; x_wconf 74' lang='lat' dir='ltr'><strong>etc.</strong></span> <span class='ocrx_word' id='word_1_884' title='bbox 970 2602 1069 2634; x_wconf 56' lang='lat' dir='ltr'><strong>&#39;Exsmt</strong></span> <span class='ocrx_word' id='word_1_885' title='bbox 1095 2607 1203 2640; x_wconf 89' lang='lat' dir='ltr'><strong>quidem</strong></span> <span class='ocrx_word' id='word_1_886' title='bbox 1231 2602 1384 2639; x_wconf 79' lang='lat' dir='ltr'><strong>exciupluni</strong></span> <span class='ocrx_word' id='word_1_887' title='bbox 1405 2606 1471 2640; x_wconf 20' lang='lat' dir='ltr'><strong>ihoc</strong></span> <span class='ocrx_word' id='word_1_888' title='bbox 1509 2603 1556 2640; x_wconf 84' lang='lat' dir='ltr'><strong>lib.</strong></span> <span class='ocrx_word' id='word_1_889' title='bbox 1587 2610 1596 2628; x_wconf 90' lang='grc' dir='ltr'>ι</span> <span class='ocrx_word' id='word_1_890' title='bbox 1633 2602 1673 2629; x_wconf 74' lang='lat' dir='ltr'><strong>De</strong></span> 
     </span>
    </p>
   </div>
   <div class='ocr_carea' id='block_1_120' title="bbox 886 2639 1674 2678">
    <p class='ocr_par' dir='ltr' id='par_1_120' title="bbox 886 2639 1674 2678">
     <span class='ocr_line' id='line_1_120' title="bbox 886 2639 1674 2678; baseline -0.009 -9"><span class='ocrx_word' id='word_1_891' title='bbox 886 2644 1011 2678; x_wconf 59' lang='lat' dir='ltr'><strong>princip,</strong></span> <span class='ocrx_word' id='word_1_892' title='bbox 1024 2649 1083 2675; x_wconf 87' lang='lat' dir='ltr'><strong>cap.</strong></span> <span class='ocrx_word' id='word_1_893' title='bbox 1099 2639 1127 2673; x_wconf 70' lang='lat'><strong>2,</strong></span> <span class='ocrx_word' id='word_1_894' title='bbox 1144 2648 1218 2668; x_wconf 92' lang='lat' dir='ltr'><strong>num.</strong></span> <span class='ocrx_word' id='word_1_895' title='bbox 1234 2641 1260 2667; x_wconf 93' lang='lat'><strong>8.</strong></span> <span class='ocrx_word' id='word_1_896' title='bbox 1278 2640 1331 2678; x_wconf 68' lang='lat' dir='ltr'><strong>Sed</strong></span> <span class='ocrx_word' id='word_1_897' title='bbox 1348 2640 1382 2678; x_wconf 91' lang='lat' dir='ltr'><strong>_de</strong></span> <span class='ocrx_word' id='word_1_898' title='bbox 1404 2639 1591 2678; x_wconf 81' lang='lat' dir='ltr'><strong>lncarnatioue</strong></span> <span class='ocrx_word' id='word_1_899' title='bbox 1614 2644 1674 2678; x_wconf 77' lang='lat' dir='ltr'><strong>nia-</strong></span> 
     </span>
    </p>
   </div>
   <div class='ocr_carea' id='block_1_121' title="bbox 887 2671 1670 2713">
    <p class='ocr_par' dir='ltr' id='par_1_121' title="bbox 887 2671 1670 2713">
     <span class='ocr_line' id='line_1_121' title="bbox 887 2671 1670 2713; baseline -0.01 -8"><span class='ocrx_word' id='word_1_900' title='bbox 887 2671 1015 2705; x_wconf 62' lang='lat' dir='ltr'><strong>iiifestuni</strong></span> <span class='ocrx_word' id='word_1_901' title='bbox 1038 2671 1086 2713; x_wconf 67' lang='lat' dir='ltr'><strong>est</strong></span> <span class='ocrx_word' id='word_1_902' title='bbox 1109 2671 1367 2713; x_wconf 56' lang='lat' dir='ltr'><strong>Origelteiinloqui,</strong></span> <span class='ocrx_word' id='word_1_903' title='bbox 1385 2680 1412 2713; x_wconf 80' lang='lat' dir='ltr'><strong>et</strong></span> <span class='ocrx_word' id='word_1_904' title='bbox 1436 2675 1488 2701; x_wconf 89' lang='lat' dir='ltr'><strong>hoc</strong></span> <span class='ocrx_word' id='word_1_905' title='bbox 1510 2671 1670 2713; x_wconf 48' lang='lat' dir='ltr'><strong>eselttplunt</strong></span> 
     </span>
    </p>
   </div>
   <div class='ocr_carea' id='block_1_122' title="bbox 887 2707 1671 2748">
    <p class='ocr_par' dir='ltr' id='par_1_122' title="bbox 887 2707 1671 2748">
     <span class='ocr_line' id='line_1_122' title="bbox 887 2707 1671 2748; baseline -0.01 -8"><span class='ocrx_word' id='word_1_906' title='bbox 887 2713 991 2740; x_wconf 87' lang='lat' dir='ltr'><strong>idcirco</strong></span> <span class='ocrx_word' id='word_1_907' title='bbox 1011 2712 1150 2748; x_wconf 72' lang='lat' dir='ltr'><strong>adhibere,</strong></span> <span class='ocrx_word' id='word_1_908' title='bbox 1158 2707 1178 2748; x_wconf 69' lang='grc' dir='ltr'>ἰ</span> <span class='ocrx_word' id='word_1_909' title='bbox 1196 2710 1269 2745; x_wconf 88' lang='lat' dir='ltr'><strong>quod</strong></span> <span class='ocrx_word' id='word_1_910' title='bbox 1285 2707 1446 2748; x_wconf 29' lang='lat' dir='ltr'><strong>exinanienls</strong></span> <span class='ocrx_word' id='word_1_911' title='bbox 1460 2716 1498 2748; x_wconf 39' lang='lat' dir='ltr'><strong>se.</strong></span> <span class='ocrx_word' id='word_1_912' title='bbox 1510 2707 1606 2748; x_wconf 71' lang='lat' dir='ltr'><strong>Filius,</strong></span> <span class='ocrx_word' id='word_1_913' title='bbox 1623 2707 1671 2741; x_wconf 86' lang='lat' dir='ltr'><strong>qui</strong></span> 
     </span>
    </p>
   </div>
   <div class='ocr_carea' id='block_1_123' title="bbox 885 2743 1670 2779">
    <p class='ocr_par' dir='ltr' id='par_1_123' title="bbox 885 2743 1670 2779">
     <span class='ocr_line' id='line_1_123' title="bbox 885 2743 1670 2779; baseline -0.009 -4"><span class='ocrx_word' id='word_1_914' title='bbox 885 2753 945 2775; x_wconf 90' lang='lat' dir='ltr'><strong>erat</strong></span> <span class='ocrx_word' id='word_1_915' title='bbox 971 2748 997 2774; x_wconf 92' lang='lat' dir='ltr'><strong>iu</strong></span> <span class='ocrx_word' id='word_1_916' title='bbox 1024 2748 1110 2774; x_wconf 82' lang='lat' dir='ltr'><strong>forma</strong></span> <span class='ocrx_word' id='word_1_917' title='bbox 1133 2746 1190 2777; x_wconf 89' lang='lat' dir='ltr'><strong>Dei,</strong></span> <span class='ocrx_word' id='word_1_918' title='bbox 1204 2743 1266 2779; x_wconf 38' lang='lat' dir='ltr'><strong>“per</strong></span> <span class='ocrx_word' id='word_1_919' title='bbox 1295 2745 1381 2778; x_wconf 87' lang='lat' dir='ltr'><strong>ipsam</strong></span> <span class='ocrx_word' id='word_1_920' title='bbox 1395 2744 1438 2771; x_wconf 80' lang='lat' dir='ltr'><strong>sui</strong></span> <span class='ocrx_word' id='word_1_921' title='bbox 1455 2743 1670 2779; x_wconf 52' lang='lat' dir='ltr'><strong>exinanilloneln</strong></span> 
     </span>
    </p>
   </div>
   <div class='ocr_carea' id='block_1_124' title="bbox 887 2775 1669 2816">
    <p class='ocr_par' dir='ltr' id='par_1_124' title="bbox 887 2775 1669 2816">
     <span class='ocr_line' id='line_1_124' title="bbox 887 2775 1669 2816; baseline -0.01 -7"><span class='ocrx_word' id='word_1_922' title='bbox 887 2783 979 2810; x_wconf 86' lang='lat' dir='ltr'><strong>studet</strong></span> <span class='ocrx_word' id='word_1_923' title='bbox 1005 2782 1082 2809; x_wconf 87' lang='lat' dir='ltr'><strong>nobis</strong></span> <span class='ocrx_word' id='word_1_924' title='bbox 1104 2781 1150 2808; x_wconf 91' lang='lat' dir='ltr'><strong>Dei</strong></span> <span class='ocrx_word' id='word_1_925' title='bbox 1174 2775 1368 2816; x_wconf 68' lang='lat' dir='ltr'><strong>pleiiitudiiiem</strong></span> <span class='ocrx_word' id='word_1_926' title='bbox 1391 2780 1590 2816; x_wconf 72' lang='lat' dir='ltr'><strong>demonstrare.</strong></span> 
     </span>
    </p>
   </div>
   <div class='ocr_carea' id='block_1_125' title="bbox 888 2811 1670 2854">
    <p class='ocr_par' dir='ltr' id='par_1_125' title="bbox 888 2811 1670 2854">
     <span class='ocr_line' id='line_1_125' title="bbox 888 2811 1670 2854; baseline -0.01 -9"><span class='ocrx_word' id='word_1_927' title='bbox 888 2817 970 2845; x_wconf 82' lang='lat' dir='ltr'><strong>Prud.</strong></span> <span class='ocrx_word' id='word_1_928' title='bbox 985 2816 1085 2854; x_wconf 81' lang='lat' dir='ltr'><strong>_Maran</strong></span> <span class='ocrx_word' id='word_1_929' title='bbox 1108 2811 1273 2854; x_wconf 71' lang='lat' dir='ltr'><strong>De__divinit.</strong></span> <span class='ocrx_word' id='word_1_930' title='bbox 1298 2814 1396 2843; x_wconf 75' lang='lat' dir='ltr'><strong>Christi</strong></span> <span class='ocrx_word' id='word_1_931' title='bbox 1409 2812 1463 2851; x_wconf 34' lang='lat' dir='ltr'><strong>lli&#39;b.</strong></span> <span class='ocrx_word' id='word_1_932' title='bbox 1492 2820 1528 2847; x_wconf 89' lang='lat' dir='ltr'><strong>tv,</strong></span> <span class='ocrx_word' id='word_1_933' title='bbox 1549 2820 1609 2847; x_wconf 87' lang='lat' dir='ltr'><strong>cap.</strong></span> <span class='ocrx_word' id='word_1_934' title='bbox 1626 2811 1670 2843; x_wconf 76' lang='grc'><strong>16,</strong></span> 
     </span>
    </p>
   </div>
   <div class='ocr_carea' id='block_1_126' title="bbox 889 2852 1006 2880">
    <p class='ocr_par' dir='ltr' id='par_1_126' title="bbox 889 2852 1006 2880">
     <span class='ocr_line' id='line_1_126' title="bbox 889 2852 1006 2880; baseline -0.009 0"><span class='ocrx_word' id='word_1_935' title='bbox 889 2860 962 2880; x_wconf 87' lang='lat' dir='ltr'><strong>llulll.</strong></span> <span class='ocrx_word' id='word_1_936' title='bbox 982 2852 1006 2879; x_wconf 85' lang='lat' dir='ltr'><strong>l.</strong></span> 
     </span>
    </p>
   </div>
  </div>
