1904 3077
267 147 314 180 7'5t

894 151 934 197 Ρ..
944 150 1100 197 ΒᾼΝΙΕΙιῐδ
1119 149 1235 179 llUE’l‘ll

1819 154 1858 182 752

268 208 375 244 probat.
407 207 442 236 Et
458 207 523 244 quid
550 204 671 244 reliquos
696 215 910 238 commemorare
938 210 1046 244 attinet,
1061 213 1084 242 Α
1098 213 1219 237 vatorem
1237 215 1301 244 ergo
1317 208 1503 236 universorum
1518 207 1601 235 Deum
1614 215 1673 236 esse
1688 214 1778 244 negat,
1789 211 1857 240 Deum

266 262 327 282 cum
357 261 406 289 par
431 254 473 296 sit
494 253 658 289 scriptarum
690 254 748 283 fere
774 256 894 283 omnium
922 256 1045 290 querela,

258 304 401 336 quotquot
412 300 439 327 in
456 296 702 336 ejus'recensendis
713 301 853 329 erroribus
866 309 976 336 operam
994 301 1057 330 ali»

267 353 346 380 quam
364 346 537 380 posuerunt?
551 346 609 374 NOn
629 346 780 374 minoribus
797 347 921 374 doctrina
931 346 993 381 ejus
1013 347 1056 375 de»

264 391 366 425 Spiritu
391 397 487 419 sancto
510 387 759 420 insimulationibus
778 397 808 420 et
825 393 960 421 conviciis
983 400 1047 429 pro-

263 437 349 465 scissa
363 441 406 465 est
423 445 438 464 a
457 437 618 472 Theophilo,
639 437 803 473 Epiphanio,
824 443 852 466 et
864 443 964 474 praeter
978 439 1046 466 alios

263 484 280 510 at
297 481 407 517 Basilio,
428 483 475 519 qui
490 475 551 510 libri
571 483 610 510 De
635 483 738 517 Spiritu
762 489 864 516 sancto,
879 491 939 519 cap.
955 484 1000 518 29,
1018 488 1045 512 et

261 528 346 563 epist.
361 527 406 562 41,
426 528 570 564 Origenem
590 528 624 556 de
646 522 748 563 Spiritu
773 534 867 557 sancto
894 530 965 557 male
986 537 1045 558 sen-

261 575 387 607 tientem,
408 574 430 602 si
446 575 555 609 quando
574 579 652 609 recte
674 575 780 602 loculus
796 581 848 609 est,
861 576 886 603 vi
898 581 1044 604 consuetu-

255 619 334 648 ~dinis
351 624 379 647 et
397 620 551 648 traditionis
570 620 671 647 victum
694 621 778 648 fuisse
797 621 901 649 scribit.
915 621 1042 656 Ejusdem

250 665 344 691 etiam
371 669 448 693 noxae
479 665 622 693 arcessivit
648 666 804 701 Dionysium
831 666 1042 694 Alexandrinum

251 708 388 745 ﬂrigenis
404 710 564 745 discipulum
578 720 584 737 :
599 711 666 738 adeo
681 716 711 738 ut
724 719 758 739 ex
780 712 934 740 Adamantii
950 712 1042 741 schola

260 752 341 790 primi
356 756 476 783 Omnium
494 756 623 783 adversus
637 756 766 792 Spiritum
792 763 916 786 sanctum
933 766 1040 786 errores

259 800 403 828 videantur
417 801 561 829 exstitisse.
575 801 614 828 Ad
632 802 745 830 aliorum
760 803 967 832 criminationes
978 804 1045 840 adji-

250 847 297 874 -cit
310 846 550 885 Hieranymus'lib.
568 855 587 875 ll
609 847 686 882 Apol.
703 848 804 876 advers.
820 849 923 884 Ruﬁn.,
940 857 999 884 cap.
1011 850 1038 883 '5,

259 891 362 920 dixisse
378 891 452 919 illum
464 891 554 920 Patris
574 897 601 920 et
617 892 679 920 Filii
704 892 859 922 ministrum
877 902 937 922 esse
950 895 1039 930 Spiri-

251 939 316 964 »tum
331 941 453 964 sanctum
473 946 480 965 :

259 983 293 1010 ad
309 982 412 1010 Menam
427 983 572 1017 Origenem
589 984 628 1010 ait
652 983 751 1011 Filium
771 989 799 1012 et
822 985 953 1020 Spiritum
977 993 1041 1014 san-

252 1033 330 1056 ctum
352 1028 502 1063 appellasse
521 1028 695 1064 λειτουργικὰ
716 1029 785 1064 ξῶα,
812 1039 822 1056 ι
841 1031 1036 1060 ministratoria

256 1074 395 1101 animalia.
411 1083 421 1101 ι

293 1119 341 1147 IX.
362 1119 445 1147 Multa
461 1120 569 1156 quidem
586 1115 680 1148 contra
694 1121 752 1149 haec
771 1121 798 1148 in
812 1120 927 1157 gratiam
943 1121 1039 1157 Orige-

256 1165 300 1193 nis
318 1165 427 1194 obtendi
443 1170 569 1200 possunt,
589 1165 689 1201 quibus
705 1165 884 1194 orthodoxam
902 1167 936 1195 de
951 1166 1033 1195 Verbi

256 1210 388 1245 dignitate
413 1211 575 1238 sententiam
597 1210 666 1237 tueri
689 1211 763 1238 visus
785 1215 847 1238 est:
872 1211 918 1239 sed
933 1219 965 1239 ea
983 1211 1038 1240 fere

254 1263 273 1284 e
288 1256 366 1284 libris
384 1256 543 1297 deprompta
565 1263 626 1292 quae
647 1256 773 1284 Ruﬁnum
797 1257 973 1292 interpretem
986 1258 1037 1285 ha-

256 1301 333 1334 bent,
354 1298 553 1336 proptereaque
565 1301 651 1329 dubiae
663 1306 726 1330 sunt
745 1301 818 1335 ﬁdei,
833 1308 861 1330 et
874 1303 1037 1338 interpolata

254 1347 329 1375 credi
346 1352 470 1383 possunt.
484 1347 634 1376 Aﬁeremus
647 1353 736 1376 tamen
751 1348 868 1383 singula,
883 1356 917 1377 ne
927 1356 1037 1377 causam

250 1392 380 1427 Origeuis
397 1392 551 1420 deseruisse
570 1393 718 1420 videamur.
735 1392 774 1420 Ac
790 1393 905 1428 primum
917 1395 950 1421 de
960 1394 1038 1422 Chri-

253 1442 297 1466 sto
323 1438 380 1465 haec
405 1438 531 1474 leguntur
559 1439 631 1466 hom.
660 1439 678 1466 4
712 1439 740 1466 in
769 1438 877 1472 Genes.,
904 1447 977 1466 num.
1000 1439 1035 1467 5:

257 1493 269 1510 ι
284 1484 410 1512 Formam
427 1492 543 1520 namque
555 1485 626 1512 servi
642 1484 757 1519 accepit,
771 1489 798 1512 et
812 1492 874 1512 cum
896 1485 954 1519 ipse
968 1486 1037 1512 invi-

251 1529 342 1558 sibilis
364 1531 400 1558 sit
420 1535 533 1563 natnrae,
560 1534 653 1566 utpote
679 1530 792 1565 aequalis
812 1529 1032 1561 Patri.'liabitum

243 1576 345 1603 tamen
370 1575 502 1604 visibilem
523 1576 641 1611 suscepit
661 1587 667 1604 :
685 1585 695 1603 ι
718 1581 746 1603 et
773 1577 824 1604 ista
850 1576 919 1603 libro
940 1585 976 1604 vn
1007 1577 1035 1605 in

260 1620 348 1656 Epist.
365 1621 446 1649 Pauli
458 1622 492 1648 ad
509 1621 599 1655 Rom.,
614 1630 689 1650 num.
704 1622 731 1655 5,
741 1629 802 1658 pag.
816 1622 867 1650 599
880 1632 887 1650 :
906 1631 915 1648 ‹
927 1623 959 1650 Ει
974 1623 1035 1650 ideo

248 1674 307 1695 non
327 1667 360 1695 ad
379 1667 504 1702 injuriam
531 1668 640 1702 dicitur,
670 1668 732 1703 quia
748 1668 895 1703 prophetis
920 1668 1034 1703 subjecti

253 1717 318 1740 sunt
342 1713 463 1748 spiritus,
484 1713 531 1741 sed
547 1713 580 1740 ad
599 1714 827 1748 dispensationem
841 1722 847 1746 ;
874 1713 946 1741 sicut
959 1719 985 1742 et
1002 1714 1035 1742 il-

252 1757 298 1786 lud
312 1759 428 1786 rdictum
455 1759 603 1794 accipimus
629 1759 662 1787 de
683 1758 834 1792 Salvatore,
851 1760 914 1795 quia
933 1765 995 1787 tum:
1009 1765 1034 1788 et

250 1804 308 1838 ipse
323 1803 412 1832 Filius
429 1805 560 1839 subjectus
577 1806 625 1832 erit
640 1805 684 1840 qui
701 1805 750 1832 sibi
764 1805 880 1832 subdidit
897 1806 985 1833 omnia
1000 1805 1033 1833 ¹⁶.

251 1849 285 1877 Ει
309 1849 354 1877 bit:
388 1850 460 1877 enim
477 1850 614 1884 subjectus
635 1858 688 1878 non
707 1851 785 1886 quasi
800 1851 912 1878 inferior
921 1851 1032 1879 dicitur.

247 1894 392 1928 Quomodo
406 1896 478 1923 enim
494 1896 606 1923 inferior
620 1897 673 1924 dici
687 1901 787 1932 potest,
804 1897 850 1932 qui
879 1897 963 1924 Filius
978 1901 1032 1930 est,

251 1945 279 1967 et
293 1941 383 1968 omnia
399 1945 442 1969 est
453 1949 513 1976 quae
528 1941 629 1969 Pater?
646 1941 742 1969 Omnia
753 1942 837 1974 enim,
861 1942 960 1977 inquit,
977 1942 1034 1970 Pa-

251 1991 300 2019 ter,
324 1991 380 2020 tua,
401 1994 459 2014 mea
480 1990 541 2014 sunt
566 1987 597 2013 ¹⁷.
625 1996 634 2013 ι
654 1986 726 2020 Quin
743 1987 823 2014 etiam
849 1987 909 2015 libr.
935 1996 944 2015 ι
963 1989 1033 2023 Περὶ

249 2031 361 2067 ἀρχῶν,
378 2040 437 2068 cap.
456 2032 484 2065 2,
497 2032 620 2060 eamdem
641 2039 702 2060 esse
724 2033 802 2060 docet
818 2032 907 2060 Patris
922 2038 949 2062 et
972 2033 1033 2062 Filii

248 2078 413 2112 potentiam,
433 2078 582 2106 bonitatem
610 2079 744 2106 eamdem.
768 2079 824 2115 (96)
842 2079 918 2112 Quod
941 2084 1032 2107 autem

250 2122 422 2151 Servatorem
432 2124 620 2152 universorum
629 2124 783 2152 essevDeum
801 2125 907 2160 negavit
917 2125 964 2152 lib.
984 2133 1032 2152 vui

248 2174 341 2196 contra
358 2169 472 2200 Celsum.
491 2177 566 2196 num.
591 2169 635 2202 Η,
658 2169 722 2197 huic
745 2171 808 2197 illud
832 2171 930 2206 opponi
945 2175 1033 2205 potest

247 2222 266 2242 θ
280 2213 543 2249 Prtefat.Comment.
557 2216 584 2242 in
595 2215 688 2247 leam,
698 2223 774 2242 num.
792 2216 835 2248 ll,
851 2224 912 2251 pag.
926 2217 960 2243 12
974 2226 981 2244 :
995 2217 1031 2244 οὐ

251 2260 401 2295 σιωπητέον
420 2261 458 2293 δὲ,
475 2261 535 2287 οὐδὲ
550 2261 594 2287 τὸν
609 2261 677 2296 μετὰ
699 2261 744 2288 τὸν
766 2262 876 2298 Πατέρα
896 2262 949 2289 τῶν
964 2262 1032 2289 ὅλων

243 2304 315 2332 Θεὸν
337 2306 432 2339 Λόγον,
445 2307 550 2339 οὐδενὸς
573 2308 626 2343 γὰρ
645 2307 753 2334 ἔλαττον
772 2308 874 2342 ἀγαθοῦ
891 2309 938 2335 καὶ
955 2308 1033 2335 τοῦτο

245 2351 281 2377 τὸ
300 2351 412 2385 ἀγαθόν.
428 2352 494 2379 Cum
506 2353 579 2379 enim
593 2353 684 2380 omnia
703 2353 801 2381 habeat
814 2363 827 2380 a
841 2353 922 2380 Patre
935 2354 1030 2388 Filius,

247 2402 392 2431 acceptum
404 2394 478 2424 Patri
492 2397 575 2425 refert
591 2400 777 2427 universorum
796 2407 859 2426 esse
881 2399 962 2426 Deus.
980 2399 1033 2426 Re-

247 2449 311 2468 rum
330 2442 413 2477 igitur
428 2443 615 2471 universarum
639 2445 710 2472 Deus
735 2449 777 2472 est
802 2445 882 2472 Pater
896 2452 911 2471 a
924 2452 970 2477 se;
989 2445 1033 2471 Fi-

254 2487 308 2515 lius
327 2489 485 2516 earumdem
498 2496 586 2517 rerum
599 2489 669 2517 Deus
682 2495 723 2518 est
738 2497 754 2517 a
770 2489 859 2518 Patre.
877 2490 943 2517 Cum
968 2489 1033 2517 Ser-

1096 255 1219 291 intellige
1232 262 1247 282 a
1260 262 1300 286 se,
1319 261 1366 282 seu
1380 253 1520 282 αὐτόθεον.
1540 253 1606 281 Cum
1622 255 1746 282 eumdem
1768 257 1858 284 univer-

1099 309 1192 329 sorum
1213 301 1297 328 Deum
1313 307 1374 327 esse
1395 301 1501 333 asserit,
1519 299 1602 326 Deum
1621 299 1744 336 intellige
1756 309 1769 327 a
1783 301 1855 335 Patre,

1096 347 1154 375 sive
1171 347 1254 374 Deum
1270 346 1302 373 de
1320 346 1383 373 Deo.
1400 345 1476 372 Facit
1492 345 1573 372 etiam
1591 352 1639 380 pro
1659 345 1786 381 Origene,
1801 350 1855 382 quod

1096 393 1213 421 maxima
1226 392 1349 419 locorum
1365 391 1481 422 illorum,
1497 391 1595 426 quibus
1623 390 1682 418 Filii
1700 392 1852 426 majestateni

1095 439 1241 471 imminuit,
1259 445 1322 473 pars
1335 445 1351 466 e
1366 437 1566 464 Commentariis
1582 437 1609 463 in
1620 437 1750 464 Joannem
1762 443 1800 465 est
1811 447 1856 473 pro-

1095 484 1177 517 fecta,
1201 491 1270 520 quos
1293 483 1423 511 adversus
1449 481 1650 510 Marcionistam
1678 482 1853 511 Heraeleonem

1094 531 1251 565 scripserat.
1273 529 1301 556 ld
1327 533 1416 556 autem
1441 532 1500 556 erat
1527 533 1605 556 secta:
1630 528 1710 563 hujus
1738 528 1854 563 delirium,

1094 575 1216 610 opiﬁcem
1244 574 1337 602 mundi
1364 573 1448 601 Deum
1477 573 1558 600 alium
1587 581 1647 601 esse
1663 581 1678 600 a
1700 574 1754 601 Deo
1770 574 1853 602 Christi

1093 621 1184 654 Patre,
1204 621 1317 656 ipsoque
1337 627 1370 647 ac
1386 619 1496 647 Christo
1532 619 1700 646 inferiorem.
1727 619 1782 652 Quo
1799 621 1851 647 laci-

1093 664 1149 695 lius'
1169 671 1350 694 commentum
1380 665 1510 700 ejusmodi
1539 664 1695 701 proﬁigaret
1729 665 1851 701 Origenes,

1093 713 1258 740 contrariam
1271 711 1386 739 astruxit
1399 711 1571 742 sententiam,
1585 711 1762 746 probavitque
1779 713 1853 738 qundi

1092 755 1216 791 opiﬁcem
1247 755 1330 782 Deum
1351 754 1460 782 Christo
1483 754 1612 789 majorem
1628 762 1689 782 esse
1707 763 1739 782 ac
1751 757 1852 789 supera»

1092 808 1161 829 rem.
1176 801 1213 829 De
1230 801 1332 836 Spiritu
1346 805 1439 828 sancto
1452 800 1601 828 orthodoxa
1618 809 1680 828 eum
1701 802 1795 829 sentire
1807 810 1852 830 crc-

1093 847 1140 875 das
1158 847 1184 874 In
1204 847 1339 875 Protemio
1362 847 1492 876 librorum
1518 847 1585 882 napi
1609 847 1721 882 ἀρχῶν,
1747 856 1812 875 num.
1829 849 1849 878 ι.

1056 886 1078 914 Β
1097 900 1159 919 cum
1177 893 1234 920 ait:
1255 902 1265 918 ι
1287 892 1356 920 Tum
1375 893 1472 920 deinde
1485 894 1587 920 honore
1605 899 1631 921 et
1646 893 1775 928 dignitate
1795 894 1850 921 Patri

1049 1561 1070 1590 C

506 942 535 965 et
554 937 722 966 lustinianus
737 939 763 967 in
777 940 830 967 nne
849 940 970 974 epistolae
985 948 1040 969 suae
1091 946 1122 966 ac
1134 938 1202 966 Filio
1220 939 1351 966 sociatum
1379 940 1550 967 tradiderunt
1577 938 1715 975 (apostoli)
1740 939 1848 974 Spiritum

1090 989 1222 1012 sanctum.
1239 994 1250 1011 ι
1266 983 1322 1020 (97)
1340 983 1438 1012 Verum
1454 985 1523 1013 levia
1536 990 1609 1017 sunt.
1627 990 1655 1012 ut
1671 985 1736 1018 dixi,
1752 993 1805 1019 qua:
1815 992 1849 1019 pe»

1093 1035 1186 1058 tuntur
1202 1038 1236 1057 ex
1255 1031 1384 1065 operibus
1397 1038 1411 1058 a
1428 1030 1526 1058 Ruﬁno
1542 1031 1729 1065 interpretatis
1749 1031 1849 1059 testiino-

1091 1076 1136 1103 nia
1151 1084 1159 1103 :
1174 1077 1308 1111 praecipue
1329 1084 1396 1104 vero
1410 1084 1443 1104 ex
1459 1077 1534 1104 libris
1549 1076 1619 1111 Περὶ
1634 1076 1745 1112 ἀρχῶν,
1765 1077 1788 1103 in
1803 1076 1849 1110 qni-

1094 1123 1146 1149 bus
1170 1130 1279 1150 errores
1304 1122 1376 1150 circa
1399 1121 1562 1150 Trinitatem
1580 1122 1713 1149 admissos
1728 1124 1848 1149 emendare

1088 1172 1200 1195 conatus
1219 1172 1269 1195 est.
1296 1167 1474 1200 Quamobrem
1498 1167 1608 1194 ﬁculnea
1632 1175 1738 1202 quoque
1761 1171 1797 1194 est
1809 1166 1847 1193 loci

1090 1213 1160 1240 illius
1173 1213 1267 1244 tutela,
1286 1220 1301 1240 e
1312 1213 1381 1239 libro
1397 1220 1405 1240 ι
1419 1212 1497 1247 ltujus
1507 1211 1612 1245 Operis,
1628 1211 1725 1245 cap.5,
1742 1217 1806 1237 num.
1819 1209 1847 1236 7:

1090 1266 1102 1283 ι
1120 1251 1206 1285 Porro
1229 1262 1317 1286 autem
1340 1257 1406 1284 nihil
1429 1257 1455 1284 in
1480 1257 1613 1284 Trinitate
1634 1255 1722 1290 majus
1746 1256 1847 1282 minusve

1088 1304 1229 1331 dicendum
1245 1309 1305 1331 est:
1322 1313 1331 1329 ι
1347 1308 1374 1330 et
1389 1303 1481 1338 hujus.
1496 1310 1510 1330 c
1521 1303 1580 1330 libr.
1591 1310 1620 1334 li,
1635 1310 1695 1336 cap.
1710 1301 1737 1334 2,
1751 1301 1846 1329 nurui:

1089 1349 1172 1384 Origo
1185 1354 1209 1376 et
1227 1350 1285 1384 forte
1305 1349 1382 1381 Filii,
1400 1349 1438 1375 vel
1453 1348 1569 1383 Spiritus
1581 1348 1677 1381 sancti,
1690 1347 1766 1374 Pater
1779 1351 1818 1378 est.
1829 1351 1846 1372 tt

1088 1395 1152 1422 nihil
1165 1396 1193 1422 in
1206 1396 1238 1422 iis
1254 1396 1384 1425 anterius,
1397 1394 1555 1429 posteriuave
1575 1394 1687 1428 intelligi
1703 1398 1789 1426 potest.
1807 1390 1847 1418 Nec

1087 1441 1220 1475 gravioris
1237 1441 1330 1468 istliatc
1347 1449 1395 1475 pro
1413 1440 1528 1475 Origene
1542 1441 1668 1467 momenti
1684 1447 1700 1467 e
1714 1440 1756 1467 lib.
1778 1447 1808 1466 \‘ll
1826 1439 1845 1464 in

1088 1487 1172 1522 Epist.
1188 1487 1222 1513 ad
1235 1486 1322 1520 Rom.,
1342 1494 1416 1513 num.
1436 1486 1480 1519 15,
1495 1494 1554 1521 pug.
1573 1485 1626 1512 612
1640 1485 1706 1512 :Est
1717 1494 1773 1520 ergo
1787 1484 1846 1512 Cltri-

1087 1535 1141 1556 stus
1160 1529 1225 1556 Deus
1238 1538 1316 1564 super
1334 1530 1432 1557 omnia.
1450 1529 1514 1562 Quae
1536 1538 1623 1556 omnia
1633 1529 1646 1556 .9
1656 1529 1710 1556 Illa
1723 1531 1774 1556 sine
1782 1528 1844 1555 dubio

1087 1583 1145 1610 quae
1161 1580 1184 1601 et
1198 1577 1277 1610 paulo
1293 1580 1353 1602 ante
1363 1575 1488 1608 diximus,
1500 1584 1510 1600 ε
1524 1583 1604 1610 super
1614 1576 1772 1610 principatus
1779 1579 1799 1600 et
1809 1581 1846 1606 po-

1089 1626 1204 1653 testates,
1223 1627 1247 1648 et
1259 1622 1377 1654 uirtutes,
1406 1626 1429 1649 et
1447 1630 1522 1649 omne
1549 1629 1642 1649 nomen
1665 1622 1733 1656 quod
1748 1620 1845 1647 nomina-

1088 1671 1131 1693 tur
1146 1675 1197 1694 non
1208 1667 1291 1694 solum
1304 1667 1331 1693 in
1346 1667 1394 1694 hoc
1410 1667 1568 1700 swculo,sed
1581 1668 1660 1694 etiam
1669 1668 1696 1693 in
1707 1667 1789 1701 futuro
1801 1664 1840 1690 ".t

1089 1713 1140 1746 Qui
1156 1718 1244 1740 autem
1263 1721 1341 1748 super
1357 1714 1446 1740 omnia
1463 1718 1511 1746 est,
1534 1721 1612 1747 super
1628 1721 1655 1739 se
1675 1712 1793 1739 neminem
1805 1710 1842 1736 Ita-

1088 1759 1140 1785 bet.
1168 1757 1231 1785 Non
1249 1760 1316 1785 enim
1332 1763 1389 1793 post
1412 1757 1518 1785 Patrem
1531 1763 1568 1784 est
1581 1759 1645 1792 ipse,
1663 1758 1708 1785 sed
1724 1759 1753 1783 de
1772 1756 1842 1782 Patre.

1088 1804 1146 1832 Hoc
1174 1810 1262 1832 autem
1280 1806 1348 1832 idem
1371 1805 1502 1839 sapientia
1528 1803 1576 1831 Dei
1599 1804 1680 1830 etiam
1710 1804 1740 1830 de
1760 1801 1842 1835 Spirils

1088 1856 1178 1878 sancto
1191 1851 1302 1886 intelligi
1314 1851 1395 1884 dedit,
1409 1851 1453 1877 ubi
1464 1850 1528 1877 dicit
1540 1858 1550 1878 :
1560 1859 1572 1875 (
1587 1849 1703 1884 Spiritus
1712 1847 1805 1876 Domini
1812 1854 1842 1872 re-

1084 1897 1164 1932 plevit
1175 1897 1263 1925 orbem
1276 1903 1423 1928 terrarum;
1437 1901 1459 1924 et
1482 1896 1527 1932 qui
1541 1895 1658 1923 continet
1674 1895 1767 1926 omnia,
1779 1892 1843 1920 scien-

1088 1944 1153 1971 tiam
1167 1943 1242 1971 habet
1254 1944 1323 1970 vocis
1336 1943 1385 1970 η.»

1123 1987 1156 2015 X.
1176 1987 1362 2016 Favorabilior
1381 1987 1433 2015 erit
1461 1994 1509 2023 pro
1535 1986 1708 2022 Origenianis
1741 1983 1840 2020 partibus

1087 2034 1263 2069 prescriptio.
1277 2041 1337 2067 quin
1355 2041 1389 2061 es
1416 2033 1526 2068 paribus
1550 2033 1577 2060 in
1595 2033 1690 2060 eodem
1708 2031 1840 2065 argumento

1082 2080 1196 2108 Patrum
1232 2080 1346 2107 aliorum
1373 2079 1553 2107 locutionibus
1585 2078 1637 2112 peti
1666 2081 1760 2113 potest.
1785 2075 1841 2102 later

1085 2126 1257 2154 Christianos
1284 2125 1382 2160 quippe
1407 2124 1545 2156 doctores,
1574 2124 1619 2158 qui
1645 2128 1707 2150 ante
1729 2121 1840 2167 Nicenatn

1086 2170 1236 2198 ﬂoruerunt
1253 2171 1397 2205 synodum,
1422 2169 1497 2195 multi
1519 2168 1553 2195 de
1574 2168 1717 2195 Trinitatis
1736 2168 1841 2200 mysterlo

1087 2223 1181 2252 parum
1206 2221 1284 2243 caute
1311 2215 1393 2243 locuti
1417 2221 1490 2242 sunt.
1507 2215 1642 2242 lnsincera
1657 2219 1729 2240 certo
1744 2211 1786 2238 fuit
1799 2207 1838 2236 Ta-

1087 2261 1165 2295 tiani,
1191 2266 1219 2288 et
1236 2260 1350 2288 Tatiano
1372 2260 1528 2289 vetustioris
1555 2260 1652 2288 Justini
1680 2259 1713 2286 de
1731 2255 1839 2284 Trinitate

1087 2306 1224 2334 doctrina.
1241 2305 1269 2332 ln
1290 2305 1413 2333 eamdem
1429 2306 1502 2332 venit
1515 2305 1731 2333 criminationem
1745 2297 1838 2336 pselldo'

1086 2352 1225 2385 Clemens,
1237 2353 1311 2379 venit
1327 2357 1354 2379 et
1366 2351 1513 2386 Teophilus
1537 2351 1732 2378 Antiochenus.
1751 2345 1838 2378 Indigna

1087 2405 1164 2430 vero,
1189 2402 1216 2424 et
1241 2397 1411 2425 intoleranda
1436 2396 1614 2432 profuderunt
1639 2394 1804 2422 Tertullianus
1823 2394 1840 2413 et

1089 2443 1260 2475 Lactantius;
1276 2442 1402 2470 Clemens
1416 2449 1534 2478 quoque,
1550 2441 1691 2476 Dionysius
1710 2443 1735 2466 ct
1758 2435 1841 2483 Pier‘iu's

1086 2488 1263 2515 Alexandrini
1277 2496 1286 2521 ;
1312 2488 1413 2524 aliique
1438 2488 1600 2523 complures.
1619 2485 1713 2522 Itaque
1730 2489 1783 2511 eum
1797 2479 1841 2508 Oti-

285 2591 306 2606 "
320 2590 330 2618 l
343 2591 406 2618 Cor.
423 2598 469 2623 xv,
480 2589 525 2618 ξε.
564 2590 587 2606 ¹⁷
599 2590 678 2618 Joan.
695 2599 762 2623 xvii,
783 2591 826 2620 l0.
866 2592 888 2608 η
904 2592 1003 2628 pres.
1028 2600 1035 2618 ι

1089 2593 1110 2618 l.
1148 2592 1170 2608 "
1184 2591 1247 2626 Sap.
1261 2599 1280 2624 t,
1296 2591 1323 2619 7.

285 2659 342 2695 (96)
363 2658 438 2691 Quod
462 2664 549 2686 autem
567 2657 751 2695 Servatorem,_
762 2664 814 2695 etc.
838 2658 914 2695 rVide
936 2667 1028 2694 supra,

249 2693 324 2720 nuin.
338 2694 364 2726 7,
376 2694 595 2721 observationem
608 2695 634 2720 in
649 2694 719 2719 hunc
735 2693 860 2728 Origenis
875 2693 1029 2721 contextum

249 2736 282 2755 cx
299 2729 344 2755 lib.
358 2735 407 2754 \llll
428 2735 518 2755 contra
534 2728 601 2756 Cels.
620 2736 629 2755 :
649 2729 737 2754 Ἔστω
752 2729 780 2756 δέ
792 2737 866 2761 τινας
876 2729 912 2760 ὡς
923 2730 962 2762 ὲν,
977 2734 1031 2756 etc.

286 2763 342 2796 (97)
367 2762 462 2789 Verum
473 2763 539 2790 leuia
554 2769 625 2795 sunt,
640 2769 668 2789 ut
691 2765 758 2795 dixi,
778 2773 836 2797 quae
854 2770 979 2797 petuntur
998 2772 1030 2790 es:

244 2798 370 2830 operibus
383 2806 399 2823 ιι
415 2797 511 2831 Ruﬁno
524 2798 701 2832 interpretatis
716 2799 875 2831 testimonia,
892 2804 942 2825 etc.
961 2799 1029 2826 Gra-

251 2831 326 2868 viora
349 2831 404 2868 alia
423 2832 584 2868 testimonia
607 2833 878 2868 reperire_potuisset
905 2833 1028 2866 Huetius,

243 2865 275 2892 si
291 2865 423 2893 libuisset.
442 2867 524 2894 Suam
544 2867 615 2894 enim
635 2865 667 2895 de
686 2865 787 2902 Spiritu
810 2872 903 2896 sancto
920 2865 1028 2897 sentené

1086 2660 1153 2686 tiam
1169 2667 1221 2686 non
1239 2659 1356 2686 obscure
1373 2657 1493 2685 declarat
1510 2656 1642 2692 Origenes
1666 2656 1694 2692 in
1716 2652 1767 2682 aliis
1780 2650 1835 2692 librii

1086 2702 1200 2729 quorum
1225 2694 1320 2721 Graeca
1354 2694 1500 2729 etiamnum
1530 2690 1649 2729 exstant.
1675 2691 1742 2729 liam}
1765 2690 1834 2729 SPRE‘:

1086 2723 1160 2756 tium.
1175 2731 1203 2762 '2,
1220 2729 1394 2764 exposuimus
1405 2729 1454 2755 sub
1468 2728 1548 2764 ﬁnem
1560 2724 1750 2764 observationis
1760 2723 1835 2764 ηρδιιξθ

1084 2764 1110 2790 in
1123 2764 1178 2790 haec
1196 2762 1276 2790 verba
1290 2772 1296 2790 :
1309 2772 1320 2789 ι
1331 2763 1510 2796 Quamobrem
1531 2762 1696 2797 Augustinus
1708 2763 1790 2786 hares-

1081 2800 1116 2825 ad
1147 2793 1371 2831 Quodvultdeum,
1400 2806 1432 2824 ac
1457 2793 1635 2829 .Iustiniaitus,
1652 2805 1662 2822 ι
1685 2799 1753 2832 etC-3
1773 2793 1832 2832 Qui?“

1081 2823 1248 2860 manu.
1267 2823 1377 2867 agiagi
1401 2823 1563 2861 testimonia
1576 2823 1642 2867 sua
1658 2827 1758 2859 adducit
1770 2823 1832 2851 Pam-

1082 2868 1172 2902 philus
1186 2868 1212 2895 in
1230 2867 1357 2903 Apologia
1370 2875 1429 2896 sua.
