1904 3077
44 103 92 131 755

454 102 741 133 ORIGENIANORUH
761 105 826 133 LIB.
846 105 879 140 ll,
899 106 976 134 CAP.
996 106 1029 139 Ι-Ι,
1049 105 1186 139 ρυΑΞδΤ.
1208 95 1242 132 ll:

1612 104 1665 132 τοι

43 167 136 196 ganem
153 160 206 187 hoc
220 165 380 196 argumento
396 165 486 188 tuetur
501 161 679 190 Bellarminus
694 163 741 191 lib.
754 171 763 191 t
793 163 830 191 De

882 173 946 200 ματι
957 171 963 178 ·
982 165 1014 190 ἐκ
1028 163 1075 190 τοῦ
1095 162 1202 198 Πατρδς
1218 163 1271 200 γᾷρ
1289 162 1303 191 ὁ
1318 162 1382 195 Ῐῖἱός
1393 170 1401 178 ·
1415 162 1466 190 οὐκ
1481 162 1512 189 ὲκ
1529 162 1575 196 τοῦ
1598 162 1662 189 Υἱοῦ

44 206 152 238 Christ,
181 213 243 240 cap.
274 205 318 237 10,
337 206 408 239 quod
433 213 500 233 sana
520 211 547 233 et
577 207 731 235 orthodoxa
748 208 828 236 fuerit

44 251 219 288 praeceptoris
232 251 316 286 ipsius
327 251 486 285 Clementis,
502 253 698 288 discipulorum
708 255 828 290 Dionysii

44 297 230 328 Alexandrini.
246 302 273 324 et
287 296 411 333 Gregorii
431 297 628 335 Thaumaturgi
651 301 685 328 de
700 302 829 337 mysterio

45 348 142 372 sanctte
170 343 315 371 Trinitatis
342 344 445 379 opinio,
477 345 608 374 credibile
635 347 733 382 quippe
757 355 827 381 esse,

45 397 121 426 quant
138 397 152 415 a
165 389 307 417 Clemente
323 389 474 417 doctrinam
494 396 647 426 acceperat,
669 393 790 420 eamdem
813 401 828 420 ει

46 443 72 463 se
84 434 218 463 excultam
235 435 376 470 discipulis
393 435 450 463 suis
467 437 630 469 tradidisse;
648 437 715 465 nihil
738 438 829 473 profe-

46 481 263 516 ctoOrigenianaz
269 488 358 519 causa:
366 481 532 509 contrarium
543 482 628 517 magis
637 483 726 510 dicere
732 484 827 518 potuit.

44 527 144 561 ‘Nullius
158 527 232 553 enim
246 534 280 553 ex
296 526 337 554 his
354 526 441 555 tribus
456 527 524 555 satis
544 528 603 563 puri
620 527 730 556 fuerunt
743 534 770 556 et
784 529 827 559 in,-

47 573 109 609 tegri
126 573 160 600 de
181 572 318 600 Trinitate
343 580 462 601 sensus:
484 581 545 601 nam
571 579 597 602 ct
613 574 672 602 Filii
702 575 829 603 substan-

47 621 106 648 liam
117 627 131 646 a
145 619 265 647 Paterna
282 619 318 646 ita
335 619 454 647 secernit
470 619 610 653 Clemens,
630 624 659 647 ut
675 620 828 649 inferiorem

48 674 104 694 eam
118 670 226 693 statuat
240 675 247 694 :
266 666 410 701 Dionysius
436 673 500 693 vero
515 666 717 695 Alexandrinus
733 667 828 695 Filium

47 711 130 739 Patris
148 711 267 746 ποίημα,
284 711 362 745 eique
377 711 533 739 dissimilem
543 719 602 739 esse
614 712 691 745 dixit,
703 716 729 740 et
739 712 829 748 ἀφῆκε

47 758 132 794 φωνὰς
159 758 261 793 ἥκιστα
282 757 440 793 πρεπούσας
462 757 501 793 τῷ
527 758 677 793 Πνεύματι,
705 767 716 785 ι
741 757 828 786 Voces

47 804 152 839 Spiritui
169 812 266 839 parum
282 804 473 832 convenientes
487 804 587 838 emisit,
607 814 618 831 ι
641 805 730 840 inquit
749 804 827 833 Basi-

879 209 893 236 ὸ
907 210 1016 245 Πατήρ·
1034 209 1113 245 φύσει
1131 210 1160 236 δὲ
1174 209 1229 242 ἴσος
1240 217 1247 224 ·
1269 208 1413 244 Ἐγὼγὰρ,
1431 208 1509 244 φησι,
1525 207 1664 235 καὶόΠα-

878 255 934 289 τὴρ
944 255 977 282 ἓν
989 255 1091 290 ἐσμεν.
1115 254 1192 281 Οὕτω
1208 254 1254 281 καὶ
1267 254 1296 280 τδ
1313 253 1423 290 Πνεῦμα
1447 252 1477 279 τὸ
1492 252 1567 287 ἅγιον
1587 252 1663 284 τάξει

879 300 929 335 μὲν
938 300 1062 336 δεύτερον
1078 299 1125 326 τοῦ
1138 300 1214 333 Υἱοῦ,
1227 299 1317 331 καθὼς
1331 296 1359 326 ἐν
1371 300 1404 335 τῇ
1423 297 1617 334 συναριθμήσει
1625 297 1664 324 δε-

878 344 1010 380 δήλω-ται·
1028 344 1072 371 ναὶ
1086 343 1137 381 μὴν
1155 344 1201 371 καὶ
1220 343 1370 380 ἀξιώματι·
1400 343 1512 379 Πνεῦμα
1525 342 1579 378 γὰρ
1596 341 1667 369 Υἱοῖι

878 392 995 429 λέγεται,
1014 394 1051 426 ὡς
1065 394 1108 421 διὰ
1130 394 1176 420 τοῦ
1194 393 1258 420 Tia-3
1275 391 1484 429 χορηγούμενον.
1503 401 1512 418 ι
1530 389 1664 424 Quemad-

879 439 987 466 modum
1005 439 1088 466 Filius
1101 439 1197 466 ordine
1211 438 1318 472 quidem
1331 437 1467 475 secundus
1477 441 1518 464 est
1531 443 1545 462 a
1563 434 1662 461 Patre:

878 485 953 520 prior
967 485 1037 512 enim
1048 485 1159 520 ponitur
1177 484 1271 517 Pater,
1283 491 1343 510 cmn
1357 486 1533 510 numerantur
1549 480 1662 508 simul...

878 530 1013 559 Praeterea
1030 532 1166 558 secundus
1180 534 1221 558 est
1233 531 1315 557 etiam
1326 528 1474 564 dignitate;
1490 535 1551 554 nam
1562 534 1575 553 a
1585 526 1665 553 Patre

878 582 922 606 est
935 576 1036 609 Filius;
1054 576 1137 604 Pater
1151 584 1203 604 non
1220 581 1261 603 est
1275 583 1288 602 a
1305 575 1390 602 Filio:
1411 579 1509 601 natura
1525 578 1613 600 autem
1628 579 1665 600 τε·

879 623 970 658 qualis
983 628 1025 650 est
1036 630 1044 655 ;
1056 622 1111 658 Ego
1119 623 1198 655 enim,
1210 621 1307 656 inquit,
1319 625 1344 647 et
1355 619 1522 647 Patermmm
1531 626 1620 645 sumus
1629 618 1661 645 “.

879 669 917 697 lta
935 674 962 697 et
973 669 1090 704 Spiritus
1109 673 1219 696 sanctus
1239 668 1334 694 ordine
1349 666 1458 702 quidem
1476 665 1610 693 secundus
1624 669 1666 692 cst

880 723 895 742 a
914 715 993 747 Filio,
1009 714 1239 750 quemadmodum
1254 714 1470 741 demonstratum
1487 716 1538 744 est,
1549 718 1610 738 cum
1629 711 1667 738 si-

881 762 935 789 mul
963 766 1177 789 numerarentur
1195 769 1201 788 :
1221 764 1296 788 certe
1317 764 1345 786 et
1380 759 1528 794 dignitate;
1550 758 1667 793 Spiritus

881 808 952 836 enim
968 807 1028 835 Filii
1043 807 1156 838 dicitur,
1175 811 1268 841 utpote
1297 813 1344 840 per
1361 804 1460 832 Filium
1477 803 1668 831 subministra-

47 850 95 878 iius
105 850 184 885 epist.
199 850 246 884 Η,
262 858 277 876 a
297 857 351 885 quo
365 850 525 885 castigatus,
541 857 647 885 quoque
667 855 709 878 est
720 850 823 887 Grego-

882 859 936 882 tus.
955 863 966 880 ›
999 853 1062 880 llzec
1082 856 1258 887 repraesentat
1282 850 1443 886 Euthymius
1467 850 1493 876 in
1514 846 1645 883 Panoplia
1658 868 1667 882 ,

48 898 99 926 rius
119 897 342 930 Thaumaturgns
367 898 438 932 quod
463 896 559 924 Filium
585 901 679 931 aperte
707 902 827 926 creatum

50 943 244 980 pra'dicaverit.
257 942 334 970 Adeo
351 948 380 970 ut
393 950 488 978 parum
505 947 640 970 attentum
656 943 741 970 fuisse
756 943 827 970 Ana-

47 990 151 1017 stasium
166 989 410 1017 Bililioth'ecarium
427 990 574 1024 putandum
593 989 641 1021 sit,
667 996 728 1016 cum
748 988 786 1015 ait
801 988 826 1015 in

52 1035 172 1068 Historia,
189 1036 225 1063 ad
238 1044 284 1063 an.
299 1035 398 1063 Christi
412 1035 476 1069 246,
492 1035 584 1063 laudes
595 1034 719 1070 Gregorii
732 1035 821 1062 Thau-

50 1082 153 1117 ntazurgi
174 1081 285 1109 silentio
301 1081 432 1116 pressisse
451 1081 607 1113 Eusebium,
622 1081 695 1115 quod
708 1081 742 1108 ab
759 1080 822 1108 Ori-

50 1128 118 1162 gcnis
131 1134 157 1155 et
171 1128 227 1155 Arii
250 1127 438 1155 deliramentis
462 1134 574 1162 prorsus
597 1127 680 1153 fuerit
703 1126 825 1154 alienus:

49 1181 102 1201 cum
119 1179 145 1201 et
160 1174 216 1202 ha'c
231 1173 410 1201 deliramenta
425 1173 460 1201 sit
474 1179 604 1204 sectatus,
626 1180 677 1201 nec
699 1173 827 1201 laudibus

50 1225 104 1245 eum
121 1219 255 1247 Eusebius
280 1219 445 1250 fraudaverit
468 1219 514 1247 lib.
533 1227 559 1245 vi
591 1218 676 1251 Ηὶει..
704 1226 765 1253 cap.
781 1219 826 1246 ΞΟ.

51 1264 153 1292 Constat
172 1265 293 1300 denique
318 1273 351 1292 ne
363 1264 453 1292 Basilii
469 1265 576 1299 quidem
595 1265 771 1300 temporibus,
796 1272 827 1292 ac

54 1311 239 1338 recentioribus
270 1311 364 1344 etiam,
390 1310 508 1345 Spiritus
539 1311 626 1338 sancti
656 1310 826 1337 divinitatem

53 1362 138 1389 aperte
160 1357 284 1391 proﬁteri
311 1364 391 1384 ausos
414 1364 474 1384 esse
501 1356 667 1390 Catholicos,
685 1363 719 1384 ne
739 1355 828 1387 Pneu-

53 1402 272 1429 utalumachorum
291 1402 467 1437 petulantiam
484 1402 681 1436 experirentur.
720 1421 723 1425 .

84 1447 270 1476 Verumtamen
283 1455 344 1475 cum
361 1447 517 1476 inferiorem
532 1448 611 1475 Patre
626 1447 739 1480 Filiutn,
758 1447 828 1475 Filio

52 1491 172 1527 Spiritum
189 1499 314 1522 sanctum
335 1494 384 1522 visi
401 1499 465 1521 sunt
482 1494 519 1521 illi
540 1499 669 1525 statuere,
687 1493 721 1520 ad
732 1499 828 1521 aucto-

54 1540 150 1571 ritatem
168 1540 309 1575 principii,
326 1540 452 1575 originis,
471 1547 571 1572 cauere,
588 1539 763 1575 paternitatis
800 1545 828 1567 et

54 1585 201 1621 ἀγεννησίας
229 1585 289 1613 fere
324 1586 508 1619 attenderunt,
537 1593 598 1620 quae
628 1585 699 1612 inter
728 1589 829 1612 sancta:

55 1629 182 1660 Trinitatis
207 1639 343 1667 personas
369 1632 493 1660 ordinem
519 1632 639 1666 aliquem
675 1632 827 1659 constituit.

55 1675 112 1703 Nam
127 1678 194 1712 quod
212 1678 296 1705 Pater
316 1679 478 1713 principium
495 1678 529 1706 sit
545 1682 571 1704 et
586 1678 663 1712 origo
682 1675 755 1710 Filii,
769 1685 829 1709 ma-

53 1722 91 1756 jor
109 1723 173 1752 Filio
187 1728 214 1752 et
230 1724 363 1760 dignitate
382 1725 505 1758 anterior
524 1723 575 1751 dici
604 1728 704 1757 potest,
727 1724 830 1758 absque

56 1769 102 1797 ullo
116 1774 201 1798 tamen
226 1776 331 1809 naturae
360 1770 571 1806 perfectionisve
595 1769 763 1797 discrimine.
783 1769 830 1796 Sic

57 1813 246 1850 intelligendum
270 1823 331 1844 esse
347 1816 411 1843 illud
438 1816 568 1844 Joannis:
586 1815 668 1842 Pater
685 1816 772 1850 major
789 1824 830 1842 me

57 1864 88 1886 ut
101 1861 132 1893 '°,
147 1869 243 1895 magna
263 1861 374 1888 Patrum
388 1869 451 1896 pars
471 1861 602 1888 arbitrata
622 1866 681 1893 est;
701 1861 771 1895 quod
784 1860 830 1888 alii

57 1904 85 1932 de
99 1905 261 1935 humanitate
274 1908 376 1935 Christi
395 1909 428 1935 ad
446 1908 535 1936 Patris
556 1908 726 1935 divinitatem
754 1915 830 1935 com-

57 1956 139 1984 parata
154 1953 378 1989 interpretantur.
402 1954 467 1982 item
487 1954 558 1989 quod
587 1953 690 1988 a.Filio
709 1953 829 1988 Spiritus

57 2003 154 2027 sanctus
180 2002 261 2028 ducat
288 2001 438 2036 originem,
492 2001 583 2028 minor
611 2008 643 2028 eo
669 2000 829 2035 appellatur.

57 2042 204 2073 Athanasius
224 2050 297 2073 orat.
324 2046 341 2072 2
370 2051 461 2073 contra
491 2045 624 2072 Aricinos:
641 2044 759 2072 Τοιαῦτα
781 2045 830 2080 μὲν

57 2086 96 2115 οὖν
115 2092 166 2123 τοῖς
193 2092 330 2124 Ἰουδαίοις
353 2092 390 2123 ὡς
412 2091 555 2126 ἄνθρωπος
580 2091 672 2126 ἔλεγεν
689 2092 703 2118 ὁ
717 2090 829 2126 Κύριος·

57 2136 105 2166 τοῖς
120 2135 146 2162 δὲ
159 2137 292 2173 μαθηταῖς
306 2138 356 2173 τὴν
376 2137 490 2172 θεότητα
504 2137 551 2164 καὶ
570 2137 619 2172 τὴν
635 2137 832 2172 μεγαλειότητα

59 2179 151 2214 δεικνὺς
164 2184 271 2217 ἑαυτοῦ,
286 2184 378 2210 οὐκέτι
393 2183 522 2210 ἐλάττονα
536 2184 630 2210 ἑαυτὸν
644 2183 691 2210 τοῦ
706 2183 774 2210 ΙΙνεύ
779 2192 831 2219 μα-

59 2234 105 2259 τος,
125 2228 187 2256 ἀλλὰ
210 2229 322 2265 μείζονα
345 2229 393 2256 καὶ
412 2229 468 2256 ἴσον
483 2229 547 2256 ὄντα
570 2229 720 2265 σημαίνων,
745 2229 829 2256 ἐδίδου

61 2272 102 2306 μὲν
108 2273 135 2300 τὺ
142 2275 261 2311 Πνεῦμα,
279 2276 327 2302 καὶ
341 2275 428 2310 ἔλεγε
443 2275 552 2302 Λάϐετε
562 2276 594 2301 ra
603 2274 724 2309 Πνεῦμα
734 2275 829 2310 ἅγιον,

60 2318 108 2344 καί·
137 2320 203 2355 Ἐγὼ
209 2321 283 2348 αὐτὸ
290 2322 478 2353 ἀποστέλλω,
490 2321 628 2354 κάκεῖνος
635 2321 689 2355 ἐμὲ
696 2320 830 2353 δοξάσει.

63 2371 70 2388 I
97 2364 152 2393 Haec
181 2368 290 2402 quidem
324 2367 424 2395 Judaeis
450 2372 577 2401 tanquam
607 2367 687 2394 homo
722 2366 829 2393 dicebat

62 2407 196 2439 Dominus:
211 2413 351 2447 discipulis
368 2418 458 2443 autem
487 2413 657 2440 divinitatem
671 2415 699 2439 et
724 2412 830 2446 magni-

63 2457 166 2484 tudinem
181 2467 257 2486 suam
270 2459 429 2491 ostendens,
448 2465 499 2485 non
511 2457 568 2492 jam
585 2457 701 2492 amplius
723 2464 752 2484 se
767 2456 829 2491 Spi-

63 2501 106 2528 ritu
123 2503 259 2539 utiliorem,
274 2505 320 2532 sed
335 2505 464 2540 majorem
485 2509 513 2532 et
523 2504 654 2539 aequalem
669 2510 728 2530 esse
742 2503 828 2538 signi-

65 2545 145 2580 ﬁcans,
167 2543 246 2578 dabat
262 2551 372 2585 quidem
390 2550 536 2586 Spiritum,
553 2555 581 2577 et
603 2548 709 2576 dicebat
726 2558 732 2575 :
753 2548 829 2575 Acci-

64 2593 107 2625 pite
115 2594 233 2628 Spiritum
248 2603 368 2624 sanctum
382 2597 420 2630 “;
433 2602 460 2624 et
475 2595 627 2631 :Egoillum
640 2595 727 2627 mitto,
740 2595 831 2629 ct'ipse

66 2648 98 2666 me
112 2641 257 2677 gloriﬁcabit
272 2645 305 2671 ".
322 2653 331 2669 ι
345 2644 451 2671 Clarius
470 2644 551 2670 etiam
572 2643 687 2670 Basilius
702 2652 708 2670 :
726 2642 831 2677 Ὥσπερ

65 2684 141 2719 “iis
152 2688 224 2722 τάξει
240 2689 289 2725 μὲν
303 2690 429 2726 δεύτερος
443 2689 489 2716 τοῦ
509 2689 616 2725 Πατρός
627 2696 633 2703 ·
650 2689 831 2724 προτέτακται

68 2731 112 2767 γὰρ
125 2735 138 2760 ὁ
150 2735 240 2772 Πατὴρ
250 2737 278 2763 ὲν
293 2738 326 2772 τῇ
343 2736 584 2772 συναριθμήσει...,
599 2735 638 2762 ἔτι
654 2735 682 2761 δὲ
694 2735 741 2761 καὶ
751 2734 832 2768 ἀξιώ-

881 905 952 936 part.
968 907 999 931 ιι,
1014 899 1056 926 tit.
1073 898 1117 932 l2,
1130 898 1175 926 ubi
1197 898 1273 926 vides
1291 897 1391 933 gradus
1408 897 1527 932 aliquos,
1540 900 1566 922 et
1577 895 1667 930 digni-

875 947 945 978 ,tatis
956 946 1130 982 ὺποϐάϐμους
1144 945 1170 972 in
1183 944 1316 972 Trinitate
1326 944 1501 971 constitutus.
1514 943 1602 976 Atque
1617 941 1668 968 hac

880 992 1052 1028 potissimum
1074 990 1250 1026 responsione
1271 997 1412 1024 aspersam
1438 987 1604 1025 Origeniano
1619 994 1668 1013 nov

881 1039 947 1066 mini
961 1037 1125 1066 calumniam
1139 1037 1296 1071 abstergere
1320 1042 1349 1063 se
1372 1041 1450 1068 posse
1477 1033 1669 1061 Gcnebrardus

881 1084 1046 1112 existimavit
1056 1082 1165 1110 Collect.
1179 1090 1238 1117 cap.
1251 1081 1276 1109 6.

916 1129 961 1156 Xl.
984 1129 1032 1156 llis
1051 1129 1166 1156 fortasse
1186 1132 1325 1163 permotus
1353 1127 1517 1154 Athanasius
1538 1124 1670 1160 prmclare

881 1175 915 1203 de
925 1174 1056 1202 Trinitatc
1071 1174 1216 1208 Origenem
1232 1173 1372 1207 scripsisse
1389 1172 1471 1199 tradit
1482 1170 1531 1209 libi.
1546 1169 1584 1196 De
1598 1170 1670 1196 decr.

882 1220 986 1248 Nicaea.
1008 1221 1113 1259 synodi,
1133 1219 1246 1254 ejusque
1261 1218 1454 1245 auctoritatem
1474 1223 1529 1252 prae
1551 1224 1580 1244 se
1596 1216 1668 1243 fert:

882 1267 950 1303 Περὶ
965 1267 992 1294 δὲ
1010 1267 1056 1294 τοῦ
1072 1266 1173 1298 ἀϊδὶως,
1195 1267 1291 1300 inquit,
1317 1265 1436 1291 συνεῖναι
1451 1263 1496 1290 τὸν
1521 1263 1607 1297 Λόγον
1632 1262 1670 1297 τῷ

881 1313 978 1348 Πατρὶ.
992 1313 1038 1339 καὶ
1051 1311 1088 1347 μὴ
1103 1312 1199 1347 ἐτέρας
1208 1310 1327 1345 οὐσίαςῆ
1340 1309 1524 1340 ὑποστάσεως,
1542 1307 1609 1334 ἀλλὰ
1621 1307 1671 1342 τῆς

881 1357 927 1384 τοῦ
946 1357 1051 1393 Ila-rga;
1067 1356 1130 1383 ἴδιον
1145 1356 1225 1384 αὑτὸν
1239 1353 1319 1388 εἶναι,
1336 1355 1374 1386 ὡς
1395 1354 1538 1389 εἰρήκασιν
1549 1352 1573 1377 οἱ
1591 1351 1619 1378 ὲν
1636 1352 1670 1386 τῇ

883 1405 995 1439 συνόδῳ,
1012 1404 1112 1436 ἐξέστω
1129 1403 1208 1430 πάλιν
1234 1403 1305 1438 ὑμᾶς
1321 1401 1437 1429 ἀκοῦσαι
1455 1401 1502 1428 καὶ
1527 1398 1603 1436 παρὰ
1624 1397 1670 1426 τοῦ

883 1451 1025 1487 φιλοπόνου
1049 1451 1214 1488 Ὠριγένους,
1241 1460 1250 1475 ι
1272 1449 1388 1476 Verbum
1407 1455 1489 1484 porro
1515 1448 1549 1475 ab
1568 1452 1671 1473 aeterna

883 1503 944 1523 esse
957 1503 1017 1522 cum
1028 1494 1118 1527 Patre,
1134 1501 1183 1529 nec
1194 1493 1312 1520 essentia
1323 1492 1365 1519 vel
1381 1490 1533 1518 substantia
1549 1489 1670 1520 differre,

842 1527 863 1556 θ
881 1541 927 1567 sed
943 1539 1100 1567 substantia:
1111 1544 1230 1573 paterna:
1242 1537 1381 1572 proprimn
1398 1536 1473 1563 illum
1483 1542 1544 1562 esse
1556 1533 1668 1564 Filium,

881 1585 1048 1613 utdixerunt
1063 1582 1302 1618 quiinterfueruut
1324 1581 1438 1609 Nicmna:
1469 1579 1582 1616 synodo,
1605 1578 1672 1605 licet

881 1632 969 1660 denuo
986 1630 1064 1658 nobis
1091 1629 1186 1656 audire
1212 1636 1246 1656 ex
1262 1627 1400 1655 laborioso
1425 1626 1552 1661 Origene.
1572 1634 1581 1650 ι
1601 1624 1671 1651 Τυιιι

863 1679 948 1716 ,(Ιιιοε
970 1685 1003 1704 ex
1020 1684 1052 1703 eo
1068 1674 1204 1703 subnectit
1224 1674 1309 1705 locos,
1333 1673 1433 1707 quibus
1452 1676 1555 1698 atterna
1575 1669 1637 1697 Filii
1656 1677 1672 1696 a

882 1724 960 1751 Patre
983 1722 1129 1758 processio,
1152 1728 1213 1748 cum
1233 1727 1319 1754 eoque
1335 1717 1476 1753 aequalitas
1510 1720 1602 1751 aperte
1623 1715 1671 1742 de«

881 1774 1058 1798 monstratur.
1076 1767 1206 1795 Basilium
1218 1772 1336 1801 quoque,
1352 1769 1381 1792 et
1390 1763 1591 1791 Nazianzenum
1604 1760 1672 1788 Gre-

881 1815 985 1851 gorium
1019 1814 1104 1841 refert
1128 1812 1254 1840 Socrates
1271 1811 1320 1838 lib.
1349 1818 1386 1843 tv,
1406 1817 1465 1843 cap.
1492 1808 1538 1840 26,
1561 1815 1622 1834 cum
1636 1810 1671 1834 ab

881 1863 993 1891 Arianis
1019 1861 1144 1895 Origenis
1158 1859 1322 1887 auctoritate
1342 1862 1369 1885 et
1386 1855 1549 1884 testimoniis
1562 1860 1671 1889 preme-

883 1912 987 1941 rentur,
998 1913 1140 1942 perperam
1151 1905 1186 1932 ab
1205 1905 1238 1931 iis
1251 1903 1419 1931 intellectum
1443 1899 1607 1929 ostendisse.
1622 1899 1671 1926 Di-

883 1954 992 1989 dymum
1009 1956 1138 1987 prmterea
1153 1949 1279 1985 Origenis
1297 1949 1330 1975 de
1346 1948 1481 1975 Trinitate
1505 1945 1670 1973 sententiam

883 1999 918 2026 ita
937 2005 1120 2034 propugnasse
1139 1997 1178 2024 ait
1193 1996 1374 2031 Hieronymus
1392 1994 1472 2029 epist.
1486 1992 1565 2020 65ad
1590 1991 1672 2018 Pam-

883 2044 971 2072 mach.
984 2049 1010 2071 et
1022 2044 1122 2071 Ocean.
1143 2050 1204 2077 cap.
1230 2042 1258 2074 4,
1279 2046 1306 2068 et
1323 2040 1433 2076 Apolog.
1457 2039 1563 2066 advers.
1578 2037 1669 2072 Ruﬁn.

884 2090 930 2117 lib.
949 2098 979 2123 ll,
994 2098 1055 2124 cap.
1072 2089 1098 2120 Δ,
1121 2093 1151 2115 ιιι
1176 2087 1245 2114 tnale
1261 2087 1423 2115 sonantibus
1450 2085 1541 2112 verbis
1564 2089 1670 2112 rectum

885 2142 972 2164 tamen
988 2143 1096 2163 sensum
1114 2135 1202 2162 inesse
1219 2134 1321 2162 diceret
1344 2142 1350 2159 :
1372 2142 1382 2158 ι
1406 2133 1532 2167 Didymus
1546 2151 1554 2163 ,
1574 2129 1670 2164 inquit,

848 2198 869 2224 D
886 2184 912 2210 in
934 2183 999 2218 ipsis
1013 2182 1084 2216 Περὶ
1096 2180 1206 2215 ἀρχῶν,
1223 2187 1290 2215 quos
1307 2185 1335 2206 tu
1364 2179 1559 2213 interpretatus
1579 2184 1618 2207 es.
1638 2176 1672 2222 li:

883 2229 940 2256 bris
955 2229 1051 2256 breves
1062 2227 1174 2255 dictavit
1183 2225 1434 2257 commentariolos,
1445 2224 1543 2259 quibus
1554 2230 1608 2250 non
1625 2229 1673 2249 ne-

884 2279 961 2310 garet
977 2266 1011 2301 ab
1024 2273 1140 2308 Origene
1148 2272 1260 2306 scripta,
1273 2278 1333 2306 qua:
1347 2270 1446 2305 scripta
1462 2273 1547 2302 sunt;
1562 2268 1609 2296 sed
1623 2275 1673 2295 nos

884 2320 1021 2355 simplices
1037 2318 1160 2346 homines
1177 2325 1230 2345 non
1248 2324 1328 2352 posse
1339 2316 1491 2350 intelligere
1505 2321 1565 2350 quae
1576 2313 1672 2341 dicun-

886 2373 947 2402 tur;
960 2371 987 2394 et
1000 2373 1054 2400 quo
1071 2371 1152 2392 sensu
1171 2364 1196 2391 in
1212 2363 1311 2391 bonam
1324 2366 1428 2397 partem
1444 2361 1530 2396 accipi
1545 2360 1671 2389 debeant.

882 2411 1047 2447 persuadere
1062 2414 1186 2437 conatur.
1207 2417 1217 2435 ι
1246 2407 1360 2436 Accedit
1380 2407 1511 2442 anonymi
1529 2406 1672 2442 scriptoris

882 2467 896 2485 a
914 2457 1009 2485 Photio
1035 2456 1097 2485 cod.
1128 2461 1199 2483 oxvu
1218 2453 1424 2482 commemorati
1457 2453 1621 2480 testiﬁcatio.
1648 2452 1673 2478 Is

882 2504 1008 2540 Origenis
1035 2503 1222 2531 defensionem
1252 2502 1372 2536 quinque
1397 2500 1474 2527 libris
1491 2500 1672 2534 complexus,

881 2550 947 2586 φησὶ
959 2549 1041 2585 μηδὲν
1052 2549 1133 2575 αὑτὸν
1142 2547 1213 2575 κατὰ
1225 2547 1303 2580 δόξαν
1315 2545 1447 2582 ἐσφάλθαι
1456 2545 1520 2581 περὶ
1531 2545 1580 2580 τῆς
1589 2545 1674 2580 Τριά-

884 2596 927 2626 Bo;
938 2603 945 2611 ·
969 2594 1179 2630 ἀπιφερόμενον
1187 2593 1214 2619 δὲ
1225 2594 1258 2628 τῇ
1268 2591 1371 2627 αἱρέσει
1384 2590 1540 2623 Σαϐελλίου,
1552 2591 1591 2621 εἰς
1603 2590 1674 2624 μέγα

885 2641 968 2669 κακὸν
987 2641 1093 2678 ἡρμένῃ
1109 2640 1169 2667 τότε
1181 2647 1188 2655 ·
1204 2639 1251 2666 καὶ
1261 2638 1310 2674 τὴν
1325 2637 1379 2664 τῶν
1391 2635 1544 2672 προσώπων
1557 2635 1672 2671 Τριάδα,

885 2688 1084 2725 ἐναργεστάτην
1104 2687 1151 2713 καὶ
1170 2685 1275 2717 πολλοῖς
1286 2684 1395 2721 τρόποις
1404 2682 1585 2719 διαφέρουσαν
1599 2681 1674 2718 ἀγω-

886 2735 1035 2770 νιζόμενον,
1057 2732 1233 2768 παραστῆσαι
1246 2730 1321 2766 παρὰ
1336 2728 1384 2758 τοῦ
1399 2726 1584 2767 ’προσήκοντος
1594 2747 1601 2761 ,
1628 2727 1679 2757 καὶ

96 2820 116 2835 ’⁵
129 2821 198 2852 Joan.
216 2833 268 2861 xiv,
285 2825 330 2854 ‘28.
369 2826 390 2841 ”
407 2824 484 2853 Joan.
505 2832 548 2858 xx,
566 2823 609 2850 Ἡ,
649 2824 670 2839 ¹²
686 2822 764 2851 Joan.
776 2827 832 2856 xvi,

886 2843 892 2849 .
931 2823 953 2839 ³³
970 2821 1047 2850 han.
1073 2828 1098 2855 κ,
1118 2820 1161 2848 ³50.
