1904 3077
273 142 328 171 755

901 137 931 164 ι).
949 135 1106 164 DANIELIS
1124 128 1242 163 HUETII
1838 135 1876 162 755

271 199 313 230 εἰς
338 194 490 223 τούναντίον
509 193 690 228 ἀπενεχθῆναι
707 201 714 207 ε
739 192 769 226 ἐξ
798 188 827 220 οὗ
851 192 924 225 δόξαι
946 191 992 218 καὶ
1014 180 1050 225 ἐῷ

1103 182 1284 224 θιέδρίεηιίθ.
1297 188 1415 225 Cyrillus
1426 188 1473 216 lib.
1486 196 1516 216 ιιι
1531 192 1622 215 contra
1633 188 1744 216 Julian.
1759 196 1768 215 :
1780 189 1874 217 Πλάτων

266 241 408 279 -Ἆρειανῷ
417 240 613 276 ἀῤῥωστήματι
623 239 781 266 ἑαλωκέναι.
798 248 807 264 ι
823 238 894 265 Nihil
909 238 996 272 ipsum
1013 244 1054 264 as-

267 289 336 317 serit
348 288 418 315 circa
428 285 589 313 Trinitatem
605 291 726 317 errasse;
740 285 787 313 sed
800 292 861 312 cum
875 283 985 312 Sabellii
999 283 1054 310 haz-

270 334 353 361 resim
365 333 545 367 impugnaret,
558 338 619 366 qua;
635 335 689 357 tum
707 330 736 357 irt
757 337 882 365 magnam
894 329 1055 364 erumpebat

269 378 431 414 perniciem.
447 381 475 404 et
495 383 674 411 personarum
691 375 852 403 Trinitatem
878 373 1053 402 manifestam

268 429 297 452 et
314 424 406 452 multis
422 423 508 451 modis
523 421 692 450 dilferentem
715 421 882 453 defenderet,
903 424 977 448 extra
998 419 1055 447 cal-

268 468 320 495 lem
337 467 446 499 abiisse,
464 471 490 494 et
513 466 539 493 iu
563 467 728 493 contrariam
753 471 856 500 partem
872 465 955 493 fuisse
973 464 1053 492 τῶι-θα

267 517 356 547 ptum,
385 512 503 547 indeque
529 511 616 539 visum
648 511 751 539 Ariano
773 511 867 539 morbo
891 510 1025 538 laborare.
1040 519 1050 536 ι

270 558 347 592 Quod
362 558 401 585 ait
416 558 450 585 de
465 557 619 585 Sabelliana
634 557 743 590 haeresi,
770 557 804 584 de
828 556 959 584 Noetiana
973 555 1054 583 intel-

266 603 338 639 lige;
351 607 413 638 post
428 602 571 637 Origenem
582 603 681 637 quippe
697 610 773 630 suam
795 602 930 630 Sabellius
954 602 1054 636 sparsit

260 649 393 693 ihaeresim
411 658 419 675 :
449 656 540 676 verum
570 656 623 675 non
639 652 692 674 tam
705 655 800 675 novam
820 647 923 675 invexit
937 651 1052 680 sectam,

260 698 350 731 :quam
366 700 482 722 veterem
499 701 514 720 a
530 693 615 721 Νοειο
628 698 794 729 praeceptore
809 701 858 721 suo
870 693 995 721 traditam
1007 700 1052 720 re-

260 741 357 779 ‘ﬂnxit.
373 739 497 775 Aiqualis
511 744 600 767 autem
614 739 740 775 Origenis
760 739 812 766 luit
822 738 934 773 Noetus,
948 738 994 774 qui
1007 746 1054 766 ve-

260 787 335 825 lleris
348 789 376 813 et
390 786 446 821 ipse
463 789 627 821 propagator
644 785 777 813 hereseos
797 785 887 820 potius
904 793 985 820 quam
1003 792 1052 812 no-

266 838 308 858 we
322 835 417 858 auctor
432 831 561 858 dicendus
584 834 637 858 est.
663 830 789 865 Equalis
812 832 894 858 etiam
913 832 1053 866 utriusque

1104 235 1151 261 ἕνα
1164 235 1213 270 μὲν
1225 232 1294 261 εἶναι
1304 234 1349 261 τὸν
1366 234 1528 270 δημιουργὸν
1544 234 1689 270 διωρίσατο
1702 234 1752 261 τὸν
1767 234 1875 261 ἁπάντων

1105 280 1201 312 αἴτιον,
1214 280 1243 306 ὃν
1260 280 1307 307 καὶ
1330 280 1452 315 προσεχῆ
1472 279 1511 314 τῷ
1535 280 1630 315 κόσμῳ
1653 279 1786 314 γενέσθαι
1805 281 1873 314 φησι·

1104 326 1306 362 προϋφεστάναι
1324 334 1355 360 γε
1377 325 1430 361 μὴν
1442 325 1523 353 αὑτοῦ
1550 325 1615 352 Θεὸν
1634 325 1744 361 ἕτερον,
1762 326 1818 360 ἦτοι
1839 327 1875 361 τὴν

1106 371 1176 398 ἰδέαν
1189 371 1319 406 τάγαθοῦ.
1331 372 1508 408 Προσεπινοεῖ
1526 371 1554 398 δὲ
1570 372 1617 398 καὶ
1633 371 1728 406 τρίτον
1736 372 1828 403 αἴτιον,
1840 372 1874 398 τά-

1105 417 1144 450 ξει
1160 417 1188 444 δὲ
1202 418 1249 444 καὶ
1263 417 1341 452 φύσει
1358 417 1412 445 τῶν
1425 416 1539 452 πρώτων
1560 417 1719 452 μειονεκτοὺ
1724 426 1813 452 μενον,
1829 417 1840 443 ᾖ
1852 418 1875 453 δὴ

1104 462 1151 489 καὶ
1173 462 1262 498 ψυχὴν
1284 462 1339 489 τῶν
1359 462 1441 489 ὄντων
1464 462 1590 489 ἁπάντων
1612 462 1760 489 ἀποκαλεῖ.
1780 471 1790 487 ‹
1816 463 1875 490 Plato

1103 516 1186 536 unum
1197 509 1304 544 quidem
1313 516 1373 536 esse
1388 509 1510 544 opiﬁcem
1520 509 1654 541 delinivit,
1664 516 1762 536 rerum
1772 509 1874 536 omnium

1105 561 1224 585 causam,
1241 561 1323 588 quem
1353 558 1381 581 et
1408 553 1587 588 propinquum
1611 553 1718 580 mundo
1734 560 1794 581 esse
1813 553 1875 585 dixit.

1103 599 1239 627 exstitisse
1252 607 1315 626 vero
1326 598 1412 626 Deum
1420 598 1534 626 alterum
1549 604 1612 626 ante
1622 598 1708 631 hunc,
1724 605 1818 633 nempe
1827 599 1875 626 boni

1103 645 1202 672 ideam.
1213 644 1357 680 Excogitat
1367 648 1497 679 praeterea
1506 650 1534 672 et
1546 645 1651 671 tertiam
1661 652 1789 677 causam,
1798 644 1875 672 ordine

1103 690 1210 725 quidem
1226 696 1253 718 et
1274 695 1374 718 natura
1392 690 1529 725 prioribus
1545 690 1600 717 illis
1624 690 1797 723 inferiorem,
1810 698 1874 725 quam

1105 737 1261 764 etanimam
1273 736 1463 763 universarum
1483 743 1573 763 rerum
1602 736 1736 771 appellat.
1761 745 1770 762 ι
1788 736 1874 769 Quoex

1104 782 1180 809 l'onte
1196 781 1352 817 proﬂuxerc
1366 789 1418 808 non
1432 781 1556 816 Origenis
1571 789 1682 809 errores
1692 782 1781 809 solum
1796 783 1874 812 adver-

1103 835 1150 856 sus
1162 828 1363 855 sanctissimam
1387 828 1564 861 Trinitatem,
1592 827 1749 854 aliorumve
1761 835 1824 862 quos
1846 835 1875 856 re-

259 871 321 914 :l‘uit
336 876 460 912 Beryllus
473 877 620 905 Bostrenus
641 877 796 912 episcopus,
819 877 922 904 erroris
934 877 1053 911 ejusdem
1068 864 1091 894 Β
1106 874 1261 902 censuimus
1277 873 1386 900 Patrqu
1403 874 1493 900 minus
1509 873 1721 907 circumspecta
1736 874 1873 906 locutiones,

267 921 437 954 defensione,
462 926 489 949 et
511 922 608 950 deinde
624 923 812 956 repudiatione
826 923 951 956 celebris,
978 927 1053 958 post-

267 974 349 1002 quam
362 967 396 994 ab
409 967 526 1002 Origene
544 969 696 1000 convictus,
710 973 737 996 et
754 968 787 996 ad
801 969 937 996 saniorem
953 969 1052 996 doctri-

267 1023 331 1042 nam
345 1016 485 1048 traductus
497 1020 548 1043 est.
564 1015 621 1043 Hos
639 1015 797 1052 perstringit
816 1015 946 1050 Origenes
961 1035 969 1048 ,
992 1022 1053 1042 cum

267 1061 330 1089 alibi
343 1061 512 1097 frequenter,
527 1067 582 1090 tum
592 1062 619 1089 in
632 1062 702 1090 libro
714 1070 794 1098 quem
811 1062 838 1089 in
857 1061 1004 1096 Epistolam
1018 1061 1053 1088 ad

268 1106 357 1134 Titum
371 1108 481 1143 scripsit
493 1116 500 1141 ;
516 1108 752 1143 quiquelaudatur
765 1116 779 1135 a
791 1108 931 1143 Pamphilo
946 1108 972 1134 in
985 1109 1054 1142 Apo-

266 1151 348 1186 logia.
360 1150 440 1178 lnitia
450 1152 580 1179 doctrinae
593 1153 737 1188 bujusjam
755 1153 816 1181 inde
831 1153 865 1180 ab
877 1153 970 1188 lgnatii
986 1159 1054 1180 tem-

265 1197 378 1228 poribus
394 1197 493 1231 repetit
510 1196 643 1225 Baronius
665 1201 698 1226 ad
715 1206 758 1226 an.
774 1198 875 1226 Christi
898 1198 961 1230 260.
975 1206 1051 1226 num.

266 1242 312 1270 65.
330 1242 407 1276 Quod
430 1250 496 1279 ergo
523 1243 592 1271 dixit
616 1252 767 1279 anonymus
791 1244 902 1272 Sabellii
929 1245 1051 1272 haeresim

266 1291 440 1325 impugnasse
465 1290 622 1326 Origenem,
641 1292 681 1319 sie
705 1291 891 1326 accipiendum
911 1297 964 1323 est,
983 1291 1053 1318 hanc

266 1335 302 1362 ab
318 1343 351 1363 eo
368 1335 553 1370 impugnatam
568 1337 692 1364 haeresim
705 1344 790 1371 quara
809 1337 923 1364 vetustis
939 1336 1052 1364 haereti-

264 1382 305 1408 cis
318 1385 391 1414 orta,
403 1389 418 1408 a
433 1381 519 1410 Νοειο
533 1387 560 1409 et
571 1382 676 1418 Beryllo
690 1383 746 1410 suis
764 1386 930 1417 propugnata
948 1386 1051 1416 tempo-

264 1426 352 1459 ribus,
368 1435 468 1455 novum
485 1428 582 1456 deinde
598 1436 612 1455 a
633 1428 750 1456 Sabellio
763 1435 861 1456 nomen
878 1435 910 1455 ac
935 1427 1049 1455 formam

264 1473 379 1507 accepit.
396 1473 436 1500 Ac
450 1473 474 1500 si
489 1474 550 1508 quis
576 1473 751 1509 Ἀρειανιζειν
769 1473 870 1501 diceret
884 1473 1028 1507 Origenem
1041 1493 1050 1505 .

265 1527 326 1546 eam
344 1526 441 1555 nempe
465 1520 536 1547 tueri
558 1519 728 1552 doctrinam,
745 1526 805 1554 quae
819 1519 904 1547 multo
929 1524 990 1555 post
1016 1521 1051 1549 ab
1064 1537 1085 1566 ο

264 1566 332 1594 Ario
345 1566 522 1600 ampliﬁcata,
534 1573 631 1593 nomen
645 1565 680 1593 ab
691 1573 724 1593 eo
736 1566 831 1601 adepta
844 1570 896 1594 est.

301 1611 358 1638 ΧΗ.
373 1611 485 1638 Multum
510 1612 618 1646 quidem
635 1611 705 1638 valet
727 1612 797 1646 apud
825 1619 878 1645 me,
894 1620 943 1647 pro
960 1620 993 1640 eo
1019 1620 1051 1640 ac

265 1658 357 1691 debet,
381 1657 492 1685 Patrum
517 1657 623 1685 illorum
641 1658 810 1690 auctoritas,
835 1658 880 1693 qui
899 1658 1050 1685 doctrinam

265 1704 391 1739 Origenis
404 1705 436 1731 de
451 1703 586 1731 Trinitate
602 1704 741 1739 sull‘ragiis
753 1704 810 1732 suis
828 1705 1052 1738 comprobarunt.

265 1750 317 1777 Sed
339 1750 405 1777 mihi
421 1754 510 1777 tamen
525 1749 611 1784 pluris
625 1755 667 1778 est
683 1751 740 1785 ipsa
754 1750 864 1784 veritas,
877 1758 957 1785 quam
977 1755 1005 1779 et
1018 1759 1051 1779 ex

264 1796 435 1831 Origenianac
449 1796 577 1823 doctrina:
589 1797 767 1828 connexione,
780 1801 806 1823 et
820 1804 853 1823 ex
868 1801 969 1824 attente
987 1804 1050 1832 per-

264 1841 366 1876 spectis
388 1841 542 1868 Adamantii
569 1841 669 1873 verbis,
696 1846 723 1868 et
747 1849 780 1868 ex
799 1841 911 1868 Patrum
935 1841 1050 1869 aliorum

264 1886 445 1921 complurium
463 1886 712 1920 testiﬁcationibus,
725 1886 781 1922 (98)
796 1887 822 1914 in
839 1891 930 1921 partes
946 1892 1048 1914 sectam

265 1934 300 1961 ab
326 1933 385 1968 ipso
403 1933 579 1966 Trinitatem,
595 1938 622 1961 et
637 1934 764 1961 essentia:
780 1942 812 1961 ac
825 1933 975 1961 divinitatis
989 1935 1051 1969 qui—

263 1978 377 2006 busdam
397 1978 480 2005 veluti
497 1978 626 2013 gradibus
643 1978 797 2005 distinctam
814 1977 1001 2010 clamantium,
1015 1978 1047 2004 li-

264 2024 347 2059 quido
359 2023 425 2051 mihi
441 2024 612 2058 perspexisse
626 2023 728 2050 videor.
744 2024 819 2050 Adde
832 2023 975 2050 Platonicae
989 2024 1049 2058 phi-

265 2070 395 2105 losophiae
407 2070 525 2101 decreta,
550 2069 583 2096 ad
597 2076 657 2104 qum
671 2069 728 2096 fere
741 2077 788 2096 sua
804 2070 937 2103 expressit
953 2069 1049 2105 Orige—

263 2124 324 2148 nes,
336 2116 406 2149 quod
418 2115 474 2151 jam
492 2123 573 2150 supra
589 2115 755 2148 monuimus,
776 2115 881 2141 larvam
903 2115 1048 2150 quamdam

264 2162 409 2190 Trinitatis
443 2161 586 2197 ellingere,
611 2162 735 2197 personis
755 2164 923 2188 constantem
951 2162 1049 2194 tribus,

266 2207 393 2243 inaequali
405 2207 528 2242 praeditis
545 2207 688 2242 dignitate,
710 2211 842 2242 potestate
854 2226 862 2239 ,
887 2207 1049 2242 antiquitate

301 2264 325 2280 "
336 2264 414 2292 Joan.
434 2273 454 2298 ι,
466 2265 505 2292 5.’

1105 921 1153 947 sed
1167 920 1295 955 quidquid
1308 920 1389 946 etiam
1406 919 1455 947 luit
1469 924 1563 947 contra
1586 919 1656 947 idem
1680 920 1836 955 mysterium
1849 921 1874 947 ab

1104 966 1240 994 haereticis
1256 966 1412 994 iusauitum.

1141 1011 1210 1040 Xlll.
1236 1012 1264 1040 Si
1280 1020 1333 1039 non
1348 1020 1382 1039 ex
1398 1019 1479 1047 supra
1493 1012 1581 1039 allatis
1593 1016 1620 1039 et
1631 1011 1657 1039 in
1671 1016 1816 1046 utramque
1826 1018 1873 1046 par-

1106 1064 1159 1086 tem
1184 1059 1315 1094 expositis
1333 1059 1506 1091 testimoniis,
1529 1059 1626 1093 quibus
1646 1058 1709 1085 Filii
1728 1063 1754 1086 et
1777 1058 1873 1093 Spiritus

1103 1105 1188 1133 sancti
1204 1105 1359 1140 dignitatem
1371 1104 1534 1132 labefactare
1549 1104 1590 1131 vel
1606 1111 1733 1132 asserere
1757 1105 1825 1132 visus
1844 1110 1874 1131 est

1104 1151 1246 1187 Origenes,
1265 1152 1334 1179 satis
1363 1151 1448 1186 ipsius
1470 1151 1557 1178 elucet
1571 1152 1710 1178 sententia
1728 1159 1736 1177 :
1764 1156 1790 1178 at
1811 1151 1872 1177 lacile

1103 1202 1179 1225 certe
1193 1196 1403 1231 deprehenditur
1415 1203 1448 1223 ex
1463 1196 1652 1231 sequentibus,
1675 1196 1705 1223 in
1723 1197 1817 1230 quibus
1830 1202 1873 1222 mo-

1103 1241 1225 1269 litionem
1241 1248 1330 1268 rerum
1341 1241 1368 1268 in
1381 1241 1464 1268 Deum
1477 1240 1585 1267 Patrem
1598 1241 1763 1268 transcribit
1775 1249 1782 1273 ;
1795 1241 1871 1267 Filium

1104 1295 1170 1315 vero
1183 1287 1372 1315 secundariam
1392 1291 1496 1313 tantum
1510 1287 1641 1315 creationi
1659 1287 1823 1322 impendisse
1832 1286 1873 1313 vult

1103 1340 1225 1367 operam.
1236 1337 1263 1359 et
1276 1332 1449 1359 instrumenti
1465 1331 1507 1359 vel
1524 1332 1640 1360 ministri
1657 1338 1754 1367 partes
1767 1332 1868 1360 obiisse:

1103 1379 1158 1414 (99)
1173 1378 1250 1406 Οὕτω
1270 1378 1369 1411 τοίνυν,
1385 1379 1472 1413 inquit
1487 1383 1551 1406 tom.
1571 1386 1591 1406 ιι
1617 1379 1645 1405 in
1658 1379 1757 1411 .Ioan.,
1778 1379 1872 1410 nurn.6,

1103 1427 1149 1452 καὶ
1165 1425 1269 1457 ἐνθάδε,
1285 1425 1309 1451 εὶ
1325 1424 1415 1452 πάντα
1426 1424 1470 1451 διὰ.
1480 1424 1526 1451 τοῦ
1543 1425 1628 1459 Λόγου
1643 1424 1767 1459 ἐγένετο,
1781 1424 1824 1459 οὐχ
1834 1424 1873 1450 ὑπὸ

1102 1472 1148 1499 τοῦ
1157 1472 1243 1507 Λόγου
1256 1472 1373 1506 ἐγένετο,
1390 1471 1446 1498 ἀλλ’
1463 1472 1514 1498 ὑπὸ
1534 1472 1688 1506 κρείττονος
1702 1472 1750 1497 καὶ
1772 1471 1871 1506 μείζονος

1103 1518 1178 1554 παρὰ
1185 1518 1231 1545 τὸν
1238 1519 1332 1552 Λόγοψ
1342 1519 1382 1551 τίς
1388 1518 1410 1544 δ’
1419 1518 1452 1545 ἂν
1459 1518 1536 1550 ἄλλος
1543 1515 1620 1550 οὗτος
1628 1519 1754 1555 τυγχάνῃ
1762 1518 1871 1554 (100),ἢ6

1104 1565 1216 1600 Πατήρ;
1232 1565 1333 1599 Duplex
1345 1570 1387 1592 est
1400 1565 1480 1600 hujus
1498 1564 1549 1591 loci
1565 1565 1648 1595 labes,
1667 1573 1732 1591 nam
1750 1569 1776 1592 et
1788 1564 1868 1591 Filium

1101 1610 1181 1637 Patre
1202 1611 1332 1637 minorem
1344 1617 1376 1637 ac
1387 1610 1542 1637 inferiorem
1560 1617 1620 1638 esse
1648 1611 1783 1643 decernit,
1796 1615 1821 1638 et
1839 1617 1868 1637 re

1102 1664 1160 1682 rum
1179 1656 1343 1683 creationem
1363 1657 1470 1691 penitus
1483 1656 1532 1691 ipsi
1546 1656 1705 1690 abjudicat;
1731 1658 1758 1684 in
1772 1665 1818 1692 qua
1830 1657 1868 1683 Pa-

1102 1703 1136 1730 trl
1157 1707 1260 1730 tantum
1282 1702 1463 1736 ministrasse,
1491 1711 1543 1730 non
1559 1703 1714 1731 molitorem
1741 1704 1827 1731 itidem
1844 1708 1866 1729 ut

1101 1748 1208 1776 Patrem
1222 1749 1303 1776 fuisse
1325 1748 1389 1775 dicit
1402 1749 1447 1776 lib.
1460 1750 1547 1783 ιΠερὶ
1563 1749 1664 1784 ἀρχῶν
1680 1750 1709 1777 in
1728 1750 1785 1784 ipso
1798 1756 1868 1784 prom-

1101 1795 1168 1826 mio.
1179 1803 1254 1822 num.
1267 1795 1284 1821 4
1301 1803 1308 1821 z
1326 1803 1336 1820 ι
1355 1794 1434 1823 Jcsus
1447 1794 1571 1823 Christus
1590 1796 1647 1829 ipse
1661 1797 1711 1830 qui
1725 1796 1804 1828 venit,
1818 1800 1868 1822 ante

1101 1848 1209 1868 omnem
1226 1845 1381 1869 creaturam
1398 1845 1477 1868 natus
1491 1849 1524 1868 ex
1540 1841 1618 1868 Patre
1638 1847 1692 1869 est.
1712 1842 1762 1875 Qui
1776 1849 1829 1870 cum
1849 1842 1869 1868 'm

1101 1886 1222 1914 omnium
1245 1888 1399 1914 conditione
1419 1887 1492 1914 Patri
1517 1887 1699 1916 ministrasset
1723 1890 1785 1923 (per
1797 1889 1865 1923 ipsum

1102 1935 1171 1960 enim
1191 1934 1280 1960 omnia
1297 1933 1368 1968 facta
1381 1940 1440 1960 sunt
1452 1933 1484 1965 ν’)
1504 1935 1657 1962 novissimis
1671 1935 1831 1971 temporibus
1841 1940 1872 1961 se-

1103 1979 1189 2014 ipsum
1204 1980 1364 2007 exinaniens
1381 1980 1463 2007 homo
1479 1980 1566 2007 lactus
1588 1985 1629 2008 est
1643 1990 1649 2008 :
1667 1991 1677 2007 ι
1694 1989 1773 2016 quem
1797 1980 1867 2007 locum

1081 2042 1086 2048 -
1102 2025 1201 2059 repetit
1219 2030 1315 2052 auctor
1334 2025 1393 2052 libri
1407 2025 1446 2052 De
1461 2025 1557 2052 deitale
1571 2031 1594 2052 ει
1610 2027 1793 2053 incarnatione
1809 2024 1868 2051 Verbi

1103 2070 1138 2095 ad
1155 2069 1328 2102 Januariam,
1340 2069 1386 2103 qui
1402 2073 1474 2096 tomo
1493 2074 1591 2104 quarto
1612 2077 1727 2104 operum
1748 2065 1868 2103 Augustini

1102 2115 1198 2150 subjici
1214 2116 1296 2148 solet,
1308 2123 1368 2150 cap.
1382 2116 1408 2142 Ι.
1428 2115 1548 2150 Repetiit
1561 2121 1660 2143 etaute
1674 2115 1749 2142 illum
1761 2112 1869 2148 Pamphi-

1102 2161 1144 2188 lus
1161 2161 1187 2187 in
1202 2161 1345 2196 Apologia:
1361 2166 1442 2196 atque
1463 2162 1536 2188 illum
1552 2169 1584 2188 ex
1602 2161 1648 2188 lib.
1666 2169 1696 2188 ιιι
1710 2163 1736 2188 in
1755 2160 1830 2194 Epist.
1842 2157 1868 2184 ad

1105 2208 1228 2236 ϐυΙοηνε
1243 2217 1253 2234 ι
1271 2208 1334 2235 Data
1344 2213 1387 2235 est
1397 2213 1486 2235 autem
1503 2208 1544 2235 lex
1559 2208 1643 2243 Moysi
1663 2217 1711 2243 per
1722 2207 1832 2242 angelos,
1846 2205 1867 2231 in

301 2323 356 2360 (98)
369 2324 402 2350 In
414 2329 501 2362 partes
514 2330 610 2362 sectam
622 2327 654 2353 ab
664 2326 721 2359 ipso
738 2326 906 2359 Trinitatem,
927 2333 980 2356 etc.
1008 2329 1046 2356 Ex
1064 2331 1086 2359 n
1106 2327 1228 2361 procedit
1241 2334 1256 2354 e
1272 2332 1373 2359 mente,
1393 2332 1418 2353 et
1438 2334 1526 2360 neque
1542 2331 1643 2361 partem
1657 2327 1774 2362 aliquam
1786 2324 1866 2352 mentis

266 2359 309 2387 his
321 2367 380 2393 qua:
393 2367 474 2394 supra
489 2360 612 2395 infraque
624 2363 839 2393 observavimus.
868 2364 933 2390 satis
955 2368 1047 2391 osten-

266 2402 326 2422 sum
342 2400 383 2421 est
399 2395 486 2422 nullos
497 2396 596 2430 gradus
612 2396 637 2423 in
652 2397 785 2424 Trinitate
802 2399 973 2426 constituisse
985 2399 1047 2427 Ori-

266 2436 371 2467 genem,
385 2430 437 2457 nisi
454 2436 575 2467 respectu
591 2438 689 2467 causae,
707 2433 843 2467 principii,
860 2434 941 2461 fontis
957 2439 983 2461 et
997 2434 1050 2461 ori-

266 2465 354 2501 ginis;
376 2473 407 2492 ac
422 2466 535 2500 proinde
558 2466 631 2493 nullo
648 2468 727 2493 modb
745 2467 771 2493 in
795 2465 888 2501 partes
901 2474 1001 2496 sectam
1016 2469 1049 2495 ab

266 2501 325 2534 ipso
343 2499 425 2527 fuisse
439 2502 585 2528 essentiam
601 2501 732 2528 divinam.
751 2499 837 2529 Unum
853 2504 904 2530 hoc
917 2505 1013 2531 addam
1032 2511 1048 2530 e

265 2535 354 2562 llbl-‘Ol
370 2535 438 2570 Περὶ
453 2535 568 2570 ἀρχῶν,
585 2545 646 2570 cap.
659 2537 687 2570 2,
710 2545 784 2565 num.
811 2538 843 2564 6:
863 2547 872 2563 ι
893 2538 1047 2566 Observan-

266 2571 462 2606 trlumruamque
474 2578 514 2597 est
528 2579 560 2598 ne
572 2572 632 2606 quis
648 2572 769 2599 incurrat
790 2573 816 2600 in
840 2574 899 2601 illas
915 2575 1048 2601 absurdus

266 2605 373 2643 tabulas
387 2613 480 2632 eorum
499 2607 543 2643 qui
567 2605 732 2641 prolationes
757 2609 888 2642 quasdam
907 2609 956 2636 sibi
982 2610 1047 2643 ipsis

265 2641 415 2677 depingunt
437 2646 473 2677 ut
490 2642 607 2677 divinam
638 2641 772 2668 naturain
785 2644 810 2670 in
839 2648 930 2677 partes
952 2641 1047 2671 vocent

265 2673 402 2714 (secent),
422 2681 449 2703 et
462 2676 552 2714 l_)eum_
560 2676 678 2714 Patrem,
700 2683 828 2711 quantum
839 2673 875 2705 ἰιι
890 2685 920 2706 se
937 2684 989 2710 est,
1006 2679 1046 2705 di-

265 2709 370 2741 vidant,
386 2718 447 2746 cum
466 2712 517 2738 hoc
538 2712 570 2738 de
590 2709 747 2746 incorporea
766 2719 862 2740 natura
881 2714 923 2740 vel
950 2709 1046 2740 leviter

265 2745 395 2784 suspicari
405 2753 463 2784 .non
474 2746 558 2784 solum
574 2745 702 2784 extremae
715 2748 858 2782 impietatis
873 2749 933 2784 sit,
950 2756 1044 2784 verum

265 2780 348 2818 etiam
363 2780 464 2807 ultimze
479 2780 650 2818 insipientia},
665 2790 715 2809 nec
727 2780 838 2811 omnino
847 2783 879 2809 ad
892 2783 1043 2818 intelligent.

267 2819 330 2853 nam
338 2821 510 2853 consequcns
525 2821 563 2853 ut
568 2817 738 2853 incorporea:
749 2823 852 2845 naturae
860 2819 1046 2846 substantialis

267 2849 362 2876 divisio
385 2851 469 2884 possit
490 2851 611 2886 intelligi.
637 2849 722 2887 Magis
745 2860 809 2887 ergo
835 2853 904 2880 sicut
920 2854 1045 2882 voluntas

1100 2368 1187 2395 secat,
1201 2370 1287 2394 neque
1301 2364 1340 2388 ah.
1350 2370 1380 2388 ea
1393 2369 1537 2396 separatur
1548 2369 1594 2388 aut
1607 2363 1747 2394 dividitur.
1761 2362 1802 2388 tali
1812 2367 1865 2395 qua-

1102 2400 1163 2425 dam
1186 2398 1276 2431 specie
1294 2397 1428 2430 putandus
1447 2402 1488 2424 est
1511 2397 1591 2424 Pater
1611 2397 1710 2424 Filium
1734 2397 1862 2432 genuisse,

1102 2432 1248 2466 imaginem
1262 2432 1366 2459 scilicet
1385 2440 1472 2464 suam,
1486 2436 1525 2463 ut,
1540 2432 1674 2467 sicutipse
1685 2432 1821 2459 invisibilis
1833 2433 1864 2456 est

1102 2476 1151 2503 per
1168 2473 1305 2503 naturam.
1325 2468 1360 2493 ita
1374 2466 1645 2503 imaginemquoqne
1663 2466 1816 2503 invisibilem
1828 2470 1864 2499 ge-

1103 2501 1206 2530 nuerit.
1219 2502 1337 2529 Verbum
1352 2501 1482 2529 enim'est
1493 2502 1587 2533 Filius.
1598 2508 1624 2529 et
1641 2503 1702 2529 ideo
1715 2501 1777 2529 nihil
1796 2501 1818 2527 iu
1839 2505 1864 2525 eo

1101 2538 1231 2565 sensibile
1245 2537 1446 2572 intelligendum
1462 2543 1513 2564 est.
1529 2537 1667 2572 Sapientia
1684 2542 1736 2569 est,
1756 2537 1816 2572 et_in
1827 2540 1861 2560 sa-

1101 2573 1201 2607 pientia
1221 2573 1286 2599 nihil
1310 2570 1470 2606 corporeum
1495 2570 1685 2606 suspicandum
1711 2577 1760 2604 est,
1780 2570 1860 2596 Lumen

1100 2613 1142 2635 est
1155 2615 1242 2634 verum
1257 2609 1325 2642 quod
1341 2608 1472 2634 illuminat
1486 2615 1587 2634 omnem
1598 2609 1727 2634 hominem
1741 2607 1861 2634 venientem

1102 2644 1128 2669 in
1143 2644 1211 2669 hunc
1228 2643 1354 2669 mundum
1370 2642 1461 2677 (Joan.
1476 2651 1495 2674 ι,
1507 2643 1547 2677 9).
1562 2643 1610 2670 sed
1623 2643 1689 2670 nihil
1710 2643 1786 2669 habet
1800 2645 1861 2677 coul-

1101 2686 1181 2705 tnuue
1191 2678 1223 2704 ad
1233 2679 1296 2705 solis
1307 2675 1385 2712 hujus
1396 2679 1496 2705 lumen.
1513 2675 1596 2704 {Haec
1607 2679 1686 2705 verba
1699 2677 1789 2711 repetit
1799 2675 1862 2712 Palli-

1099 2713 1190 2746 philus
1202 2713 1228 2739 in
1243 2711 1368 2747 Apologia
1382 2721 1443 2740 sua.
1457 2713 1522 2740 Vide
1535 2719 1666 2747 praeterea
1679 2711 1860 2740 observationes

1100 2756 1126 2775 tn
1141 2756 1216 2775 num.
1235 2748 1251 2774 5
1265 2753 1292 2774 et
1308 2747 1334 2774 in
1351 2756 1422 2776 num.
1438 2748 1483 2774 εὖ.

1135 2783 1190 2818 (99)
1206 2783 1287 2809 Οὕτω
1309 2774 1422 2816 τοίνυφλξ
1443 2789 1496 2811 etc.
1511 2782 1578 2810 Vide
1593 2784 1670 2818 paulo
1684 2774 1859 2818 supra_num.7

1100 2816 1348 2845 animadversiones
1364 2824 1471 2853 nostras
1488 2819 1514 2845 in
1530 2816 1603 2846 hunc
1620 2816 1741 2853 Origenis
1763 2816 1845 2843 locum-

1135 2852 1209 2889 (100)
1222 2853 1359 2889 Τυγχὰνῃ.
1375 2852 1444 2889 Lege
1455 2853 1591 2889 τυγχάνοι.
1606 2852 1684 2881 Eutr.
