1904 3077
91 80 144 108 757

518 83 802 116 ORIGENIANORUM
823 86 887 115 LIB.
908 88 941 120 ll,
961 89 1037 117 CAP.
1059 89 1091 120 ll.
1114 89 1251 123 QUEST.
1271 91 1305 118 ll.

1657 93 1707 121 738

91 144 175 164 manu
192 141 220 165 et
231 137 334 166 virtute
351 139 509 168 mediatoris
521 142 619 170 Christi
635 145 667 177 ’⁸,
685 146 729 180 qui
755 154 815 174 cum
830 155 873 174 es-

933 148 969 175 τδν
978 148 1043 176 Θεὸν
1056 146 1100 185 ἦν,
1112 150 1158 176 καὶ
1165 148 1231 181 Θεὸς
1247 147 1290 185 ἦν.
1309 159 1318 175 t
1336 148 1403 176 Cum
1420 156 1483 177 vero
1499 149 1602 185 opiﬁcis
1613 151 1709 186 agebat.

91 188 138 211 set
151 183 178 210 in
190 184 326 219 principio
338 184 452 213 Verbum
475 187 533 220 Dei,
551 194 578 215 et
597 190 667 223 apud
686 190 769 218 Deum
785 198 875 228 esset,

90 234 122 256 et
139 229 210 257 Deus
231 235 303 258 esset
328 231 456 265 Verbum,
474 232 549 260 Patri
563 234 589 261 in
603 236 726 264 omnibus
741 238 877 266 ministra-

90 275 144 302 vit.
169 274 265 302 Omnia
287 276 356 304 enim
378 285 423 311 per
437 279 522 313 ipsum
531 280 601 314 facta
615 287 686 314 sunt,
704 282 731 310 id
754 289 806 316 est.
823 293 875 312 non

90 319 182 347 solum
196 325 337 354 creaturas,
348 322 395 350 sed
410 323 487 351 etlex
498 329 526 352 et
540 325 704 360 prophetae.»
719 328 793 356 Unde
806 334 878 356 tomo

91 373 129 393 xx
146 367 173 392 in
193 366 288 399 Joan.,
300 375 374 396 nttm.
393 369 418 402 7,
440 370 527 405 ipsum
543 373 649 407 qui-dem
669 374 805 411 αὐτόπτην
820 383 879 404 esse

90 412 134 453 ait
147 420 242 440 eorum
253 421 313 448 qua:
332 419 395 442 sunt
407 415 433 442 in
446 416 544 450 Patre;
560 419 672 454 angelos
684 425 773 448 autem
788 422 879 450 videre

91 460 192 486 eadem
208 466 257 494 per
271 460 368 494 ipsum,
386 465 514 497 tanquam
538 471 586 498 per
604 465 776 493 mediatorem
789 471 815 494 et
830 468 880 495 mi-

91 504 212 532 nistrum
226 526 234 539 ,
257 506 295 538 ὡς
309 506 352 533 διὰ
368 509 477 543 μεσίτου
492 510 539 537 καὶ
553 511 700 547 ὑπηρέτου.
727 508 758 540 Et
776 518 840 540 tom.
859 522 878 547 ι,

91 557 173 578 num.
187 551 232 583 2‘2,
247 552 384 580 Christutn
415 559 527 583 eatenus
544 564 603 584 esse
618 558 775 586 Creatorem
791 559 879 593 docet,

90 602 230 630 quatenus
244 597 313 625 dixit
328 597 408 626 Pater
423 611 428 628 :
447 600 510 628 Fiat
529 601 587 634 lux,
606 603 631 629 id
643 608 694 635 est,
710 609 842 639 quatenus
854 605 879 633 in

91 642 220 670 licienda
232 643 290 671 luce
298 643 372 671 Patri
381 646 537 673 ministrum
546 655 575 675 se
584 649 707 682 prmhuit.
729 649 767 685 ll)
778 649 880 678 Claris-

91 688 165 715 sime
176 697 242 717 vero
256 691 419 718 sententiam
437 692 506 720 hanc
520 694 655 728 expressit
669 694 717 721 lib.
742 702 768 722 vt
788 702 878 723 contr.

91 733 155 760 Cels
177 754 184 766 ,
206 743 280 762 num.
305 736 349 762 60'
365 746 371 763 :
390 737 442 764 Τδν
466 738 514 772 μὲν
540 739 679 775 προσεχῶς
716 740 880 778 δημιουργὸν

90 778 165 822 εἶναι
177 781 222 808 τὸν
234 781 298 808 Υῑὺν
309 782 356 808 τοῦ
369 783 436 810 Θεοῦ
447 784 541 818 Λόγον,
551 785 596 811 καὶ
608 785 726 821 ὡσπερεὶ
734 787 881 822 αὐτουργὸν

90 818 142 852 ἐόῦ
157 827 259 862 κόσμου
269 836 276 843 ·
291 827 336 854 τὸν
346 827 374 855 δὲ
385 829 493 865 Πατέρα
508 830 554 856 τοῦ
572 818 718 867 Λόγου,
732 818 880 868 προστέιέα-
897 821 917 849 Β

91 870 172 906 χέναι
186 871 225 907 τῷ
237 872 294 908 Υἱῷ
308 874 403 900 ἑαυτοῦ
413 875 492 910 Λόγῳ
506 875 617 910 ποιῆσαι
631 876 677 902 τὸν
693 877 802 913 κόσμον,
813 876 880 904 εἶναι

91 916 212 952 πρώτως
224 918 398 955 δημιουργόν.
413 919 472 948 Jam
489 929 553 956 ergo
570 922 654 956 liquet
679 931 732 957 quo
746 931 825 951 sensu
840 924 881 951 di-

90 963 168 990 xerit
183 963 209 990 in
226 963 326 991 Catena
338 965 488 994 Baltasaris
500 967 622 994 Corderii
637 968 664 995 in
677 968 757 996 Joan.
775 969 807 996 ad
820 977 878 1005 cap.

91 1017 117 1040 ι,
149 1009 162 1036 Ι
185 1010 218 1045 (si
244 1011 323 1038 modo
347 1011 378 1039 ea'
409 1020 473 1040 vere
493 1019 554 1040 sunt
576 1013 712 1050 Origenis,
737 1020 764 1043 et
781 1016 881 1050 aliquid

92 1055 257 1084 Catenarum
271 1058 424 1087 auctoritati
444 1059 614 1087 tribuendum
626 1059 678 1094 est)
692 1070 698 1087 :
711 1061 881 1096 Δημιουργὺν

93 1101 153 1129 τῶν
165 1103 272 1129 πάντων
283 1103 424 1138 τιθέμενος
431 1105 522 1137 αὑτὸν,
533 1105 562 1131 τὸ
571 1105 618 1133 τοῦ
628 1106 713 1139 Λόγου
722 1105 807 1142 ονομα
817 1115 881 1133 κατ-

90 1148 191 1183 meopte!
216 1148 308 1176 αὑτοῦ.
331 1158 340 1175 ι
358 1149 486 1185 Opificem
507 1158 595 1178 rerum
616 1151 736 1178 omnium
761 1157 881 1179 statuens

92 1193 196 1228 ipsum,
214 1193 294 1222 Verbi
308 1195 417 1223 nomine
429 1197 515 1231 ipsum
530 1197 630 1230 allicit;
648 1207 657 1223 ι
672 1197 716 1225 ubi
730 1202 757 1224 et
768 1198 881 1234 ποιητὴν

92 1239 150 1266 τῶν
164 1241 271 1267 πάντων
286 1241 421 1276 appellat:
436 1247 463 1269 et
479 1242 517 1269 ait
532 1243 613 1277 paulo
636 1248 696 1277 post
712 1253 718 1271 :
738 1244 800 1276 Πῶς
827 1245 881 1282 γὰρ

92 1285 145 1312 οὐκ
160 1286 212 1312 ἔδει
226 1286 306 1313 αὑτὸν
326 1285 395 1313 εἶναι
410 1287 465 1322 πρὸ
494 1288 613 1321 πάντων,
630 1289 677 1316 καὶ
702 1291 731 1316 ὲν
747 1291 816 1326 ἀρχῇ
833 1291 882 1326 τῆς

92 1331 239 1366 ὑπάρξεως
253 1331 341 1358 αὐτῶν
350 1332 461 1367 κτίστην
473 1332 551 1364 avsa;
568 1343 577 1358 ι
593 1333 733 1366 Quomodo
746 1335 817 1361 enim
829 1342 881 1361 non

93 1377 242 1411 oportebat
254 1384 314 1404 esse
327 1377 414 1411 ipsum
430 1383 493 1405 ante
506 1379 605 1409 omnia.
629 1383 656 1406 et
682 1386 742 1406 cum
764 1380 880 1413 priumm

93 1430 158 1449 e~se
166 1428 312 1456 ceperunt,
322 1423 366 1457 qui
377 1431 468 1450 eorum
477 1423 590 1450 Creator
599 1424 659 1451 est?
670 1433 678 1450 ι
689 1430 715 1451 et
731 1432 790 1452 mox
802 1433 808 1451 :
818 1425 882 1452 Ὅτε

92 1468 123 1495 δὲ
144 1468 314 1504 ἐδημιούργει
328 1469 367 1500 εὶς
383 1469 474 1496 οὐσίαν
494 1468 573 1506 ἔφερε
587 1470 620 1496 τὰ
635 1470 733 1502 πάντα,
749 1471 795 1497 καὶ
813 1471 881 1506 πρὸς

132 1527 156 1543 ’⁸
171 1526 259 1555 Galat.
274 1535 313 1559 ιιι,
334 1527 378 1554 19.

928 199 1028 229 partes,
1037 196 1141 222 cunctis
1149 195 1284 229 praebebat
1293 199 1320 222 ut
1327 198 1429 227 essent,
1437 200 1463 223 et
1471 200 1527 223 erat
1535 196 1604 230 apud
1613 196 1708 227 Deum.

928 243 955 266 et
968 239 1037 266 Deus
1059 244 1132 272 erat;
1149 249 1158 265 ι
1181 244 1207 267 et
1217 240 1331 275 denique
1346 249 1353 266 :
1368 239 1436 266 Ἀλλ’
1453 240 1502 275 οὐχ
1516 241 1530 266 ὁ
1545 240 1709 278 δημιουργὸς

928 284 973 311 τοῦ
982 284 1080 317 παντὸς
1091 284 1219 317 τοιοῦτος,
1229 285 1368 320 τυγχάνων
1376 285 1440 317 Θεὸς
1449 286 1532 319 Λόγος
1541 286 1709 313 κατόὺσίαν·

928 329 968 356 διὸ
981 330 1027 356 καὶ
1039 329 1131 364 Σοφία,
1143 330 1190 356 καὶ
1207 329 1328 365 Ἀλήθεια
1342 331 1370 356 ὲν
1385 332 1443 362 ταῖς
1458 330 1605 364 θεολογίαις
1617 331 1711 367 ὀνομά-

929 374 1012 406 ζεται.
1033 385 1042 401 ι
1056 376 1091 402 At
1107 383 1160 403 non
1184 376 1221 402 ita
1249 383 1340 403 rerum
1365 377 1484 403 omnium
1500 377 1645 412 (Conditor,
1664 377 1710 412 qui

929 421 1001 448 Deus
1016 421 1132 449 Verbum
1145 426 1186 450 est
1196 423 1343 450 secundum
1355 423 1512 451 essentiam.
1527 423 1605 452 Unde
1619 430 1646 452 et
1660 425 1710 452 Sa-

929 467 1030 501 pientia
1046 467 1205 502 appellatur.
1219 472 1246 495 et
1264 467 1381 500 Veritas,
1393 476 1454 496 cum
1468 469 1500 496 de
1516 469 1597 497 rebus
1613 469 1711 497 divinis

930 512 1080 539 disseritur.
1099 521 1108 538 ι
1124 512 1187 539 Item
1198 512 1244 539 lib.
1258 520 1292 540 vu
1304 513 1330 540 in
1344 512 1427 546 Epist.
1440 513 1474 540 ad
1487 513 1574 546 Rom.,
1591 522 1664 541 num.
1675 514 1709 542 9:

933 566 943 583 ι
962 557 1034 585 Nihil
1046 563 1087 585 est
1100 558 1225 591 visibilis,
1243 559 1300 586 sive
1312 559 1456 586 invisibilis
1472 565 1621 593 creaturae,
1639 561 1714 595 quod

930 603 998 631 Filio
1013 604 1100 638 possit
1114 605 1269 638 atheqnari:
1289 604 1362 632 nullo
1389 605 1462 632 enim
1490 610 1570 639 pacto
1595 606 1712 633 creatori

931 657 979 677 stto
996 655 1118 677 creatura
1139 655 1225 684 potest
1237 650 1354 678 conferri
1371 660 1377 678 :
1393 655 1420 678 et
1434 650 1456 678 si
1479 656 1587 678 creator
1599 651 1655 686 ipse
1668 652 1714 677 do—

931 701 1010 722 natus
1024 701 1065 723 est
1079 696 1165 727 nobis,
1179 697 1314 729 quomodo
1329 704 1382 723 non
1394 704 1454 723 cttm
1468 697 1525 732 ipso
1539 697 1615 724 nobis
1626 699 1714 724 omnis

932 746 1054 768 creatura
1069 741 1231 768 donabitur?
1243 751 1252 767 ι
1270 741 1369 769 Rerum
1380 742 1532 770 effectorem
1544 742 1640 769 Filium
1655 750 1715 770 esse

933 790 1016 820 putat,
1030 787 1076 813 sed
1092 787 1278 814 secundarium
1293 797 1299 814 :
1315 792 1342 815 et
1353 795 1396 816 res
1409 789 1517 823 quidem
1544 796 1662 821 creasse,
1688 793 1715 816 at

934 831 1104 858 instrumenti
1126 832 1183 858 viae
1198 832 1371 868 fungentem;
1386 833 1493 861 Patrem
1509 842 1572 862 vero
1599 835 1716 862 creatio-

933 875 975 902 nis
987 882 1126 903 auctorem
1139 885 1207 910 esse,
1226 885 1250 904 et
1263 879 1418 912 primariam
1436 887 1468 907 ac
1479 880 1640 915 prarcipuam
1655 887 1716 907 cau-

933 929 991 948 sam
1006 931 1012 949 :
1027 927 1107 956 atque
1124 923 1157 949 ita
1171 931 1248 950 suum
1262 925 1360 958 cuique
1371 924 1487 952 ol’licium
1509 926 1633 960 partitur.
1648 925 1716 953 llinc

933 966 1087 995 Gennadius
1106 968 1150 995 lib.
1167 969 1206 996 De
1229 969 1363 1004 Dogmat.,
1381 977 1442 1005 cap.
1459 971 1475 997 4
1491 979 1497 996 ε
1514 980 1523 996 ι
1540 970 1611 998 Nihil
1627 971 1715 998 oliicio

934 1013 1082 1051 singulare,
1107 1022 1157 1041 nec
1181 1014 1258 1042 alteri
1277 1016 1505 1044 communicabile
1530 1016 1573 1047 (in
1588 1017 1717 1044 Trinitate

934 1059 1082 1093 credamus)
1097 1065 1125 1086 ut
1140 1059 1282 1093 Origenes.
1297 1071 1306 1086 ι
1327 1061 1395 1089 Hinc
1408 1062 1489 1089 etiam
1502 1062 1632 1096 Cyriacus
1646 1062 1716 1096 apud

934 1104 1088 1132 Simeonem
1116 1105 1325 1140 Metaphrastem
1354 1107 1425 1134 inter
1442 1107 1567 1141 dogmata
1592 1107 1717 1142 Origeni-

934 1155 1038 1178 starum
1048 1151 1254 1180 Palestinorum
1265 1153 1354 1180 sreculi
1369 1153 1438 1180 sexti
1451 1153 1599 1188 ponitillnd
1613 1163 1618 1180 :
1635 1163 1644 1179 ‹
1657 1153 1718 1181 Tri-

934 1196 1048 1224 nitatem
1066 1206 1118 1225 non
1137 1197 1220 1225 fuisse
1240 1199 1331 1225 mundi
1347 1198 1482 1232 opillccm,
1505 1208 1513 1223 I
1535 1203 1561 1225 et
1586 1199 1718 1226 liminis--

934 1251 986 1270 nus
1001 1241 1144 1277 Origenem
1158 1244 1333 1277 conqueritur
1348 1243 1446 1270 Filium
1463 1248 1489 1271 et
1511 1245 1639 1278 Spiritum
1652 1252 1718 1271 san-

935 1295 1006 1317 ctum
1028 1289 1177 1324 appellasse
1199 1289 1371 1325 λειτουργικὰ
1386 1288 1454 1322 ζῶα,
1484 1299 1493 1315 ‹
1521 1289 1717 1318 ministratoris

935 1335 1072 1367 animalia,
1091 1345 1099 1361 ι
1115 1340 1144 1362 ιιι
1155 1343 1234 1369 supra
1248 1344 1262 1362 a
1284 1343 1326 1362 me
1339 1337 1512 1363 observatum
1528 1340 1580 1362 est.

971 1379 1043 1406 XIV.
1056 1379 1096 1416 (Ξ)
1113 1380 1227 1407 Easdem
1244 1385 1333 1414 partes
1348 1381 1373 1407 in
1385 1388 1474 1407 rerum
1491 1380 1630 1408 molitione
1649 1389 1715 1408 nonv

935 1425 1001 1452 nulli
1029 1432 1045 1452 e
1073 1426 1266 1452 vetustioribus
1298 1425 1422 1454 Patribus
1455 1426 1521 1453 Filio
1553 1426 1717 1454 tribuerunt.

936 1469 1100 1505 Theophilus
1112 1471 1295 1498 Antiochcnus
1307 1471 1354 1500 lib.
1371 1479 1388 1499 ιι
1408 1472 1442 1499 ad
1458 1472 1612 1507 Autolycum
1629 1480 1638 1498 :
1650 1471 1719 1502 TOU:—

131 1586 172 1620 (1)
187 1585 338 1612 Clarissima
351 1594 409 1613 vero
426 1587 583 1613 sentenliam
601 1587 668 1614 hanc
688 1588 815 1620 expressit
833 1587 880 1614 lib.
896 1591 918 1620 ο
934 1587 1116 1615 vetustioribus
1134 1586 1258 1614 Patribut
1276 1585 1347 1613 F-ilio
1366 1586 1522 1612 tribueram.
1542 1586 1622 1613 Certe
1637 1593 1651 1612 a
1664 1585 1717 1613 Pa-

93 1628 122 1649 vl
130 1626 223 1657 contra
232 1621 420 1657 Celsuutmum.
430 1621 478 1657 60:
492 1621 547 1648 Τὸν
551 1622 609 1656 μὲν
616 1621 781 1657 προσεχῶς.
792 1627 843 1650 etc.
854 1622 883 1650 Si

96 1656 212 1683 nimium
228 1660 370 1691 urgeretur
383 1656 427 1683 hic
445 1656 531 1688 locus,
549 1657 612 1684 illud
625 1656 715 1690 potius
727 1659 752 1684 in
767 1657 882 1690 Origene

94 1691 317 1726 vituperandunr
328 1695 412 1722 esset,
428 1692 500 1726 quod
529 1693 555 1717 in
573 1692 710 1720 creatione
737 1693 796 1726 plus
813 1692 882 1720 Filio

96 1726 201 1753 tribuat
212 1733 292 1760 quam
303 1725 392 1753 Patri:
409 1725 469 1753 nam
487 1727 557 1753 illius
566 1728 611 1761 qui
629 1733 703 1754 creat
717 1725 806 1761 plures
820 1735 880 1755 esse

95 1765 191 1794 partes
207 1761 333 1788 videntur
346 1761 372 1787 in
387 1761 534 1796 creatione,
548 1769 628 1796 quam
643 1761 714 1788 illius
732 1763 777 1796 qui
793 1763 879 1789 creari

92 1796 183 1829 jubet.
198 1795 251 1823 Sed
269 1803 321 1822 non
337 1804 367 1823 ea
385 1796 434 1822 fuit
447 1795 555 1830 Origeni
565 1797 698 1824 sententia
713 1806 719 1824 :
733 1795 781 1825 nec
790 1798 822 1824 de
832 1797 882 1823 Pa-

96 1837 140 1858 tre
155 1831 285 1863 detrahit,
302 1838 362 1858 cum
379 1830 445 1858 Filio
455 1832 622 1859 creationem
635 1832 727 1859 mundi
742 1833 879 1863 attribuit;

94 1872 149 1892 nec
165 1866 199 1893 de
223 1865 301 1896 Filio,
318 1873 380 1892 cum
406 1867 639 1901 omnipotentiam,
672 1875 723 1901 qua
751 1867 880 1894 mundum

95 1902 214 1931 rrcavit,
228 1901 260 1927 ad
276 1901 382 1927 Patrent
395 1901 487 1929 refert.
499 1906 526 1928 ut
539 1902 695 1936 primarium
712 1902 879 1931 Creatorem.

95 1936 165 1962 Curtii
183 1936 285 1963 diceret
301 1936 394 1970 Celsus
408 1936 545 1970 indignum
559 1944 614 1963 esse
629 1937 713 1970 primo
724 1941 747 1963 et
761 1937 876 1963 niaximo

96 1971 155 1996 Deo
165 1971 276 2004 jubere:
296 1969 357 1997 Fiat
375 1971 432 2001 hac.
452 1969 554 2005 optime
581 1969 725 2005 respondet
748 1971 879 2006 Origenes

98 2006 186 2032 Deum
199 2013 250 2032 non
268 2006 346 2032 alicui
363 2006 485 2033 ministro
497 2006 530 2033 ab
548 2006 605 2041 ejus
621 2007 771 2033 substantia
792 2007 879 2033 alieno

97 2041 172 2067 hanc
186 2041 350 2074 provinciam
367 2042 545 2073 commisisse,
569 2041 614 2068 sed
638 2041 746 2075 proprio
768 2041 836 2068 Filio
851 2047 879 2068 et

98 2075 202 2105 Verbo.
219 2076 262 2102 cui
278 2076 367 2102 omnia
385 2076 503 2102 tradidit.
521 2076 609 2103 Locus
629 2081 718 2102 autem
741 2077 773 2103 ad
799 2084 878 2111 quem

97 2111 146 2138 hic
164 2111 290 2137 lectorem
305 2111 565 2145 dimittitOrigones.
581 2116 671 2138 exstat
689 2111 734 2138 lib.
754 2119 783 2140 tt.
803 2119 877 2139 num.

97 2147 128 2177 9,
144 2146 188 2181 ubi
207 2145 252 2181 sic
267 2146 406 2180 loquitur:
429 2147 460 2172 Et
479 2146 533 2181 γὰρ
545 2146 694 2172 ἐνετείλατο
709 2147 722 2172 ό
737 2146 813 2178 Θεὸς,
833 2148 879 2174 καὶ

96 2179 212 2221 ὲξτισθη
227 2180 260 2207 τὰ
272 2179 570 2221 δημιουργήματαίτςς
584 2181 616 2221 sv
634 2181 702 2221 κατξι
718 2182 748 2208 τὸ
760 2182 881 2221 ’ἄρεα-κον

95 2215 139 2252 Et?)
154 2215 314 2252 προφητικῷ
332 2215 469 2252 avg-3pm
487 2216 529 2251 εἴη
543 2217 557 2242 ό
575 2216 624 2251 τὴν
651 2215 818 2252 τηλικαύτὴν
833 2218 879 2244 τοῦ

96 2250 207 2285 Ila-apo;
221 2250 328 2287 ἐντολὴν
342 2250 517 2287 ἐκπληρῶσαι
532 2250 664 2287 δυνηθεὶς,
680 2251 731 2286 ἢὸ,
742 2252 785 2279 ἵνα
796 2250 882 2284 οὕτως

95 2287 236 2320 ὀνομάσω,
243 2286 361 2321 ἔμψυχος
369 2287 453 2321 Λόγος
461 2287 507 2314 καὶ
516 2286 626 2321 ἀλήθεια
634 2287 773 2321 τυγχάνων
782 2296 803 2319 ;‹
816 2287 880 2314 Nam

98 2322 123 2348 si
140 2323 276 2347 mandavit
286 2322 365 2352 Deus,
379 2327 406 2348 et
416 2322 531 2349 condita-
543 2328 603 2348 smn
617 2328 758 2353 creaturae,
768 2324 829 2356 quis
839 2328 881 2350 est

98 2357 147 2390 qui
164 2358 311 2383 semiudum
329 2357 477 2391 prophetici
495 2357 611 2391 Spiritus
629 2358 801 2388 sententiam,
821 2362 881 2384 tan—

99 2396 159 2418 lum
179 2391 333 2418 mandatum
363 2392 511 2425 adimplere
529 2393 671 2425 potuisset,
686 2398 783 2426 praeter
798 2400 858 2419 eum
871 2413 878 2423 .

99 2426 157 2459 qui.
173 2431 202 2452 ut
224 2428 259 2452 ita
277 2427 377 2458 dicam,
404 2428 552 2454 attimatum
584 2426 712 2459 Verbum,
729 2433 756 2454 et
779 2429 881 2455 veritas

97 2461 159 2488 est?
176 2470 186 2486 ι
209 2461 266 2488 Huc
284 2469 348 2496 ergo
365 2462 434 2489 redit
459 2465 513 2488 tota
536 2461 660 2496 Origenis
685 2463 879 2490 ratiocinatio:

99 2497 333 2532 Quemadmodum
346 2496 427 2524 Patre
442 2497 580 2532 indignum
598 2504 650 2524 non
662 2501 703 2524 est
717 2497 785 2524 Filio
805 2506 881 2525 man-

98 2531 168 2559 dare
183 2536 211 2558 ut
225 2532 351 2558 tnumlum
369 2538 453 2563 creet,
479 2533 542 2565 quia
572 2532 696 2566 proprius
718 2533 776 2566 ejus
793 2533 880 2561 Filius

99 2573 154 2598 est,
169 2574 201 2593 ac
215 2567 351 2600 proprium
368 2567 502 2599 Verbum;
524 2569 559 2594 ita
574 2576 623 2595 nec
639 2567 706 2594 Filio
723 2568 879 2595 indecorum

101 2601 228 2628 mandata
256 2601 343 2629 Patris
365 2609 521 2636 capessere,
547 2604 609 2637 quia
627 2603 700 2630 nulla
718 2611 761 2629 res
788 2608 878 2630 creata

100 2637 232 2668 ejusmodi
246 2637 370 2663 mandata
385 2638 531 2671 adimplere
550 2638 737 2671 putuisset.—
749 2639 779 2664 D.
796 2638 878 2666 Prud.

100 2671 195 2707 Qiarau
215 2671 251 2707 De
262 2671 365 2698 divinit.
377 2672 474 2699 Christi
493 2673 539 2699 lib.
554 2681 589 2706 tv,
614 2680 673 2707 cap.
690 2672 733 2702 16.
754 2681 826 2699 num.
851 2674 878 2700 6.

101 2705 171 2743 Vde
187 2711 216 2743 et.
229 2706 462 2743 BullumﬂDefens.
473 2742 477 2743 ν
489 2708 553 2742 [idei
580 2705 674 2734 Νἰειιῖιι
688 2729 695 2741 ,
710 2710 741 2735 de
767 2708 825 2735 Filii
841 2708 879 2743 τῷ

99 2740 247 2778 όμοουσίῳ,
262 2749 321 2776 cap.
336 2742 363 2774 5,
379 2740 453 2770 num.
466 2740 494 2774 δέ
506 2747 533 2770 et
545 2749 604 2776 cap.
618 2743 645 2772 9.
659 2751 732 2769 nun).
749 2743 792 2776 l0,
804 2740 880 2778 cujtis

100 2770 306 2812 observationes
323 2770 427 2804 in'uota
450 2770 584 2812 seq-lente
593 2770 762 2806 adducimus.

138 2811 178 2846 (2)
196 2811 308 2839 Easdem
325 2817 412 2847 partes
426 2813 453 2840 in
474 2811 559 2840 rerum
575 2813 709 2840 molitione
725 2814 845 2842 nonnulli
866 2823 879 2842 e

938 1628 978 1650 tre
988 1628 1115 1657 tanquam
1132 1629 1237 1649 summo
1264 1622 1360 1656 opilit-e
1383 1622 1459 1657 quasi
1488 1621 1646 1654 imperante,
1670 1628 1720 1655 per

936 1658 1033 1685 Filium
1046 1656 1145 1684 ’Patris
1161 1657 1310 1690 iussionem
1331 1663 1362 1683 ac
1386 1656 1551 1682 voluntatem
1567 1662 1718 1690 exsequen-

937 1697 1002 1724 tem,
1017 1697 1107 1719 creata
1123 1692 1204 1719 fuisse
1215 1691 1316 1722 omnia,
1329 1691 1395 1717 adeo
1409 1691 1538 1718 Arianum
1553 1698 1605 1717 non
1620 1696 1669 1722 est,
1690 1696 1719 1718 ut

935 1729 1018 1754 etiam
1036 1726 1159 1754 catholici
1175 1727 1301 1753 doctores
1323 1726 1367 1760 qui
1386 1730 1446 1759 post
1464 1725 1606 1752 concilium
1634 1726 1718 1752 Nm:-

936 1770 999 1789 num
1013 1762 1148 1792 vixerunt,
1161 1762 1263 1795 quique
1276 1761 1382 1787 Ariona:
1399 1761 1512 1787 haeresis
1526 1761 1650 1795 acerrimi
1669 1761 1716 1786 im-

935 1802 1100 1831 pngnatores
1111 1794 1195 1826 fuere,
1208 1796 1307 1831 passim
1326 1795 1432 1831 illudin
1457 1795 1568 1831 scriptis
1582 1794 1718 1831 allirmare

935 1828 987 1858 iam"
1002 1832 1057 1858 sint
1073 1828 1337 1858 veriti.Atltanasius
1355 1831 1381 1856 in
1397 1830 1441 1856 lib.
1462 1829 1500 1856 De
1509 1828 1617 1856 decretis
1631 1828 1718 1856 Nico:-

934 1875 974 1893 me
986 1867 1089 1901 synodi,
1107 1867 1162 1893 haec
1178 1867 1210 1892 de
1225 1865 1327 1901 psalmo
1337 1872 1434 1901 xxx”;
1444 1873 1453 1890 ι
1468 1863 1526 1899 lpse
1538 1865 1677 1901 mandavit
1691 1870 1718 1892 et

935 1899 1025 1928 creata
1041 1906 1113 1932 sunt,
1130 1910 1138 1926 ι
1161 1902 1272 1934 exponit
1298 1900 1348 1928 sic.
1366 1905 1396 1926 ut
1420 1899 1527 1926 Patrem
1557 1899 1623 1926 Filio
1638 1907 1717 1926 man-

931 1936 1103 1974 dassevelit:
1125 1936 1197 1974 Ἑνός
1212 1937 1277 1974 ἐςτι-
1289 1934 1366 1974 Θεοῦὶ
1383 1934 1421 1965 ὡς
1440 1934 1716 1974 χξιρὶὶχρωμέν-ου

932 1971 989 2006 ἰδίῳ
1003 1971 1091 2006 Λόγῳ,
1108 1971 1154 1997 καὶ
1166 1972 1194 1998 ὲν
1210 1970 1283 2005 αὐτῴ
1291 1969 1430 2001 ποιοῦντος
1440 1969 1473 1996 τὰ
1484 1969 1582 1996 πάντα.
1603 1978 1611 1994 t
1632 1969 1716 2006 Unius

931 2005 994 2033 sunt
1015 2005 1072 2037 Det,
1096 2007 1191 2040 inquit,
1211 2006 1296 2032 Verbo
1317 2013 1365 2032 sno
1393 2006 1470 2039 quasi
1500 2013 1578 2032 mantt
1592 2005 1715 2040 ipropria

933 2042 1043 2073 utentis,
1056 2046 1084 2068 et
1102 2039 1171 2067 ineo
1189 2040 1278 2067 innitia
1295 2040 1431 2067 facientis.
1449 2050 1459 2065 ι
1475 2040 1577 2071 Eodem
1591 2039 1661 2067 libro
1675 2039 1715 2066 in-

931 2076 972 2103 fra
989 2086 1017 2103 ει
1037 2076 1142 2103 Etenim
1155 2076 1239 2102 Filius
1258 2075 1315 2107 Dei,
1332 2075 1428 2109 inquit,
1444 2081 1472 2101 ut
1497 2082 1530 2102 ex
1550 2075 1616 2108 ipsis
1642 2074 1717 2101 Scri-

933 2113 1020 2152 pturis
1035 2117 1119 2146 palel,
1135 2112 1191 2145 ipse
1202 2116 1243 2137 est
1259 2111 1304 2150 Dei
1323 2110 1459 2152 Verba-ni,
1478 2115 1504 2137 et
1531 2109 1675 2152 sapientia.
1690 2115 1717 2152 ot

934 2144 1078 2181 imago,'et
1094 2144 1197 2175 manus.
1215 2151 1244 2172 ct
1263 2146 1358 2172 virtus.
1378 2155 1387 2170 ι
1407 2144 1456 2172 Ubi
1478 2152 1536 2181 non
1551 2145 1641 2181 minus
1653 2151 1715 2178 apte

899 2176 920 2204 Β
934 2176 1032 2208 Filium
1064 2186 1141 2208 vocat
1170 2189 1279 2208 manum
1300 2180 1401 2211 Patris,
1421 2188 1501 2214 quam
1516 2179 1636 2207 Ecclesia
1654 2176 1715 2206 eum

933 2217 1049 2251 appellat
1063 2216 1201 2243 Dexteram
1228 2216 1285 2246 Dei.
1299 2221 1325 2242 et
1347 2216 1477 2249 Spiritum
1491 2215 1715 2251 sanctumnonii-

933 2249 980 2278 nat
997 2251 1114 2286 Digitum
1134 2252 1233 2279 deIINL’
1248 2251 1312 2286 ΔΙ)εἰ,
1343 2251 1368 2276 in
1386 2250 1433 2286 illo
1446 2250 1550 2286 hymno
1560 2249 1716 2286 celebratis-

933 2288 1002 2313 siuto
1015 2295 1022 2314 :
1034 2283 1108 2312 'Veni
1126 2286 1234 2312 Creator
1243 2284 1366 2319 Spiritus.
1376 2283 1529 2313 Orientales
1546 2285 1572 2311 in
1586 2283 1714 2319 Exempla

931 2321 993 2355 [Hei
1003 2325 1100 2348 contra
1113 2320 1256 2347 Phottnum
1273 2321 1447 2348 haereticum:
1471 2329 1480 2345 ι
1500 2319 1533 2347 Et
1543 2320 1657 2355 iterum,
1675 2320 1716 2355 in-

931 2354 1037 2390 quiunt,
1051 2356 1244 2382 coulirtnantes
1260 2355 1461 2382 Christianismi
1486 2354 1650 2390 intellectum
1670 2354 1713 2380 di-

932 2389 1039 2418 cimus:
1059 2390 1193 2423 Quoniam
1218 2390 1239 2416 si
1259 2391 1320 2424 quis
1345 2391 1482 2417 Christum
1513 2390 1595 2417 Deum
1614 2389 1713 2417 lt‘ilium

933 2426 978 2453 Dei
994 2431 1057 2452 ante
1073 2425 1168 2452 sucula
1184 2425 1378 2452 subsistentem
1393 2430 1420 2452 et
1443 2425 1643 2452 ministrantem
1663 2424 1715 2450 Pa-

931 2462 965 2488 tri
978 2461 1010 2488 ad
1026 2461 1147 2488 omnium
1167 2460 1361 2494 perfectionem
1379 2468 1430 2487 non
1446 2461 1536 2493 dicat;
1552 2460 1599 2486 scd
1613 2466 1645 2485 ex
1662 2467 1715 2493 quo

930 2496 964 2524 de
980 2496 1064 2523 Maria
1093 2493 1173 2523 natus
1194 2500 1247 2527 est,
1261 2503 1293 2522 ex
1318 2502 1351 2521 eo
1367 2501 1392 2522 et
1409 2496 1546 2522 Christum
1564 2501 1591 2521 et
1617 2493 1714 2521 Filium

931 2532 1098 2558 nominatum
1112 2538 1183 2562 esse,
1206 2536 1232 2557 et
1249 2531 1356 2557 initium
1384 2531 1523 2564 accepisse
1537 2530 1572 2556 ut
1591 2530 1626 2556 sit
1642 2530 1714 2564 Deus

930 2567 1012 2598 dicat,
1039 2567 1182 2593 anathema
1199 2567 1244 2592 sit.
1272 2575 1281 2591 ι
1314 2564 1413 2592 Marius
1434 2565 1498 2592 item
1524 2564 1616 2594 Victor
1643 2563 1714 2592 libro

930 2602 1015 2636 primo
1029 2601 1065 2628 De
1079 2609 1162 2628 rerum
1178 2601 1309 2636 creatione
1325 2609 1334 2627 :

966 2636 1031 2668 Quia
1050 2638 1191 2663 mandante
1205 2635 1259 2662 Deo
1274 2644 1332 2662 cum
1346 2636 1438 2671 plenus
1457 2640 1541 2663 mente
1556 2635 1678 2662 Parentis

964 2671 1050 2698 Filius
1065 2672 1224 2705 omnipotens
1237 2671 1343 2705 faceret.

967 2707 1066 2734 Eodem
1078 2711 1202 2741 spectant
1215 2712 1242 2732 et
1266 2706 1308 2732 illa
1330 2706 1455 2739 Prosperi
1473 2706 1499 2732 in
1515 2705 1710 2732 Commentario

929 2744 963 2770 ad
986 2740 1115 2777 psalmum
1150 2749 1248 2777 cxcvnt
1267 2750 1272 2766 ι
1296 2749 1310 2777 ν(
1328 2740 1387 2777 ipse
1417 2741 1552 2768 mandavit
1568 2747 1710 2777 et_i-rc:tt;t

929 2775 1011 2806 sunt:
1027 2778 1102 2810 Quod
1116 2778 1184 2804 enim
1194 2776 1263 2803 Deus
1274 2776 1348 2806 dicit,
1369 2775 1449 2803 Verbo
1461 2777 1543 2803 dicit:
1558 2781 1582 2802 el
1602 2775 1711 2803 Verbum

929 2821 975 2848 per
991 2814 1060 2848 quod
1075 2812 1146 2847 facta
1158 2816 1218 2840 sunt
1229 2811 1329 2846 omnia,
1344 2814 1500 2840 mandatum
1513 2812 1622 2839 dicentis
1636 2819 1711 2841 rase-
