1904 3077
252 125 303 154 763

889 126 918 154 Ρ.
940 126 1097 155 DANIELIS
1117 127 1233 156 HUETII
1828 131 1866 159 itit

254 183 365 218 quidem
383 189 415 210 ac
434 188 483 215 per
508 182 599 210 omnia
628 182 776 219 archetypo
805 183 854 218 ipsi
878 185 995 212 similem
1017 189 1044 212 et
1058 187 1080 216 Α
1096 185 1163 213 resis
1185 186 1254 214 libro
1275 194 1282 213 ι
1303 186 1373 220 Περὶ
1394 186 1506 221 ἀρχῶν,
1523 194 1583 222 cap.
1598 186 1627 219 2,
1647 194 1726 214 num.
1750 187 1780 219 6,
1798 187 1865 216 fuisse

250 230 403 265 aequalem,
433 230 481 257 sed
504 233 662 264 expresSam
685 230 793 263 leviter,
819 235 847 258 et
876 231 1041 267 exemplaris

251 275 407 308 praestantia
432 275 511 310 longe
532 275 699 304 inferiorem.
723 276 752 304 Si
777 277 886 312 quando
899 277 981 313 igitur
993 278 1041 305 bo-

251 322 364 349 nitatem
381 321 442 348 Filii
457 322 582 349 eamdem
596 329 659 350 esse
677 323 757 350 docet
781 331 813 351 ac
829 323 918 352 Patris
935 324 1041 352 bonita-

252 372 344 401 tatem,
365 367 440 397 velut
460 368 507 395 llb.
532 375 543 395 t
563 368 634 403 Περὶ
660 368 773 404 ἀρχῶν,
787 377 848 405 cap.
864 370 894 402 2,
910 378 987 398 num.
1006 371 1040 399 to

249 418 277 441 et
294 414 337 444 l5,
355 414 399 440 ubi
423 415 546 442 eamdem
571 422 632 443 esse
655 416 694 442 ait
710 415 854 451 utriusque
878 417 1039 451 potentiam,

249 460 400 488 bonitatem
424 461 570 494 eamdem,
590 467 618 489 et
644 469 815 497 quaecunque
841 462 925 490 habet
947 462 1040 496 Pater,

249 507 352 534 habere
368 511 395 534 et
412 506 524 540 Filium,
539 508 628 536 facilis
641 513 682 536 est
699 508 870 542 intellectus;
889 509 949 536 Filii
964 517 1040 537 nem-

254 559 288 586 pe
300 551 450 579 bonitatem
468 552 594 581 Paterna:
611 554 744 581 bonitatis
763 561 823 581 esse
837 555 998 589 particulam
1013 560 1041 583 et

250 606 356 632 auram,
370 607 384 626 e
397 599 515 626 Paterna
537 599 661 627 bonitate
676 600 818 634 deceptam
833 608 864 628 ac
879 601 1038 628 delibatam.

250 644 280 671 Si
297 645 405 678 quando
432 644 506 672 Patri
532 645 582 672 soli
605 645 757 673 bonitatem
785 646 890 680 tribuit,
913 647 1041 682 primige-

250 689 323 717 niam
345 690 506 722 bonitatem.
522 695 550 718 et
570 692 702 719 bonitatis
724 691 852 727 intelligit
875 693 1039 727 principium

249 742 283 762 ac
295 735 413 769 fontem;
429 735 525 763 Filium
541 740 631 763 autem
654 736 770 764 Paterna
787 738 945 765 tantumilla
960 738 1040 766 boni‘

251 785 308 809 late
323 781 503 816 impertitum.
520 782 603 816 Cujus
616 783 766 818 impietatis
780 785 950 812 Occasionem
963 785 1040 813 vide—

251 833 295 854 tttr
318 828 458 863 accepisse
479 836 512 856 ex
529 829 600 857 male
625 830 763 858 intellecto
776 831 903 858 Malthaao
917 839 974 864 xtx,
992 831 1039 864 ΓΙ,

249 878 278 901 ct
292 873 371 901 Joan.
385 882 451 907 xvn,
473 875 516 908 l5,
533 881 560 903 et
577 883 609 902 ex
626 875 738 903 Platone
753 876 798 911 qui
818 876 878 903 Ι)οηὶ
893 885 992 905 nomen
1005 878 1039 905 ad

249 919 334 946 Detnn
347 920 524 954 peculiariter
538 923 676 956 pertinere
694 923 814 950 dicebat.

285 965 355 993 XVI.
373 966 462 994 Simili
478 968 558 994 modo
580 967 770 1002 explicandum
793 968 868 995 venit
882 968 979 1003 dogma
998 967 1039 995 al-

250 1018 347 1046 terum,
362 1013 435 1048 quod
459 1013 493 1040 ab
518 1014 576 1048 ipso
602 1014 773 1048 propositum
800 1013 884 1040 refert
909 1013 1041 1049 Hierony-

248 1066 309 1085 mus
325 1059 405 1093 epist.
421 1059 466 1090 59,
481 1059 514 1085 ad
534 1059 617 1090 Avit.,
635 1059 719 1093 cap.l
738 1067 745 1085 :
762 1067 772 1084 ί
784 1058 894 1092 Filium,
909 1063 1039 1092 quantum

249 1105 281 1130 ad
297 1104 484 1136 Patrem,non
507 1111 568 1131 esse
595 1104 753 1136 veritatem,
776 1109 906 1138 quantum
925 1105 958 1131 ad
980 1112 1039 1137 nos,

248 1157 309 1176 esse
325 1150 515 1184 imaginariam
531 1150 684 1176 veritatem.
700 1158 709 1174 ι
722 1148 800 1175 Paria
816 1149 872 1176 fere
888 1149 968 1176 habet
983 1149 1039 1176 Au-

248 1196 382 1231 gustinus,
398 1196 434 1223 De
451 1197 542 1223 Intres.
561 1196 596 1223 ad
622 1195 834 1228 Quodvultdeum
846 1216 853 1227 ,
880 1197 975 1223 hazres.
986 1196 1037 1224 ωε

251 1251 260 1265 ι
279 1241 350 1268 Dicit
364 1245 496 1276 praeterea
516 1241 661 1276 Origenes.
682 1241 781 1275 inquit,
800 1242 871 1276 quod
888 1241 971 1268 Filius
993 1241 1038 1269 Dei

249 1287 351 1314 sanctis
362 1287 518 1314 hominibus
531 1292 715 1321 comparatus,
724 1287 824 1314 veritas
837 1288 889 1320 sit;
907 1286 945 1322 (6)
965 1287 1038 1314 Patri

248 1331 383 1364 collatus,
410 1331 591 1359 mendacium.
619 1341 629 1357 ι
657 1330 714 1359 Nec
737 1332 878 1359 dissimilia
913 1340 972 1366 quas
1007 1340 1039 1359 ex

248 1377 364 1412 cpistola
390 1377 519 1405 decretali
543 1376 750 1405 Pala-stinornm
778 1378 967 1412 episcoporum
994 1385 1039 1405 re-

249 1428 395 1458 praesentat
413 1423 501 1451 Gnitlo
515 1424 664 1451 Carmelita
681 1424 811 1451 adversus
823 1424 996 1458 Origenistas
1012 1425 1038 1451 in

249 1470 352 1497 Summ.
365 1471 398 1497 de
409 1470 515 1503 hwres.,
527 1470 553 1496 in
571 1471 638 1497 hair.
655 1470 805 1505 Origenist.
819 1479 826 1497 :
846 1480 854 1496 ι
873 1470 901 1498 Si
917 1471 963 1505 qui
977 1475 1040 1498 sunt

249 1516 294 1550 qui
314 1516 340 1542 in
359 1516 415 1543 suis
432 1516 592 1543 tractatibus
605 1516 781 1549 tradiderunt
795 1517 868 1552 quod
888 1517 973 1544 Filius
989 1524 1039 1544 no—

247 1562 292 1589 bis
317 1567 491 1596 comparatus
507 1562 542 1589 sit
564 1563 675 1595 veritas,
694 1562 768 1590 Patri
795 1563 911 1590 collatus
928 1563 1037 1590 menda-

249 1608 333 1641 cium,
346 1611 374 1635 et
392 1607 463 1642 quod
479 1613 521 1635 est
535 1607 632 1635 Petrus
646 1612 675 1635 et
692 1608 791 1636 Paulus
804 1611 836 1635 ad
853 1608 1037 1641 Salvatorem,

249 1652 304 1679 hoc
320 1657 362 1679 est
384 1652 548 1687 Unigen‘itns
561 1653 646 1680 Filius
660 1658 686 1680 et
705 1653 776 1681 Deus
792 1654 910 1681 Verbum
925 1661 1037 1688 compa-

251 1702 327 1724 ratus
345 1697 478 1726 Patri.....
508 1702 535 1726 et
560 1699 665 1733 ipsi,et
691 1699 818 1734 dogmata
845 1700 964 1734 ipsorum
983 1699 1038 1726 sint

249 1742 380 1770 Ecclesiae
407 1744 587 1771 anathema.)
613 1743 718 1777 Quibus
744 1745 908 1779 astipulatur
935 1751 1039 1778 anony-

249 1796 310 1816 tnus
325 1788 369 1816 ille
385 1789 511 1816 defensor
524 1789 661 1823 Origenis,
674 1797 754 1824 quem
781 1790 847 1819 dixi.
864 1794 892 1817 et
906 1790 978 1816 inter
991 1798 1038 1816 ca-

251 1825 308 1867 pita
325 1835 350 1861 in
370 1835 429 1869 ipso
446 1834 608 1869 reprehendi
624 1835 703 1862 solita
727 1839 896 1869 postremum
912 1835 975 1861 illud
991 1842 1039 1869 po-

249 1879 291 1907 nit
307 1880 387 1906 :"Ott
405 1881 421 1916 ἠ
439 1879 521 1906 εἰκὼν
552 1880 599 1907 τοῦ
625 1880 704 1910 θεοῦ,
725 1880 763 1912 ὡς
787 1881 855 1916 πρὸς
877 1881 992 1910 ἐκεῖνον,
1010 1876 1040 1906 οὗ

249 1925 323 1952 ἔστιν
339 1924 431 1958 εἰκὼν,
445 1925 506 1952 καθ’
517 1926 531 1952 ὃ
546 1925 637 1958 εἰκὼν,
656 1926 714 1964 οὐκ,
724 1926 797 1952 ἔστιν
807 1926 931 1962 ἀλήθεια,
951 1936 959 1951 t
971 1926 1041 1953 lina-

251 1972 341 2006 ginem
358 1972 403 1999 Dei
419 1977 544 2006 respectu
558 1972 618 2006 ejus
633 1973 712 2007 cujus
727 1978 766 1999 est
787 1973 887 2007 imago,
904 1977 1040 2007 quatenus

250 2022 292 2044 est
304 2017 404 2052 imago,
418 2025 472 2045 non
485 2025 546 2045 esse
565 2019 718 2045 veritatem.
731 2028 740 2044 ι
762 2018 874 2045 Videtur
900 2019 958 2045 hate
983 2018 1039 2044 hae-

1092 239 1234 266 expressa,
1256 232 1304 260 sed
1329 232 1419 259 Ruﬁni
1443 232 1548 259 artibus
1566 232 1752 265 dissimulata,
1767 237 1794 260 et
1812 234 1865 262 falsa

1093 277 1145 304 hac
1168 277 1395 312 interpretatione
1415 277 1531 306 obducta
1549 287 1556 305 :
1571 287 1581 303 ι
1593 277 1686 313 Imago
1701 285 1770 314 ergo
1785 284 1822 306 est
1833 281 1865 307 in-

1091 322 1207 351 visibilis
1224 324 1272 351 Dei
1294 323 1386 351 Patris
1409 323 1536 351 Salvator
1560 328 1663 356 noster,
1694 328 1824 358 quantum
1841 327 1865 353 ad

1092 369 1179 404 ipsum
1193 370 1303 405 quidem
1316 369 1435 400 Patrem,
1452 370 1554 397 veritas
1569 379 1576 403 ;
1594 374 1730 405 quantum
1744 375 1828 398 autem
1840 373 1865 400 ad

1091 424 1155 448 nos,
1169 417 1268 450 quibus
1291 417 1396 444 revelat
1411 417 1534 448 Patrem,
1553 417 1642 453 imago
1657 422 1712 448 est,
1730 424 1780 452 per
1801 426 1864 453 quam

1091 463 1281 497 cognoscimus
1295 463 1415 490 Patrem.
1431 472 1441 490 ι

1127 507 1208 535 XVII.
1224 508 1291 541 Quae
1312 508 1421 543 Origeni
1447 507 1507 536 dica
1528 508 1639 544 impingi
1665 508 1752 540 solet,
1769 516 1866 544 negasse

1092 554 1178 588 ipsum
1195 554 1302 582 Patrem
1315 562 1329 581 a
1344 554 1423 587 Filio,
1434 554 1532 582 Filium
1544 561 1560 581 a
1577 554 1680 588 Spiritu
1697 561 1802 585 sancto,
1816 555 1864 589 Spi-

1091 601 1174 628 ritum
1203 606 1327 628 sanctttm
1346 602 1379 629 ab
1395 601 1510 637 angelis,
1530 601 1640 634 angelos
1667 602 1703 628 ab
1728 601 1864 630 hominibus

1091 647 1176 674 videri
1192 654 1282 682 posse,
1294 646 1380 673 facilis
1395 652 1545 682 expurgatu
1563 655 1615 674 non
1625 653 1678 680 est,
1695 648 1718 674 si
1734 648 1863 675 criminan-

1093 690 1160 717 tium
1178 698 1308 718 nnmerus
1329 695 1468 725 spectetur
1485 697 1513 719 et
1534 693 1697 719 auctoritas.
1718 692 1862 720 Primarium

1091 735 1164 762 hunc
1186 742 1218 762 ac
1233 735 1398 770 praecipuum
1414 735 1485 763 ittter
1498 736 1558 770 ejus
1579 743 1692 763 errores
1706 736 1800 763 statuit
1814 735 1864 769 Epi-

1091 780 1207 815 phanius
1221 781 1287 807 haer.
1300 788 1376 812 LXIV.
1389 787 1450 814 cap.
1471 780 1500 811 4,
1515 786 1543 807 et
1556 780 1582 807 in
1602 781 1750 810 Ancorato.
1765 787 1819 814 cap.
1829 780 1863 813 65,

1092 826 1137 853 ubi
1156 826 1236 853 verba
1262 826 1320 860 ipsa
1346 826 1472 860 Origenis
1487 827 1620 853 exhibet:
1640 826 1820 857 Μαϐέτωπαν,
1834 827 1863 852 in-

1091 873 1159 906 quit.
1179 872 1237 904 πῶς
1252 873 1303 899 οὐκ
1318 873 1474 909 ἀπηξίωσεν
1495 872 1636 909 Ὥριγένης
1655 874 1758 903 εἰπεῖν,
1779 874 1815 899 ὃτι
1827 874 1863 907 οὐχ

1089 919 1142 954 ὁρᾷ
1155 918 1200 945 τὸν
1213 919 1322 954 Πατέρα
1337 920 1351 945 ὁ
1366 919 1429 951 Υἱός
1439 928 1446 934 -
1464 919 1532 946 ἀλλά
1546 927 1638 954 φησιν·
1665 919 1712 950 Ὦς
1726 919 1757 944 οὐ
1772 918 1864 946 δύναται

1089 966 1156 1000 ὁρᾷν
1171 965 1216 991 τὸν
1232 965 1342 1001 Πατέρα
1354 965 1368 991 ὁ
1383 965 1457 997 Υἱὸς,
1476 965 1523 992 καὶ
1536 965 1566 992 τὸ
1578 965 1654 997 ἅγιον
1669 965 1783 1000 Πνεῦμα
1794 966 1820 991 οὐ
1831 965 1864 992 δύ-

1090 1019 1168 1037 ναται
1181 1011 1244 1037 ἰδεῖν
1255 1011 1300 1037 τὸν
1318 1011 1390 1038 Υῑόν.
1406 1012 1462 1038 Καὶ
1476 1011 1565 1038 πάλιν⁸
1574 1012 1604 1038 Oi
1615 1011 1731 1045 ἄγγελοι
1746 1011 1775 1037 οὐ
1788 1011 1864 1038 δύναν-

1089 1065 1134 1083 ται
1149 1057 1211 1083 ἰδεῖν
1226 1057 1256 1083 τὸ
1270 1057 1346 1091 ἅγιον
1360 1056 1480 1092 Πνεῦμα,
1491 1058 1537 1084 καὶ
1551 1058 1574 1084 οἱ
1592 1057 1734 1093 ἄνϐρωπθι
1743 1058 1772 1083 οὐ
1786 1057 1863 1084 δύναν-

1089 1110 1136 1129 ται
1162 1102 1226 1129 ἰδεῖν
1250 1103 1313 1134 τοὺς
1337 1102 1478 1137 ἀγγέλους.
1501 1112 1511 1128 ‹
1530 1103 1640 1130 Discant
1673 1105 1807 1137 quomodo
1823 1110 1862 1128 non

1091 1148 1226 1175 dubitavit
1252 1147 1385 1182 Origenes
1400 1148 1493 1176 dicere
1509 1149 1607 1177 Filium
1633 1156 1689 1176 non
1721 1149 1810 1176 videre
1823 1148 1862 1175 Pa-

1091 1198 1170 1226 trem,
1187 1194 1235 1221 sed
1253 1194 1321 1221 dicit
1336 1203 1342 1220 :
1358 1194 1590 1227 Quemadmodum
1603 1202 1655 1221 non
1672 1199 1764 1229 potest
1788 1194 1864 1220 vidi-re

1091 1239 1198 1266 Patrem
1224 1239 1308 1267 Filius
1320 1259 1328 1272 ,
1355 1247 1406 1267 nec
1423 1239 1522 1267 Filium
1545 1240 1638 1267 videre
1654 1245 1747 1274 potest
1765 1239 1862 1274 Spiritus

1090 1289 1211 1312 sanctus.
1223 1285 1256 1312 Et
1270 1294 1375 1313 rursum
1394 1286 1507 1320 :Angeli
1517 1286 1608 1312 videre
1624 1293 1680 1312 non
1699 1283 1862 1320 possuntSpi-

1091 1333 1171 1359 ritum
1183 1338 1319 1364 sanetum,
1333 1337 1361 1360 et
1381 1332 1504 1360 homines
1526 1339 1578 1359 non
1596 1336 1713 1365 possunt
1726 1331 1812 1357 videre
1825 1337 1862 1356 an-

1091 1370 1177 1412 gelos.
1196 1388 1205 1405 ι
1227 1378 1327 1406 Eadem
1350 1379 1464 1414 replicat
1476 1380 1502 1404 in
1516 1378 1630 1412 epistola
1647 1378 1683 1404 ad
1697 1376 1820 1403 Joannem
1829 1373 1863 1402 Je-

1093 1424 1332 1459 rosolymitanum,
1353 1432 1414 1459 cap.
1427 1423 1454 1450 2.
1473 1423 1656 1458 Hieronymus
1677 1429 1783 1456 quoque
1800 1427 1862 1448 erro-

1091 1477 1134 1497 res
1152 1478 1294 1498 recensens
1310 1471 1441 1498 librorum
1454 1470 1523 1504 Περὶ
1538 1468 1650 1503 ἀρχῶν,
1666 1468 1694 1495 in
1710 1466 1818 1503 epistola
1828 1465 1861 1497 59.

1092 1516 1126 1542 ad
1146 1516 1264 1550 Auitum,
1281 1516 1422 1550 scripsisse
1437 1523 1497 1542 eum
1511 1516 1549 1542 ait
1562 1516 1588 1542 in
1601 1514 1692 1550 primo
1704 1512 1791 1548 operis
1800 1511 1861 1545 hujus

1091 1561 1239 1595 volumine,
1259 1571 1268 1587 ι
1291 1561 1374 1588 Deum
1391 1560 1511 1594 Patrem,
1530 1568 1579 1595 per
1603 1565 1732 1587 naturam
1761 1557 1862 1586 invisibi-

1091 1607 1153 1640 letn,
1168 1616 1183 1634 a
1197 1607 1267 1635 Filio
1284 1615 1337 1635 non
1352 1607 1458 1640 videri;
1478 1616 1487 1633 ι
1499 1611 1526 1634 et
1548 1607 1574 1634 in
1590 1605 1712 1634 secundo
1730 1613 1737 1633 :
1758 1614 1767 1630 ε
1785 1604 1861 1632 Restat

1090 1658 1121 1680 ut
1138 1652 1284 1680 invisibilis
1303 1653 1340 1680 sit
1355 1652 1436 1680 Deus.
1453 1652 1482 1679 Si
1499 1656 1589 1679 autem
1604 1651 1755 1678 invisibilis
1767 1657 1809 1684 per
1824 1655 1861 1675 na-

1092 1703 1180 1726 turam
1197 1704 1250 1732 est,
1272 1706 1359 1734 neque
1377 1699 1511 1726 Salvatori
1531 1698 1645 1725 visibilis
1656 1698 1722 1725 erit.
1742 1707 1751 1723 ι
1768 1696 1830 1723 Idem
1841 1694 1860 1721 in

1090 1746 1202 1781 epistola
1219 1745 1263 1778 61,
1281 1746 1316 1772 ad
1336 1745 1503 1777 Pammnclt.,
1521 1751 1582 1779 cap.
1597 1744 1631 1770 5:
1647 1752 1656 1769 ι
1671 1743 1704 1770 Et
1721 1743 1826 1778 primum
1836 1740 1861 1766 di.

1090 1792 1160 1818 libro
1172 1791 1242 1825 Περὶ
1253 1791 1365 1826 ἀρχῶν,
1381 1791 1425 1818 tibi
1445 1791 1565 1826 loquitur
1580 1798 1587 1816 :
1605 1789 1685 1817 Sicut
1700 1789 1770 1816 enim
1785 1788 1862 1814 inconv

1091 1844 1186 1871 gruum
1203 1837 1348 1864 estdicere
1363 1837 1435 1870 quod
1452 1836 1537 1870 possit
1551 1835 1635 1862 Filius
1650 1835 1745 1861 videre
1761 1833 1860 1863 Patrem,

1091 1885 1127 1909 ita
1156 1883 1351 1910 inconveniens
1365 1888 1408 1910 est
1424 1883 1529 1918 opinari
1546 1883 1617 1918 quod
1634 1882 1756 1916 Spiritus
1771 1883 1861 1908 sanetus

1094 1929 1180 1963 possit
1218 1929 1310 1955 videre
1336 1928 1445 1955 Filium.
1469 1937 1478 1954 ι
1506 1927 1533 1955 ln
1559 1936 1612 1962 qtta
1654 1927 1751 1954 haeresi
1788 1930 1861 1951 versa-

1094 1979 1150 2001 tttm
1182 1974 1264 2001 fuisse
1296 1973 1426 2000 Joannem
1453 1973 1711 2008 Jerosolymitanum
1748 1976 1799 1998 toto
1822 1970 1860 1996 hoc

1095 2020 1184 2054 capite
1210 2019 1390 2046 demonstrat.
1412 2019 1467 2046 Par
1481 2024 1523 2046 est
1538 2018 1671 2045 Gennadii
1697 2016 1800 2052 querela
1823 2015 1858 2041 lib.

289 2111 328 2145 (6)
345 2109 424 2137 Patri
443 2110 566 2141 collatus,
583 2110 760 2146 mendacium,
778 2115 832 2136 etc.
852 2110 964 2138 Fatetur
984 2109 1036 2146 Pe:
1052 2111 1075 2138 D
1089 2110 1207 2137 nomine’
1224 2110 1397 2146 intelligatur
1418 2108 1533 2137 Verbum
1562 2109 1626 2136 illud
1656 2108 1727 2144 quod
1748 2113 1856 2146 paternas

251 2147 339 2173 tavius
357 2154 410 2172 non
426 2146 460 2172 ita
476 2146 627 2180 desipuisse
652 2145 808 2181 Origenent,
822 2151 856 2181 ut
876 2145 974 2173 Filium
992 2145 1036 2172 Dei

251 2182 303 2209 ulla
331 2182 436 2208 ratione
461 2182 631 2208 tnendacium
647 2181 768 2207 diceret:
782 2180 828 2207 sed
854 2182 922 2208 hanc
944 2187 1040 2207 conse-

252 2217 388 2243 cutionem
403 2224 434 2242 ex
450 2217 508 2250 ejus
521 2217 654 2243 sententia
678 2217 712 2243 ab
727 2215 889 2250 Hieronymo
903 2223 984 2250 supra
998 2215 1039 2242 ci-

253 2257 308 2279 tata
332 2251 477 2278 nonnullos
496 2252 609 2278 eruisse.
623 2251 766 2277 Existimat
782 2250 895 2278 lluelius
917 2251 999 2281 hanc,
1012 2254 1040 2276 ut

253 2288 310 2320 ipse
325 2286 452 2321 appellat,
468 2287 595 2313 hairesim
619 2294 650 2313 ex
675 2286 722 2313 lib.
749 2294 756 2314 ι
783 2285 820 2312 De
835 2286 959 2320 priurip..
978 2293 1037 2320 cap.

252 2322 280 2353 2.
297 2329 371 2348 mnn.
390 2320 417 2352 6,
446 2329 604 2356 expressam
622 2321 716 2353 fuisse,
743 2321 789 2349 sed
817 2321 907 2348 Rulini
936 2321 1040 2348 artibus

255 2357 423 2387 intricatam,
438 2362 467 2383 et
482 2355 547 2382 falsa
565 2357 614 2383 hac
630 2356 856 2390 interpretatione
869 2356 1013 2383 obductam
1029 2364 1037 2382 :

255 2400 266 2418 ί
279 2392 371 2425 Imago
383 2395 425 2418 est
451 2391 597 2418 invisibilis
617 2391 664 2418 Dei
689 2391 776 2418 Patris
790 2391 917 2418 Salvator
932 2396 1037 2424 noster,

253 2432 385 2461 quantum
402 2425 435 2452 ad
459 2427 545 2461 ipsum
568 2427 676 2461 quidem
690 2426 810 2457 Patrem,
827 2428 942 2453 veritas:
955 2433 1041 2460 quan-

255 2467 310 2489 tutn
336 2466 426 2488 autem
441 2462 473 2488 ad
492 2468 551 2494 nos,
573 2461 671 2495 quibus
689 2463 793 2489 revelat
813 2461 933 2495 Patrem,
951 2462 1040 2496 imago

253 2502 309 2528 est,
322 2504 371 2532 per
384 2503 464 2532 quam
478 2498 668 2530 cognoscimus
682 2497 802 2524 Patrem.
819 2507 828 2522 ι
846 2498 948 2524 ltevera
966 2496 1041 2524 locus

254 2531 362 2559 videtur
371 2531 418 2559 aut
430 2531 532 2563 Ruﬁni,
542 2537 589 2558 aut
601 2532 772 2559 librariorum
787 2532 867 2567 Culpa
882 2537 1038 2565 corruptus:

254 2567 293 2594 ita
309 2573 338 2595 ut
354 2568 412 2594 haec
429 2567 553 2602 Origenis
578 2568 711 2594 sententia
737 2575 797 2594 esse
820 2567 926 2600 debeat,
943 2567 1039 2594 Filium

258 2606 383 2637 respectu
397 2602 485 2629 Patris
502 2609 563 2630 esse
583 2603 739 2637 imaginem,
754 2608 878 2637 respectu
897 2602 982 2629 nostri
999 2609 1041 2629 ve-

256 2639 376 2665 ritatem.
390 2637 444 2665 Sed
458 2638 557 2664 veritas
573 2638 623 2665 hoc
635 2638 706 2669 loco,
720 2643 798 2671 prout
814 2639 960 2673 oppanitur
973 2638 1041 2664 ima-

255 2673 321 2705 gini,
339 2673 409 2699 idem
433 2676 512 2699 sonat
536 2681 567 2699 ac
581 2672 729 2706 exemplar,
747 2680 794 2700 nec
812 2672 952 2707 Origenes,
978 2680 1039 2699 cum

255 2708 352 2735 Filium
377 2712 499 2742 respectu
523 2707 610 2735 Patris
629 2708 785 2743 imaginem,
812 2713 933 2742 respectu
954 2708 1038 2743 nostri

256 2743 396 2778 veritatem
412 2745 468 2769 sive
483 2743 622 2778 exemplar
636 2750 697 2770 esse
708 2743 783 2774 dicit,
798 2751 812 2770 a
828 2742 1040 2778 caeterisiPatri-

257 2777 307 2804 bus
335 2778 448 2804 discedit
468 2779 512 2812 qui
532 2777 646 2813 Patrem
667 2778 805 2813 exemplar
833 2778 905 2813 Filii,
939 2777 1036 2804 Filium

262 2812 581 2849 caeterorumexcmplar,
597 2812 693 2840 Filium
714 2814 859 2849 imaginem
874 2812 973 2849 Patris,
991 2819 1039 2839 nos

262 2846 322 2874 Filii
349 2847 480 2882 imagines
505 2855 565 2875 esse
588 2849 724 2876 dixerunt.
747 2846 783 2876 Si
801 2853 888 2876 autem
918 2848 1040 2876 veritatis

1091 2152 1188 2173 omnes
1210 2146 1284 2172 ideas
1311 2143 1512 2178 complectitur,
1529 2143 1678 2172 secundum
1708 2145 1777 2178 quod
1792 2143 1859 2180 Deus

1091 2181 1182 2207 omnia
1206 2182 1349 2214 gubernat,
1370 2181 1434 2207 nihil
1464 2180 1568 2214 longius
1594 2181 1672 2206 abest
1698 2181 1732 2206 ab
1754 2179 1858 2214 origents

1091 2219 1192 2250 triente,
1208 2213 1290 2250 quam
1312 2221 1341 2242 nt
1362 2215 1429 2242 illud
1454 2216 1596 2242 veritatem
1618 2222 1671 2241 non
1692 2222 1752 2241 esse
1762 2213 1856 2250 diceret.

1091 2249 1193 2283 Legere
1209 2248 1334 2285 equidem
1347 2251 1438 2277 malim
1455 2259 1461 2277 :
1475 2250 1609 2282 Quantum
1622 2250 1656 2276 ad
1674 2251 1757 2285 ipsum
1771 2248 1856 2282 quidem

1092 2285 1212 2316 Patrem,
1228 2284 1321 2317 uirtus,
1347 2286 1372 2312 id
1390 2291 1440 2318 est,
1457 2293 1572 2320 persona
1588 2285 1694 2311 divina.
1719 2284 1856 2320 Sctl_taiuen

1091 2321 1202 2348 retineri
1216 2325 1304 2356 potest
1314 2329 1363 2348 vox
1377 2320 1432 2352 illa,
1446 2317 1550 2356 veritas,
1564 2320 1647 2356 modo
1659 2327 1750 2346 vermn
1766 2317 1856 2356 ﬁdium.

1091 2363 1123 2383 ac
1139 2363 1202 2382 vere
1216 2351 1380 2383 'suhstantia
1397 2356 1487 2382 divina
1503 2364 1518 2382 a
1536 2354 1616 2382 Patre
1633 2355 1761 2381 donatum
1777 2351 1857 2379 intelli-

1110 2398 1195 2419 amns.
1216 2390 1357 2426 Vituperat
1386 2391 1437 2418 hoc
1467 2391 1525 2418 loco
1548 2391 1678 2426 Origenes
1695 2388 1823 2426 iprobolas
1844 2394 1854 2411 :i

1116 2424 1291 2463 alentinianis
1319 2427 1346 2463 in
1375 2424 1665 2463 generationeinj‘ili‘i
1679 2424 1818 2463 _‘ii_u_luc_t.as_,
1831 2428 1855 2463 ae

1091 2460 1190 2488 Filium
1211 2462 1306 2488 statuit
1323 2462 1360 2488 ita
1376 2458 1530 2495 imaginem
1547 2460 1593 2486 Dei
1609 2459 1749 2486 invisibilis
1763 2458 1818 2487 dici,
1832 2461 1854 2495 tit

1091 2503 1262 2531 nequaquam
1283 2496 1529 2531 assiinileturwillis
1555 2495 1726 2531 imaginibus.
1759 2499 1810 2531 que
1832 2498 1853 2531 II.

1091 2525 1206 2569 vna-teriri
1219 2531 1319 2569 aliqua,
1340 2532 1378 2569 id_
1388 2536 1425 2569 est
1448 2530 1525 2569 ligni,
1538 2532 1578 2569 uel
1593 2525 1688 2569 lapidis
1705 2525 1809 2569 -ιξςξξὶηςὶΔ
1823 2525 1852 2569 rei

1091 2566 1206 2601 exsculpi
1217 2565 1316 2599 solent;
1332 2567 1378 2594 sed
1387 2566 1453 2593 sicut
1467 2565 1521 2600 ipse
1534 2565 1616 2592 Pater
1635 2565 1769 2591 invisibilis
1778 2567 1809 2589 ut
1817 2567 1852 2600 μιν

1091 2608 1225 2637 naturam,
1242 2603 1280 2628 ita
1295 2602 1435 2637 imaginem
1445 2609 1547 2636 quoque
1572 2601 1726 2637 inuisibilem
1741 2601 1848 2637 genuerit.

1093 2636 1171 2664 Unde
1194 2638 1289 2664 statuit
1316 2634 1423 2668 Filium,
1441 2634 1570 2671 quantum
1597 2636 1630 2662 ad
1645 2634 1749 2671 Patrem
1763 2634 1849 2660 attinet,

1091 2679 1152 2699 esse
1164 2672 1316 2705 veritatem,
1340 2673 1366 2699 id
1392 2670 1602 2706 est,’personam
1620 2670 1744 2708 divinam,
1765 2675 1792 2708 ac
1807 2672 1849 2708 rein

1091 2714 1156 2734 vere
1167 2714 1216 2742 per
1230 2714 1260 2734 se
1284 2705 1475 2734 subsistentem
1487 2714 1494 2739 ;
1511 2711 1641 2742 quantum
1655 2705 1686 2732 ad
1694 2711 1757 2742 pos,
1775 2705 1851 2742 itttatl!‘

1091 2738 1225 2776 nemfper
1238 2750 1318 2776 quam
1337 2743 1420 2769 Deum
1436 2738 1633 2776 cognoscimus.
1647 2754 1682 2760 ——-
1693 2739 1723 2767 D.
1739 2738 1846 2776 Prmlvnl.

1091 2774 1196 2804 Morari.
1222 2774 1259 2804 De
1285 2778 1387 2804 diuinit.
1412 2774 1510 2804 Christi
1536 2776 1582 2803 lib.
1609 2783 1644 2807 ιν,
1668 2782 1724 2810 cap.
1740 2774 1847 2811 l6.II}j'§E

1093 2812 1120 2839 1.
1138 2811 1202 2839 Vide
1230 2816 1256 2838 et
1279 2812 1385 2840 Bullutn
1407 2812 1514 2846 Defenr.
1541 2811 1604 2842 fidei
1630 2806 1741 2838 Nimim:
1757 2809 1786 2835 dc
1799 2806 1846 2832 Nvt

1093 2847 1132 2882 τῷ
1143 2847 1287 2883 ὀμοουσίῳ,
1306 2854 1364 2883 cap.
1377 2849 1402 2881 9,
1419 2855 1492 2875 nunt.
1506 2848 1537 2875 ιτ
1554 2851 1581 2874 et
1598 2846 1641 2874 18.
