1904 3077
57 116 123 145 705

507 121 795 151 οιιιαΕΝιΑΝοιιυιι
814 121 878 150 LIB.
899 121 932 155 ll,
952 121 1028 149 CAP.
1047 121 1079 154 ll,
1098 121 1233 155 QUA‘JST.
1250 121 1283 149 11.

1645 123 1695 150 766

57 176 102 204 De
116 177 290 213 dogmatib.,
302 186 366 214 cap.
378 180 396 207 4
409 187 417 206 :
433 189 443 206 ι
455 180 538 214 Nihil,
551 181 650 217 inquit,
667 182 718 210 sibi
734 182 868 210 invisibile
881 184 905 213 Α
917 186 944 210 et
957 189 1134 218 cognoscere,
1160 181 1350 209 intellectualis
1366 176 1470 209 natura:
1489 186 1540 210 est.
1561 182 1697 217 Quidquid

58 229 76 248 a
92 224 246 252 creaturis
270 225 309 260 (in
331 224 461 254 Trinitatc
479 227 627 264 credamus)
642 233 673 255 ut
693 228 836 264 Origenes.
852 238 862 255 ι

59 266 248 303 Legi-udum,
259 270 286 298 ni
294 270 385 305 fallor,
398 277 427 300 ut
441 274 584 307 creaturis,
600 275 650 302 hoc
665 281 717 308 est,
731 275 796 303 nihil
804 283 866 303 esse

61 314 227 344 credamus
240 316 268 344 in
284 315 429 352 Trinitate,
448 319 518 354 quod
534 320 568 347 ab
579 319 715 355 aliquibus
727 321 785 356 ejus
804 328 866 357 per-

61 360 145 387 sonis
163 360 259 389 videri
270 369 323 389 non
337 363 434 397 possit,
445 365 672 398 quemadmodum
696 373 710 392 a
731 366 866 394 creaturis

61 405 156 434 videri
180 414 239 434 non
270 412 368 442 potest,
398 409 469 442 quod
489 411 591 444 putavit
616 410 758 445 Origenes.
773 411 866 439 Paret

63 450 112 478 illa
133 450 290 480 Justiniani
315 453 341 480 in
365 452 487 488 Epistola
509 456 543 482 ad
573 455 695 489 Menam,
718 461 746 484 et
771 457 864 485 lsidori

62 497 112 525 lib.
131 505 184 525 vm
201 498 322 534 Origin.,
340 507 400 534 cap.
418 500 446 532 5,
467 506 494 528 et
515 503 641 536 anonymi
657 503 775 530 auctoris
797 503 865 538 Apo-

64 543 147 578 logiw
160 552 216 578 pro
231 544 354 579 Origene,
371 546 441 580 apud
456 546 666 580 Photium,cod.
680 555 763 580 cxvu,
778 553 806 575 et
818 548 865 576 Ni-

62 593 133 616 cetaa
147 589 323 624 Acominati,
340 596 367 618 et
380 591 489 620 Honorii
502 593 756 628 Augustodunensis
772 595 797 621 in
818 594 863 621 lib.

63 635 105 662 De
118 636 190 664 liter.
210 641 240 664 et
256 636 369 664 Cedreni
390 638 416 665 in
428 637 596 671 Compendio,
615 644 642 666 et
655 639 744 667 Suidaa
761 640 786 666 in
801 647 866 668 voce

71 679 247 716 Ὠριτένης,
264 686 290 709 et
303 681 415 710 Zonaraa
428 682 476 710 lib.
497 691 518 710 tt
540 683 566 710 in
581 683 671 712 Decio.
693 685 781 719 Atque
795 686 866 712 hunc

65 733 151 761 porro
169 734 298 755 errorem
315 729 349 756 ab
371 728 532 757 Adamantio
557 735 693 758 mutuatus
710 736 752 758 est
774 731 865 765 Arius,

65 780 152 807 quem
170 773 270 801 dicere
284 781 378 801 ausum
398 782 458 802 esse
476 781 568 802 narrat
583 776 750 804 Athanasius
764 776 802 803 De
821 785 866 812 ry-

66 818 167 845 nodt‘s:
194 819 330 846 Ἀδύνατα
346 820 404 856 Υἱῷ
417 821 464 847 τὸν
490 821 599 856 Πατέρα
627 822 787 858 ὲξιχνιάσαι,
812 821 868 855 οἶός

915 236 980 264 ergo
994 229 1132 264 proprium
1152 235 1295 262 corporum
1307 232 1358 259 est,
1377 227 1427 254 hoc
1443 235 1493 255 nec
1510 229 1543 256 de
1555 228 1636 256 Patre
1645 235 1697 262 est,

915 281 966 302 nec
994 274 1027 301 de
1043 273 1112 300 Filio
1138 272 1321 300 sentiendum.
1342 271 1419 304 Quod
1434 279 1498 299 vero
1524 273 1558 298 ad
1575 277 1699 300 naturam

914 318 1032 352 pertinet
1050 318 1178 347 Deitatis.
1203 317 1254 344 hoe
1281 317 1352 344 inter
1365 316 1472 344 Patrem
1485 322 1512 344 et
1528 317 1624 344 Filium
1637 324 1699 345 con-

915 367 981 391 stat.
1000 372 1010 389 ι
1025 363 1068 390 Ait
1083 363 1193 390 demum
1213 363 1387 396 depravatam
1409 363 1462 390 hoc
1479 363 1548 395 loco,
1565 367 1593 390 et
1604 370 1699 390 corni-

915 413 988 443 ptam
1005 409 1088 436 fuisse
1108 416 1183 435 suam
1202 408 1463 443 interpretationem,
1479 412 1561 443 atque
1584 409 1621 435 ita
1635 415 1699 442 pur-

916 455 994 490 gandi
1022 456 1062 481 sui
1079 462 1161 482 causa
1179 454 1319 482 concludit
1334 462 1342 480 :
1360 463 1368 479 t
1390 454 1418 481 Si
1442 454 1502 488 quis
1523 458 1603 488 negat
1626 453 1698 488 quod

916 508 969 527 non
990 500 1025 526 ita
1049 500 1122 526 videt
1146 497 1231 526 Filius
1249 498 1369 532 Patrem,
1385 499 1456 525 sicut
1482 498 1562 526 Pater
1578 497 1698 532 Filium;

916 549 942 572 et
959 551 1011 571 non
1027 544 1063 570 ita
1083 543 1157 570 videt
1172 543 1285 576 Spiritu:
1302 547 1411 569 sanctus
1429 542 1535 568 Patrem
1549 545 1577 568 et
1589 541 1698 572 Filium,

916 590 985 616 sicut
1000 589 1074 616 videt
1089 588 1168 616 Pater
1186 588 1284 615 Filium
1300 593 1328 614 et
1342 587 1473 622 Spiritum
1487 592 1620 618 sanctum,
1631 593 1700 613 aua-

917 635 1005 661 tliema
1022 634 1067 661 sit.
1091 633 1169 660 Videt
1187 634 1272 665 enim.
1298 637 1325 660 et
1351 632 1491 659 verissime
1502 632 1586 663 videt,
1606 630 1654 658 sed
1669 634 1700 658 ut

917 679 986 706 Deus
1000 678 1094 710 Deum,
1108 682 1136 705 et
1159 677 1206 705 lux
1221 677 1319 710 lucem,
1339 681 1367 704 et
1382 685 1435 703 non
1449 681 1478 703 ut
1495 683 1558 702 caro
1576 681 1699 708 carnem,

917 723 962 750 sed
977 728 1004 749 ut
1019 723 1136 757 Spiritus
1152 729 1282 756 sanctus;
1313 729 1365 749 non
1396 721 1536 754 corporeis
1564 720 1700 753 sensibus,

917 771 962 797 sed
979 769 1125 796 virtutibus
1141 769 1264 796 Deitatis.
1283 778 1293 795 ι
1312 768 1401 794 Ruﬁni
1419 767 1621 802 responsionem
1635 766 1701 794 arri-

917 816 975 850 puit
996 819 1024 842 et
1048 814 1159 841 uberius
1183 813 1332 848 explicavit
1357 812 1496 838 Halloxius
1521 811 1568 838 lib.
1585 819 1610 838 tv
1623 810 1698 846 Orig.

67 864 142 890 ἐστιν
151 864 197 898 ἐφ’
213 865 323 892 ἑαυτοῦ.
335 867 420 898 Αὐτὸς
432 866 486 902 γὰρ
500 868 514 893 ὁ
528 867 591 899 Υἱὸς
605 867 653 903 τὴν
663 856 759 895 ἑαυτοῦ
773 869 865 895 οὐσίαν

917 859 1030 892 ἀείραι..
1046 862 1143 893 qutest.
1157 858 1183 884 4.
1197 857 1283 885 Porro
1295 857 1370 885 locus
1384 856 1507 890 Origeuis
1522 856 1563 883 his
1578 856 1699 884 celebra-

67 909 118 936 οὐκ
139 907 228 937 οἶδεν.
255 911 320 943 Υἱὸς
334 912 388 947 γὰρ
413 911 461 944 ὢν,
485 913 591 948 θελήσει
609 914 715 949 Πατρὸς
742 915 865 951 ὑπῆρχεν

68 955 189 989 ἀληθῶς.
211 956 261 987 Τίς
273 956 325 992 γὰρ
339 957 416 991 λόγος
435 960 570 993 συγχωρεῖ
581 959 625 985 τὸν
638 960 669 985 ὲκ
684 960 788 994 Πατρδς
801 961 865 987 ὄντα

69 1000 152 1026 αὑτὸν
163 1001 212 1027 τὸν
226 1003 394 1037 γεννήσαντα
405 1002 506 1037 γνῶναι
514 1004 542 1030 ὲν
553 1004 700 1039 καταλήψει
711 1013 718 1037 ;
732 1005 814 1040 Δῆλον
825 1006 865 1032 ὅτι

70 1046 100 1072 τὸ
114 1047 207 1082 ἀρχὴν
224 1047 286 1082 ἔχον
303 1047 348 1074 τὸν
361 1049 476 1084 ἄναρχον
488 1049 525 1081 ὥς
544 1051 616 1076 ἐστιν
629 1050 835 1086 ὲμπερινοῆσαι,
847 1051 864 1087 ἢ

71 1093 328 1129 ὲμπεριδράξασθαι
345 1095 394 1130 οὐχ
410 1092 496 1122 οἷόντέ
521 1097 604 1123 ἐστιν.
621 1106 630 1122 t
648 1097 775 1125 Possibile
793 1098 864 1125 enim

73 1139 124 1173 ipsi
142 1147 198 1167 non
212 1144 257 1168 est
268 1140 430 1176 investigare
448 1141 554 1169 Patrem
568 1143 657 1178 qualis
671 1143 698 1170 in
710 1144 800 1178 seipso
812 1149 865 1171 est.

72 1184 158 1213 Filius
171 1186 277 1221 quippe
291 1194 368 1214 suam
392 1187 451 1222 ipse
465 1189 609 1216 essentiam
625 1197 678 1216 non
696 1190 780 1216 novit.
798 1190 864 1218 Cum

74 1231 110 1258 sit
125 1232 201 1259 enim
218 1232 316 1263 Filius.
337 1234 477 1261 voluntate
493 1234 582 1263 Patris
599 1235 660 1263 talis
673 1236 787 1263 exstitit.
800 1236 866 1270 Quae

74 1277 146 1305 enim
166 1280 297 1306 concedit
314 1280 383 1306 ratio
406 1286 468 1307 eum
481 1280 526 1315 qui
544 1281 580 1308 sit
596 1289 629 1308 ex
653 1281 744 1315 Patre,
762 1283 866 1316 genito-

78 1329 132 1350 rem
144 1323 236 1358 ipsum
251 1325 491 1359 comprehensione
497 1327 679 1361 cognoscere?
690 1327 865 1363 Perspicuum

76 1372 127 1401 est,
147 1369 222 1403 quod
244 1370 325 1397 habet
340 1371 513 1406 principium,
528 1379 589 1399 eum
603 1373 648 1407 qui
660 1378 753 1400 careat
763 1374 866 1408 princi-

79 1412 121 1447 pio
137 1419 229 1442 mente
243 1416 382 1450 complecti
397 1417 439 1444 vel
455 1417 683 1452 comprehendere
695 1426 747 1446 non
759 1426 863 1454 posse.»

113 1459 204 1487 XVIII.
222 1461 259 1488 At
283 1469 343 1488 eam
358 1463 575 1490 criminationem
592 1463 628 1490 ab
644 1464 760 1499 Origene
775 1465 867 1493 multis

81 1504 213 1538 depellere
232 1511 346 1533 conatur
359 1507 470 1535 Bulinus
484 1508 582 1535 lnvect.
598 1516 605 1535 I
621 1509 646 1535 in
660 1508 865 1544 Hieronymum,

80 1551 254 1586 ostenditque
271 1553 304 1580 ad
316 1553 490 1581 refellendam
516 1553 767 1592 Valentinianorum
782 1555 866 1583 haere-

81 1596 140 1628 sim,
158 1598 204 1631 qui
222 1599 306 1625 Deum
319 1606 479 1633 corporeum
502 1601 628 1627 humanis
644 1601 771 1628 membris
789 1601 864 1628 babi-

83 1645 160 1675 tuque
175 1649 349 1671 constantem
366 1645 564 1678 describebant,
578 1646 719 1682 Origenem
738 1647 865 1681 probasse

84 1687 161 1714 Deum
175 1696 208 1716 ex
230 1695 327 1716 natura
341 1698 389 1718 sua
402 1698 515 1726 corpore
530 1699 632 1723 carere.
647 1699 678 1719 ac
693 1692 805 1726 proinde
815 1693 864 1719 sub

83 1733 171 1760 oculos
181 1734 280 1761 cadere
293 1743 344 1763 non
358 1743 446 1771 posse,
464 1736 593 1764 visionem
609 1737 707 1772 quippe
722 1745 863 1771 corporum

84 1783 156 1810 esse;
172 1779 248 1806 nosci
268 1784 356 1806 autem
373 1788 462 1814 posse,
490 1781 560 1815 quod
583 1783 703 1816 cognitio
728 1790 818 1809 rerum
833 1782 868 1809 sit
884 1782 888 1786 ⁴

85 1828 195 1857 corpore
219 1825 388 1856 carentium;
408 1827 484 1852 nosci
516 1827 600 1861 igitur
626 1826 734 1854 Patrem
750 1835 763 1853 a
780 1826 867 1859 Filio,

85 1867 164 1895 Videri
180 1870 348 1904 neutiquam.
359 1871 425 1898 Tum
439 1872 527 1899 locum
537 1873 624 1907 ipsum
639 1873 763 1906 Origenis
772 1873 870 1907 depro-

88 1912 142 1944 mit,
151 1913 176 1940 in
193 1922 248 1949 quo
264 1916 320 1942 haec
336 1916 467 1944 habentur
482 1926 488 1943 :
504 1927 512 1943 ι
526 1918 603 1944 Aliud
621 1923 663 1945 est
680 1918 780 1950 videre,
795 1918 867 1945 aliud

88 1965 247 1993 cognoscere
261 1963 363 1990 :videri
373 1968 401 1990 et
417 1963 507 1990 videre
522 1971 664 1999 corporum
673 1969 713 1991 est
725 1964 866 1998 ;coguosci

171 2050 242 2091 liram
257 2052 442 2091 Hieronymus,
459 2058 511 2081 etc.
525 2053 580 2091 lloc
595 2055 655 2091 loco
670 2063 722 2081 non
736 2055 793 2083 suis
809 2055 866 2089 ipse

90 2086 175 2124 verbis
189 2086 309 2124 loquitur
321 2086 460 2123 Origenes.
475 2090 521 2115 sed
538 2090 619 2116 alium
639 2090 742 2116 inducit
754 2086 866 2124 loquen-

91 2123 151 2160 tetn.
164 2122 242 2156 cujus
258 2124 420 2160 sententiam
447 2124 518 2160 nulla
536 2125 740 2158 approliationis
763 2122 866 2160 signiti-

91 2158 191 2193 eatione
208 2159 362 2193 conlirniat,
379 2164 407 2183 ut
423 2158 538 2193 quisque
562 2162 715 2193 perspicere
727 2158 819 2192 potest
832 2167 864 2187 ex

919 910 962 932 tus
977 904 1225 932 concertationibus
1241 908 1330 930 exstat
1342 902 1388 929 lib.
1407 910 1414 928 ι
1435 902 1504 936 Περὶ
1517 900 1626 936 ἀρχῶν,
1638 908 1700 935 cap.

919 951 945 983 i,
974 958 1048 977 num.
1067 951 1093 983 8,
1114 950 1158 977 cui
1185 948 1300 976 similem
1318 947 1432 974 alterum
1460 947 1578 980 reperies
1601 945 1647 972 lib.
1669 953 1700 977 ιι,

918 1005 979 1032 cap.
992 997 1020 1027 4,
1038 1004 1112 1023 num.
1129 996 1155 1022 5.
1173 994 1218 1022 His
1231 994 1340 1029 adiungi
1355 998 1445 1028 potest
1464 993 1497 1019 ad
1512 993 1623 1019 tutelam
1640 992 1702 1019 Ori-

918 1041 992 1076 genis
1007 1045 1034 1066 et
1050 1039 1094 1066 ille
1104 1046 1211 1073 quoque
1225 1046 1240 1065 e
1259 1044 1324 1064 toni.
1344 1045 1377 1064 xv
1403 1036 1430 1063 in
1453 1035 1544 1068 Joan.,
1561 1044 1635 1062 num.
1652 1037 1666 1062 'l
1687 1044 1696 1062 :

919 1087 1024 1121 Ὥσπερ
1038 1084 1197 1121 ἀνθρώπους
1209 1084 1241 1110 ἄν
1263 1092 1337 1114 τινας
1351 1082 1473 1118 εἴποιμεν
1489 1083 1536 1108 ἀπ’
1550 1082 1635 1118 ἀρχῆς
1650 1083 1700 1109 αὑ-

917 1133 1018 1164 τόπτας
1033 1132 1172 1166 γεγονέναι
1187 1131 1234 1157 τοῦ
1247 1131 1344 1164 Λόγου,
1360 1131 1423 1165 περ).
1432 1126 1468 1155 ὧν
1480 1130 1493 1155 ὁ
1507 1129 1612 1160 Λουκᾶς
1623 1137 1698 1164 φησι¹

918 1179 1020 1211 Καθὼς
1030 1177 1202 1212 παρέδοσαν
1208 1176 1279 1211 ἡμῖν
1291 1178 1318 1202 οἱ
1330 1175 1380 1202 ἀπ’
1388 1174 1484 1209 ἀρχῆς
1500 1174 1641 1201 αὐτόπται
1652 1174 1700 1200 καὶ

917 1225 1061 1259 ὑπηρέται
1073 1224 1226 1259 γενόμενοι
1247 1223 1299 1249 τοῦ
1315 1223 1425 1256 Λόγου-
1441 1221 1512 1248 οὕτω
1526 1221 1570 1247 τὸν
1587 1222 1703 1257 Σωτῆρα

918 1270 1055 1304 αὐτόπτην
1077 1268 1189 1304 λέξομεν
1212 1265 1280 1294 εἶναι
1303 1267 1357 1293 τῶν
1379 1267 1455 1302 παρὰ
1473 1266 1511 1301 τῷ
1533 1265 1630 1301 Πατρὶ,
1655 1265 1703 1293 καὶ

919 1315 988 1341 κατὰ
1004 1314 1083 1340 τοῦτο
1104 1313 1228 1349 εἰρῆσθαι
1242 1313 1286 1339 τό·
1306 1312 1409 1345 Οὐδεὶς
1428 1312 1504 1346 ἔγνω
1521 1312 1574 1338 τὸν
1588 1310 1703 1346 Πατέρα

919 1362 945 1387 εὶ
954 1361 996 1395 μὴ
1010 1362 1025 1387 ό
1042 1359 1117 1392 Υἱὸς,
1126 1359 1224 1386 οὐκέτι
1232 1359 1387 1386 αὺτόπτων
1396 1358 1490 1385 ὄντων
1498 1355 1542 1390 οἷς
1553 1357 1590 1384 ἂν
1604 1359 1620 1384 ό
1637 1357 1703 1390 Υιὺς

919 1406 1112 1440 ἀποκαλύψῃ
1128 1405 1202 1440 δηλοῖ
1212 1405 1240 1432 δὲ
1254 1405 1286 1431 τὸ
1307 1404 1443 1440 αὐτόπτην
1456 1404 1509 1430 τῶν
1518 1404 1547 1430 ὲν
1560 1402 1599 1438 τῷ
1615 1403 1703 1439 Πατρὶ

919 1452 1062 1487 τυγχάνειν
1075 1452 1120 1478 τὸν
1134 1451 1247 1486 Σωτῆρα
1264 1450 1356 1484 σαφῶς
1372 1451 1389 1485 ἡ
1404 1449 1569 1485 προκειμένη
1585 1449 1655 1482 λέξις
1674 1450 1704 1475 ὲν

920 1498 974 1533 τῷ·
999 1498 1032 1524 Ἃ
1054 1497 1110 1532 ἐγὼ
1128 1497 1241 1530 ἑώρακα
1264 1496 1343 1530 παρὰ
1358 1495 1398 1528 τῷ
1412 1495 1512 1529 Harp),
1532 1494 1626 1522 λαλῶ.
1655 1494 1704 1521 Hic

917 1550 1019 1574 autem,
1050 1548 1079 1569 ut
1102 1542 1165 1569 alibi
1180 1549 1261 1576 saepe,
1288 1540 1352 1568 illud
1374 1549 1406 1567 ex
1423 1541 1550 1575 Apologia
1569 1540 1702 1575 Pamphili

917 1596 1052 1622 usurpare
1075 1588 1159 1615 licet:
1178 1597 1187 1612 ι
1207 1587 1323 1614 Dubium
1349 1591 1439 1613 autem
1469 1594 1522 1613 non
1553 1590 1606 1618 est,
1631 1587 1702 1621 quod

917 1635 1012 1661 eodem
1030 1642 1111 1662 sensu
1133 1633 1213 1660 etiam
1236 1633 1262 1660 in
1281 1633 1386 1660 caeteris
1404 1633 1515 1664 sentiat,
1529 1640 1579 1660 nec
1594 1633 1630 1659 sit
1650 1632 1702 1659 sibi

918 1680 975 1714 ipse
990 1679 1152 1706 contrarius.
1169 1688 1178 1704 ι

952 1732 1024 1760 XIX.
1041 1733 1167 1760 Attamen
1184 1740 1217 1760 ne
1241 1733 1360 1767 perfecte
1377 1732 1486 1767 quidem
1501 1737 1529 1760 et
1544 1733 1622 1767 plene
1651 1731 1703 1759 Pa-

921 1783 988 1805 trem
1005 1786 1020 1805 a
1040 1777 1109 1805 Filio
1130 1779 1216 1810 nosci,
1231 1779 1267 1805 ita
1285 1783 1315 1805 ut
1332 1786 1347 1805 a
1360 1779 1450 1812 seipso
1471 1778 1594 1805 noscitur
1610 1778 1702 1811 Pater,

920 1828 1108 1862 minoremque
1124 1834 1185 1855 esse
1211 1827 1392 1860 cognitionem
1418 1826 1478 1854 Filii
1504 1833 1585 1860 quam
1615 1826 1702 1854 Patris

919 1879 1110 1907 nonnunquam
1133 1871 1266 1906 Origenes
1276 1872 1412 1899 asseruit:
1427 1871 1466 1906 (7)
1491 1879 1553 1898 nam
1571 1871 1703 1906 Hierony-

920 1924 979 1944 mus
1011 1917 1036 1943 in
1061 1916 1140 1951 epist.
1179 1916 1224 1948 59,
1248 1916 1282 1942 ad
1310 1917 1392 1947 Αυὶι..
1407 1923 1468 1951 cap.
1488 1915 1516 1948 4,
1532 1915 1630 1943 recitat
1651 1916 1702 1943 hoc

919 1963 1007 1998 ipsius
1022 1962 1162 1990 decretum
1183 1970 1200 1989 e
1220 1962 1267 1990 lib.
1282 1970 1308 1990 tv
1323 1962 1393 1997 Περὶ
1409 1961 1522 1997 ἀρχῶν,
1547 1969 1622 1991 num.
1653 1962 1700 1995 35,

920 2055 1007 2082 cimus
1024 2054 1137 2082 artificis
1153 2054 1272 2081 animum
1288 2053 1356 2080 artis
1373 2053 1443 2080 scire
1458 2060 1623 2081 mensuram.
1643 2053 1701 2082 Nec

919 2090 1028 2117 dubium
1054 2091 1117 2124 quin
1131 2090 1152 2116 si
1169 2089 1249 2116 Pater
1271 2089 1306 2115 sit
1321 2089 1346 2116 in
1358 2089 1437 2121 Filio,
1450 2094 1475 2115 et
1490 2089 1703 2122 comprehenda-

920 2130 964 2151 tur
978 2126 1053 2152 ιιι)θο
1068 2127 1093 2151 in
1113 2132 1165 2159 quo
1186 2129 1237 2151 est.
1259 2124 1305 2151 Sin
1321 2129 1409 2150 autem
1431 2124 1701 2157 comprehensionem

919 2168 978 2187 eam
996 2158 1126 2192 dicimus,
1136 2164 1165 2186 ut
1180 2167 1233 2185 non
1250 2159 1337 2185 solum
1351 2166 1431 2185 sensu
1449 2159 1510 2193 quis
1529 2164 1557 2184 et
1568 2158 1699 2192 sapientia

92 2187 144 2229 ῐρξο
165 2192 334 2229 testimonio,
352 2187 439 2229 :qnod'
459 2187 692 2221 Griece'habetnr
707 2187 753 2221 lib.
778 2202 805 2221 iv
827 2195 864 2221 De
879 2189 904 2218 Ι)
917 2187 1139 2229 comprehendat,
1172 2195 1218 2221 sed
1241 2199 1269 2221 et
1295 2193 1394 2220 virtute
1410 2199 1438 2221 et
1458 2187 1579 2229 potentia
1600 2187 1701 2220 cuncta

92 2224 233 2263 principiis,
259 2234 334 2253 num.
351 2224 396 2254 53.
424 2229 511 2262 Atque
532 2228 637 2255 etiamsi
659 2230 708 2255 hoc
735 2229 794 2257 loco
811 2237 866 2256 non

93 2258 202 2297 alienam
232 2263 405 2295 sententiam,
428 2258 475 2290 sed
502 2270 577 2289 suam
594 2270 769 2297 proponeret,
793 2264 866 2292 illius

94 2294 207 2332 proiecto
222 2297 301 2323 verba
313 2299 407 2324 eodem
422 2305 501 2325 sensu
517 2294 671 2332 accipienda
688 2294 797 2330 essent,
811 2307 866 2332 quo

95 2329 139 2369 insui
158 2329 247 2369 Basilii
263 2332 363 2369 ex_lib._
375 2341 399 2359 Iv
412 2334 535 2369 adversus
551 2329 709 2359 Eitnomium
725 2342 734 2360 :
752 2329 866 2369 Εἰνάλη-

95 2361 159 2402 ῥινὸς
172 2365 246 2397 Θεὸς,
263 2367 309 2393 καὶ
327 2367 395 2401 φῶς,
412 2368 458 2394 καὶ
475 2367 618 2402 ἄτρεπτος,
633 2369 679 2394 καὶ
693 2369 804 2402 ἀγαθὸς,
819 2361 866 2396 κάι

95 2395 174 2439 ἅγιος,
187 2395 232 2439 καί
241 2395 348 2439 Κύριός
359 2395 450 2439 ρῗΥἱός
460 2412 476 2439 ’ν
488 2395 574 2429 ταῦτα
587 2395 617 2429 δῖ
628 2404 673 2429 καὶ
684 2404 698 2430 ὁ
710 2395 804 2439 ΙΪατὴλρ
816 2395 864 2436 ὢν,

94 2431 242 2494 imitat“
251 2431 408 2468 ὲσέὶν,ἆλλὰ
420 2431 561 2480 μέιζόνως
569 2439 618 2464 οὐκ
630 2439 722 2470 οὐσίας
734 2431 865 2476 ὑπέροχῇξ

169 2472 307 2494 ποιότητος
317 2473 462 2494 ὑπρηέἷηιίν
479 2484 488 2494 ι
504 2474 530 2494 Si
541 2481 619 2494 vorm:
634 2474 711 2494 nulla,
729 2479 754 2494 ρι
772 2476 815 2494 lu:
838 2481 864 2494 ,ιι

98 2472 156 2509 αλλὰ
169 2472 307 2509 cotoneo;
317 2472 464 2509 ὑπερὸολῇ.
479 2484 488 2499 ‹
504 2474 530 2500 Si
541 2481 619 2500 verus
633 2474 713 2506 Deus,
729 2479 757 2501 et
771 2472 867 2507 ιιιιζὲι

98 2506 272 2542 Lmniutabilis,
285 2512 312 2534 et
333 2506 474 2540 bonus."et
485 2514 615 2542 sanctus;
632 2514 659 2535 et
676 2510 803 2536 Dominus
825 2514 866 2537 est

97 2535 182 2566 Filius.
198 2535 359 2569 lltec'autem
378 2548 404 2570 et
418 2535 497 2571 Pater
523 2535 591 2570 cumr
607 2535 654 2575 sit,
671 2535 723 2571 non
740 2535 866 2572 similiter

98 2576 347 2614 §Sl.__sed_amplius;
365 2586 416 2605 non
429 2580 587 2606 substantia:
601 2580 803 2613 exsuperantia,
818 2581 865 2607 sed

98 2607 226 2648 qualitatis
237 2607 406 2648 praestantia.
423 2623 432 2639 ι
448 2614 480 2640 Ει
496 2615 565 2641 hanc
585 2621 644 2641 esse
669 2607 786 2642 utentem
798 2607 865 2642 ’0ιί-

99 2644 166 2700 genis
181 2644 338 2681 intelligitur
358 2657 389 2675 ex
404 2649 436 2675 iis
450 2649 539 2676 verbis
549 2656 608 2683 Quae
625 2650 780 2683 praecedunt
794 2651 864 2685 apud

122 2683 278 2700 Icrnanum
320 2683 364 2700 ιιιιί
383 2684 510 2700 Πνςηιιηιιο
537 2691 587 2700 nun
605 2684 715 2700 naming
736 2684 853 2700 Ιηηιιῖιηιι

122 2683 291 2719 teronyinum.
320 2683 364 2710 ubi
383 2684 512 2718 Origenes
537 2691 587 2711 suo
604 2684 715 2719 nomine
735 2683 863 2719 loquitur,

99 2715 127 2753 se
139 2715 227 2742 statuit
239 2724 289 2753 non
299 2724 359 2745 esse
369 2715 478 2745 dubium
488 2718 551 2753 quin
562 2719 586 2745 si
609 2717 688 2746 Pater
698 2720 732 2746 sit
743 2715 862 2751 in'h‘ilio,

101 2749 434 2791 :1foutprehendaturuab
460 2749 504 2791 eo,
522 2754 623 2791 inequo
634 2758 720 2791 est:t
745 2755 772 2781 Si
792 2749 863 2791 enim

119 2785 200 2824 ξψψὶ
211 2788 347 2820 cognoscit
360 2787 455 2821 Filius,
471 2785 696 2823 inquitfvidetur,
708 2790 734 2816 in
747 2797 780 2817 eo
793 2790 864 2824 quod

104 2817 169 2844 υονὶι
183 2817 296 2854 Patrcm,
310 2829 388 2857 posse
398 2817 458 2851 eum
473 2817 704 2859 comprehendere
720 2833 729 2853 ι
746 2830 775 2852 ιιι
790 2817 812 2853 si
823 2825 866 2853 di-

920 2233 1010 2256 teneat
1037 2231 1082 2264 qui
1101 2230 1246 2264 cognovit,
1268 2237 1320 2256 non
1342 2236 1486 2263 possumus
1510 2228 1602 2255 dicere
1629 2229 1700 2263 quod

917 2263 1129 2298 comprehendat
1155 2264 1238 2291 Filius
1258 2263 1377 2291 Patrem.
1406 2264 1487 2290 Pater
1513 2270 1578 2290 vero
1607 2263 1698 2291 omnia

917 2300 1129 2331 comprehendit.
1144 2299 1215 2326 Inter
1229 2299 1320 2325 omnia
1336 2303 1425 2325 autem
1436 2303 1462 2324 et
1474 2298 1557 2325 Filius
1570 2303 1621 2330 est,
1635 2306 1701 2333 ergo

916 2339 943 2361 et
964 2334 1059 2360 Filium
1085 2334 1299 2368 comprehendit.
1319 2343 1328 2359 ι
1343 2333 1484 2360 Postrema
1502 2334 1583 2360 verba
1607 2334 1700 2361 Graece

917 2370 987 2403 apud
1009 2367 1190 2396 Justinianilm
1215 2370 1246 2394 ad
1263 2369 1365 2395 calcem
1387 2369 1468 2403 epist.
1484 2367 1517 2394 ad
1534 2368 1638 2396 Menum
1661 2371 1700 2395 sic

915 2403 1054 2444 leguntur:
1066 2405 1096 2444 ξῖι
1102 2404 1132 2444 ῥὲ
1145 2405 1159 2430 ὁ
1172 2404 1267 2444 Πᾳτῂρ
1276 2403 1438 2444 ὲμπξρλιέχεε
1447 2403 1481 2429 τὰ
1495 2403 1592 2444 redvcta,
1607 2403 1701 2444 τᾷξνρὲ

917 2413 1039 2446 teguntur
1049 2413 1054 2429 Ξ
1066 2413 1096 2430 ιι
1105 2413 1132 2430 οε
1145 2413 1159 2430 ο
1172 2413 1265 2464 ιιατίλρ
1276 2413 1434 2444 εμπεριεχει
1447 2413 1481 2429 τα
1495 2413 1592 2434 παντα,
1607 2413 1660 2445 τωὶΙ
1671 2413 1699 2430 οε

917 2447 1025 2474 παντων
1047 2439 1078 2465 τέ
1100 2440 1174 2466 ἐστιν
1197 2440 1212 2465 ὁ
1251 2439 1289 2470 ἰὸς
1299 2459 1306 2470 ,
1329 2439 1407 2474 δηλον
1425 2440 1466 2465 ὅτι
1495 2440 1542 2474 καὶ
1557 2439 1602 2465 τὸν
1627 2438 1699 2474 Υγιόν.

918 2473 1052 2501 Unitatem
1069 2475 1193 2502 essentia
1207 2479 1234 2501 et
1245 2473 1425 2508 aequalitatem
1451 2475 1478 2500 in
1501 2473 1578 2500 Patre
1592 2479 1618 2500 et
1632 2473 1702 2500 Filio

916 2508 1029 2536 mirifice
1040 2510 1150 2543 exponit
1163 2509 1304 2544 Origenes.
1317 2510 1380 2536 dnm
1394 2508 1502 2544 Patrem
1515 2517 1529 2535 a
1546 2508 1616 2536 Filio
1626 2517 1702 2535 com-

916 2544 1044 2578 prehendi
1067 2545 1171 2576 statuit,
1186 2543 1247 2578 quin
1272 2544 1352 2570 Pater
1368 2545 1394 2571 in
1419 2543 1487 2570 Filio
1511 2549 1560 2570 est.
1590 2545 1699 2578 Patrem

916 2577 981 2614 ergo
995 2579 1020 2605 in
1037 2578 1106 2606 Filio
1123 2577 1336 2614 essercred’ebat,
1356 2587 1407 2606 non
1433 2579 1496 2613 quia
1521 2578 1594 2605 Patri
1612 2577 1699 2605 Filius

915 2613 1018 2645 obedit,
1033 2614 1078 2641 sed
1091 2614 1154 2648 quia
1170 2613 1239 2641 Filio
1254 2613 1334 2641 Pater
1347 2620 1428 2641 totam
1440 2614 1556 2640 divinam
1574 2614 1700 2640 substan-

917 2650 980 2675 tiam
998 2649 1151 2683 generando
1167 2650 1286 2676 tradidit.
1303 2649 1380 2677 Unde
1396 2649 1536 2676 scientiam
1549 2654 1576 2676 et
1593 2649 1701 2682 Sapien-

917 2684 981 2710 tiam
992 2684 1019 2710 in
1034 2688 1148 2717 utroque
1159 2684 1287 2719 requalem
1304 2684 1426 2719 agnoscit
1442 2683 1581 2718 Origenes;
1595 2691 1626 2710 ac
1636 2683 1700 2710 illud

917 2723 1020 2745 tanturn
1036 2719 1287 2751 comprehensionis
1306 2727 1467 2754 genus,quo
1482 2719 1602 2753 genitum
1623 2726 1701 2754 conv

914 2754 1056 2789 prehendit
1073 2754 1186 2789 genitor,
1202 2762 1216 2780 a
1230 2753 1296 2780 Filio
1308 2753 1438 2783 removet.
1452 2769 1488 2774 ——
1502 2754 1621 2781 Domnus
1630 2753 1700 2780 Pru-

916 2790 989 2816 dent.
1017 2789 1110 2816 Maran
1132 2788 1169 2816 De
1192 2789 1296 2818 dltvinit.
1317 2789 1414 2817 Christi
1441 2790 1486 2817 lib.
1512 2797 1548 2823 tv,
1573 2797 1634 2824 cap.
1653 2789 1687 2815 iii

917 2833 993 2853 num.
1006 2825 1024 2852 2
1034 2829 1061 2853 et
1076 2825 1104 2851 Α.
