1904 3077
202 113 254 141 767

853 108 884 137 Ρ.
904 107 1059 136 DANlELlS
1077 105 1194 134 HUETII

1783 98 1830 126 768

203 173 274 209 quod
287 177 314 199 ct
330 171 422 200 Graece
434 170 545 197 exhibet
558 169 725 197 Justinianus
746 168 774 195 in
792 168 843 195 llne
862 166 988 201 Epistoch
1003 185 1007 196 Α

1060 162 1149 193 ηδ’τοῦ
1166 164 1272 201 Πατρδς
1287 162 1439 197 ἀγνοεισοαι
1457 163 1510 189 om
1523 151 1569 187 τοῦ
1588 159 1669 191 Υἱοὶ),
1687 159 1829 195 διαρκοῦν-

206 219 243 246 ad
265 217 393 245 Menam:
414 215 509 247 Ἀλλος
534 215 562 241 δέ
588 223 629 246 τις
642 214 754 250 ζητήσει
778 215 802 240 ει
827 213 925 248 ἀληθὲς
956 213 987 239 τὸ

204 263 305 298 ὁμοίως
319 262 363 288 τὸν
379 261 445 287 Θεὸν
459 260 503 295 ὑφ’
517 259 612 286 ἑαυτοῦ
639 259 830 294 γινώσκεσθαι,
848 258 887 294 τῷ
909 257 989 292 γινώ-

207 309 319 336 σκεσθαι
335 308 413 334 αὐτὴν
431 307 483 333 ὑπὸ
497 306 543 332 τοῦ
560 305 727 340 Μονογενοῦς
740 314 747 321 ·
757 306 803 332 καὶ
811 306 989 339 ἀναφανεῖται

206 355 246 382 δτι
267 354 297 381 τὸ
321 354 465 390 εἰρημένον
478 361 484 368 ·
503 353 529 378 Ὀ
545 352 646 387 Πατὴρ
668 354 684 379 ὁ
698 352 819 386 πέμψας
834 360 873 386 με
887 350 991 383 μείζων

203 410 263 437 μου
277 400 372 431 ἐστὶν,
385 401 413 426 ὲν
428 400 510 426 πᾶσιν
527 398 636 433 ἀληθές.
651 399 730 425 Ὥστε
747 399 794 424 καὶ
805 399 833 424 ὲν
842 397 881 433 τῷ
896 399 965 424 νοεῖν
977 398 991 425 6

206 446 300 482 Πατὴρ
321 446 451 482 μειζόνως
481 445 527 471 καὶ
553 444 722 479 τρανοτέροις
745 444 792 470 καὶ
818 444 991 479 τελειοτέρως

207 495 307 520 νοεῖται
338 493 383 527 ὑφ’
405 491 520 525 ἑαυτοῦ,
544 491 571 526 ἠ’
585 490 636 517 ὑπὸ
657 490 704 516 τοῦ
725 490 799 517 Υἱοῦ.
827 500 837 516 ‹
865 490 992 517 Curiosus

207 538 292 565 lector
305 537 432 571 inquirat,
446 541 534 563 utrum
553 543 567 562 a
588 536 733 570 semetipso
754 541 932 570 cognoscatur
944 534 993 561 Pa-

210 589 262 617 ter,
275 578 410 617 quomodo
426 582 601 616 cognoscitur
623 589 636 608 a
654 581 740 612 Filio;
766 581 909 615 seiensque
928 579 993 606 illud

211 628 281 664 quod
300 627 431 662 scriptum
448 631 511 653 est:
530 625 613 653 Pater
630 627 675 661 qui
691 627 760 652 misit
779 634 829 658 me,
850 624 936 659 major
954 632 994 650 me

211 679 250 701 est
264 674 297 706 ",
311 673 337 699 in
355 672 480 699 omnibus
501 680 594 699 verum
611 679 672 698 esse
693 671 851 704 contendet,
875 675 905 697 ut
922 670 996 697 dicat

212 720 280 748 etin
293 719 446 752 cognitione
472 718 542 745 Filio
561 718 667 745 Patrem
695 725 756 744 csse
772 716 912 750 majorem,
933 717 994 743 dum

212 764 359 800 perfectius
377 769 403 791 et
418 760 512 797 purius
524 771 537 789 a
553 763 697 797 semetipso
715 762 897 796 cognoscitur,
916 768 995 795 quam

214 819 229 838 a
246 811 320 837 Filio.
335 820 344 836 ι
360 810 446 844 Atque
461 809 485 836 id
501 817 561 837 esse
580 817 667 836 causa:
681 816 764 843 quare
783 807 880 834 Filium
892 814 907 834 a
918 806 998 834 Patre

1039 220 1085 244 τος
1098 210 1256 245 ἐξισωθῆναι
1271 210 1331 240 ταῖς
1344 208 1511 243 καταλήψεσι
1525 206 1572 232 τοῦ
1589 206 1732 240 ἁγενήτου
1755 205 1827 232 Θεοῦ·

1041 256 1199 284 ἐπιστατέον
1216 255 1296 282 αὑτὸν
1306 255 1337 280 ὲκ
1353 253 1399 280 τοῦ
1413 252 1541 288 ἀλήθειαν
1557 249 1626 278 εἶναι
1642 251 1694 278 τδν
1707 251 1828 287 Σωτῆρα,

1041 304 1088 331 καὶ
1104 302 1269 340 προσακτέον
1286 301 1325 328 ὅτι
1349 301 1374 327 εί
1392 299 1536 335 ὁλόκληρος
1563 299 1635 325 ἐστιν
1665 299 1684 334 ὴ
1710 297 1829 333 ἀλήθεια,

1042 350 1117 378 οὐδὲν
1131 349 1229 384 ἀληθὲς
1247 349 1348 382 ἀγνοεῖ,
1364 347 1408 373 ἵνα
1424 347 1460 381 μὴ
1475 345 1568 381 σκίιζῃ⁴
1579 345 1718 372 λείπουσα
1733 346 1751 380 ἡ
1769 344 1828 380 ἁλή-

1044 396 1103 422 θεια
1117 393 1156 427 οἷς
1174 395 1204 421 οὐ
1219 393 1357 428 γινώσκει,
1380 392 1440 419 κατ’
1456 391 1586 423 ἐκείνους,
1600 391 1789 426 τυγχάνουσιν
1805 392 1832 418 ὲν

1046 441 1118 477 μόνῳ
1133 439 1172 475 τῷ
1183 440 1282 475 Πατρὶ,
1295 439 1312 474 ἦ
1325 438 1455 465 δεικνύτω
1468 446 1510 470 τις
1522 438 1562 464 ὅτι
1578 437 1651 464 ἐστιν
1665 437 1685 464 ἃ
1702 437 1831 471 γινωσκό-

1047 495 1115 523 μενα
1130 486 1179 521 τῆς
1194 485 1322 521 ἀληθείας
1332 484 1516 520 προσηγορίας
1532 484 1563 510 οὐ
1579 484 1767 519 τυγχάνοντα,
1781 483 1832 510 ἀλλ’

1046 534 1116 569 ὑπὲρ
1131 533 1216 568 αὐτὴν
1238 532 1313 559 ὄντα.
1329 531 1488 558 Addendum
1505 538 1645 558 censerem
1667 535 1698 557 et
1724 529 1803 556 istum
1819 537 1832 557 e

1047 581 1096 607 lib.
1117 588 1126 607 ι
1141 580 1210 614 Περὶ
1226 578 1337 613 ἀρχῶν,
1352 586 1412 612 cap.
1427 578 1453 609 5,
1470 585 1544 605 num.
1566 578 1581 604 ι
1603 578 1702 613 (quem
1730 582 1833 612 usurpat

1047 634 1107 661 cap.
1129 625 1162 652 18
1194 631 1290 652 auctor
1316 624 1399 653 libelli
1431 625 1467 651 De
1492 624 1588 651 deitate
1611 629 1634 650 et
1653 623 1833 650 incarnatione

1051 672 1139 703 Verbi,
1155 672 1187 698 ad
1199 671 1358 698 Januarium
1370 690 1378 704 ,
1392 671 1437 705 qui
1458 670 1632 705 subjungitur
1647 674 1729 696 tonio
1745 673 1834 703 quarto

1049 716 1201 753 Augustini)
1212 715 1255 751 ;in
1270 716 1508 752 quocoghitionem
1521 716 1639 750 Spiritus
1651 715 1746 743 sancti
1757 723 1834 750 atqua-

1050 763 1101 790 lent
1115 771 1175 791 esse
1191 763 1336 798 cognitioni
1349 762 1438 790 Patris
1455 767 1482 789 et
1498 761 1557 788 Filii
1571 761 1740 794 ostenditur,
1753 761 1776 788 si
1790 768 1835 788 nan

1052 810 1101 836 hoc
1114 817 1191 844 opus,
1203 814 1232 836 ut
1249 809 1329 836 toties
1346 808 1451 841 monui,
1468 809 1494 835 in
1513 809 1545 835 iis
1564 808 1687 834 maxime
1701 806 1797 841 quibus
1807 806 1834 833 de

219 855 420 890 comprehendi.
433 853 540 881 Putrem
560 862 625 881 vero
640 862 655 880 a
671 853 738 880 Filio
755 853 911 887 neutiquam
926 860 1001 879 cont-
1015 852 1037 880 Β
1051 855 1186 883 Trinitate
1211 855 1311 890 agitur,
1328 854 1499 889 corrupisset
1526 853 1654 881 Ruﬁnus.
1681 853 1730 881 Sic
1755 857 1835 880 autem

216 901 344 937 prehendi
362 901 576 935 posse-opinatus
589 900 634 931 sit,
646 899 684 926 ait
698 898 878 933 Hieronymus
889 905 894 923 :
905 902 999 925 contra

215 957 297 983 quam
311 948 449 982 Paganino
464 947 616 974 Gaudentio
633 947 720 973 visunt
741 951 782 972 est
802 945 848 972 lib.
872 945 908 971 De
929 952 1001 971 tom-

215 1000 302 1030 paral.
320 995 406 1027 dogm.
425 992 531 1027 Origen.
544 1001 602 1019 cum
618 992 713 1026 philos.
733 991 925 1025 I’latonit;qui
942 991 1001 1017 ideo

216 1040 356 1067 censuisse
370 1039 513 1073 Origenem
529 1038 634 1070 scribit,
651 1037 748 1064 Filium
758 1037 848 1064 videre
859 1045 911 1064 non
924 1043 1002 1071 posse

215 1083 336 1117 Patrem,
356 1085 418 1118 quia
434 1084 531 1110 Filium
551 1083 645 1110 habuit
664 1090 713 1117 pro
733 1090 760 1109 re
775 1087 884 1115 creata;
898 1081 1003 1109 intelle-

218 1136 289 1158 ctum
316 1135 405 1157 autent
428 1135 548 1156 creatum
568 1137 624 1157 rem
655 1129 789 1155 inlinitam
816 1135 930 1155 cernere
949 1135 1002 1154 non

219 1185 307 1212 posse.
325 1175 392 1203 Cum
410 1176 482 1203 enim
498 1180 607 1209 putasse
635 1174 738 1202 feratur
760 1182 847 1207 neque
868 1173 966 1200 Filium
985 1180 1004 1212 _a

220 1222 431 1257 Spiritu‘sancto
443 1221 526 1248 videri
542 1227 631 1255 posse,
641 1227 728 1254 neque
740 1219 870 1254 Spiritum
880 1208 1003 1246 sanctum

221 1268 255 1294 ab
268 1259 381 1300 angelis,
406 1274 493 1301 neque
518 1266 629 1300 angelos
656 1265 689 1292 ab
715 1265 882 1298 hominibus,
908 1272 1004 1292 vanam

221 1322 282 1341 esse
302 1314 424 1348 sequitur
439 1313 585 1340 Gaudentii
603 1313 797 1348 conjecturam.
823 1312 923 1340 Eodem
947 1320 1008 1347 per-

223 1360 290 1386 tinet
314 1359 385 1394 quod
409 1360 535 1393 queritur
553 1358 745 1394 Hieronymus,
761 1367 821 1393 cap.
843 1359 867 1391 l,
885 1358 1005 1393 ejusdem

224 1405 352 1439 Episton
368 1406 402 1432 ad
420 1406 501 1437 .4vit.,
520 1406 672 1432 decrevisse
689 1404 844 1439 Origenem,
858 1404 941 1431 Deum
952 1403 1006 1430 Pa-

224 1456 289 1478 trem
303 1459 357 1478 esse
371 1451 457 1478 lumen
469 1450 739 1484 incomprehensibile.
758 1450 917 1485 Anonymus
938 1457 1007 1483 quo-

224 1505 278 1532 que
293 1502 387 1523 auctor
409 1496 544 1531 Apologia:
565 1504 611 1530 pro
641 1496 765 1531 Origene,
791 1496 860 1530 apttd
881 1495 1006 1522 Pltotiutn

224 1543 285 1571 cod.
301 1551 383 1575 cxvu,
405 1543 474 1569 inter
493 1543 581 1577 capita
594 1542 814 1569 crintinalionum
826 1549 885 1576 quae
898 1541 1007 1576 Origeni
1023 1529 1043 1558 ε

225 1590 354 1617 intentari
376 1589 517 1621 solebant,
539 1588 647 1616 tertium
677 1588 741 1615 illud
765 1589 838 1623 ponit
860 1587 947 1624 [Υἱὺνὶ
973 1588 1010 1624 μὴ

225 1632 369 1666 γινώσκειν
390 1633 435 1659 τὸν
456 1633 582 1668 Πατέρα,
603 1632 640 1664 ὡς
664 1633 745 1664 αὐτὸς
767 1633 871 1660 ἑαυτόν.
889 1642 897 1658 ι
914 1633 1010 1660 Filium

226 1685 278 1704 non
297 1685 462 1712 cognoscere
475 1677 592 1710 Patrem,
606 1683 633 1706 ut
646 1678 735 1712 seipse
746 1677 827 1704 Pater
843 1676 1008 1712 cognoscit.)

225 1721 310 1756 Hujus
328 1730 393 1750 sane
407 1723 551 1750 comtuenti
571 1728 639 1749 nota:
657 1729 765 1750 exstant
791 1729 863 1750 IOIIlO
882 1731 957 1750 χχχιι
974 1723 1012 1756 (8)

225 1768 252 1794 in
265 1768 360 1800 Joun.,
376 1777 450 1797 lllllll.
465 1768 499 1795 18
515 1760 661 1795 εΓινώσκει
671 1767 717 1796 οὗν
730 1770 774 1795 τὸν
786 1769 894 1805 Πατέρα
910 1771 924 1796 ὁ
939 1769 1012 1801 Υἱὸς,

225 1812 300 1848 αὐτῷ
322 1812 360 1848 τῷ
375 1813 517 1847 γινώσκειν
538 1814 618 1840 αὑτὸν
632 1815 688 1841 ὄντι
710 1814 830 1850 μεγίστῳ
844 1815 948 1851 ἀγαθῷ,
966 1815 1014 1841 καὶ

225 1859 318 1886 ὁποῖον
332 1859 364 1886 ἂν
380 1861 394 1886 ὁ
408 1860 453 1886 ἐπὶ
463 1861 568 1887 τελείαν
581 1861 682 1895 γνῶσιν
695 1861 731 1888 ὢν
743 1863 776 1897 ἢν
787 1861 915 1896 γινώσκει
926 1863 939 1888 ὀ
951 1862 1015 1894 Υἱὸς

225 1906 272 1933 τὸν
289 1908 407 1943 Πατέρα,
434 1908 574 1943 ἐδοξάσθη.
601 1907 683 1944 Οἶμαι
700 1910 740 1936 ὅτι
761 1911 808 1936 καὶ
824 1910 919 1937 ἑαυτὸν
934 1910 1015 1944 de»

227 1961 310 1983 σκων,
335 1953 402 1988 ὅπερ
418 1955 463 1980 καὶ
479 1954 544 1980 αὐτὸ
567 1955 598 1980 οὗ
624 1955 733 1990 μακρὰν
758 1955 853 1982 ἀποδεῖ
874 1955 921 1982 τοῦ
949 1965 1016 1992 προ-

227 1998 317 2034 τέρου,
334 1997 463 2034 ἐδοξάσθη
485 2000 517 2025 ὲκ
532 1999 578 2026 τοῦ
601 2000 680 2026 αὑτὸν
699 2000 858 2034 ἐγνωκέναι.
877 2000 1016 2035 Cognitio-

228 2052 289 2071 m-m
307 2053 360 2079 qua
387 2052 416 2071 se
435 2046 575 2080 cognoscit
594 2044 689 2079 Filius,
717 2047 872 2080 cognitione
896 2047 941 2073 illa
963 2055 1016 2082 qua

229 2090 371 2123 cognoscit
387 2089 496 2117 Patrem
525 2091 606 2125 paulo
627 2091 782 2118 inferiorem
807 2099 869 2124 esse
899 2091 1016 2125 deﬁnit;

229 2136 301 2170 quod
331 2143 393 2163 mox
417 2137 537 2170 apertius
558 2137 703 2171 prmdieat,
726 2137 821 2164 dicens
847 2136 895 2173 τὴν
912 2137 1018 2173 Πατρὺς

229 2182 346 2219 θεωρίαν
360 2181 428 2209 εἶναι
447 2181 557 2218 μείζονα
570 2183 620 2218 τῆς
636 2185 664 2210 ἐν
679 2183 736 2219 Υίῷ
753 2183 879 2218 θεωρίας.

268 2229 325 2256 XX.
339 2229 404 2263 Qum
414 2230 538 2264 quamvis
553 2234 744 2257 asscveranter
758 2230 932 2264 pronuntiata
950 2230 1018 2263 sint,

232 2274 271 2310 (9)
282 2275 351 2301 ident
367 2275 424 2309 ipse
440 2280 529 2304 tamen
540 2276 566 2303 in
580 2276 674 2303 iisdem
688 2276 898 2304 Commentariis
909 2280 981 2304 tomo
996 2285 1015 2309 t,

232 2327 309 2347 num.
332 2320 386 2353 27,
412 2321 543 2355 aqualem
563 2322 744 2356 cognitionem
775 2322 838 2349 Filii
871 2322 1018 2357 cognitioni

233 2365 321 2392 Patris
334 2366 440 2393 videtur
454 2371 581 2399 statuere,
599 2368 667 2395 adeo
679 2368 742 2402 quid
754 2372 912 2402 sequeretur
925 2376 1019 2403 parum

233 2410 284 2444 ipsi
301 2416 388 2438 ratum
405 2412 540 2446 lixuiuque
555 2412 604 2439 l'uit
618 2421 625 2439 ε
649 2413 756 2440 Ἐὰνδέ
765 2422 807 2444 τις
826 2413 905 2449 ζητῇ,
921 2414 1020 2448 inquit,

232 2457 258 2484 εί
273 2458 326 2483 πᾶν
342 2458 356 2483 ὃ
372 2458 399 2483 τί
407 2466 471 2484 ποτε
487 2459 655 2493 ἐγνωσμένον
669 2459 721 2485 ὑπὸ
734 2459 779 2486 τοῦ
790 2460 895 2495 Πατρὸς
908 2459 978 2486 κατὰ
992 2460 1022 2486 τὸ

235 2502 315 2538 βάθος
328 2503 375 2529 τοῦ
390 2503 516 2543 πλούτου,
535 2505 581 2530 καὶ
592 2504 641 2538 τῆς
655 2505 759 2539 σοφίας,
775 2505 822 2531 καὶ
835 2505 884 2540 τῆς
895 2505 1021 2540 γνώσεως

234 2549 328 2579 αὑτοῦ,
343 2549 487 2576 ἐπίσταται
510 2550 524 2576 ὸ
542 2550 636 2586 Σωτὴρ
650 2551 738 2585 ἡμῶν,
750 2546 801 2577 ’καὶ
818 2551 952 2587 φαντασίᾳ
975 2551 1021 2578 τοῦ

233 2595 353 2628 δοξάζειν
366 2596 411 2621 τὸν
428 2595 536 2632 Πατέρα
549 2595 731 2632 ἀποφαίνηταί
753 2603 813 2623 τινα
835 2597 1023 2632 γινωσκόμενα

220 2646 223 2649 ’
271 2652 294 2668 ³⁸
311 2651 387 2679 .loan.
406 2659 462 2684 xiv,
475 2652 521 2679 25.
560 2643 581 2668 ’ί
593 2652 660 2680 Luc.
673 2661 700 2686 x,
717 2652 762 2679 2‘2.
801 2653 822 2669 ³⁸
835 2653 842 2679 Ι
857 2653 919 2679 (lor.
939 2654 1024 2684 ιι,10.

273 2700 311 2734 (8)
327 2699 358 2726 lu
382 2700 463 2727 Joan.
486 2709 559 2727 num.
582 2700 625 2734 l8,
641 2706 695 2728 etc.
713 2701 781 2728 Vide
807 2709 889 2735 supra
917 2708 990 2726 num.
1007 2701 1022 2726 Ἰ

239 2735 442 2774 observationes
460 2741 567 2763 nostras
586 2737 612 2763 in
627 2736 683 2763 [nec
699 2736 780 2763 verba
796 2744 804 2762 ι
826 2735 925 2761 Eodem
952 2736 1011 2762 tabo

241 2774 299 2795 funt
316 2775 387 2800 vnio,
402 2775 455 2797 (ξμς.

270 2803 316 2841 ,(9)
332 2803 402 2841 idem
416 2805 470 2838 ipse
486 2810 574 2832 tamen
589 2806 724 2841 in_iitdem
746 2804 958 2841 Commentariis,
973 2809 1025 2832 etc.

245 2836 386 2872 {Equalem
409 2836 590 2874 cegnitionctu
606 2839 667 2868 Filii
688 2839 834 2875 cognitioni
853 2839 942 2868 l'att‘is
971 2846 1027 2868 δια-

1050 906 1200 936 conceptus
1210 905 1252 928 cst
1268 910 1276 928 :
1292 909 1302 926 ι
1320 899 1399 927 Sicut
1416 900 1489 927 enim
1508 900 1542 927 de
1556 899 1625 927 Filio
1644 899 1768 931 dicitur,
1781 899 1834 933 quia

1050 956 1125 974 nemo
1136 947 1206 974 novit
1225 946 1330 974 Patrem
1348 947 1400 973 nisi
1420 945 1520 978 Filius,
1532 951 1555 972 et
1573 946 1616 972 cui
1631 945 1748 972 coluerit
1761 944 1836 971 Filii:

1055 993 1170 1020 revelare
1184 992 1206 1008 "
1225 992 1303 1020 :bazc
1328 992 1421 1019 eadem
1443 992 1526 1018 etiam
1554 991 1588 1018 de
1617 991 1726 1026 Spiritu
1752 995 1835 1020 sancto

1053 1038 1119 1065 dicit
1144 1037 1300 1072 Apostolus,
1329 1045 1390 1065 cttm
1414 1037 1452 1063 ait
1471 1045 1478 1063 :
1499 1036 1583 1063 Nobis
1603 1042 1696 1063 autem
1721 1035 1833 1063 reuelauit

1053 1083 1123 1111 Deus
1136 1092 1181 1118 per
1192 1083 1319 1118 Spiritum
1336 1091 1412 1110 suum
1425 1092 1434 1116 ;
1451 1082 1568 1117 Spiritus
1580 1083 1650 1110 enim
1669 1083 1761 1109 omnia
1774 1090 1836 1109 uru-

1055 1134 1137 1163 tutur,
1149 1131 1227 1156 etiam
1239 1130 1294 1156 alta
1309 1129 1356 1157 Dei
1368 1129 1402 1157 ’⁸.
1423 1129 1475 1156 Sed
1497 1134 1523 1156 et
1538 1137 1633 1156 rursus
1649 1129 1678 1155 in
1701 1128 1837 1163 Evangelia

1055 1176 1088 1202 de
1102 1176 1201 1203 divinis
1225 1181 1251 1202 et
1278 1175 1502 1210 profundioribus
1526 1175 1662 1202 doctrinis
1682 1181 1835 1202 commemo-

1055 1228 1120 1248 rans
1148 1221 1283 1253 Salvator,
1311 1228 1378 1256 quas
1398 1222 1515 1248 nondum
1533 1228 1632 1256 capere
1646 1216 1648 1218 ⁷
1662 1224 1788 1255 poterant
1802 1219 1836 1246 di-

1056 1267 1152 1301 scipuli
1168 1267 1220 1300 sui,
1239 1268 1274 1294 ita
1289 1267 1326 1294 ait
1338 1267 1371 1294 ad
1390 1267 1526 1301 apostolos
1541 1275 1547 1293 :
1563 1267 1657 1293 Adhuc
1668 1265 1753 1292 multa
1766 1265 1837 1291 habeo

1055 1322 1114 1348 qua;
1135 1315 1207 1341 vobis
1218 1314 1316 1347 dicam,
1340 1314 1386 1341 sed
1408 1323 1459 1341 non
1483 1314 1589 1347 potestis
1611 1313 1712 1340 amodo
1735 1318 1835 1346 capere:

1056 1368 1114 1387 cum
1123 1365 1209 1386 autem
1218 1360 1314 1387 uenerit
1328 1360 1478 1387 consolator
1490 1358 1606 1393 Spiritus
1618 1364 1743 1390 sanctus,
1753 1358 1794 1384 ille
1801 1365 1836 1384 vos

1057 1405 1156 1431 docebit
1166 1406 1262 1439 omnia,
1273 1410 1296 1431 et
1306 1405 1477 1432 commouebit
1489 1406 1575 1432 omnia
1588 1413 1647 1439 qua:
1659 1405 1719 1431 disi
1733 1403 1834 1431 vobis".

1058 1450 1090 1477 Et
1106 1451 1142 1477 ita
1162 1451 1333 1478 sentiendum
1351 1455 1403 1481 est,
1420 1451 1491 1485 quod
1511 1451 1580 1478 sicut
1602 1451 1690 1478 Filius
1713 1450 1757 1484 qui
1773 1449 1835 1476 solus

1060 1496 1198 1531 cognoscit
1218 1496 1324 1523 Patrem
1340 1518 1347 1530 ,
1372 1497 1473 1524 revelat
1498 1497 1541 1524 cui
1568 1496 1637 1528 vult,
1665 1496 1705 1523 ita
1731 1494 1836 1530 Spiritus

1061 1547 1170 1570 sanctus
1185 1544 1228 1577 qui
1244 1543 1318 1570 solus
1342 1547 1478 1570 scrutatur
1490 1542 1571 1568 etiam
1596 1541 1649 1568 alta
1669 1541 1730 1572 Dei,
1749 1539 1836 1566 revelat

1063 1588 1145 1615 Deum
1160 1589 1203 1615 cui
1216 1589 1288 1621 vult;
1307 1589 1424 1622 Spiritus
1443 1588 1511 1615 enim
1525 1588 1569 1614 ubi
1580 1587 1635 1614 vult
1652 1588 1739 1622 spirat
1750 1586 1781 1612 ’°.
1793 1584 1836 1611 Ne-

1062 1642 1114 1670 que
1129 1635 1200 1662 enim
1213 1635 1360 1670 putandum
1385 1639 1425 1662 est
1440 1634 1513 1669 quod
1531 1634 1612 1661 etiam
1631 1633 1751 1668 Spiritus
1775 1630 1835 1658 Filio

1063 1681 1201 1708 revelanle
1229 1681 1378 1716 cognoscit.
1402 1680 1429 1707 Si
1454 1680 1525 1707 enim
1547 1679 1687 1707 revelante
1715 1677 1778 1705 Filio
1800 1683 1836 1703 co-

1064 1726 1167 1760 gnoscit
1179 1725 1290 1752 Patrem
1307 1724 1424 1759 Spiritus
1436 1730 1559 1757 sanctus,
1571 1732 1636 1760 ergo
1651 1732 1686 1751 ex
1702 1720 1836 1758 ignorantia

1064 1771 1097 1797 ad
1123 1771 1263 1798 scientiam
1281 1771 1353 1797 venit
1373 1779 1380 1797 :
1401 1770 1472 1804 quod
1490 1770 1582 1805 utique
1598 1775 1626 1797 et
1642 1770 1753 1805 impium
1774 1765 1835 1801 pari-

1066 1822 1107 1843 ter
1120 1821 1146 1843 et.
1165 1816 1276 1842 stultum
1293 1820 1343 1849 est,
1370 1815 1502 1850 Spiritum
1532 1820 1655 1842 sanctum
1676 1812 1802 1844 confiteri,
1815 1815 1836 1836 et

1065 1863 1244 1897 ignorantiam
1260 1862 1283 1889 ei
1301 1861 1448 1889 ascribere.
1466 1871 1475 1887 ι
1488 1860 1516 1888 Si
1533 1861 1614 1888 ullam
1629 1860 1741 1895 Spiritui
1757 1862 1836 1886 sancto

1067 1909 1245 1943 ignorantiam
1277 1907 1463 1934 ascribendam
1492 1914 1553 1934 esse
1584 1905 1718 1941 Origenes
1750 1907 1835 1938 negt“.

1065 1953 1194 1988 aequalem
1207 1953 1318 1980 omnino
1335 1952 1475 1980 scientiam
1502 1952 1551 1986 ipsi
1571 1952 1667 1979 tribuit
1683 1959 1715 1978 ac
1730 1948 1796 1977 Patri
1813 1950 1835 1974 et

1065 1999 1154 2033 Filio;
1172 2007 1221 2026 nec
1249 1998 1335 2032 major
1354 1998 1426 2025 enim
1443 1998 1590 2032 excogitari
1616 2001 1706 2031 potest
1728 1993 1834 2024 scicntia,

1067 2053 1147 2080 quam
1166 2053 1227 2080 quae
1248 2045 1321 2071 nulla
1337 2045 1448 2080 penitus
1475 2044 1637 2079 ignorantia:
1661 2042 1770 2076 caligine
1785 2045 1835 2073 per-

1053 2091 1148 2122 ,mism
1166 2095 1217 2118 est.

1103 2137 1173 2164 XXI.
1194 2137 1291 2164 Filium
1306 2137 1352 2165 Dei
1370 2145 1417 2172 pro
1433 2144 1463 2164 re
1477 2140 1570 2165 creata
1585 2137 1619 2164 ab
1645 2137 1757 2172 Origene
1770 2133 1834 2163 babi-

1070 2189 1126 2212 tum
1142 2185 1224 2212 fuisse
1239 2192 1270 2211 ac
1286 2184 1474 2219 praedicatum,
1491 2191 1551 2218 quae
1562 2182 1724 2210 Arianorum
1740 2186 1764 2209 et
1777 2181 1835 2208 Ano-

1071 2238 1199 2258 marorum
1217 2231 1296 2264 impia
1315 2230 1364 2256 fuit
1379 2235 1407 2257 et
1425 2229 1553 2257 damnosa
1570 2229 1672 2263 opinio,
1694 2229 1768 2255 verba
1789 2227 1834 2253 haec

1070 2276 1232 2311 persuadere
1245 2279 1369 2310 possunt,
1381 2283 1440 2310 qua:
1453 2283 1468 2303 e
1485 2275 1532 2302 lib.
1549 2283 1575 2302 tv
1586 2275 1655 2309 Περὶ
1665 2274 1759 2309 ἀρχῶν
1766 2271 1835 2299 addu-

1070 2323 1107 2349 cit
1122 2321 1288 2349 Jttstiuianus
1302 2321 1328 2348 in
1341 2320 1460 2356 Epistula
1477 2322 1512 2347 ad
1529 2321 1654 2348 Menam:
1665 2318 1745 2351 Οὗτος
1758 2319 1771 2345 ὁ
1784 2316 1834 2345 Υἱὸς

1071 2368 1103 2394 ὲκ
1120 2367 1271 2403 Θελήματος
1286 2367 1333 2393 τοῦ
1349 2367 1456 2403 Πατρδς
1473 2367 1609 2402 γενηθεὶς,
1625 2367 1659 2400 ὅς
1672 2367 1752 2394 ἐστιν
1763 2361 1834 2390 εἰκὼν

1071 2413 1124 2440 τοῦ
1138 2413 1211 2440 Θεοῦ
1230 2413 1283 2440 τοῦ
1303 2412 1441 2447 ἀοράτου,
1463 2413 1509 2440 καὶ
1525 2413 1695 2448 ἀπαύγασμα
1712 2411 1757 2445 τῆς
1772 2407 1834 2440 δόξηῖ

1072 2459 1165 2493 αὑτοῦ,
1183 2460 1326 2495 χαρακτήρ
1339 2468 1368 2485 τε
1382 2459 1432 2494 τῆς
1448 2459 1623 2491 ὑποστάσεως
1640 2458 1733 2489 αὑτοῦ,
1749 2452 1832 2491 πρωτά-

1072 2515 1150 2537 τοκος
1172 2506 1262 2542 πάσης
1292 2504 1416 2537 κτίσεως,
1437 2505 1549 2540 κτίσμα,
1569 2505 1658 2540 σοφία.
1675 2504 1743 2538 Αὐτὴ
1758 2501 1801 2535 γὰρ
1820 2496 1831 2531 ἧ

1076 2551 1159 2586 Σοφία
1168 2552 1259 2587 φησιν’
1274 2552 1304 2578 '0
1318 2551 1390 2584 Θεὸς
1406 2551 1656 2586 ἕκτισέμεάρχὴν
1666 2550 1739 2578 ὁδῶν
1745 2541 1831 2574 ἑαυτθῦ

1076 2598 1119 2629 εὶς
1137 2597 1209 2631 ἔργα
1235 2597 1354 2624 ἑαυτοῦ.
1370 2606 1379 2622 t
1398 2597 1446 2624 Hic
1464 2597 1548 2624 Filius
1565 2597 1597 2624 de
1613 2597 1745 2623 voluntate
1763 2587 1832 2618 Pullis

1063 2654 1084 2671 ’θ
1098 2654 1175 2682 Joan.
1190 2661 1245 2686 xvt,
1261 2654 1311 2685 Η,
1329 2654 1380 2686 15;
1397 2661 1454 2686 xiv,
1472 2653 1517 2680 26.
1557 2653 1580 2669 ³⁰
1591 2652 1669 2684 Joan.
1686 2660 1723 2683 nt,
1738 2649 1761 2676 8.

1079 2701 1129 2728 tuit
1145 2702 1225 2729 etiam
1240 2702 1369 2735 Origenes
1386 2701 1431 2728 lib.
1446 2709 1470 2728 νι
1487 2705 1578 2728 contra
1593 2699 1706 2732 Celsum,
1722 2688 1830 2735 nulli-17

1079 2742 1105 2764 et
1125 2744 1200 2763 num.
1227 2736 1262 2763 65
1289 2731 1358 2764 Vide
1377 2736 1487 2763 ‘liullum
1515 2735 1620 2770 Dolens.
1637 2735 1698 2769 ﬁdei
1722 2731 1824 2770 Νἰιιξηιῇ

1080 2762 1112 2798 de
1126 2762 1239 2833 Filiiiéctp
1251 2762 1407 2807 sum-3st,),
1423 2762 1488 2800 sect.
1513 2771 1539 2798 2.
1554 2762 1624 2805 ὐερ.
1637 2762 1667 2803 ’9,
1690 2774 1753 2797 num-
1772 2763 1785 2790 9
1808 2762 1828 2785 ει

1081 2814 1155 2834 "um.
1211 2825 1218 2833 ο
