1904 3077
29 153 79 180 775
453 152 738 181 ORIGENIANORUM
758 153 821 181 LIB.

897 153 974 181 CAP.
994 153 1027 186 Il,
1047 153 1186 188 QUIEST.
1200 155 1234 182 11.
1596 158 1646 185 774

30 212 130 246 Spiritu
171 215 265 240 sancto
292 211 455 240 decrevisse.
490 212 622 239 Similiter
647 212 1033 247 EpiphaninsAaggredimur
1048 212 1155 245 facere,
1180 213 1325 241 alteremus
1344 213 1469 249 Origenis
1492 215 1647 243 testimonia

30 260 94 286 luer.
110 265 186 290 utv,
204 266 261 292 cap.
278 258 295 285 4
308 266 316 283 :
339 258 386 284 Ἐκ
395 258 444 293 τῆς
455 258 549 290 οὐσίας
562 258 608 284 τοῦ
629 259 735 294 nam;
748 259 811 285 τοῦ-

876 253 983 292 [ὔωάθηι
1000 259 1142 285 catholicae
1160 259 1289 286 doctrinze
1304 260 1371 287 satis
1393 266 1582 288 consentanea.
1603 260 1648 288 Fi-

30 313 72 331 τον
89 303 175 339 (Υὶὺν)
197 304 356 339 εἰσηγεῖται,
372 304 480 330 κτιστὸν
499 304 528 330 δὲ
547 303 606 339 ἅμα
617 311 624 318 ·
640 304 762 339 βούλεται
783 305 812 332 δὲ

876 303 926 330 ium
942 303 1096 331 Creatorem
1110 304 1226 339 appellat
1245 305 1291 333 lib.
1305 312 1342 332 vn
1360 306 1388 332 in
1401 305 1487 340 Epist.
1505 309 1538 333 ad
1556 306 1648 339 Rom.

29 349 65 382 ὡς
89 349 159 377 κατὰ
186 349 265 384 χάριν
290 349 334 376 τὸν
357 350 420 376 Υἰὸν
441 349 522 376 αὑτὸν
547 349 687 377 καλεῖσθαι
711 350 809 384 λέγειν.

876 356 937 375 lum.
951 348 978 381 9,
993 354 1021 376 et
1034 356 1047 375 a
1061 350 1143 377 rebus
1155 350 1254 377 creatis
1267 351 1371 379 diserte
1387 351 1503 378 secernit
1519 360 1526 378 :
1548 361 1556 377 ι
1574 351 1648 379 Nihil

34 406 42 421 ε
58 396 96 423 Ex
112 395 262 423 substantia
279 395 368 423 Patris
382 403 442 423 eum
461 395 580 431 (Filium)
592 404 652 424 esse
666 396 812 424 arbitratur
862 399 904 422 est
921 395 1004 428 enim,
1022 395 1118 429 inquit,
1133 395 1190 423 sive
1202 396 1327 430 visibilis,
1344 397 1401 424 sive
1412 397 1556 424 invisibilis
1571 404 1649 424 crea-

32 441 182 477 (Origenes)
194 461 202 473 ,
222 441 270 468 sed
293 441 468 468 nihilominus
488 447 619 468 creatum.
637 442 698 469 \‘ult
722 448 811 469 autem
863 445 940 473 turae,
951 441 1023 475 quod
1041 441 1112 468 Filio
1125 442 1212 476 possit
1226 442 1362 476 adaquari
1376 451 1383 475 ;
1399 443 1471 470 nullo
1485 442 1556 470 enim
1570 447 1649 477 pacto

31 488 102 522 quasi
126 495 177 522 per
202 488 314 523 gratiam
341 487 438 515 Filium
463 488 551 522 ipsum
582 488 745 522 appellatum
770 489 812 515 di-
863 486 978 514 creatori
995 494 1044 514 suo
1061 492 1184 514 creatura
1209 492 1298 522 potest
1311 488 1443 522 canterri';
1456 494 1483 516 et
1497 488 1519 516 si
1535 488 1649 515 Creator

32 540 89 561 cere
110 541 117 565 ;
137 542 148 558 ι
166 538 194 560 et
210 540 270 568 cap.
287 533 304 560 5
325 542 332 560 :
349 533 528 569 Φανερώτατα
544 533 589 560 τὸν
606 533 670 560 Υῐὸν
684 533 730 560 τοῦ
745 534 812 562 Θεοῦ

876 540 921 567 pse
935 533 1050 560 donatus
1064 536 1105 559 est
1125 533 1214 565 nobis,
1231 534 1367 567 quomodo
1381 541 1434 561 non
1452 542 1512 561 cum
1529 534 1587 567 ipso
1601 541 1651 561 no-
1669 536 1672 540 ‘

32 580 129 615 κτίσμα
142 579 302 615 ἐδογμάτισε
312 599 319 612 ,
335 579 382 606 καὶ
397 579 451 605 ἀπὸ
473 579 521 614 τῆς
532 579 596 615 περὶ
613 580 659 606 τοῦ
675 580 740 606 Υῑοῦ
754 580 813 606 τόλ-

876 578 905 605 iis
923 578 1011 605 omnis
1031 582 1157 605 creatura
1179 579 1351 606 donabitur?
1369 589 1378 605 I
1403 585 1430 606 et
1451 579 1476 606 in
1497 579 1650 613 Anacepha-

36 635 85 661 μης
96 625 186 661 γνῲης
197 626 238 652 ὅτι
254 626 300 651 καὶ
315 626 345 651 τὸ
359 625 470 660 Πνεῦμα
483 625 513 651 τὸ
526 625 602 659 ἆγιον
626 626 733 652 κτιστδν
756 627 812 652 εισ-

876 624 937 650 [εοεί
949 623 995 650 lib.
1011 631 1036 650 Iv
1049 624 1119 658 Περὶ
1135 623 1246 659 ἀρχῶν,
1262 633 1337 652 num.
1351 625 1405 653 28:
1423 635 1432 651 ‹
1452 625 1509 652 Non
1523 626 1595 652 enim
1609 625 1651 652 di-

33 672 163 707 ηγήσατο.
185 680 194 696 ι
215 670 392 705 Apertissimc
408 670 506 697 Filium
523 671 568 698 Dei
586 677 736 699 creaturam
754 679 814 700 esse
864 669 960 700 cimus.
976 669 1046 696 sicut
1061 670 1179 697 ltwrelici
1199 675 1307 704 putant,
1324 675 1428 705 partem
1450 670 1566 705 aliquam
1586 670 1651 698 Sub-

33 717 210 747 asseveravit.
224 721 250 743 et
265 716 298 743 ab
318 716 368 743 bac
385 716 410 742 in
429 715 528 743 Filium
550 717 662 744 audacia
683 724 765 744 nosce
787 722 814 745 et
864 717 969 742 stantize
990 714 1037 742 Dei
1058 715 1084 742 in
1099 715 1195 742 Filium
1214 723 1339 748 versam,
1355 721 1402 743 aut
1414 724 1447 742 ex
1468 717 1548 744 nullis
1562 715 1652 743 subsi-

33 769 78 796 pro
108 768 136 788 re
163 766 256 789 creata
281 761 411 794 Spiritum
441 766 566 788 sanctum
585 761 731 792 habuisse;
750 771 760 787 ι
787 766 815 790 et
864 760 995 788 stentibus
1011 761 1106 787 Filium
1129 765 1297 795 procreatum
1317 769 1331 787 a
1348 761 1442 793 Patre,
1459 761 1485 788 id
1501 766 1558 790 est,
1574 765 1650 787 extra

35 814 88 841 cap.
105 806 139 834 8:
160 806 255 833 Ὁπότε
274 806 301 832 δὲ
318 807 346 832 ἐν
366 805 472 837 πολλοῖς
491 806 584 837 τόποις
601 805 715 842 εὕρομεν
734 806 814 834 αὑτὸν

876 806 1041 833 obstantiam
1056 814 1146 838 suam,
1164 811 1194 833 ut
1210 806 1292 833 fuerit
1312 807 1458 841 aliquando
1471 807 1581 841 quando
1597 814 1651 833 nort

35 853 76 880 τὸν
91 853 230 888 Μονογενῆ
247 852 312 879 Θεὸν
330 852 561 888 ἀπαλλοτριοῦντα
576 853 626 888 τῆς
645 852 690 879 τοῦ
709 853 814 890 Πατρὸς

876 852 958 884 'uerit,
972 853 1018 879 sed
1037 852 1159 880 abscisso
1175 852 1250 880 omni
1273 859 1353 879 sensu
1373 860 1516 887 corporeo,
1533 859 1565 879 ex
1584 852 1652 878 invi-

35 899 151 933 ῡεότητός
169 882 199 924 ire
217 882 264 925 aiat
282 897 387 930 οὐσίας,
403 882 470 933 ope-'3
491 906 520 924 τε
541 898 588 924 καὶ
606 882 636 924 is
655 882 812 933 [habitare

876 898 935 925 .ibili
951 902 979 925 et
994 898 1154 933 incorporeo
1167 898 1284 925 Verbum
1303 903 1331 925 et
1346 882 1514 933 Sapientiam
1532 899 1651 933 genitam

35 945 113 979 ἆγιον,
132 944 229 970 τούτου
248 944 327 979 χάριν
346 944 375 970 τὸ
391 944 503 978 γενητὸν
522 943 587 970 Θεὸν
606 944 745 980 εἰρηκέναι
764 946 813 972 αὺ-

876 943 980 971 Iieimus
991 963 999 976 ,
1016 944 1118 978 absque
1138 943 1190 970 ulla
1215 944 1348 978 corporali
1374 944 1501 978 passione
1512 965 1520 976 ,
1537 945 1610 971 velut
1628 945 1652 972 si

36 990 86 1022 τὸν,
100 989 182 1024 σαφές
202 990 286 1020 ἐστιν,
306 990 346 1016 ὅτι
365 988 472 1015 κτιστὸν
496 989 625 1024 ὁρίζεται,
653 999 662 1014 ι
682 989 812 1021 Quoniam

876 990 987 1016 'oluntas
1011 990 1140 1024 proeedat
1165 997 1180 1018 e
1204 995 1304 1017 mente.
1324 999 1333 1016 ι
1352 990 1451 1017 Locum
1473 991 1544 1017 hunc
1563 992 1653 1024 capite

38 1040 117 1062 autern
133 1035 158 1061 in
179 1035 273 1062 multis
293 1034 359 1062 locis
381 1035 535 1062 invenimus
556 1043 617 1061 eum
641 1034 813 1068 Unigenitum
865 1034 899 1061 l8
915 1035 1012 1070 repetit
1035 1040 1129 1063 auctor
1147 1036 1229 1063 libelli
1245 1035 1283 1062 De
1307 1028 1404 1063 deitate
1429 1040 1453 1062 et
1471 1036 1654 1063 incarnatione

37 1079 111 1106 Deum
130 1084 314 1115 segreganteln
331 1087 345 1106 a
361 1079 450 1107 Patris
475 1080 618 1107 divinitate
635 1085 663 1106 et
684 1080 813 1106 substan-
871 1080 964 1112 Verbi,
990 1083 1023 1108 ad
1048 1080 1224 1112 Januarium,
1240 1081 1284 1115 qui
1313 1080 1427 1107 habetur
1451 1081 1478 1107 iu
1505 1080 1558 1108 ﬁne
1588 1080 1652 1108 torni

38 1126 89 1158 tia;
105 1126 181 1153 simul
199 1133 265 1153 vero
281 1130 307 1152 et
321 1125 452 1160 Spiritum
473 1131 597 1153 sanctum
611 1134 618 1158 ;
636 1125 737 1153 idcirco
752 1132 814 1152 eum
865 1126 954 1161 quarti
966 1127 1120 1162 Augustini.
1133 1128 1220 1162 Atque
1238 1127 1295 1153 haec
1305 1127 1387 1154 verba
1402 1135 1409 1153 :
1425 1142 1434 1153 ι
1455 1127 1507 1153 Aut
1522 1135 1555 1154 ex
1571 1126 1652 1154 nullis

41 1172 185 1206 productum
203 1171 287 1200 Deum
301 1171 403 1198 dixisse
419 1171 520 1205 liquet,
534 1171 596 1206 quia
618 1175 738 1197 creatura
753 1177 815 1197 esse
866 1172 1077 1200 subsistentibus
1094 1172 1191 1199 Filium
1207 1177 1378 1208 procreatum
1401 1181 1416 1199 a
1438 1172 1518 1200 Patre
1531 1193 1539 1206 ,
1564 1173 1589 1200 id
1611 1179 1654 1201 est

40 1217 159 1245 decernit.
178 1228 187 1243 ι
203 1217 372 1245 Justiniauus
389 1216 414 1243 in
437 1215 525 1250 Epist.
543 1217 578 1243 vd
594 1216 699 1243 Menam
715 1215 816 1242 dixisse
866 1223 942 1245 extra
956 1219 1136 1246 substantiam
1151 1227 1238 1251 suam,
1253 1223 1282 1245 ut
1293 1219 1375 1245 fuerit
1386 1218 1532 1253 aliquando
1545 1219 1654 1253 quando

41 1264 217 1291 Adamantiurn
252 1263 368 1290 asserit:
392 1262 452 1288 ’Ὁτι
481 1263 494 1289 ὁ
523 1262 605 1294 Υἱὸς,
625 1262 672 1289 καὶ
689 1261 719 1288 τὸ
738 1262 815 1296 ἆγιον

876 1257 920 1292 ton
940 1265 1043 1297 fuerit,
1064 1274 1073 1291 ι
1090 1272 1168 1292 nemo
1193 1272 1245 1291 non
1261 1265 1334 1291 videt
1353 1264 1394 1291 vel
1418 1272 1432 1291 a
1452 1264 1554 1291 Ruﬁno
1570 1264 1620 1291 fuis
1637 1272 1653 1291 e

40 1309 139 1344 Πνεῦμα
154 1310 293 1345 κτίσματά
308 1309 376 1341 εἰσι,
397 1309 444 1335 καὶ
463 1310 531 1344 ὅπερ
549 1309 629 1343 ἡμεῖς
646 1309 729 1343 ἐσμεν
747 1307 816 1343 πρὸς

879 1310 1086 1345 nterpretationi
1103 1312 1217 1342 intexta,
1231 1310 1271 1337 vel
1282 1311 1316 1338 ab
1329 1310 1389 1337 aliis
1401 1309 1499 1337 Rufino
1517 1309 1652 1344 antiquio-

40 1355 79 1382 τὸν
94 1356 163 1386 Υἱὸν,
180 1355 261 1382 τοῦτο
278 1356 293 1382 ὁ
312 1355 376 1387 Υἱός
392 1356 450 1381 ἔστι
468 1354 536 1390 πρὸς
550 1353 669 1388 Πατέρα.
691 1361 701 1379 ι
719 1352 814 1379 Filium

876 1357 941 1384 'ibus
960 1356 1055 1384 Graeco
1084 1356 1137 1391 ipsi
1160 1357 1298 1384 contextui
1317 1356 1416 1383 inl'arttt
1435 1360 1529 1383 contra
1547 1357 1653 1385 Arium.

41 1405 64 1428 et
76 1401 198 1436 Spiritum
218 1405 345 1428 sanctum
364 1408 407 1428 res
420 1407 479 1428 esse
491 1404 608 1430 creatas,
625 1399 751 1433 quodque
767 1406 816 1425 nos

876 1409 947 1436 luem
960 1402 1126 1429 Sozotnenus
1145 1402 1192 1429 lib.
1207 1410 1229 1432 ι,
1243 1410 1303 1436 cap.
1322 1401 1371 1434 15,
1387 1401 1426 1428 ait
1440 1401 1572 1436 πρότερον
1589 1400 1653 1435 παρ’

41 1452 121 1473 sumus
135 1446 166 1472 ad
180 1445 290 1477 Filium,
301 1445 326 1472 id
341 1445 440 1472 Filium
459 1451 520 1471 esse
533 1443 566 1471 ad
579 1444 698 1470 Patrem.
716 1451 726 1468 ι
746 1442 816 1469 Plio-

876 1447 959 1483 ἐτέρου
981 1447 1018 1483 μὴ
1031 1448 1174 1484 εἰρημένον
1190 1448 1322 1484 τολμῆσαι
1341 1449 1370 1473 ὲν
1388 1447 1535 1482 Ἐκκλησία
1547 1446 1654 1481 ἀποφή-

42 1492 87 1518 tius
103 1493 160 1519 cod.
172 1499 217 1518 VIII
235 1491 329 1518 scribit
345 1490 489 1525 Origenem
503 1489 629 1516 docuisse
645 1489 671 1515 in
689 1488 736 1516 lib.
754 1497 762 1515 ι
780 1488 816 1515 De

876 1493 973 1525 μασθαι,
987 1493 1032 1519 τὸν
1047 1493 1110 1520 Υἰὸν
1127 1492 1174 1519 τοῦ
1194 1492 1260 1519 Θεοῦ
1274 1492 1303 1526 ἐξ
1316 1493 1366 1518 οὐκ
1381 1492 1463 1518 ὅντων
1479 1490 1654 1526 γεγενῆσθαι,

41 1538 215 1572 princip.,‘rov
235 1537 283 1573 μὲν
299 1537 363 1563 Υἱδν
381 1536 433 1563 ὑπὸ
449 1534 496 1562 τοῦ
516 1535 621 1570 [Ιατρός
641 1534 814 1570 πεποιῆσθαι,

876 1537 992 1566 ιαὶεϊναί
1008 1548 1073 1566 ποτε
1085 1540 1129 1566 ὅτε
1144 1539 1194 1565 οὐκ
1211 1537 1254 1575 ἦν.
1271 1548 1280 1564 ι
1294 1538 1412 1566 Primum
1429 1539 1455 1565 in
1472 1538 1590 1566 Ecclesia
1607 1546 1656 1564 au-

42 1568 67 1608 i».
82 1568 305 1619 δὲίινεῡμαόπδ
321 1582 368 1609 τοῦ
387 1581 462 1608 rtus.
483 1590 492 1607 ε
513 1568 610 1608 Filium
630 1588 690 1608 esse
705 1589 719 1607 a
734 1568 816 1607 Patre

876 1593 925 1612 sum
951 1592 1011 1613 esse
1033 1586 1140 1618 dicere,
1155 1587 1227 1620 quod
1251 1592 1331 1612 uerno
1354 1591 1420 1612 ante
1443 1585 1515 1611 illum
1538 1585 1656 1616 dixerat,

44 1628 140 1661 indum,
155 1629 287 1664 Spiritum
304 1632 428 1656 εϐιιειυιιὶ
443 1635 458 1654 3
481 1627 558 1654 Filio-
578 1636 586 1652 ³
604 1626 708 1659 Qllibus
723 1633 817 1654 ³55811-
867 1630 964 1657 Filium
980 1631 1085 1658 scilicet
1102 1631 1146 1658 Dei
1161 1639 1193 1658 cx
1212 1638 1263 1657 non
1279 1631 1450 1657 exstantibus
1466 1630 1614 1661 exstitisse,
1628 1634 1657 1657 et

44 1673 134 1701 liuntur
145 1674 323 1709 Augustinus,
347 1672 497 1705 CedrenUS,
520 1671 628 1705 SuidaS.
650 1671 769 1699 Zonaras
791 1676 818 1698 Bl-
866 1675 951 1703 fuisse
970 1676 1115 1711 aliquando
1141 1684 1202 1703 cum
1231 1677 1348 1703 nondum
1377 1680 1461 1703 esset.
1491 1684 1501 1701 ›
1523 1675 1655 1703 Disertis-

45 1716 150 1747 Nicetas.

75 1763 160 1792 XXIII.
186 1764 213 1792 Si
241 1772 303 1799 qua:
329 1770 418 1791 tamen
445 1764 551 1798 culpam
567 1763 647 1790 'hanc
671 1767 818 1789 extenuare

47 1815 154 1844 possunt,
168 1811 339 1846 colligamus.
354 1811 468 1838 Ruﬁnus
483 1809 519 1836 De
530 1809 618 1836 adult.
631 1809 692 1835 libr.
709 1808 817 1842 Origen.

48 1857 255 1892 liuiushtereseos
277 1859 351 1886 virus
376 1858 452 1885 libris
477 1857 602 1892 Origenis
624 1855 711 1882 aliena
737 1863 818 1882 manu

49 1902 147 1931 aliusum
162 1904 336 1932 existimabat
350 1912 356 1930 :
383 1912 392 1929 ι
412 1902 538 1937 Nunquid
551 1921 559 1934 ,
572 1902 669 1936 inquit,
684 1902 710 1928 in
724 1901 818 1928 eodem

49 1957 118 1984 opere
131 1950 250 1984 ejusdem
266 1949 347 1982 libri,
367 1949 501 1976 interdum
512 1968 520 1982 ,
536 1953 565 1974 ut
581 1947 710 1979 diximus,
725 1947 818 1973 statim

51 1994 72 2021 in
93 1995 262 2030 consequenti
283 1994 400 2029 capitulo
425 1993 525 2022 oblitus
547 1992 588 2020 sui
614 1999 675 2020 esse
706 1991 820 2027 potuit?

51 2039 120 2069 Verbi
132 2049 219 2074 causa,
235 2046 265 2068 ut
276 2041 322 2076 qui
339 2041 464 2075 superius
478 2040 583 2067 dixerat
601 2046 734 2072 nusquatn
749 2038 821 2065 inve-

51 2084 94 2112 niri
108 2086 132 2113 in
145 2087 215 2114 omni
230 2086 372 2120 Scriptura
393 2085 437 2112 ubi
457 2084 575 2119 Spiritus
592 2088 706 2111 sanctus
733 2083 820 2111 factus

46 2131 87 2167 ,ναι
95 2137 195 2160 creatus
210 2139 273 2160 esse
286 2127 435 2163 diceretur,
449 2132 578 2158 continuo
591 2130 738 2164 subjiceret
751 2129 822 2156 inter

54 2181 149 2205 ceteras
163 2183 302 2206 creaturas
312 2177 415 2205 factum
430 2185 491 2205 esse
506 2177 637 2212 Spiritum
651 2175 795 2204 sanctum?
810 2185 818 2201 ι

55 2221 143 2250 Similia
164 2225 261 2260 regerit
281 2223 472 2251 Genebrardus
494 2223 520 2250 in
546 2222 691 2250 Collectun.
713 2223 744 2248 de
763 2221 823 2248 Vita

55 2266 160 2303 θήρεια,
175 2278 234 2305 cap.
246 2272 272 2298 6.
290 2270 420 2305 Didymus
432 2277 497 2297 vero
508 2289 516 2302 ,
536 2277 590 2296 non
607 2268 713 2296 eximiae
735 2267 821 2295 solurn

56 2315 195 2343 eruditionis
209 2317 298 2349 homo,
308 2316 355 2343 sed
371 2315 531 2343 orthodoxa:
539 2315 621 2342 etiam
634 2314 705 2347 lidei,
719 2314 820 2348 scripta

57 2359 148 2392 quidem
159 2363 190 2388 ab
202 2361 317 2398 Origene
331 2369 385 2389 non
398 2366 479 2397 negat
494 2368 555 2396 quas
569 2359 649 2394 obiici
663 2359 762 2393 solent,
773 2359 820 2387 sed

59 2403 80 2431 iu
96 2406 183 2435 malam
203 2414 306 2443 partem
331 2407 404 2436 llecti
425 2407 526 2435 asserit
550 2414 565 2434 a
582 2405 740 2438 malevolis,
763 2412 823 2440 qua:

58 2456 120 2478 recta
127 2458 246 2488 poterant
256 2454 481 2489 interpretatione
493 2452 611 2481 delendi.
627 2451 655 2479 Id
665 2451 822 2486 priusquam

88 2529 137 2564 (ll)
153 2530 253 2566 Priora,
270 2539 345 2566 quem
363 2528 660 2566 oddugitrlustinianus,
678 2532 732 2555 etc.
745 2526 820 2566 Quod

61 2562 132 2601 Supra
141 2565 176 2601 ait
196 2562 360 2601 Epiphanius
381 2565 415 2592 ab
428 2565 543 2598 Origene
566 2571 618 2590 nun
639 2568 735 2601 natura
749 2562 821 2601 .“scd

62 2597 134 2630 gratia
154 2597 254 2628 Filiu'm'
269 2601 342 2632 dici,
367 2597 549 2628 commentum
577 2603 619 2625 est
642 2598 676 2624 ab
697 2597 823 2625 omnibus

63 2632 171 2671 Qrigeuis
185 2636 321 2671 principiis
337 2635 563 2671 remotissimum.
574 2633 644 2660 Idem
660 2640 714 2671 no_n
737 2633 823 2671 dicant

65 2667 91 2693 de
106 2667 278 2702 kenerailione'
289 2678 321 2698 ex
341 2671 478 2697 voluntate
493 2668 597 2700 Patris;
619 2675 679 2702 quae
698 2667 823 2702 loquendi

64 2701 122 2730 ratio
141 2712 197 2731 cum
214 2706 304 2733 multis
327 2705 387 2732 aliis
405 2704 516 2738 probata
532 2722 539 2734 ,
563 2701 676 2730 tutn’ad
697 2701 824 2737 Origeuis

65 2740 203 2766 sententiam
213 2741 277 2767 satis
289 2737 500 2768 accommodata.
509 2737 576 2765 Nam
590 2745 650 2764 cum
663 2738 828 2764 voluntatetn

67 2769 141 2800 Patris
152 2775 175 2800 in
187 2775 253 2802 Filio
267 2780 433 2809 generatam,
445 2781 476 2801 ac
492 2778 576 2800 totam
591 2772 659 2799 Filio
672 2771 825 2809 communi-

67 2811 139 2834 catam
152 2809 252 2842 doceat,
267 2807 302 2837 ita
321 2814 349 2836 ut
364 2809 489 2837 identitas
502 2809 537 2835 sit
549 2808 694 2835 voluntatis
709 2807 736 2833 iu
752 2811 827 2842 utrof

67 2847 110 2881 939
126 2851 134 2875 '.
155 2851 204 2871 non
213 2841 360 2881 _immerito
379 2851 429 2871 uec
444 2843 617 2881 incommode
629 2842 729 2881 [dicere
742 2841 828 2876 potuit

69 2873 149 2905 Filium
165 2887 196 2906 ex
213 2878 300 2908 Patris
316 2879 452 2908 voluntate
472 2878 605 2913 genitum.
625 2877 702 2910 Quod
723 2873 828 2911 spectat

868 1722 936 1749 sima
951 1722 1031 1749 ctiam
1046 1722 1102 1748 lucc
1116 1721 1149 1748 de
1168 1726 1262 1748 sancto
1275 1722 1378 1756 Spiritu
1396 1729 1411 1748 e
1431 1721 1478 1747 lib.
1494 1729 1501 1747 ι
1518 1720 1588 1754 Περὶ
1601 1720 1654 1756 ἀρ-

868 1767 940 1803 χῶν,
949 1775 1007 1802 cap.
1023 1768 1050 1799 3,
1063 1776 1136 1795 num.
1151 1767 1167 1794 5
1181 1777 1186 1794 ;
1205 1776 1215 1792 ι
1231 1767 1421 1794 Verumtamen
1439 1774 1525 1801 usque
1538 1767 1572 1794 ad
1587 1775 1657 1802 pre-

868 1820 930 1840 sens
942 1812 1044 1839 nullum
1059 1819 1211 1839 sermonem
1226 1812 1252 1838 in
1266 1811 1415 1846 Scripturis
1426 1812 1658 1839 sanctisinvenire

869 1859 1006 1893 potuimus
1029 1865 1077 1893 per
1099 1866 1179 1892 quem
1204 1857 1323 1892 Spiritus
1336 1865 1448 1885 sanctus
1465 1857 1570 1884 factura
1585 1865 1657 1889 esse,

869 1904 910 1930 vel
922 1908 1046 1930 creatura
1060 1903 1195 1930 diceretur
1208 1911 1215 1936 ;
1233 1910 1267 1930 nc
1282 1910 1314 1930 eo
1331 1903 1439 1937 quidem
1456 1904 1538 1930 modo
1553 1910 1609 1937 quo
1624 1903 1658 1929 de

872 1948 1011 1983 Sapientia
1029 1949 1131 1975 referre
1143 1948 1418 1982 Salomonem-supra
1433 1948 1601 1979 edocuituus,
1616 1947 1659 1974 vel

878 2002 938 2027 qtta:
966 1994 998 2020 de
1015 1994 1067 2020 vita
1079 2014 1086 2026 ,
1101 1993 1144 2019 vel
1166 1993 1252 2020 Verbo
1265 2012 1273 2025 ,
1297 1993 1412 2026 aliisque
1437 1993 1660 2027 appellationibus

876 2040 938 2067 Filii
952 2040 998 2067 Dei
1017 2039 1188 2075 intelligenda
1202 2047 1261 2066 esse
1273 2039 1458 2066 tractavimus.
1476 2048 1486 2064 ι
1499 2039 1588 2073 Atque
1604 2039 1660 2066 haec

873 2085 984 2120 quidem
1009 2093 1024 2112 e
1039 2084 1191 2112 Ruﬁniauis
1210 2083 1482 2118 interpretationibus
1502 2084 1659 2122 deprompta

872 2131 1071 2162 testimonia.ul
1083 2133 1171 2158 minus
1185 2130 1271 2157 valida
1287 2130 1475 2165 praemisimus,
1487 2130 1560 2156 velut
1575 2129 1660 2157 levio-

874 2185 931 2205 rem
950 2179 1095 2212 quamdam
1112 2181 1288 2204 armaturatn.
1304 2176 1357 2203 Sed
1368 2175 1423 2210 jam
1439 2176 1564 2203 cominus
1578 2176 1655 2210 signa

874 2231 1058 2250 conseramus.

914 2269 1023 2303 Aliquot
1041 2267 1182 2295 attulimus
1200 2267 1286 2300 locos,
1298 2267 1433 2302 quibusin
1447 2271 1600 2295 creatarum
1619 2273 1662 2292 re-

876 2323 934 2343 rum
948 2323 1059 2342 censum
1076 2315 1178 2342 detruSi
1193 2315 1320 2341 videntur
1336 2313 1370 2340 ab
1385 2313 1502 2347 Origene
1528 2311 1613 2339 Filius
1634 2316 1662 2339 et

876 2361 992 2396 Spiritus
1004 2366 1123 2387 sanctus.
1137 2360 1191 2395 (ll)
1202 2359 1304 2392 Priore,
1320 2366 1399 2392 quem
1412 2358 1519 2385 adducit
1533 2356 1662 2384 Iustinia-

872 2413 944 2436 nus,
977 2404 1061 2432 Filius
1093 2404 1191 2432 dicitur
1226 2403 1258 2429 ὲκ
1296 2402 1445 2437 θελήματος
1476 2401 1523 2428 τοῦ
1557 2402 1662 2437 Πατρὺς

871 2449 1023 2486 γεννηθεὶς,
1043 2450 1216 2486 πρωτότοκος
1233 2447 1322 2482 πάσης
1339 2446 1463 2479 κτίσεως,
1483 2447 1594 2482 κτίσμα.
1610 2446 1663 2474 Re-

876 2527 908 2554 ad
935 2526 1145 2554 Proverbiorum
1166 2524 1275 2558 locum,
1300 2533 1310 2550 ι
1328 2523 1456 2558 Dominus
1477 2523 1596 2558 condidjt
1618 2529 1662 2550 me

876 2561 969 2593 (Prov.
985 2569 1041 2592 vm,
1056 2561 1113 2596 22).
1133 2569 1143 2586 )
1159 2564 1212 2588 etc.
1223 2580 1231 2593 ,
1245 2567 1299 2594 quo
1321 2559 1409 2597 fretus
1422 2557 1550 2597 Origenes
1564 2557 1661 2597 Filium

877 2597 1015 2624 conditum
1029 2601 1056 2623 et
1071 2593 1127 2622 rem
1149 2596 1289 2622 conditam
1311 2593 1463 2629 appellasse
1480 2593 1577 2629 dicitur
1594 2593 1661 2629 ;Vv_i-

876 2632 994 2659 dendum
1016 2638 1133 2666 quonaru
1164 2631 1190 2657 id
1214 2637 1295 2666 sensu
1318 2627 1573 2666 pracstiterit-(nam
1596 2627 1661 2666 vitio

877 2667 945 2694 verti
970 2661 1146 2702 non'potest,
1171 2664 1242 2702 quod
1266 2661 1415 2702 Scriptura}
1440 2661 1661 2702 verbisutatur),

877 2706 968 2728 utrum
983 2702 1033 2727 hoc
1041 2696 1225 2727 lestintonium
1239 2700 1273 2726 ad
1287 2696 1460 2726 evertendam
1473 2696 1535 2723 Filii
1553 2696 1660 2723 aeterni-

882 2741 977 2768 tatem,
994 2741 1024 2762 ut
1040 2736 1143 2762 clarum
1165 2740 1192 2762 et
1211 2738 1334 2768 apertunt
1349 2732 1497 2768 adhibeat;
1515 2739 1548 2768 an
1562 2731 1661 2765 potius,

881 2776 911 2798 ut
928 2766 1082 2806 inobscuro
1095 2775 1129 2806 et
1137 2766 1240 2806 dilii_ci_li
1257 2768 1333 2806 loco,
1345 2768 1384 2806 _ad
1399 2766 1512 2794 subtiles
1527 2767 1662 2806 ipterpre-

881 2801 998 2841 taliones
1024 2804 1172 2841 confugiat.
1191 2803 1277 2841 Litctn
1300 2803 1431 2841 dirimu_nt
1454 2810 1513 2841 ορατ
1539 2800 1662 2841 leguntur

880 2840 927 2867 lib.
950 2848 957 2867 l
971 2840 1008 2867 De
1028 2835 1141 2874 princip.
1154 2858 1161 2871 ,
1175 2846 1235 2872 cap.
1249 2838 1267 2864 Ξ
1281 2857 1288 2870 ,
1303 2837 1411 2874 noun}
1426 2835 1484 2874 et
1496 2856 1502 2868 ,
1513 2835 1661 2874 _nbi_illud2

883 2884 893 2902 ι
910 2869 1038 2905 Dominus
1051 2869 1171 2904 condidit
1179 2869 1236 2914 me,
1251 2882 1261 2900 ι
1275 2880 1329 2915 non
1342 2872 1375 2901 de
1386 2872 1443 2908 ipsa
1456 2871 1604 2908 Sapientia,
1615 2869 1662 2899 sed
