1904 3077
49 142 95 170 ΐΠ

457 140 745 169 ORIGENIANORUM
765 141 828 169 LIB.
851 141 883 173 Π,
902 141 977 171 CAP.
1000 142 1033 175 ll,
1053 142 1191 176 QII/EST.
1212 144 1245 172 ll.

1614 147 1664 173 ’ῖἾᾶ

49 211 106 232 vero
120 206 228 229 sanctus
239 205 290 225 non
305 202 345 225 est
359 199 499 234 γεννητὸς,
520 201 566 227 sed
584 201 706 236 γενητὸς,
721 201 818 236 genito-

878 205 927 232 εει.
945 200 1033 234 inquit
1046 220 1054 233 ,
1065 201 1136 236 quod
1153 202 1245 229 dicunt
1260 211 1319 230 eum
1331 204 1451 232 innatum
1463 206 1550 234 dicere
1564 207 1664 236 Filium

49 258 99 278 rem
117 248 186 276 enim
204 254 254 274 non
285 246 386 278 habet,
413 246 459 272 sed
477 247 558 273 habet
576 254 591 274 a
613 246 692 274 Patre
713 251 739 273 et
754 246 823 274 Filio

48 301 74 323 ut
87 295 206 323 exsistat.
221 293 282 320 Haec
297 297 339 319 est
355 291 463 326 propria
487 299 582 319 vocum
607 292 712 320 illarum
735 292 819 324 notio,

48 350 119 377 quam
134 345 221 368 tamen
236 346 286 366 nec
304 345 412 374 semper
426 342 567 366 servarunt
586 338 679 366 Patres
689 360 696 372 ,
714 344 741 367 et
756 347 822 366 con-

47 388 110 415 sulto
125 385 337 421 permiscuerunt
352 392 383 412 ac
405 384 588 413 confuderunt.
607 386 722 418 Ariani,
746 391 775 412 ut
795 387 820 412 in

47 433 160 468 ambigua
179 439 243 458 voce
259 431 364 458 facilius
381 430 502 458 fraudem
519 436 668 459 struerem.
688 431 820 467 Origenes

46 487 102 506 vero
112 486 169 506 cum
184 477 281 504 Filiqu
308 477 424 513 appellat
435 477 548 513 γενητὸν
560 477 636 509 Θεὸν,
653 478 692 505 sic
707 478 797 514 accipe
810 488 817 505 :

48 537 56 552 ι
70 525 115 559 Qui
132 524 291 559 principium
307 524 347 551 sui
357 524 439 552 habet
451 543 458 557 ,
473 529 499 552 et
513 524 660 554 exsistendi
674 524 790 553 iuitintn.
807 534 816 551 ι

46 572 105 599 Filio
118 571 223 606 quidem
240 577 384 599 commune
404 575 445 598 est
459 577 521 599 cum
541 570 644 598 creatis
665 571 760 601 rebus,
778 571 818 598 sui

44 617 192 652 principium
208 624 240 644 ac
261 617 392 652 originem
415 617 517 645 habere
535 626 542 644 :
561 617 705 644 emanandi
729 622 818 644 autem

44 663 124 691 exillo
135 663 265 698 principio
287 670 318 689 ac
343 663 493 697 prodeundi
516 663 586 690 ratio
609 663 688 698 plane
711 663 817 690 diversa

43 714 79 737 est
96 717 102 733 :
121 709 207 744 prodit
217 709 289 738 enim
298 708 384 737 Filius
399 716 448 743 per
459 708 660 743 generationem
670 712 816 743 aeternam;

44 756 164 788 prodeunt
179 760 280 783 creatae
301 763 345 783 res
364 763 412 790 per
432 756 621 790 temporariam
638 755 816 784 creatiOue'm.

43 801 91 829 Huc
105 808 192 835 sensu,
204 809 258 836 quo
279 802 352 833 dixi,
371 810 464 830 vocem
491 802 626 837 ἀγένητος
643 809 658 828 a
680 802 817 829 veteribus

43 852 184 882 usurpatam
199 847 295 875 scribit
312 848 479 875 Athanasius
493 849 539 876 lib.
561 847 599 875 De
620 848 728 883 synodi:
756 848 817 875 Ari—

879 245 935 273 Dei.
952 246 1062 273 Dixerat
1075 254 1171 281 nempe
1183 247 1313 282 Origenes
1329 249 1470 285 ἀγένητον,
1485 252 1557 286 quod
1579 253 1666 287 ipsius

876 291 1036 322 adversarii,
1050 292 1210 320 contentiosi
1237 293 1360 321 homines
1375 300 1401 322 et
1417 295 1498 323 rixosi
1509 316 1516 329 ,
1532 298 1662 327 confude-

876 341 938 364 runt
953 345 1014 364 cum
1026 337 1187 373 ἀγέννητον,
1201 343 1230 366 ut
1246 347 1338 367 ansam
1354 341 1487 369 haberent
1507 343 1661 371 calumnizc.

874 382 977 410 Contra
998 391 1062 411 vero
1079 383 1215 417 Socrates,
1232 385 1265 412 de
1286 385 1400 414 Eusebio
1419 387 1543 422 loquens.
1564 390 1662 418 merito

873 429 944 457 dixit
962 439 968 457 :
999 430 1164 466 Θαυμαστὴς
1186 430 1234 458 καὶ
1248 431 1371 467 ζηλωτὴς
1394 433 1502 467 ἐγένετο
1517 434 1571 461 τῶν
1592 435 1664 472 Ὠρι-

873 475 968 509 γένους
990 475 1118 511 βιϐλίων
1141 476 1170 502 ἐν
1196 475 1237 508 οἷς
1257 478 1394 512 πανταχοῦ
1423 479 1467 505 τὸν
1490 480 1553 506 Υἱὸν
1569 482 1601 507 ὲκ
1615 480 1661 508 τοῦ

873 522 980 557 Πατρὸς
996 522 1159 557 γεννηθέντα
1184 523 1357 558 εὑρίσκουσιν
1379 525 1403 550 οἱ
1427 525 1480 551 τῶν
1508 526 1663 562 ἶΩριγένους

874 566 982 602 βιϐλίων
999 567 1029 593 τὸ
1047 566 1127 602 βάθος
1138 568 1304 603 κατανοῆσαι
1318 569 1471 604 δυνάμενοι.
1486 579 1494 595 ι
1507 571 1662 599 Admirator

872 618 899 640 et
911 613 1054 640 aemulator
1073 613 1202 640 librorum
1222 614 1348 649 Origenis
1363 615 1431 646 fuit,
1456 617 1481 643 in
1504 618 1602 651 quibus
1620 618 1662 645 Fi-

871 659 936 686 littm
951 667 983 687 ex
992 658 1071 687 Patre
1081 664 1173 686 natum
1187 660 1288 694 ubique
1304 661 1453 695 reperiunt,
1468 663 1512 696 qtti
1530 663 1659 691 librorum

862 704 996 741 Origenis
1015 705 1226 739 profunditatem
1248 706 1340 734 animo
1351 713 1494 741 penetrare
1510 715 1634 742 possunt.
1649 719 1658 735 ι

872 750 1052 786 Hieronymus
1074 758 1139 778 vero
1156 751 1258 778 dixisse
1280 752 1367 786 ipsum
1391 751 1528 781 affirmans
1545 764 1554 780 (
1580 754 1661 782 Chri-

870 802 939 824 stum
955 797 1051 824 Filium
1071 797 1117 824 Dei
1127 805 1181 825 non
1191 802 1283 824 natum
1299 805 1377 831 esse,
1389 800 1435 826 sed
1451 799 1562 831 factum,
1579 810 1589 826 ι
1609 801 1661 829 hoc

870 846 922 874 est,
943 843 1076 878 ἀγένητον
1094 847 1121 870 et
1145 844 1276 878 γενητὸν,
1293 850 1439 880 utramque
1466 846 1536 873 hanc
1565 855 1657 875 vocem

43 893 98 919 mini
121 893 295 927 et'SeIeucitz
316 894 399 921 ςούκ
429 894 579 930 ἀγνοοῦμεν
596 894 624 921 δὲ
651 895 692 921 ὅτι
715 895 763 921 καὶ
790 896 813 921 οι

869 889 895 915 in
914 889 996 915 alium
1013 889 1153 923 detorquet
1168 889 1332 916 intellectum
1347 897 1377 917 ac
1398 891 1431 917 ab
1446 890 1561 926 Origene
1580 901 1659 920 usur-

43 938 167 974 εἰρηκότες
177 938 206 965 ἓν
216 939 247 965 τὸ
261 939 400 974 ἀγένητον,
418 940 462 966 τὸν
476 940 585 976 Πατέρα
607 940 730 974 λέγοντες
743 961 750 972 ,
768 941 817 976 οὐχ

42 983 73 1015 ὡς
90 984 197 1019 γενητοῦ
217 985 266 1012 καὶ
284 985 437 1020 ποιήματος
453 984 528 1016 ὄντος
554 985 600 1011 τοῦ
622 985 708 1021 Λόγου
732 985 817 1016 οὕτως

43 1029 158 1065 ἔγραψαν,
171 1030 230 1056 ἀλλ’
242 1030 283 1056 ἂτι
298 1029 403 1065 μὴ.ἔχει
425 1030 471 1056 τὸν
489 1030 585 1058 αἴτιον.
607 1039 617 1055 ι
634 1030 691 1056 Non
712 1031 819 1062 ignora-

44 1083 92 1102 mus
112 1081 197 1102 autem
213 1082 261 1102 eos
277 1076 323 1110 qui
348 1076 475 1103 dixerunt
491 1083 572 1103 unum
591 1083 653 1104 esse
673 1076 817 1111 ἀγένητον,

43 1120 136 1148 Patrem
157 1121 362 1156 signiﬁcantes,
377 1129 429 1150 non
445 1121 480 1148 ita
506 1122 650 1156 scripsisse
665 1122 741 1155 quasi
755 1122 817 1149 Ver-

43 1164 94 1192 bum
103 1165 135 1193 sit
146 1165 260 1201 γενητὸν
271 1170 299 1193 et
310 1173 389 1200 opus,
403 1166 449 1193 sed
462 1166 524 1201 quia
543 1165 624 1193 Pater
639 1173 748 1194 causam
763 1174 816 1193 non

43 1209 119 1237 habet.
134 1220 143 1236 ι
162 1210 271 1238 Patrem
289 1211 391 1238 dictum
411 1219 472 1239 esse
487 1212 526 1238 ait
541 1212 687 1248 ἀγένητον,
701 1212 763 1246 quia
781 1213 815 1239 ab

42 1254 86 1280 alio
101 1262 150 1282 non
168 1256 252 1284 habet
272 1261 301 1284 ιιι
320 1256 372 1290 sit;
394 1256 492 1284 Filium
510 1262 600 1284 autent
625 1257 738 1293 γενητὸν
755 1265 816 1285 esse

43 1305 108 1334 negat
120 1301 167 1328 hac
183 1302 307 1335 notione,
325 1302 396 1337 quod
411 1302 444 1330 ab
456 1302 508 1330 alio
521 1304 611 1330 l‘actus
624 1304 659 1330 sit
673 1312 680 1331 :
697 1304 742 1330 sed
760 1312 813 1330 non

43 1348 108 1378 negat
120 1345 231 1380 γενητὸν
249 1353 312 1373 esse
334 1346 388 1373 alia
412 1347 542 1379 notione,
562 1355 594 1375 ea
615 1348 719 1376 scilicet
732 1356 813 1383 quam

42 1388 153 1421 iudicavi,
168 1391 241 1425 qttod
257 1392 291 1418 ab
307 1391 361 1418 alio
380 1392 481 1419 haheat
501 1397 530 1420 ut
546 1393 597 1424 sit,
617 1400 670 1420 non
686 1398 812 1427 tanquam

42 1440 76 1458 res
91 1433 165 1467 facta,
179 1436 224 1462 sed
242 1440 369 1469 tanquam
387 1445 429 1464 res
442 1438 532 1472 genita
544 1458 551 1466 .
569 1438 655 1473 Atque
672 1439 708 1466 ita
730 1438 815 1466 Filius

41 1478 84 1505 dici
105 1485 188 1513 potest
209 1481 353 1518 ἀγένητος,
367 1483 413 1518 qui
432 1482 466 1511 ab
480 1483 533 1512 alio
549 1492 601 1511 non
620 1484 700 1513 habet
719 1489 747 1512 ut
768 1485 812 1518 sit,

41 1531 124 1560 nempe
138 1530 264 1562 tanquam
278 1535 345 1562 opus
359 1549 366 1559 ,
384 1536 431 1556 seu
451 1537 495 1557 res
516 1529 586 1557 facta
598 1551 605 1563 ,
625 1531 666 1557 vel
683 1536 810 1565 tanquam

42 1578 77 1597 res
86 1577 169 1600 creata
187 1582 195 1601 :
215 1578 244 1601 et
268 1574 397 1610 γενητὸς,
416 1576 462 1610 qui
486 1576 520 1603 ab
540 1576 594 1604 alio
610 1577 692 1604 habet
711 1582 741 1604 ut
765 1578 810 1609 sit.

42 1623 122 1651 nempe
134 1622 262 1654 tanquam
283 1627 329 1646 res
343 1621 433 1654 genita
448 1626 475 1648 et
491 1621 586 1649 Filius.
605 1621 652 1649 Sic
668 1623 809 1658 Origenes,

14 1676 15 1681 η
41 1662 78 1695 qui
98 1663 203 1699 γενητὸν
215 1664 285 1691 Θεὸν
301 1665 452 1700 appellasse
465 1665 562 1693 Filium
578 1667 769 1698 insimulatur.
784 1672 811 1694 et

42 1709 77 1741 qui
90 1713 149 1737 tom.
163 1718 182 1737 ιι
195 1711 221 1738 in
238 1711 331 1744 Joan.,
348 1720 423 1738 num.
439 1711 465 1742 6,
476 1712 588 1740 credere
609 1721 638 1739 se
651 1714 719 1739 dixit
733 1713 812 1747 ἀγέν-

41 1763 107 1789 νητον
121 1757 285 1792 (legendum,
301 1757 344 1785 vel
359 1763 433 1786 certe
455 1758 657 1793 intelligendum
669 1760 810 1795 ἀγένητον)

43 1800 110 1836 μηδὲν
124 1803 212 1839 ἕτερον
228 1803 276 1830 τοῦ
293 1804 400 1839 Πατρὸς
413 1801 501 1836 εἶναι,
519 1803 571 1831 hoc
590 1809 633 1830 est
653 1812 734 1830 unum
758 1803 811 1830 Pa-

43 1851 98 1873 trem
111 1849 240 1884 principio
257 1857 368 1882 carere,
383 1857 432 1877 nec
453 1850 487 1877 ab
511 1849 564 1877 alio
586 1849 687 1876 habere
712 1854 741 1876 ιιι
764 1849 810 1880 sit,

42 1891 122 1921 Filium
137 1899 223 1925 tamen
244 1895 376 1931 ἀγένητον
399 1900 477 1923 vocat
503 1895 550 1922 lib.
578 1903 604 1922 Vt
626 1900 717 1922 contra
729 1894 811 1926 στίβη

42 1946 103 1966 llum.
115 1941 154 1971 Π,
180 1941 249 1968 Οὔτε
266 1942 321 1978 γὰρ
336 1942 380 1968 τὸν
391 1942 522 1977 ἀγένητον
535 1942 583 1968 καὶ
592 1941 682 1976 πάσης
693 1941 810 1977 γενητῆς

42 1984 132 2018 φύσεως
150 1988 322 2023 πρωτότοκον
342 1989 402 2015 κατ’
421 1987 498 2020 ἀξίαν
518 1987 615 2014 ειδέναι
634 1995 677 2018 τις
699 1986 810 2014 δύναται

40 2030 222 2068 (beo-ramites;
239 2034 319 2060 αὐτὸν
334 2034 440 2070 Πατήρ.
451 2033 507 2062 Illic
523 2033 655 2068 ἀγένητον
668 2037 746 2060 sonat
757 2041 809 2059 non

42 2073 198 2107 factum,non
211 2083 341 2104 creatura.
360 2077 429 2105 Hinc
457 2082 548 2104 natam
577 2076 675 2111 opinor
694 2076 808 2110 primam

41 2128 52 2144 ρ
77 2122 305 2150 criminationibus
339 2124 470 2151 adversus
502 2122 646 2158 Origenem
673 2121 808 2152 conﬂatis.

41 2174 95 2200 quas
112 2167 266 2204 Pamphilus
289 2169 316 2197 in
338 2169 467 2205 Apologia
489 2173 623 2196 recenset.
648 2167 743 2194 Prima
762 2167 809 2194 illa

68 2211 165 2240 "Psal.
184 2222 277 2245 Lxxxt,
295 2215 321 2242 6.
359 2215 381 2230 ³³
401 2214 472 2242 Psal.
494 2222 524 2246 tt,
542 2214 568 2241 7.

870 939 931 967 puta
945 939 988 961 est
1006 943 1014 960 ε
1030 935 1074 968 qui
1094 942 1155 962 cum
1171 935 1240 962 dixit
1258 936 1356 963 Filium
1383 937 1526 973 ἀγένητον.
1550 939 1576 966 id
1605 940 1657 967 sibi

869 980 970 1011 voluit,
986 988 1038 1006 non
1055 987 1116 1007 esse
1133 980 1234 1007 factum
1249 989 1300 1009 nec
1324 987 1456 1010 creatum.
1479 983 1580 1010 Contra
1594 984 1658 1011 Hie—

869 1032 999 1060 ronymus
1015 1026 1150 1058 exposuit,
1165 1034 1218 1054 non
1235 1034 1295 1054 esse
1312 1033 1420 1062 natum,
1442 1030 1520 1064 quasi
1544 1031 1658 1058 dixisset

868 1069 1033 1105 ἀγέννητον·
1055 1078 1117 1097 cum
1134 1078 1197 1099 vero
1211 1071 1311 1099 Filium
1326 1073 1394 1100 dixit
1413 1074 1527 1109 γενητὸν
1539 1094 1547 1106 ,
1566 1075 1591 1101 id
1604 1075 1656 1102 sibi

868 1114 963 1146 voluit,
979 1115 1080 1142 habere
1098 1116 1187 1150 ipsum
1210 1117 1253 1144 sui
1274 1117 1455 1152 principium:
1481 1125 1578 1147 contra
1595 1120 1658 1148 Hie-

867 1168 998 1197 ronymus
1016 1163 1164 1198 exposuit,
1187 1171 1242 1190 esse
1255 1163 1364 1198 factum.
1387 1163 1488 1200 Nempe
1511 1166 1550 1194 sic
1573 1168 1655 1193 verba

865 1205 989 1242 Origeuis
1015 1207 1041 1234 in
1066 1209 1216 1242 pessimum
1242 1217 1354 1238 sensum
1389 1211 1500 1238 trahere
1536 1213 1654 1240 amabat.

867 1252 923 1288 (12)
944 1253 980 1279 Ita
991 1253 1157 1288 Epiphanius
1171 1255 1236 1282 hter.
1249 1263 1322 1288 thv,
1337 1263 1397 1290 cap.
1414 1255 1440 1289 8,
1457 1257 1530 1284 vocis
1545 1258 1657 1294 γενητὸς

865 1307 942 1325 nsum
977 1299 1002 1326 in
1032 1299 1092 1327 aliis
1124 1301 1300 1336 probaturum
1329 1309 1357 1329 se
1380 1302 1462 1334 dicit,
1488 1303 1513 1330 in
1539 1303 1656 1338 Origene

865 1346 1006 1373 damnare.
1022 1346 1122 1374 Contra
1134 1355 1165 1374 ea
1177 1355 1243 1374 vero
1255 1355 1314 1382 quze
1329 1349 1414 1379 addit,
1429 1348 1498 1376 velle
1511 1348 1654 1383 Origeuem

864 1391 934 1418 κατὰ
949 1391 1029 1428 χάριν
1041 1392 1087 1419 τὸν
1099 1393 1164 1419 Υῑὸν
1179 1393 1258 1420 αὐτὸν
1267 1393 1408 1420 καλεῖσθαι
1422 1403 1429 1410 ·
1449 1403 1458 1420 t
1474 1395 1524 1422 Per
1535 1396 1652 1430 gratiam

865 1439 963 1465 Filium
980 1439 1067 1472 ipsum
1084 1438 1240 1475 (Christum)
1263 1440 1410 1474 appellari,
1430 1450 1439 1466 ι
1471 1445 1593 1475 prompta
1611 1449 1654 1469 est

863 1492 896 1512 ex
915 1485 974 1520 ipso
988 1484 1107 1520 Origene
1121 1485 1256 1517 defensio,
1272 1486 1320 1520 qui
1336 1486 1438 1514 diserte
1454 1487 1533 1514 docet
1551 1491 1616 1515 tom.
1634 1495 1652 1514 ll

863 1529 891 1555 in
903 1528 996 1560 Ιοηη..
1022 1537 1095 1556 ηιιιιι.
1121 1528 1148 1561 6,
1169 1529 1248 1565 μόνον
1271 1530 1316 1557 τὸν
1335 1533 1464 1567 μονογενῆ
1481 1531 1560 1566 φύσει
1589 1532 1653 1559 Υἱὸν

865 1573 984 1610 ἀρχῆθεν
999 1574 1143 1610 τυγχάνειν
1153 1584 1159 1590 ·
1175 1580 1202 1602 et
1211 1575 1258 1603 lib.
1271 1583 1305 1602 \‘lt
1318 1577 1345 1602 in
1362 1575 1509 1609 Epit/alam
1522 1578 1555 1604 ad
1566 1577 1654 1609 Rom,

867 1627 941 1646 num.
956 1620 981 1650 l,
1003 1629 1012 1646 (
1035 1621 1111 1647 Sicut
1132 1621 1203 1647 enim
1219 1621 1295 1648 multi
1313 1627 1376 1648 sunt
1399 1622 1444 1648 lilii
1466 1622 1524 1653 Dei.
1538 1629 1564 1650 ut
1582 1623 1655 1651 Scri-

865 1670 943 1698 ptura
969 1666 1035 1693 dicit
1055 1675 1062 1694 :
1083 1666 1138 1701 Ego
1165 1667 1221 1693 dixi
1238 1675 1249 1695 :
1269 1667 1313 1694 Βίί
1332 1668 1405 1700 estis,
1428 1672 1452 1695 ιιι
1476 1669 1527 1703 ﬁlii
1551 1669 1655 1696 Επειεί

865 1719 953 1737 omne:
967 1711 1002 1743 “,
1021 1720 1090 1738 unus
1106 1717 1195 1739 tamen
1214 1718 1256 1739 est.
1269 1718 1366 1740 natura
1379 1713 1464 1741 Filius
1478 1719 1506 1740 ct
1525 1713 1654 1749 Uuigeni-

865 1762 907 1784 tus
918 1758 951 1784 de
965 1758 1053 1786 Patre.
1074 1767 1083 1783 ι

900 1804 1049 1831 Commode
1064 1811 1129 1831 vero
1144 1807 1292 1838 exponetur
1306 1804 1381 1831 locus
1399 1811 1414 1830 a
1443 1804 1558 1831 Diodoro
1583 1804 1654 1831 reci-

865 1855 946 1880 tatus.
960 1850 1004 1876 ubi
1021 1850 1065 1876 lux
1077 1857 1091 1876 a
1110 1850 1163 1876 Deo
1174 1850 1302 1884 producta
1315 1850 1413 1877 Genes.
1431 1858 1450 1883 t,
1462 1850 1489 1883 ὃ,
1501 1850 1583 1878 Filius
1594 1858 1653 1878 esse

866 1895 986 1926 dicitur,
1001 1895 1023 1921 si
1045 1895 1261 1930 respondeamus
1287 1895 1312 1922 id
1340 1896 1484 1931 allegorice
1506 1897 1538 1922 ad
1554 1895 1652 1923 Filium

865 1940 1022 1974 abOrigene
1039 1940 1123 1968 fuisse
1138 1940 1263 1968 relatum.
1284 1940 1416 1974 Quoniam
1426 1942 1497 1969 enim
1513 1949 1652 1976 nunquam

865 1995 918 2013 nnn
938 1987 1005 2013 dicit
1018 1985 1100 2013 Pater
1117 1995 1124 2013 :
1144 1995 1154 2012 ‹
1171 1986 1226 2021 Ego
1240 1985 1321 2014 hodie
1334 1986 1413 2021 genui
1430 1992 1455 2013 te
1471 1987 1513 2019 8';
1536 1996 1545 2012 ι
1561 1987 1652 2014 induci

863 2039 969 2067 quoque
984 2037 1072 2066 potest
1083 2039 1190 2067 semper
1203 2033 1310 2060 dicens:
1329 2033 1464 2067 Gignatur
1480 2033 1564 2060 Filius
1577 2041 1653 2060 meus

864 2079 908 2112 qui
927 2084 969 2106 est
991 2078 1037 2105 lux
1054 2086 1129 2106 vera.
1146 2078 1250 2106 Firmat
1271 2078 1342 2106 hanc
1359 2079 1561 2113 responsionem
1587 2087 1650 2111 vos,

864 2125 1032 2160 γεννηθήτω,
1056 2126 1180 2161 gignatur
1195 2133 1205 2152 :
1220 2125 1260 2153 sic
1280 2125 1352 2152 enim
1370 2125 1468 2159 legitur
1492 2126 1517 2151 in
1537 2124 1652 2156 Catena,

865 2179 918 2198 non
934 2176 962 2197 ut
976 2171 1064 2206 vulgo,
1080 2171 1233 2207 γενηθήτω,
1252 2171 1309 2203 fiat.
1327 2171 1439 2198 P-en'ttus
1460 2179 1524 2198 vero
1541 2172 1566 2198 id
1586 2179 1652 2199 oon-

70 2269 118 2311 (ἰῇ)
144 2272 189 2311 lla
208 2271 375 2311 Epiphanius
395 2272 464 2311 pacis
481 2271 606 2307 γενητὸς
640 2279 733 2311 tuum,
752 2276 805 2298 etc.

866 2271 953 2311 κπᾈῶς
969 2271 1040 2307 ἀρχὴ
1049 2270 1104 2311 τῷν
1118 2271 1203 2298 ὄντων
1245 2271 1322 2311 Θεός.
1339 2281 1350 2297 ‹
1367 2271 1424 2311 Non
1444 2271 1563 2311 absurde
1588 2271 1649 2304 quis

42 2303 151 2344 Displicet
172 2303 322 2342 Epiphanio
346 2313 379 2344 et
395 2303 560 2344 Hieronymo
587 2303 689 2342 genitus
714 2306 782 2344 Deus
798 2315 807 2333 :

43 2340 100 2377 idem
120 2350 177 2377 esse
192 2340 297 2369 Vvitluut
317 2347 344 2369 et
367 2343 466 2377 factum
493 2340 526 2369 ac
548 2340 665 2369 creatum
678 2362 685 2374 ,
712 2341 808 2368 saltent

42 2376 99 2412 apud
115 2376 255 2411 Ortgeucm
267 2398 275 2410 ,
290 2377 324 2405 de
339 2376 414 2411 cujus
436 2378 591 2404 Arianistno
610 2385 662 2404 non
683 2376 804 2410 praemii:-

42 2413 165 2447 rttun,Sed
185 2412 265 2447 plane
275 2413 405 2446 judicium
419 2412 549 2439 iecerant.
570 2411 623 2439 Sed
638 2412 702 2438 illud
727 2420 807 2447 γενη-

42 2443 87 2483 τρν,
104 2454 159 2473 cum
179 2443 211 2475 de
231 2443 299 2475 Filio
314 2448 414 2476 dicitur
425 2448 458 2474 ab
469 2447 667 2483 Origenepvel
685 2443 806 2481 genera—

43 2481 80 2517 lini
98 2482 229 2516 signiﬁcat
239 2484 264 2510 id
277 2483 348 2517 quod
360 2483 439 2510 habet
453 2481 560 2517 aliquod
576 2482 616 2508 sui
631 2483 804 2516 priuetpiutn,

43 2515 75 2539 Vel
89 2515 171 2554 veram
187 2515 388 2554 generaiionetn
406 2515 538 2552 designat.
558 2515 703 2554 Utriusque
720 2518 804 2554 inter-

43 2551 320 2588 pretationis'exempla
334 2554 433 2588 passim
451 2551 597 2580 occurrunt
612 2560 619 2584 ;
637 2552 730 2586 primae
748 2551 805 2585 qui-

43 2586 91 2610 dem
113 2593 170 2616 cum
196 2586 439 2622 Origeites‘solum
465 2588 571 2615 Patrem
595 2588 744 2622 ingenitum
762 2588 805 2612 ιΙιτ-

43 2626 173 2655 moustrat,
187 2631 218 2650 ac
234 2623 332 2653 Filium
352 2631 413 2651 cutn
428 2623 510 2650 rebus
526 2623 626 2649 creatis
639 2624 665 2649 in
683 2630 715 2649 eo
730 2630 799 2649 cout-

43 2660 124 2686 ltitrare
147 2666 198 2687 non
230 2660 345 2691 dubitat,
362 2664 427 2686 tom.
455 2666 474 2685 tt
503 2659 529 2684 in
551 2658 644 2689 leam,
676 2665 749 2684 num.
776 2659 804 2688 ϐ,

42 2691 100 2726 quod
113 2700 125 2717 a
140 2692 218 2720 Patre
232 2694 367 2726 πρευμενῆ
389 2700 420 2721 ιιι
445 2698 527 2726 esset,
548 2700 610 2720 cum
637 2693 688 2720 hoc
714 2698 803 2718 tamen

43 2724 191 2760 ιίιθειίιιιὶιιο.
207 2731 277 2763 quod
293 2724 378 2756 Filius
396 2729 430 2755 ab
447 2724 548 2757 aeterno
565 2728 683 2763 genitus,
702 2728 759 2754 istm
777 2727 803 2754 iu

45 2763 146 2792 'C'Ilvure
173 2770 282 2792 creatae.
315 2764 360 2791 Sic
386 2765 467 2790 etiam
501 2768 566 2791 tom.
599 2771 618 2796 ι,
655 2770 731 2790 num.
752 2763 804 2794 -17,

44 2800 93 2828 WE.
110 2796 138 2823 l9
147 2804 154 2823 :
164 2799 220 2826 Οξικ
236 2799 343 2831 ἀτόπως
357 2799 386 2826 δὲ
399 2799 446 2825 καὶ
460 2799 505 2825 τὸν
517 2799 571 2826 τῶν
587 2798 655 2824 ὅλων
667 2797 733 2824 Θεὸν
749 2798 807 2831 ἐρεῖ

90 2831 180 2871 ᾁρχῇνε
190 2835 280 2868 σαφῶς
291 2835 452 2870 προπίπτων
462 2835 502 2871 Eat
514 2834 584 2869 ἀρχὴ
597 2833 662 2871 Tia-3
674 2834 688 2859 ὁ
697 2831 805 2871 ΔΠατὴρ.

45 2868 154 2903 καὶάρχῂ
170 2868 417 2905 δημιουργήμέπων
434 2871 448 2896 ὀ
468 2868 644 2904 samem;
662 2868 807 2900 utet-.15;-

184 2918 319 2950 Pn‘aor.
341 2920 400 2950 Gtt.
418 2919 520 2950 XVII.

863 2305 1052 2333 universorum
1080 2308 1162 2333 Deutn
1193 2308 1356 2341 principium
1386 2307 1493 2338 dixerit,
1513 2305 1600 2340 palam
1617 2313 1650 2332 eo

861 2342 1021 2375 procidcns,
1036 2346 1065 2368 ut
1081 2341 1142 2368 Filii
1158 2342 1321 2376 principiuut
1339 2342 1374 2369 sit
1386 2341 1482 2374 Pater,
1500 2346 1526 2368 et
1544 2341 1649 2375 princi-

860 2377 934 2410 pium
947 2381 1133 2403 creaturarum
1147 2376 1269 2407 Creator.
1285 2385 1315 2403 ac
1325 2377 1473 2410 generatim
1489 2376 1649 2410 principium

860 2412 963 2438 entinm
980 2411 1059 2438 Deus.
1077 2420 1088 2436 ι
1105 2411 1205 2438 Eodem
1218 2419 1298 2438 sensu
1308 2412 1386 2438 docet
1397 2417 1462 2438 tom.
1476 2419 1507 2443 tt,
1519 2418 1592 2438 nuut.
1602 2410 1648 2441 25,

861 2447 961 2473 tnultas
975 2447 1023 2473 Dei
1038 2446 1219 2481 proprietates
1234 2447 1359 2481 cognosci
1376 2453 1429 2473 non
1454 2454 1533 2480 posse
1550 2447 1584 2481 ab
1597 2448 1649 2472 hu-

862 2489 940 2516 mana
956 2486 1064 2514 natura,
1081 2481 1151 2508 forte
1165 2481 1246 2508 etiam
1259 2489 1308 2508 nec
1319 2482 1353 2508 ab
1365 2481 1426 2508 aliis
1442 2487 1540 2516 praeter
1551 2480 1648 2507 Filium

861 2521 888 2543 ct
913 2515 1042 2550 Spiritum
1075 2521 1197 2543 sanctum
1219 2516 1315 2551 genitis
1344 2516 1435 2546 rebus.
1451 2516 1521 2550 τάχα
1547 2516 1575 2542 δὲ
1602 2516 1650 2543 καὶ

860 2551 963 2587 ἑτέροις
976 2551 1051 2587 παρὰ
1065 2551 1182 2587 Χριστὸν
1210 2552 1258 2579 καὶ
1280 2551 1310 2578 τὸ
1334 2551 1415 2587 ἅγιον
1435 2551 1546 2585 Πνεῦμα
1568 2559 1650 2587 γενη-

858 2585 924 2618 τοῖς.
939 2585 1111 2621 Νιιιίϊίεἰιιιι·
1129 2592 1262 2622 repugnat
1276 2587 1378 2621 genitus
1398 2585 1468 2612 Deus
1480 2605 1487 2616 ,
1504 2587 1527 2612 si
1549 2587 1584 2612 itu
1601 2585 1649 2612 ac-

859 2623 991 2656 cipiatur;
1008 2627 1036 2649 at
1054 2629 1108 2655 quo
1122 2621 1207 2649 sensu’
1224 2622 1389 2656 Epiphanius
1416 2627 1442 2648 et
1469 2621 1650 2654 llierouytuus

859 2658 1007 2692 accipiunt,
1033 2664 1164 2691 nusquam
1180 2659 1251 2691 apud
1269 2658 1414 2690 Origeuem
1441 2657 1577 2692 occurrit;
1595 2656 1648 2682 nisi

860 2689 930 2720 forte
943 2692 1057 2720 velimus
1070 2689 1156 2726 ipsam
1172 2689 1262 2719 Patris
1273 2697 1397 2718 naturaut
1420 2698 1453 2718 ex
1472 2689 1649 2726 nihiloicrea-
1670 2720 1673 2722 γ

861 2732 913 2754 tam
932 2729 966 2755 ab
979 2725 1097 2762 Origene
1109 2727 1270 2754 existimari.
1289 2727 1356 2754 Nam
1374 2727 1541 2762 voluntatem
1560 2725 1648 2752 Patris

861 2763 887 2789 in
913 2762 982 2790 Filio
996 2761 1081 2796 nasci,
1102 2762 1243 2797 γινόμενον
1267 2762 1297 2789 ἐν
1319 2761 1358 2797 τῷ
1376 2761 1445 2797 Υἰῷ.
1463 2761 1603 2797 declarat,
1619 2766 1649 2787 ut

861 2805 942 2831 supra
957 2798 1082 2826 vidimus.
1100 2812 1135 2821 -ι
1157 2796 1188 2824 D.
1213 2796 1348 2826 Prudent.
1369 2796 1464 2824 Mutari
1485 2796 1523 2827 De
1544 2796 1647 2824 dieinil.

863 2832 972 2867 Christi,
987 2834 1031 2861 lib.
1049 2841 1085 2868 tv,
1102 2842 1161 2868 cap.
1180 2832 1224 2866 £5,
1238 2840 1314 2861 num.
1329 2833 1359 2860 'l.

1451 2914 1492 2943 25
