1904 3077
219 124 272 151 759

852 119 883 147 P.
905 116 1065 146 DANIELIS
1084 114 1201 144 HUE'I'II

1789 106 1838 134 760

216 193 263 212 τον
279 184 325 211 τὸν
338 183 423 218 Λόγον
441 183 519 217 ἔσχεν
533 181 558 215 (ό
575 180 652 216 Θεὸς)
669 180 804 216 ὐὲτουργὺν
824 180 879 206 τῶν
894 179 938 206 ὑπ’
949 179 998 205 αὑ-

1055 177 1145 204 ‘unlati
1162 175 1277 203 servire.
1295 182 1304 198 ι
1322 173 1441 200 lrentcus
1452 170 1498 196 lib.
1519 177 1558 202 Iit,
1573 176 1632 203 cap.
1648 168 1665 195 8
1679 177 1686 194 :
1708 176 1718 192 ι
1733 166 1784 194 Cui
1797 175 1838 194 er-

216 231 262 258 τοῦ
278 229 475 266 γεγενημένων,
485 227 532 255 καὶ
544 227 577 254 δι’
592 227 673 254 αὐτοῦ
687 227 721 273 eis
734 226 822 254 πάντα
836 226 993 262 πεποίηκεν.

219 285 228 301 ι
245 276 301 303 Hoc
327 274 444 302 Verbum
471 273 566 300 habuit
581 273 675 308 (Deus)
702 272 854 300 ministrum
882 279 995 307 operum

215 328 336 353 suorum,
353 325 381 348 et
394 319 483 346 omnia
497 327 546 354 per
562 320 648 354 ipsum
663 318 736 346 fecit.
754 328 762 343 I
779 317 847 345 Tum
863 317 998 345 inferius:

221 365 314 392 Ὁπότε
327 365 355 391 δὲ
366 364 492 400 ὲθέλησεν
508 365 524 391 ὁ
537 363 603 395 Θεὸς
616 363 727 398 ποιῆσαι
743 363 792 389 ὅσα
810 361 1000 395 ἐϐουλεύσατο,

215 410 308 437 τοῦτον
320 409 365 436 τὸν
377 410 462 444 Λόγον
474 409 602 444 ἐγέννησε
617 408 790 444 προφορικόν.
803 417 812 434 ι
825 407 937 441 Quando
952 415 1000 434 au-

215 461 268 482 tem
290 455 377 482 voluit
395 455 466 482 Deus
483 455 576 482 facere
592 461 762 488 Quaecunque
787 453 1000 486 deliberaverat,

216 502 267 529 hoc
285 501 404 529 Verbum
428 502 522 536 genuit
546 500 727 535 prolatitium.
742 509 751 526 ι
771 499 804 528 Et
818 499 899 534 paulo
913 504 974 534 post
991 507 999 526 :

214 547 280 579 Θεὸς
294 544 342 574 οὖν
355 545 393 573 ὢν
406 547 420 573 ὀ
433 546 530 581 Λόγος,
544 547 591 574 καὶ
606 547 638 573 ὲκ
659 544 725 572 Θεοῦ
745 544 885 580 πεφυκὼς,
900 545 1001 573 ὁπόταν

216 593 343 629 βούληται
354 594 368 620 ὁ
382 593 477 629 Πατὴρ
495 593 548 620 τῶν
563 593 643 625 ὅλων,
658 591 764 626 πέμπει
787 591 869 618 αὑτὸν
884 590 924 622 εἷς
942 599 1003 618 τινα

214 639 308 667 τόπον.
325 647 334 664 ι
348 638 415 665 Cum
442 647 508 674 ergo
540 638 611 666 Deus
630 638 665 665 sit
683 636 814 670 Verbum,
833 641 861 664 et
886 644 919 664 ex
947 636 1002 664 Deo

216 688 377 718 prognatus,
392 683 611 719 quotiescunque
631 683 687 710 vult
701 682 782 710 Pater
798 683 1002 716 universorum,

217 728 301 755 mittit
315 736 376 755 eum
398 729 424 756 in
445 728 533 756 locum
560 729 713 764 aliquem.»
729 728 852 756 Justinus
882 728 909 756 in
937 728 1003 755 Dia—

216 773 274 807 logo
297 781 356 800 cum
374 773 508 808 Tryphon:
524 783 533 801 :
548 769 632 806 Οὗτος
651 775 666 800 ὁ
681 773 773 808 ὀφθεὶς
788 775 846 806 τοῖς
862 774 1004 810 ’πατριάρ-

215 827 279 854 χαις
294 818 435 854 λεγόμενος
447 819 522 851 Θεὸς,
541 819 588 847 καὶ
603 819 734 854 Ἀγγελος
748 820 794 846 καὶ
811 819 911 856 Κύριος
925 820 1003 854 λέγε-

214 873 271 896 ται,
286 865 328 891 ἵνα
345 865 391 891 καὶ
403 866 435 892 ἐκ
448 865 551 893 τούτων
567 865 702 900 ὲπιγνῶτε
718 865 798 892 αὑτὸν
815 866 1004 902 ὑπηρετοῦντα

214 910 253 946 τῷ
265 911 321 937 τῶν
334 912 404 937 ὅλων
419 911 516 947 Πατρί.
529 920 539 937 ι
553 911 604 939 lste
621 912 666 946 qui
683 912 846 947 patriarchis
863 913 936 940 visus
949 917 1001 945 est,

214 960 241 982 et
268 956 367 983 dicitur
393 957 472 988 Deus,
490 961 518 984 et
533 956 663 991 Angelus,
683 961 711 983 et
727 956 857 983 Dominus
884 956 1003 990 appella-

216 1008 281 1035 tur;
294 1007 323 1029 ut
336 1010 368 1029 ex
380 1002 422 1029 his
431 1010 538 1037 quoque
548 1002 704 1037 intelligatis
713 1002 799 1037 ipsum
814 1002 886 1029 Patri
895 1003 1002 1029 univer-

213 1054 305 1073 sorum
319 1047 488 1080 ministrare;
502 1056 512 1073 ι
532 1052 559 1075 et
578 1047 632 1075 alio
645 1047 703 1074 loco
719 1056 726 1073 :
740 1047 779 1073 Δι’
800 1044 838 1074 ὧν
862 1048 1000 1074 ἀποδέδει-

213 1101 276 1120 κται
287 1093 339 1120 ὑπὸ
351 1093 390 1129 τῷ
404 1093 490 1128 Πατρὶ
498 1093 544 1120 καὶ
556 1093 651 1128 Κυρίῳ
663 1093 838 1129 τεταγμένος,
848 1094 894 1120 καὶ
903 1094 1004 1129 ὑπηρε-

213 1138 267 1164 τῶν
281 1139 313 1174 τῇ
333 1138 414 1174 βουλῇ
438 1138 532 1167 αὑτοῦ.
556 1148 565 1165 ι
578 1139 630 1166 Per
643 1146 703 1173 quae
729 1139 944 1167 demonstratum
960 1145 1001 1168 est

214 1183 287 1210 Patri
307 1189 334 1211 ct
350 1184 464 1211 Domino
482 1183 635 1219 subjectum
650 1193 711 1214 esse
725 1185 823 1220 ipsum,
840 1193 872 1213 ac
888 1185 946 1220 ejus
956 1193 1002 1214 vo-

214 1273 315 1307 quilur.
339 1282 348 1297 ι
366 1272 550 1308 Scriptoribus
564 1273 616 1300 illis
638 1273 701 1300 lii-ct
719 1274 762 1300 hic
775 1282 856 1301 unmn
870 1273 1003 1301 llilarium

216 1308 372 1344 adjungere,
384 1309 430 1342 qui
449 1309 475 1335 in
490 1309 558 1344 libro
574 1316 599 1335 Iv
612 1308 649 1335 De
665 1308 794 1335 Trinitate
807 1317 889 1344 agens
901 1310 935 1336 de
946 1317 1003 1336 ver-

215 1343 258 1369 bis
271 1342 324 1369 illis
339 1343 439 1370 Genes.
454 1351 460 1369 ι
477 1353 483 1370 :
511 1353 520 1369 ι
539 1342 683 1370 Faciamus
700 1342 836 1370 hominen?
855 1344 888 1370 ad
907 1345 1003 1378 imagi-

217 1385 279 1404 nem
301 1383 431 1413 nostram,
447 1387 458 1404 ι
477 1383 544 1410 etc.,
563 1379 603 1406 sic
618 1378 760 1412 loquitur:
780 1388 788 1404 ι
807 1378 859 1406 Per
885 1379 911 1406 id
931 1379 1002 1413 quod

216 1413 317 1439 dictum
333 1417 386 1444 est,
401 1412 547 1440 Faciamus
561 1413 702 1444 hominem,
715 1422 748 1440 ex
763 1421 796 1440 eo
812 1414 889 1447 origo
905 1419 958 1447 est,
969 1422 1003 1440 ex

216 1455 269 1480 quo
284 1448 354 1483 capit
368 1454 394 1475 et
409 1455 514 1475 sermo:
528 1449 553 1475 in
565 1455 597 1475 eo
611 1456 676 1475 vero
687 1449 759 1482 quod
775 1448 846 1476 Deus
856 1449 889 1476 ad
906 1449 1004 1483 imagi-

215 1489 277 1509 nem
286 1482 331 1509 Dei
342 1482 407 1510 l'acit
415 1483 562 1515 hominem,
573 1483 744 1517 significatur
751 1484 832 1510 etiam
841 1484 863 1510 is
871 1491 917 1518 per
923 1482 1003 1518 quem

216 1523 422 1556 ροιιειιιιιηιειιιιι·
436 1519 568 1556 operatio.
582 1518 629 1556 )E_l.
641 1518 720 1552 paulo
735 1524 795 1553 post
809 1527 816 1544 :
831 1528 841 1544 ι
852 1519 879 1556 lu
890 1526 922 1545 eo
932 1519 1003 1553 quod
1018 1527 1040 1556 α

217 1552 326 1588 dicitur,
344 1551 499 1584 Faciamus,
513 1559 541 1580 et
551 1551 815 1588 jussio’exmqiiatur
827 1559 853 1580 et
862 1551 979 1580 factum.
992 1563 1002 1579 ι

217 1587 250 1613 Et
265 1595 325 1614 tnox
338 1588 433 1615 iterum
445 1589 478 1616 de
491 1587 630 1623 Sapientia
650 1589 707 1615 sive
721 1588 791 1615 Filio
805 1588 851 1615 Dei
866 1589 939 1616 Patri
954 1596 1005 1616 suo

218 1623 387 1656 aggaudente
396 1624 422 1650 in
433 1623 582 1651 creationis
591 1624 729 1658 operibus,
740 1624 797 1650 hzee
807 1624 904 1651 habet:
918 1633 928 1649 ι
940 1624 1007 1651 Cau-

217 1665 275 1694 sam
283 1658 380 1694 lmtilige
386 1666 441 1685 sua:
450 1659 588 1694 Sapientia
598 1659 705 1686 docuit:
716 1658 857 1686 laetabatur
870 1664 959 1685 autem
971 1659 1006 1686 ob

217 1692 336 1720 laetitiam
353 1693 442 1721 Patris
460 1692 663 1721 in'nerfectione
677 1693 768 1720 mundi
791 1699 818 1720 et
835 1693 862 1721 in
878 1694 939 1720 tiliis
955 1694 1007 1721 ho-

217 1728 319 1764 minum
345 1728 469 1756 ketnulis.
493 1728 629 1764 Scriptum
644 1728 840 1764 estieniszrt
852 1729 915 1755 vidit
936 1729 1006 1756 Deus

217 1763 280 1797 quia
301 1763 367 1790 bona
393 1769 453 1790 sunt
470 1763 585 1798 (Germ,
607 1764 662 1794 l0).
687 1763 798 1791 Placere
826 1763 900 1790 Patri
923 1771 1004 1797 opera

220 1805 268 1834 sua
286 1800 393 1834 gaudet,
409 1806 458 1833 per
469 1807 498 1826 se
513 1807 544 1826 ex
558 1804 692 1834 praecepto
708 1799 766 1833 ejus
784 1798 889 1826 ell‘ecta.
906 1809 915 1825 ι
932 1799 1005 1826 Sane

220 1833 243 1859 si
262 1833 285 1859 is
298 1833 344 1867 qui
359 1834 458 1861 dixerit
477 1834 597 1864 Patrem.
613 1842 665 1868 qua
683 1834 764 1861 Pater
778 1839 828 1865 est,
847 1835 1004 1868 primarium

219 1875 278 1895 esse
297 1868 387 1895 tuundi
404 1869 541 1903 opiﬁcem,
558 1870 603 1903 qui
624 1868 681 1896 haec
701 1869 825 1896 universa
847 1877 893 1903 per
908 1869 1004 1896 Filium

219 1911 297 1938 suum
312 1904 475 1935 condiderit,
493 1912 542 1938 pro
563 1905 665 1931 Ariano
681 1905 821 1932 habendus
837 1909 878 1931 est
889 1925 896 1934 ,
913 1905 957 1930 vix
971 1904 1005 1930 ab

218 1937 364 1974 Arianismi
386 1939 446 1966 labe
466 1937 549 1974 purus
573 1940 625 1966 erit
647 1939 702 1973 ipse
725 1938 823 1966 Paulus
844 1939 870 1966 iu
885 1940 972 1973 Epist.
989 1939 1003 1966 Ι

218 1974 254 2000 ad
268 1972 404 2010 Corinth”
420 1972 481 2010 cap}
495 1974 523 2004 8.
541 1982 613 2001 vers.
629 1972 664 2006 6,7
672 1975 706 2001 de
721 1974 853 2010 partibus,
870 1980 899 2000 ut
913 1975 949 2000 ita
964 1974 1005 2001 lu-

219 2015 299 2043 quar,
317 2008 405 2036 Patris
420 2008 524 2037 et'Filii
540 2010 565 2036 iu
586 2017 676 2036 rerum
693 2009 830 2036 creatione
845 2014 873 2036 et
891 2017 1005 2036 renova-

220 2045 292 2071 tione
300 2043 338 2071 sic
345 2044 481 2072 disserens
497 2054 503 2071 :
518 2044 601 2071 Nobis
611 2053 677 2071 unus
691 2044 807 2071 estDeus
823 2043 912 2074 Pater.
930 2053 1006 2078 aquo

219 2079 318 2111 omnia,
340 2083 365 2106 et
381 2088 428 2106 nos
442 2082 469 2106 in
480 2080 536 2113 ipso
547 2087 556 2105 :
567 2085 590 2106 et
607 2088 675 2106 unus
694 2079 820 2106 Dominus
836 2078 913 2106 Iesus
927 2079 1004 2106 Chri-

218 2122 346 2149 ξυνῆμεν
357 2123 433 2149 quem
454 2115 554 2147 omnia,
568 2120 591 2141 et
609 2122 655 2141 nor
672 2122 718 2147 per
740 2115 836 2148 ipsum.
851 2113 918 2141 Nam
939 2114 1002 2141 illud

220 2150 252 2183 ἐξ
266 2148 309 2180 οὗ.
327 2158 342 2176 a
352 2157 416 2183 quo,
427 2157 539 2177 causam
553 2150 666 2184 primam
684 2149 814 2176 denotare
828 2149 1001 2176 maniiestum

219 2190 273 2212 est.
289 2185 367 2212 Unde
380 2190 406 2211 et
424 2184 580 2212 Theodorus
597 2184 665 2211 Beza
684 2184 717 2210 ad
739 2185 826 2211 locum
846 2184 904 2211 haec
917 2184 1000 2211 adno-

220 2206 281 2247 ῐτῖὶἐ
293 2206 395 2246 7'61.er
398 2206 497 2246 Ῥὶῖἔέ
500 2206 541 2246 ζ’
550 2206 826 2254 ’ἕίιῶῗιῑεῦἧεὶὖῖιῖἑῖ
839 2206 1001 2253 ιὶιΓρῖῇἰὶιῖ-
1015 2206 1039 2234 Ι)

219 2256 294 2291 pitnn
313 2254 481 2291 tribuitupi
498 2254 608 2291 Scilicet
623 2255 679 2291 haec
696 2255 785 2291 omnia
806 2254 917 2281 omnino
931 2254 1004 2291 re_l‘e-

219 2289 304 2317 i'enda
328 2293 391 2315 sunt
406 2289 439 2316 ad
455 2289 528 2316 illam
543 2289 602 2316 Filii
616 2289 865 2316 subordinationem
882 2297 936 2324 qua
952 2289 1004 2316 Pa-

222 2325 256 2351 tri
272 2329 301 2350 ut
323 2325 428 2360 auctori
449 2332 497 2351 suo
512 2325 567 2360 (hic
590 2325 774 2360 iterumripsis
790 2324 885 2351 Hilarii
911 2324 1003 2360 verbis

220 2360 295 2392 utor)
308 2358 445 2395 subjectus
459 2358 596 2392 est/Quid
609 2359 680 2393 quod
694 2359 720 2386 in
738 2360 796 2394 ipso
810 2359 938 2395 Symbolo
955 2359 1002 2386 Ni—

222 2402 299 2421 caeno
314 2394 425 2421 credere
435 2393 569 2428 iubemur,
587 2396 672 2429 primo
687 2404 696 2420 ι
713 2393 837 2421 inimum
853 2395 935 2422 Deum
951 2395 1002 2421 Pa-

223 2435 294 2456 trem
309 2429 536 2464 omnipotentem,
553 2431 673 2456 omniuin
694 2429 841 2457 visibilium
857 2435 885 2456 et
909 2430 1004 2457 invisi-

221 2464 317 2492 liilium
333 2463 489 2492 Creatorem
507 2473 514 2490 :
529 2474 539 2491 ι
561 2465 667 2496 deinde,
684 2474 694 2490 ι
705 2466 730 2491 iu
746 2473 829 2492 unum
859 2465 1002 2492 Dominum

223 2498 314 2535 Iesum
330 2500 479 2532 Christum,
493 2505 557 2533 etc.,
568 2507 614 2535 per
629 2507 707 2534 quem
722 2501 812 2528 omnia
829 2501 899 2527 facta
909 2506 1000 2527 sunt.»

224 2534 261 2570 Ut
278 2536 369 2570 paucis
382 2543 438 2561 rem
456 2541 540 2562 totam
555 2534 719 2569 complectar
733 2536 796 2570 :qui
809 2535 908 2562 dixerit
919 2536 1003 2562 Deum

223 2569 344 2601 Pati-em,
365 2577 492 2605 tanquam
515 2570 616 2597 fontcm
640 2570 787 2597 divinitatis
807 2571 929 2605 adeoque
944 2578 1003 2597 om-

223 2606 299 2632 nium
318 2607 504 2638 operationum
525 2606 679 2632 divinarum
709 2607 857 2640 originem,
877 2615 892 2632 a
912 2606 1003 2641 seipso

222 2648 272 2675 per
289 2640 386 2668 Filium
406 2649 484 2668 suum
500 2641 629 2668 mundum
655 2641 817 2672 condidisse,
839 2648 871 2668 ac
890 2640 1003 2676 proinde

223 2683 314 2712 rerum
340 2677 460 2703 omnium
477 2677 636 2712 primarium
662 2683 721 2703 esse
746 2676 888 2710 opiiicem;
916 2683 958 2703 nte
979 2676 1003 2703 is

222 2711 332 2738 Arianae
358 2711 648 2745 haeresis’neutiquam
674 2712 840 2739 incusandus
865 2716 924 2743 est;
948 2711 1001 2738 nisi

223 2752 289 2773 vero
308 2746 425 2780 antiquis
437 2747 564 2774 Ecclesia:
586 2746 712 2774 Patribus
726 2747 869 2779 universis,
881 2747 1003 2780 adeoque

224 2781 292 2814 ipsis
316 2781 492 2815 scriptoribus
525 2782 712 2813 θεοπνέυποις
740 2782 887 2809 Arianismi
912 2782 1001 2808 dicam

226 2815 378 2849 impingere
392 2817 514 2844 velimus.
531 2817 584 2844 Sed
601 2817 663 2844 illud
683 2818 791 2844 demum
808 2817 915 2843 Arianae
927 2821 1002 2843 esset

224 2850 411 2885 blasphemiae,
431 2853 453 2880 si
470 2853 530 2887 quis
544 2852 653 2880 doceret
673 2851 780 2879 Patrem
798 2852 856 2880 hac
873 2852 1000 2880 universa

1052 231 1086 260 go
1102 220 1246 258 praecepit?
1263 218 1351 247 Verbo
1363 217 1479 249 scilicet,
1494 223 1542 251 per
1558 215 1643 260 quod.
1658 213 1763 248 inquit,
1777 212 1837 260 eteli

1049 258 1149 297 firmati
1165 271 1245 299 sunt;
1262 275 1271 292 ι
1285 270 1312 292 οι
1325 264 1374 291 lib.
1390 271 1427 294 tv,
1443 270 1501 298 cap.
1518 262 1550 288 l7
1567 269 1574 287 :
1594 270 1603 286 ι
1618 259 1759 287 Ministrat
1770 258 1837 286 enim

1049 315 1073 343 ei
1086 313 1186 349 (Patri)
1202 312 1235 340 ad
1250 311 1340 339 omnia
1356 317 1404 337 sua
1421 308 1579 344 progenies,
1592 311 1620 334 et
1634 305 1766 340 ﬁguratio
1781 312 1837 338 sua,

1049 360 1076 388 id
1108 364 1150 387 est
1181 358 1265 386 Filius
1287 361 1314 384 et
1326 355 1443 390 Spiritus
1461 359 1582 385 sanctus,
1603 351 1722 379 Ve‘rbuin
1737 355 1766 378 et
1791 350 1838 378 Sa-

1049 407 1172 442 pientia,
1191 405 1290 439 quibus
1309 403 1430 430 serviunt
1459 406 1487 428 et
1510 399 1623 433 subjecti
1649 402 1715 426 sunt
1747 404 1840 424 omnes

1053 441 1153 487 angeli.
1168 461 1179 477 ›
1198 448 1322 484 Episcopi
1350 455 1398 475 sex
1423 446 1600 474 Antioche-ne
1623 443 1723 479 synodi
1737 442 1766 469 in
1783 441 1838 477 epi~

1052 499 1121 526 stola
1138 497 1169 524 ad
1186 496 1298 524 Paulum
1319 494 1527 522 Samosalenum
1553 496 1699 525 antequam
1723 489 1839 523 depone-

1051 548 1126 571 retur
1139 551 1146 568 :
1161 542 1260 569 Τοῦτον
1271 541 1316 568 τὸν
1330 539 1394 567 Υἰδν
1409 538 1574 572 πιστεύομεν
1588 537 1636 563 σὺν
1647 535 1687 571 τῷ
1698 534 1789 570 Hath
1799 534 1840 561 ἀεὶ

1051 589 1115 616 ὄντα
1128 587 1368 623 ὲκιππληρωκέναι
1382 585 1412 611 τὸ
1429 584 1559 619 πατρικδν
1573 582 1695 618 βούλημα
1709 582 1780 617 πρὸς
1795 580 1841 616 τὴν

1053 635 1142 662 κτίσιν
1152 634 1205 661 τῶν
1221 633 1300 660 ὅλων.
1322 641 1331 657 ι
1347 632 1422 658 llunc
1442 629 1565 664 (Filium)
1583 629 1721 656 credimus
1737 634 1841 662 semper

1058 681 1236 708 exsistentem
1259 686 1321 706 eum
1354 676 1435 704 Patre
1455 675 1608 711 implevisse
1627 675 1776 702 Paternam
1797 681 1841 701 vo-

1054 726 1186 754 luntatem
1201 725 1235 753 ad
1255 723 1422 753 creationem
1446 723 1644 750 universorum.
1657 731 1666 747 ι
1695 722 1789 756 Atque
1809 728 1839 748 ex

1054 774 1105 800 hoc
1122 773 1246 808 dogmate
1269 769 1442 798 occasionem
1468 769 1593 796 videntur
1608 769 1740 796 habuisse
1764 768 1842 794 Arius

1054 825 1081 847 et
1093 819 1197 851 Aetius,
1210 815 1260 845 cur
1282 817 1433 845 creationis
1450 823 1539 843 rerum
1555 815 1661 842 Patrem
1681 813 1841 848 primariam

1020 855 1114 892 Besse
1137 871 1258 895 causam,
1277 862 1486 889 instrumentum
1512 868 1576 887 vero
1599 859 1696 887 Filium
1722 858 1840 890 arbitra-

1056 915 1150 936 rentur
1165 916 1172 935 :
1186 915 1267 942 quam
1279 914 1374 933 eorum
1393 905 1525 933 insaniam
1540 904 1744 939 castigaverunt
1758 904 1840 930 Atha-

1055 955 1146 982 nasius
1156 959 1225 981 orat.
1238 953 1257 981 5
1269 957 1295 980 et
1308 953 1335 985 5,
1356 952 1471 988 Cyrillns
1482 951 1528 978 lib.
1544 959 1577 978 xv
1591 955 1618 978 et
1634 958 1691 983 xvr,
1705 954 1735 977 et
1752 949 1809 976 alii.

1090 999 1147 1028 XV.
1164 999 1222 1026 Non
1236 999 1298 1026 Filii
1316 1000 1483 1033 majestatem
1498 997 1587 1024 solum
1600 995 1772 1032 oppugnavit
1783 994 1841 1022 Ori-

1054 1054 1146 1083 genes,
1163 1046 1210 1074 sed
1227 1046 1259 1074 de
1276 1045 1333 1080 ejus
1349 1045 1431 1073 etiam
1447 1045 1570 1072 b0nitate
1589 1043 1744 1071 detraxisse
1757 1042 1841 1076 ipsum

1054 1098 1147 1120 auctor
1163 1097 1205 1120 est
1230 1092 1408 1127 Hieronymus
1424 1091 1462 1126 (5)
1478 1091 1504 1117 in
1521 1090 1606 1124 Epist.
1624 1090 1659 1116 ad
1678 1089 1766 1120 Αυίι..
1783 1095 1840 1123 cap.

1054 1140 1066 1166 1
1084 1148 1090 1166 :
1108 1149 1117 1165 ι
1134 1139 1217 1167 Deum
1237 1139 1345 1166 Patrem
1361 1139 1586 1173 omnipotentem,
1612 1137 1712 1172 inquit,
1727 1136 1841 1171 appellat

1054 1186 1168 1218 bonum,
1185 1190 1211 1212 et
1225 1185 1353 1220 perfectae
1370 1185 1522 1213 bonitatis:
1537 1183 1634 1211 Filium
1652 1190 1706 1210 non
1724 1189 1787 1210 esse
1801 1182 1844 1210 bo-

1058 1275 1234 1302 constituisse
1254 1282 1302 1308 per
1332 1274 1443 1305 Filium,
1458 1278 1586 1308 tanquam
1608 1280 1656 1307 per
1677 1272 1842 1298 instrunmen-

1058 1315 1114 1336 tum
1140 1310 1189 1336 sibi
1219 1315 1394 1341 extraneum,
1412 1314 1460 1336 aut
1483 1314 1609 1342 tanquam
1636 1316 1684 1342 per
1713 1308 1841 1333 \‘irtutetn

1057 1345 1174 1378 aliquant
1191 1349 1255 1371 ante
1272 1349 1369 1371 cmlcra
1385 1345 1475 1371 omnia
1491 1348 1620 1375 creatam,
1643 1348 1726 1376 atque
1751 1342 1839 1378 ab_ip-

1056 1376 1113 1406 sius
1132 1380 1253 1406 essentia
1271 1379 1387 1406 alienam
1407 1387 1413 1405 :
1430 1387 1489 1413 qua;-
1505 1378 1630 1413 impietas
1646 1382 1771 1413 mentem
1785 1376 1841 1403 Ori-

1056 1415 1192 1449 genisrne
1213 1423 1260 1449 per
1279 1415 1412 1441 somnium
1437 1412 1547 1448 quidem
1561 1412 1794 1449 unquamnsubiit.
1809 1428 1841 1449 τα

1057 1449 1120 1477 lla-c
1133 1446 1264 1483 Georgius
1283 1449 1374 1476 Rullus
1387 1449 1413 1475 in
1427 1446 1582 1483 Defensioue
1594 1447 1657 1482 ﬁdei
1673 1447 1795 1483 Νὶιίειιω
1804 1446 1842 1483 de

1058 1484 1118 1511 Filii
1128 1484 1166 1519 τῷ
1179 1480 1325 1519 duodecim,
1340 1491 1399 1518 cap.
1412 1484 1438 1517 5,
1451 1480 1560 1516 ιιύιιι.6,
1573 1480 1699 1519 eteap.9,
1714 1480 1840 1519 inlunio.

1093 1519 1132 1554 (5)
1149 1516 1247 1545 Auctor
1268 1516 1305 1546 est
1329 1516 1516 1554 Hieronymus,
1531 1524 1595 1554 ﬁcte.
1622 1518 1729 1554 Pugnat
1751 1516 1841 1554 Hiero-

1057 1552 1130 1589 nyini
1152 1554 1284 1587 judicium
1304 1561 1367 1581 cum
1390 1552 1512 1589 pluribus
1524 1553 1648 1588 Origenis
1664 1552 1838 1589 testimoniis,

1056 1587 1206 1624 praesertim
1233 1597 1292 1616 cum
1324 1590 1365 1616 his
1389 1587 1449 1624 qua:
1478 1589 1557 1616 docet
1578 1587 1646 1615 tom.
1665 1595 1672 1615 ι
1691 1588 1720 1614 in
1749 1587 1843 1624 Jortin,

1057 1622 1132 1651 inim.
1153 1624 1197 1656 Η,
1215 1625 1350 1658 apostolos
1367 1622 1570 1659 evaitgeliuisse
1596 1624 1676 1659 bona,
1692 1627 1723 1648 ut.
1747 1622 1841 1659 praidig

1056 1664 1135 1686 xerat
1160 1659 1255 1691 Isaias,
1269 1667 1330 1686 cum
1349 1658 1486 1686 Christum
1505 1658 1776 1691 cvangelizavcrnnt,
1799 1658 1841 1690 qui

1057 1699 1099 1721 est
1114 1704 1124 1720 ι
1138 1695 1237 1721 bonum
1258 1694 1333 1721 nullo
1355 1695 1408 1721 alio
1438 1694 1510 1721 bono
1540 1691 1664 1725 inferius,
1689 1691 1836 1719 multitudo

1056 1729 1200 1761 honorum,
1220 1730 1245 1756 in
1267 1737 1321 1763 quo
1337 1728 1534 1763 beneplacitum
1563 1729 1617 1756 fuit
1630 1735 1741 1755 omnem
1760 1728 1840 1762 pleni-

1057 1765 1177 1791 tudinem
1193 1765 1344 1792 divinitatis
1364 1765 1486 1791 habitare
1502 1764 1743 1799 eorporaliter.....
1763 1763 1808 1799 qui
1824 1769 1838 1788 a

1056 1799 1126 1826 bono
1141 1799 1221 1826 Patre
1235 1801 1350 1834 accepit,
1362 1805 1389 1825 ut
1404 1804 1475 1826 esset
1492 1798 1570 1830 bona,
1583 1809 1594 1825 ι
1610 1799 1635 1824 id
1650 1803 1701 1829 est,
1719 1798 1839 1834 omnium

1055 1835 1185 1861 bonorum
1210 1832 1361 1867 complexio
1377 1843 1384 1861 :
1398 1834 1511 1866 Οὐδενὸς
1532 1834 1586 1868 γὰρ
1610 1834 1721 1860 ἔλαττον
1737 1832 1844 1866 ἀγαιθοῦ

1055 1843 1185 1861 uonorum
1210 1843 1361 1867 complexio
1377 1843 1384 1861 :
1398 1843 1511 1866 υυοενος
1532 1843 1568 1868 γα
1610 1843 1721 1860 san-rw
1737 1843 1838 1866 αγαυου

1055 1868 1102 1905 καὶ
1117 1869 1197 1896 τοῦτο
1216 1869 1248 1896 τὸ
1262 1870 1418 1904 ἁγαθόν.....
1436 1869 1542 1904 Πλῆθος
1563 1843 1674 1905 infidi?
1690 1869 1767 1905 ἐςτιν
1787 1868 1838 1905 ξΙη-

1056 1904 1204 1941 οοῐξςληωΔὸ
1218 1905 1273 1931 ἀπὸ
1285 1901 1332 1931 τοῦ
1347 1905 1449 1939 ἀγαθοῦ
1475 1901 1632 1941 Πατρὺς’τὸ
1647 1903 1749 1941 ramea
1772 1901 1840 1929 εἴνὰι.

1054 1939 1155 1969 λαϐών.
1171 1939 1222 1973 Qui
1241 1947 1304 1975 ergo
1322 1941 1420 1967 bonum
1453 1939 1553 1974 negare
1580 1940 1666 1975 Potuit
1698 1946 1774 1975 eum,
1790 1946 1840 1975 quo

1054 1975 1145 2002 omnia
1169 1976 1238 2002 bona
1265 1973 1399 2003 contineri
1427 1973 1569 2002 declarat?
1584 1974 1697 2002 Videtur
1711 1973 1839 2009 Origenis

1056 2009 1223 2043 vituperandi
1248 2018 1312 2037 ansa
1330 2015 1438 2044 arrepta
1467 2018 1501 2036 ex
1519 2011 1560 2037 hls
1574 2017 1635 2044 qum
1653 2009 1721 2036 dixit
1739 2009 1766 2036 in
1784 2010 1839 2036 hac

1055 2045 1157 2072 Christi
1177 2046 1257 2072 verba
1271 2055 1277 2072 :
1293 2045 1361 2078 Quid
1372 2053 1411 2071 me
1421 2053 1495 2072 uocas
1510 2045 1628 2072 bonum?
1643 2044 1730 2071 Nemo
1748 2045 1839 2076 bonus,

1055 2081 1104 2106 nisi
1117 2080 1188 2106 solus
1199 2080 1266 2106 Deus
1279 2080 1355 2113 (Luc.
1371 2088 1448 2110 xvnt,
1468 2080 1523 2113 l9).
1541 2079 1650 2113 Singula
1666 2079 1724 2105 loca
1740 2086 1839 2113 expett-

1055 2115 1160 2141 dautus.
1190 2115 1320 2150 Origenes
1339 2120 1402 2142 tum.
1418 2123 1425 2141 ι
1441 2116 1467 2141 in
1490 2114 1585 2146 10am,
1609 2122 1682 2141 num.
1699 2114 1746 2146 At),
1764 2113 1839 2150 utrad

1054 2151 1197 2177 sanitatem
1223 2149 1330 2177 revocet
1354 2150 1512 2181 haereticos,
1537 2150 1582 2184 qui
1601 2150 1682 2176 alium
1701 2149 1785 2176 Deum
1798 2149 1839 2183 ju-

1054 2189 1135 2217 stum,
1150 2184 1231 2211 alium
1255 2186 1365 2215 bonum,
1382 2185 1462 2212 alium
1475 2191 1638 2217 creatorem,
1653 2185 1736 2210 alium
1761 2191 1821 2210 crea
1832 2197 1839 2202 -

1054 2224 1112 2246 tore
1133 2220 1261 2253 majorem
1284 2220 1421 2254 dicebant,
1443 2219 1567 2247 concedit
1581 2220 1620 2247 eis
1637 2219 1719 2246 Deum
1734 2218 1838 2254 Patrem

1056 2255 1186 2282 Creatore
1205 2255 1335 2289 majoretn
1351 2255 1404 2282 dici
1423 2262 1512 2288 posse,
1529 2255 1551 2282 si
1577 2255 1692 2282 Creator
1715 2254 1775 2287 ejus
1799 2253 1838 2280 Fi-

1054 2289 1107 2317 lius
1130 2290 1314 2324 intelligatur;
1338 2290 1474 2320 similiter,
1495 2290 1619 2324 «justum
1643 2294 1671 2316 et
1691 2290 1792 2316 bonum
1807 2290 1837 2315 de

1054 2324 1136 2352 Patre
1151 2329 1178 2352 et
1193 2325 1261 2352 Filio
1277 2325 1329 2352 dici
1349 2332 1437 2359 posse,
1453 2325 1523 2352 Filio
1545 2325 1653 2359 justitia
1677 2325 1835 2356 exsistente,

1054 2360 1099 2394 qui
1115 2360 1221 2394 accepit
1247 2364 1407 2394 potestatem
1429 2359 1579 2393 iudicandi,
1598 2359 1727 2395 quoniam
1754 2359 1836 2386 Filius

1055 2395 1172 2422 hominis
1187 2400 1230 2422 est
1249 2395 1384 2430 (Joanrv,
1400 2395 1457 2430 27),
1471 2400 1499 2422 et
1519 2395 1653 2429 judicatiit
1675 2395 1770 2422 orbem
1788 2399 1837 2421 ler-

1054 2438 1145 2457 rarum
1162 2431 1187 2457 in
1201 2430 1311 2466 justitia
1325 2429 1413 2464 (Paul.
1440 2438 1521 2463 xcvtt,
1534 2431 1562 2466 9)
1579 2439 1585 2456 :
1601 2431 1680 2457 Patre
1697 2438 1762 2466 vero
1782 2430 1837 2466 (eos

1054 2467 1099 2500 qui
1117 2466 1142 2492 iu
1157 2466 1262 2499 justitia
1291 2465 1352 2492 Filii
1373 2466 1495 2500 castigati
1521 2466 1633 2498 fuerim,
1648 2470 1709 2500 post
1735 2465 1834 2491 Christi

1055 2509 1170 2535 regnum
1187 2501 1327 2528 beneﬁciis
1344 2500 1488 2536 allicientc)
1505 2502 1567 2528 boni
1598 2501 1761 2528 vocabulum
1779 2507 1837 2534 ope-

1055 2536 1128 2563 ribus
1146 2542 1300 2568 estcnsuro,
1314 2537 1422 2571 quando
1436 2536 1518 2563 fuerit
1544 2538 1612 2563 Deus
1633 2537 1722 2563 omnia
1741 2536 1766 2561 in
1782 2542 1837 2562 om-

1054 2572 1133 2598 nibus
1148 2571 1172 2606 (Ι
1193 2572 1255 2598 (.‘or.
1272 2579 1316 2600 xv.
1331 2572 1388 2606 ‘28).
1403 2582 1412 2598 ι
1428 2571 1502 2598 llanc
1525 2571 1560 2598 ob
1574 2579 1683 2598 causam
1699 2571 1834 2598 Christum

1054 2606 1155 2634 dixisse
1169 2607 1299 2641 conjicit:
1314 2607 1383 2639 Quid
1406 2615 1446 2633 me
1470 2607 1587 2640 appellas
1612 2607 1728 2633 bonum?
1754 2606 1834 2632 Nemo

1054 2641 1144 2672 bonus,
1159 2643 1209 2668 nisi
1225 2650 1292 2668 unus
1307 2642 1376 2668 Deus
1402 2643 1482 2669 Pater
1496 2642 1592 2677 (Marc.
1610 2650 1638 2674 x,
1657 2642 1712 2676 l8).
1731 2641 1832 2668 Nullum

1053 2676 1199 2714 Arianisuii
1216 2677 1472 2714 vestigiumjnrhac
1494 2676 1584 2714 Subtili
1602 2677 1830 2714 interpretatione,

1054 2719 1114 2745 qua:
1138 2712 1161 2739 si
1190 2711 1338 2739 bonitatem
1365 2712 1433 2740 Filio
1456 2713 1584 2743 detrahit,
1603 2711 1737 2746 justitiam
1762 2711 1831 2737 Patri

1053 2748 1196 2774 detrahere
1207 2747 1322 2773 dicetur.
1341 2747 1440 2774 Eadem
1451 2748 1550 2775 Christi
1570 2749 1651 2775 verba
1675 2748 1831 2780 interpreta-

1054 2786 1097 2808 tur
1112 2783 1138 2809 in
1159 2782 1206 2808 lib.
1223 2789 1238 2806 v
1264 2787 1355 2808 contra
1378 2782 1492 2816 Celsum,
1506 2790 1580 2810 num.
1603 2782 1648 2815 Η,
1672 2783 1715 2809 υι›ι
1734 2781 1833 2809 soliset

1054 2817 1196 2844 stellarum
1219 2816 1321 2843 cultum
1341 2824 1355 2843 a
1381 2817 1460 2844 Celso
1482 2818 1620 2844 defensum
1640 2817 1775 2848 refellens,
1794 2815 1830 2842 sic

1054 2852 1171 2887 quuitur
1184 2861 1191 2879 :
1209 2852 1238 2878 ὐ
1249 2851 1343 2887 Σωτὴρ
1357 2852 1434 2887 ἡμῶν
1448 2853 1608 2887 καὶΚύρῑος,
1627 2852 1744 2884 ἀκούσας
1760 2850 1830 2883 ποτὲ,
