1904 3077
65 112 113 140 781

492 115 777 145 ORIGENIANORUM
795 117 857 146 LIB.
879 118 911 150 ll,
930 117 1008 148 CAP.
1029 118 1060 150 ll,
1083 117 1219 151 QUIEST.
1241 118 1274 145 ll.

1634 123 1686 151 7ῧὲ

62 176 141 202 num,
155 170 203 197 sed
222 177 319 198 auram
331 171 476 206 quamdam
490 178 518 200 et
535 173 680 210 imaginem
698 175 847 208 bonitatis;
863 200 866 206 ,

899 184 956 202 σου
978 176 1214 210 προσκυνήσεις,
1235 176 1285 204 καὶ
1303 177 1384 210 αὐτῷ
1396 179 1478 212 μόνῳ
1497 181 1683 215 λατρεύσεις.

60 219 92 242 ut.
107 222 162 242 non
175 215 283 243 dicatur
297 216 420 245 absolute
433 217 532 251 bonus,
545 219 592 246 sed
605 226 666 246 cum
683 220 848 251 additamen-

61 265 100 292 ιο,
116 259 216 288 Pastor
236 262 332 294 bonus,
353 266 381 289 et
401 267 512 290 caetera.
528 272 539 289 ι
556 263 718 299 Anonymus
744 272 850 300 quoque

59 306 132 340 apud
149 306 292 340 Photium,
319 308 379 336 cod.
395 315 479 342 cxvn,
496 314 524 336 et
537 309 694 345 Pamphilus
708 310 735 338 in
754 310 850 346 Αροίοα

57 353 104 387 gia
119 360 243 380 errorem
261 354 333 381 hunc
356 354 426 382 inter
447 362 494 382 eos
510 361 663 387 recensent,
678 357 723 391 qui
739 356 848 391 Origcui

57 398 143 432 obiici
160 399 242 435 vulgo
258 399 328 427 soliti
342 405 416 428 sunt.
435 401 522 429 Verba
544 402 603 437 ipsa
619 402 702 430 refert
717 402 846 430 Justinia-

56 453 112 472 nus
131 447 167 473 ad
188 446 291 474 calcem
306 446 426 481 epistolae
442 447 475 474 ad
499 447 615 480 Menam,
627 445 688 484 qua:
711 457 726 476 a
751 449 848 477 Ruﬂuo

55 492 212 527 interprete
227 493 380 525 emendata,
398 498 426 520 et
442 493 469 520 in
482 494 660 526 orthodoxam
686 496 846 522 sententiam

56 537 168 564 detorta
182 545 214 564 ac
229 537 390 572 interpolata
405 543 468 565 sunt
487 539 533 566 lib.
556 540 646 574 ιΠερί
661 540 771 574 ἀρχῶν,
786 547 846 574 cap.

56 581 85 613 2,
104 589 181 608 num.
198 582 243 613 l5,
257 583 326 609 unde
339 589 371 609 ea
393 590 454 617 cap.
467 582 512 613 15.
525 584 639 618 sumpsit
657 590 752 611 auctor
766 583 847 611 libelli

55 627 98 654 De
115 629 214 655 deitate
233 632 258 654 et
277 627 457 655 incarnatione
481 628 567 661 Verbi,
588 631 632 664 qui
660 630 792 664 reperitur
813 630 847 657 ad

56 673 162 701 calcem
184 674 248 701 tomi
265 673 298 700 IV
321 673 478 709 Augustini.
500 674 555 702 Hac
576 675 635 702 labe
659 675 759 702 itedata
783 679 847 702 sunt

55 719 110 746 ista
127 727 190 754 quae
206 727 287 754 supra
301 719 462 747 adduximus
475 729 490 748 e
507 725 572 748 tom.
585 729 602 749 ιι
618 722 645 748 in
662 722 754 753 Jonn.,
772 729 846 748 num.

55 765 73 792 6
86 774 92 791 :
111 765 150 800 (4)
161 764 238 792 Οῦτω
251 765 341 792 τοίνυν
356 766 403 792 καὶ
416 766 521 797 ἐνθάδε,
536 767 560 792 εἰ
575 766 664 793 πάντα
674 766 718 793 διὰ
731 769 778 793 τοῦ
799 767 847 793 Λό-

55 819 106 844 γου
130 810 247 845 ἐγένετο,
263 811 311 846 οὐχ
328 811 380 837 ὑπὸ
403 811 452 838 τοῦ
474 812 560 846 Λόγου
587 812 704 845 ἐγένετο,
721 812 778 839 ἀλλ’
795 813 847 839 ὑπὸ

900 217 922 254 ᾦ
940 219 1018 255 κάγὼ
1034 222 1081 247 καὶ
1100 221 1200 253 πάντες
1213 222 1237 248 οἱ
1258 222 1306 250 σὺν
1325 222 1386 258 ἐμοὶ
1411 225 1617 261 προσκυνοῦμεν
1636 226 1684 253 καὶ

899 264 1076 301 λατρεύομεν.
1095 265 1246 293 nouitatem
1261 266 1332 294 illam
1346 275 1406 302 qua:
1422 267 1476 296 Deo
1494 269 1567 296 Patri
1583 278 1684 300 conve-

899 310 1061 342 nit,Christo
1069 310 1196 342 detrahit,
1210 318 1263 338 non
1278 316 1380 339 tantum
1395 317 1528 348 quatenus
1539 314 1619 343 homo
1629 320 1683 350 est,

898 354 944 382 sed
964 356 1045 382 etiam
1070 359 1204 390 quatenus
1221 359 1264 382 est
1284 356 1372 391 imago
1397 357 1525 385 bonitatis
1543 359 1601 391 Dei,
1630 360 1682 388 hoc

898 405 939 427 est
956 406 1089 435 quatenus
1104 406 1145 428 est
1159 401 1240 429 Deus.
1263 400 1364 428 Nullihi
1379 409 1443 430 vero
1459 404 1579 438 apertius
1594 412 1676 439 quam

896 450 961 473 tom.
970 453 1004 473 xv
1016 447 1043 473 in
1052 445 1160 479 Mutth.,
1171 454 1244 473 num.
1261 447 1312 474 i0:
1327 447 1366 482 (5)
1381 448 1425 480 Ὠς
1435 448 1484 483 μὲν
1495 449 1562 485 πρὸς
1569 450 1614 477 τὸν
1626 451 1683 478 Πα-

895 491 971 526 τέρα,
995 491 1082 525 inquit
1109 492 1141 518 de
1167 491 1287 524 Christo,
1313 492 1395 519 εἰκών
1415 494 1490 520 ἐστιν
1505 495 1682 531 ἅγαθότητος,

897 536 934 569 ὡς
948 537 975 563 δὲ
988 537 1056 573 πρὸς
1068 536 1102 564 τὰ
1121 537 1211 572 λοιπὰ,
1231 539 1328 574 ὅπερὴ
1350 539 1397 565 τοῦ
1417 541 1524 576 [ἰατρὸς
1546 542 1682 578 ἀγαθότης

897 583 963 618 πρὸς
978 583 1074 610 αὐτόν·
1090 583 1106 619 ἦ
1121 583 1166 610 καὶ
1180 583 1278 618 μᾶλλόν
1292 585 1350 614 ἐστι
1367 593 1429 622 τινα
1441 586 1586 620 ἀναλογίαν
1599 595 1691 622 προει-¹

896 628 944 664 εχῆ
960 628 1022 655 [δεῖν
1042 629 1089 655 ἐπὶ
1103 629 1269 664 ἀγαοότητος
1291 630 1338 657 τοῦ
1351 631 1418 657 Θεοῦ
1433 632 1500 667 πρὸς
1510 633 1555 659 τὸν
1569 633 1683 668 Σωτῆρα

896 674 959 701 ὄντα
990 675 1081 702 εἰκόνα
1098 675 1148 710 τῆς
1172 676 1338 711 ἀγαθότητος
1358 677 1452 711 αὐτοῦ,
1469 679 1542 714 ἥπερ
1562 679 1609 704 ἐπὶ
1633 679 1680 705 τοῦ

897 720 1021 756 Σωτῆρος
1038 721 1104 756 πρὸς
1119 721 1220 754 ἀγαθὸν
1236 721 1390 757 ἄνθρωπον,
1408 723 1455 750 καὶ
1471 723 1574 758 ἀγαθὸν
1591 724 1682 760 ἔργον,

896 766 942 792 καὶ
957 765 1057 799 ἀγαθὸν
1068 766 1175 801 δένδρον
1187 775 1193 782 ·
1213 767 1311 794 πλείων
1328 768 1382 804 γὰρ
1395 770 1412 804 ἡ
1433 769 1551 804 ὑπεροχὴ
1571 770 1638 805 πρὸς
1649 769 1684 798 τὰ

898 812 1076 848 ὑποδεέστερα
1090 812 1181 846 ἀγαθὰ
1193 814 1223 842 ἐν
1241 813 1278 848 τῷ
1296 815 1412 850 Σωτῆρι,
1431 815 1498 842 καθό
1516 817 1588 842 ἐστιν
1602 815 1682 843 εἰκὼν

55 856 215 892 κρείττονος
234 857 280 883 καὶ
302 856 423 891 μείζονος
442 857 517 892 παρὰ
539 858 585 885 τὸν
600 858 688 892 Λόγον
698 867 704 873 ·
718 858 759 890 τίς
774 858 796 884 δ’
811 858 844 885 ἂν
860 859 882 888 Β
895 858 942 892 τῆς
956 857 1121 892 ἀγαοότητος
1132 858 1213 885 αὑτοῦ
1226 859 1272 885 τοῦ
1288 859 1365 896 Θεοῦ,
1383 860 1455 895 ἥπερ
1469 861 1485 895 ἡ
1501 861 1622 896 ὑπεροχὴ
1633 860 1682 888 τοῦ

53 902 135 934 ἄλλος
153 899 230 934 οὗτος
246 903 365 938 τυγχάνῃ
381 903 398 938 ἦ
411 904 426 929 ό
441 903 553 940 Πατήρδ
575 909 601 930 el
620 904 677 930 lucc
693 911 708 930 e
723 909 786 930 tom.
809 911 846 936 γι,

54 956 132 976 nuln.
148 947 204 975 25:
222 948 252 975 ὐ
267 948 321 983 γὰρ
339 948 449 982 πέμψας
465 949 545 976 αὐτὸν
563 949 669 984 Πατὴρ,
683 949 697 975 ὸ
710 949 762 975 τῶν
778 948 846 980 ζών-

53 1002 111 1019 των
125 993 206 1024 Θεὸς,
219 993 256 1025 ὡς
270 993 351 1025 αὐτὸς
368 993 471 1029 Ἰησοῦς
486 996 628 1030 μαρτυρεῖ,
645 994 690 1020 τοῦ
714 994 845 1030 Ἀϐραὰμ,

54 1040 103 1066 καὶ
118 1038 167 1065 τοῦ
192 1038 294 1070 Ἰσαὰκ,
309 1039 357 1065 καὶ
369 1039 415 1065 τοῦ
437 1039 546 1071 Ἰακὼϐ,
563 1041 578 1066 ό
593 1039 637 1066 διὰ
655 1039 733 1066 τοῦτο
747 1040 847 1076 Κύριος

52 1082 104 1109 τοῦ
123 1082 238 1119 οὐρανοῦ
253 1083 300 1109 καὶ
316 1083 366 1118 τῆς
377 1083 439 1118 γῆς,
457 1084 498 1110 ὅτι
510 1084 659 1119 πεποίηκεν
673 1084 758 1112 αὐτά·
770 1082 847 1113 οὗτος

54 1129 105 1155 καὶ
127 1129 208 1164 μόνος
222 1129 334 1164 ἀγαθὸς,
350 1130 396 1157 καὶ
421 1130 522 1166 μείζων
543 1131 590 1158 τοῦ
606 1130 785 1166 πεμφθέντος.
801 1131 846 1158 Ni-

53 1175 112 1202 hilo
126 1175 235 1202 saniora
250 1176 344 1203 isthtec
359 1184 374 1203 e
392 1177 438 1203 lib.
456 1185 471 1202 v
491 1183 576 1204 contr.
600 1177 683 1210 ϐείω,
699 1185 771 1205 num.
789 1178 818 1204 Η
837 1187 845 1205 :

59 1220 91 1247 ’0
109 1221 207 1256 Σωτὴρ
231 1220 308 1256 ἡμῶν
325 1222 372 1248 καὶ
392 1222 494 1256 Κύριος
523 1222 642 1254 ἀκούσας
666 1224 740 1255 ποτὲ,
763 1223 848 1250 Διδά-

53 1268 154 1293 (male
166 1266 268 1301 ἀγαθὲ,
281 1268 450 1302 ἀναπέμπων
459 1269 505 1295 τὸν
522 1268 634 1303 λέγοντα
653 1269 730 1296 τοῦτο
744 1269 789 1296 ἐπὶ
802 1269 846 1296 τὸν

53 1312 155 1339 ἑαυτοῦ
176 1313 295 1348 Πατέρα,
311 1314 394 1349 φησί’
420 1314 451 1340 Τί
471 1323 510 1349 με
539 1315 637 1350 λέγεις
656 1315 783 1349 ἀγαθόν;
801 1316 846 1341 οὺ-

51 1357 119 1390 δεὶς
136 1358 248 1392 ἀγαθὸς
266 1359 293 1386 εί
305 1359 348 1394 μὴ
365 1357 410 1393 εἴς
426 1361 442 1387 ὁ
461 1361 533 1393 Θεὸς
552 1362 568 1387 ό
589 1360 705 1395 Πατήρο
722 1360 800 1396 εἴπερ
818 1361 846 1387 δὲ

51 1403 134 1430 τοῦτο
154 1403 284 1438 εὐλόγως,
301 1404 338 1436 ὡς
354 1405 436 1432 εἰκὼν
453 1406 501 1441 τῆς
518 1405 683 1441 ἀγαθότητος
707 1405 755 1432 τοῦ
778 1405 845 1432 Θεοῦ

52 1449 208 1484 τυγχάνων,
227 1451 347 1486 εἴρηκεν,
365 1453 378 1478 ό
392 1451 456 1483 Υἱὸς
473 1452 520 1487 τῆς
535 1452 644 1486 ἀγάπης
659 1452 706 1478 τοῦ
728 1451 844 1487 Πατρὸς,

51 1495 114 1527 πῶς
135 1496 196 1530 οὐχὶ
221 1496 403 1532 εὐλογώτερον
422 1497 455 1524 ἂν
472 1499 526 1529 τοῖς
547 1497 742 1533 προσκυνοῦσιν
766 1495 844 1524 εἶπεν

51 1541 130 1576 ἥλιος
146 1549 152 1556 ·
169 1541 202 1567 Τί
225 1550 258 1576 με
281 1544 460 1578 προπκυνεῐς;
485 1544 595 1578 Κύριον
626 1544 681 1579 γὰρ
704 1543 755 1570 τὸν
771 1543 845 1570 Θεόν

52 1642 224 1669 Διδάσκαλε
251 1643 352 1677 ἀγαθὲ,
371 1643 540 1678 ἀναπέμπων
564 1643 610 1670 τὸν
633 1643 744 1677 λέγοντα
767 1644 845 1670 τοῦτο

51 1678 102 1704 ἐπὶ
114 1678 161 1703 τὸν
179 1678 275 1704 ἑαυτοῦ
292 1678 502 1713 Πατέραμφησὶ·
516 1679 545 1706 Τί
554 1687 592 1713 με
606 1678 704 1712 λέγεις
715 1679 826 1712 ἀγαθόν
832 1687 842 1710 ;

50 1712 283 1753 ρύδεζς-ἁπᾳᾷὸς
298 1714 324 1739 εί
336 1711 379 1753 μὴ
394 1711 442 1753 eis}
458 1711 481 1740 ’ό
489 1711 577 1753 -Θεᾷς
631 1711 742 1747 Πατήρζ
751 1713 842 1753 dignae

52 1747 82 1774 δὲ
99 1747 172 1784 τοῦτ’
184 1748 312 1784 εὐλόγως,
328 1748 365 1780 ὼς
377 1749 458 1775 εἰκὼν
471 1750 520 1784 τῆς
536 1748 703 1782 ἀγαΘότητος
718 1749 765 1774 τοῦ
775 1747 842 1775 Θεοῦ

51 1783 206 1819 τυγχάνων,
216 1783 326 1819 εἴρηκεν
333 1785 348 1810 ό
358 1784 420 1815 Υἱὸς
431 1785 479 1819 τῆς
487 1783 596 1818 ἀγάπης
604 1783 779 1819 τοῦᾷΗατρὸς,
790 1784 848 1815 πῶς

52 1818 111 1853 οὺχῖ
123 1817 306 1853 εὐλογώτερον
318 1818 350 1845 ἂν
358 1821 414 1851 τοῖς
425 1817 620 1854 προσκυνοῦσιν
637 1817 712 1845 εἶπεν
723 1817 807 1853 ἥλιος·
817 1819 848 1844 Τί

54 1862 87 1888 με
101 1854 265 1888 προσκυνεῖς
271 1862 281 1889 3
289 1853 398 1887 Κύριον
406 1853 460 1889 γὰρ
473 1854 525 1881 τὸν
535 1855 609 1889 Θερν
619 1861 677 1889 σου
683 1853 851 1887 προσκυνή-

52 1886 130 1920 σεις,
146 1889 194 1914 καὶ
205 1888 285 1921 αὐτῷ
290 1889 372 1923 μόνῳ
379 1886 564 1923 ,ἶιὶτρεὐσεις,
603 1888 680 1922 κάγὼ
688 1886 735 1915 καὶ
749 1889 849 1921 πάντες

52 1924 77 1960 οἱ
95 1924 147 1960 Δτιίιν
167 1924 229 1957 ἐμοὶ
251 1924 457 1960 προσκυνοῦμεν
481 1924 528 1951 καὶ
550 1924 727 1959 λατρεύομεν.
747 1934 755 1949 ι
773 1924 847 1960 Cum

53 1958 182 1984 Salvator
197 1958 289 1986 noster
302 1964 329 1985 et
345 1958 474 1987 Dominus
502 1958 646 1992 aliquando
666 1966 695 1986 se
717 1959 848 1986 audiisset

53 1994 214 2028 magistrum
233 1994 327 2020 bonum
350 1995 492 2028 appellari,
506 2002 579 2026 eum,
599 1994 644 2028 qui
661 1994 701 2020 sic
718 1993 845 2026 vocabat,

53 2028 87 2054 ad
105 2027 214 2054 Patrem
231 2036 307 2055 suum
327 2027 429 2056 remisit
447 2030 489 2056 his
503 2030 594 2056 verbis
609 2027 616 2056 ἐ
631 2029 701 2061 Quid
720 2037 760 2055 me
779 2029 844 2055 dicis

53 2063 152 2088 bonum
168 2062 181 2088 2³
198 2061 281 2089 Nemo
300 2063 392 2094 bonus,
406 2064 456 2091 nisi
468 2072 535 2090 unus
558 2064 626 2090 Deus
651 2063 734 2090 Pater
747 2063 844 2096 (Marc.

51 2105 81 2128 ι.
99 2098 158 2131 18).
175 2097 200 2123 Id
216 2097 239 2124 si
252 2099 348 2124 merito
362 2099 431 2126 dixit
446 2099 530 2126 Filius
546 2098 689 2126 charitatis
713 2098 801 2125 Patris
817 2104 845 2126 ut

51 2133 144 2166 imago
163 2132 293 2168 bonitatis
310 2133 369 2166 Dei,
390 2139 490 2167 quanto
506 2134 714 2161 convenientius
729 2141 786 2165 eos,
798 2134 842 2168 qui

51 2167 141 2200 ipsum
157 2167 289 2198 colerent,
310 2169 483 2202 compellaret
508 2170 548 2196 sul
570 2169 596 2196 in
622 2169 694 2196 hunc
710 2169 817 2196 modum
835 2178 842 2196 :

52 2203 123 2234 Quid
143 2207 187 2229 est
208 2204 279 2236 quod
299 2211 342 2230 me
358 2205 474 2231 adores?
499 2204 639 2231 Dominum
662 2203 744 2230 Deum
771 2209 844 2230 tuum

52 2237 190 2274 adorabis,
218 2242 242 2264 et
267 2238 308 2263 illi
333 2239 382 2264 soli
400 2240 494 2266 servies
516 2239 606 2274 (Deut.
622 2247 662 2271 vt,
681 2240 731 2270 i5;
747 2239 843 2274 Matth.

52 2280 91 2302 tv,
114 2272 172 2306 10).
183 2280 272 2308 quem
287 2280 336 2308 cgo
351 2278 378 2300 et
395 2275 439 2308 qui
464 2272 570 2301 mecum
597 2280 660 2302 sunt
673 2282 767 2302 omnes
781 2273 846 2300 ado-

52 2312 125 2339 rant,
144 2307 244 2341 cuique
269 2307 429 2335 serviuntii
446 2309 507 2336 Visa
534 2314 597 2336 sunt
624 2310 734 2336 Arianis
764 2310 844 2336 verba

50 2341 154 2379 Christi
176 2343 264 2369 soluta
282 2348 310 2370 et
323 2343 446 2378 expedita
461 2353 468 2371 :
482 2350 509 2371 at
525 2345 666 2379 Origenes,
683 2350 712 2371 ut
733 2344 758 2371 in
776 2343 844 2370 (1ἱαὶ-

53 2377 97 2414 c_ili
122 2377 194 2414 loco,
210 2377 364 2409 desudavit,
385 2384 411 2405 et
435 2380 524 2406 varias
551 2377 657 2414 quaesiit
682 2379 844 2413 interpreta-

52 2412 152 2449 tiones.
171 2413 267 2439 Mirum
282 2421 335 2440 non
351 2419 412 2440 erat
426 2415 545 2447 Ariauis,
560 2412 633 2449 quod
659 2414 745 2441 solum
755 2412 842 2440 Deum

51 2446 180 2474 Christus
203 2449 303 2475 bonum
324 2449 439 2477 dixisset
453 2459 458 2475 :
476 2450 554 2476 aliam
570 2446 642 2476 enim
657 2450 683 2476 iu
701 2457 744 2481 eo,
760 2449 842 2475 aliam

51 2481 79 2520 in
98 2482 190 2520 Patre
205 2484 386 2520 substantiam
415 2485 561 2520 ﬁngebant.
587 2484 688 2512 Contra
712 2483 843 2518 Origenes

52 2516 110 2554 haec
126 2526 142 2544 a
161 2518 272 2546 Christo
295 2519 366 2546 dicta
381 2527 441 2547 esse
454 2516 610 2552 contendit,
628 2527 680 2546 non
698 2516 773 2553 quod
785 2520 842 2554 ipse

51 2552 140 2579 bonus
157 2561 209 2579 non
223 2554 271 2585 sit,
284 2555 331 2580 sed
350 2555 420 2588 quod
434 2556 512 2582 unius
527 2562 630 2582 naturae
649 2552 746 2581 divina:
761 2552 841 2581 boui-

52 2591 92 2624 t_as
104 2588 130 2614 in
146 2588 238 2624 Patre,
249 2589 353 2623 justitia
371 2590 396 2616 in
412 2589 481 2617 Filio
497 2591 699 2622 consideretur;
714 2590 754 2616 vel
770 2590 840 2624 quod

51 2621 136 2650 Filius
155 2631 170 2649 a
187 2621 432 2660 Piatr'erbonitatem
457 2626 603 2660 acceperit,
619 2621 701 2660 Pater
718 2621 807 2652 autem
825 2632 840 2652 a

54 2659 172 2685 nemine.
194 2659 235 2685 Ex
256 2659 298 2686 his
311 2660 472 2694 explanatur
487 2659 555 2687 alius
567 2660 642 2688 locus
657 2668 672 2686 a
689 2659 841 2687 Justiniano

51 2693 174 2734 objectn‘s
190 2694 223 2719 ad
241 2693 483 2734 calcentepistolm
495 2695 531 2734 _ad_
546 2695 666 2734 Menam,
676 2696 721 2734 qu_i
735 2695 775 2722 sic
791 2695 840 2722 ha-

52 2727 95 2765 ξιςι
108 2737 114 2754 :
123 2727 208 2765 ρῦτω
220 2729 315 2765 τοίνυν
326 2727 446 2765 ἡγοῦμαι
460 2731 506 2756 καὶ
522 2731 568 2757 ἐπὶ
588 2730 635 2757 τοῦ
648 2727 773 2765 Σωτῆρος
788 2738 839 2756 κα-

52 2761 153 2800 ῷςῗᾶν
171 2761 361 2800 λεχϐήαεσθαι,
376 2761 417 2792 ὅτι
437 2765 518 2792 εἰκὼν
533 2766 581 2800 τῆς
603 2761 769 2800 ἁγαθότῆτος
793 2764 839 2791 τοῦ

52 2798 116 2835 θεοῦ
144 2798 229 2835 ἐστιν,
247 2798 302 2835 ἀλλ’
318 2801 368 2827 οὐκ
396 2801 461 2827 αὐτὸ
483 2798 593 2835 ἀγαθόν.
618 2798 673 2827 Καὶ
697 2798 766 2834 τᾶχα
793 2801 839 2827 καὶ

52 2833 114 2866 Υἱὸς
129 2834 243 2868 ἀγαθὸς,
262 2834 318 2862 ἀλλ’
333 2836 428 2871 οὺχὼς
443 2833 535 2868 ἁπλῶς
550 2835 659 2871 ἁγαθός.
678 2833 839 2871 Καϊγῶσπερ

896 903 963 930 Θεοῦ
989 904 1064 935 ὗντος
1090 904 1190 938 ἀγαθοῦ
1214 905 1284 941 πρὸς
1306 905 1351 932 τὸν
1368 906 1480 933 εἰπόντα
1503 907 1633 943 Σωτῆρα*
1655 907 1682 934 '0

895 949 996 984 Πατὴρ
1012 951 1028 976 ό
1041 950 1162 984 πέμψας
1173 959 1212 985 με
1223 950 1328 985 μείζων
1340 952 1399 986 μού
1419 953 1514 985 ἐστιν,
1531 953 1595 979 ὄντα
1611 953 1682 990 πρὸς

896 996 1003 1031 ἑτέρους
1015 996 1061 1022 καὶ
1075 996 1165 1023 εἰκόνα
1179 997 1227 1031 τῆς
1242 996 1408 1032 ἀγαοότητος
1425 999 1470 1024 τοῦ
1488 999 1565 1026 Θεοῦ.

930 1042 1067 1068 Adversus
1079 1049 1109 1068 ea
1126 1043 1303 1076 pra-scribere
1325 1043 1403 1073 velle,
1429 1051 1481 1070 non
1498 1049 1539 1071 cst
1555 1044 1682 1073 candoris

896 1087 993 1113 nostri.
1007 1087 1093 1120 Quam
1114 1093 1204 1114 autem
1221 1087 1319 1115 solaris
1350 1088 1420 1115 radii
1450 1090 1679 1124 comparationem

897 1132 1073 1160 adhibuimus
1096 1140 1188 1168 supra,
1212 1133 1336 1161 eamdem
1353 1133 1396 1160 hic
1410 1134 1543 1169 replicare
1567 1144 1680 1165 necesse

901 1183 953 1210 est,
969 1182 998 1204 ut
1012 1177 1070 1212 ejus
1092 1179 1124 1206 de
1139 1178 1200 1205 Filii
1226 1179 1347 1206 bonitate
1362 1180 1497 1207 sententia
1516 1181 1680 1211 innotescat.

895 1223 1129 1256 Quemadmodum
1142 1231 1207 1260 ergo
1229 1229 1307 1252 tanto
1323 1225 1456 1259 dignitate
1470 1226 1558 1254 Patris
1570 1227 1678 1256 inferio-

896 1276 951 1296 rem
974 1270 1090 1297 credidit
1118 1269 1227 1301 Filium,
1252 1276 1354 1305 quanto
1377 1272 1474 1299 solaris
1501 1273 1592 1300 radius
1615 1273 1681 1302 solis

896 1315 979 1349 ipsius
1006 1315 1131 1349 dignitati
1159 1316 1280 1349 decedit;
1308 1317 1428 1344 eamdem
1457 1325 1518 1345 esse
1552 1319 1681 1347 bonitatis

895 1361 954 1388 Filii
969 1362 1100 1388 rationem
1117 1362 1150 1388 ad
1167 1361 1255 1389 Patris
1269 1363 1416 1390 bonitatem
1435 1365 1571 1392 censuisse
1588 1365 1674 1400 ipsum

895 1407 1041 1442 putandum
1061 1412 1112 1434 est.
1136 1406 1171 1434 Ut
1188 1407 1260 1434 enim
1279 1409 1422 1442 quamdam
1437 1409 1503 1437 solis
1525 1410 1678 1444 imaginem,

895 1454 941 1481 sed
968 1453 1062 1480 rudem
1087 1458 1115 1480 et
1139 1454 1326 1486 imperfectam
1352 1455 1475 1483 continet
1499 1463 1531 1483 ac
1547 1456 1677 1490 exprimit

896 1499 992 1526 solaris
1019 1500 1127 1532 radius;
1146 1499 1202 1533 pari
1218 1499 1300 1526 modo
1316 1499 1459 1535 imaginem
1487 1500 1609 1528 Paterna:
1631 1501 1680 1528 bo-

869 1549 879 1559 ι
895 1543 987 1570 uitatis
1013 1543 1115 1570 referre
1138 1543 1234 1570 Filium
1260 1544 1435 1578 existimavit,
1459 1553 1511 1573 non
1527 1545 1676 1580 perfectam

898 1643 1052 1679 είκώννὲστι
1064 1642 1191 1679 τοῦ-Θεοῦ
1210 1644 1338 1679 ἀοράτου,
1352 1644 1398 1670 καὶ
1419 1644 1489 1671 κατὰ
1502 1644 1581 1670 τοῦτο
1602 1643 1678 1675 Θεὸς,

894 1678 950 1704 ἀλλ’
968 1678 997 1714 οῦ
1017 1675 1126 1714 περ),οῦ
1141 1677 1215 1712 λέγει
1239 1675 1321 1710 αὐτὸς
1333 1675 1354 1714 νό
1369 1679 1500 1714 Χριστός·
1522 1679 1583 1705 ’Ἰν-α
1600 1679 1682 1714 γινώ-

894 1713 993 1740 σκωσι
1008 1720 1044 1739 σε
1059 1712 1111 1739 τὸν
1121 1714 1217 1746 μόνον
1231 1713 1376 1746 ἀληθινὸν
1392 1712 1481 1741 Bedr-
1498 1714 1585 1744 οὕτως
1599 1713 1681 1740 εἰκὼν

895 1747 1078 1784 ᾁγαρότητος,
1100 1747 1157 1784 ἀλλ’
1174 1748 1223 1783 οὐχ
1250 1748 1289 1784 ὡς
1308 1748 1322 1774 ό
1349 1748 1442 1784 Πατὴρ
1464 1748 1680 1784 ἀπαραλλάκτως

900 1781 1013 1816 ἀγαθόςζ
1029 1792 1038 1807 ‹
1051 1782 1088 1809 Ita
1114 1783 1194 1809 etiam
1207 1781 1338 1810 existimo
1352 1788 1390 1810 θι-
1403 1781 1437 1810 de
1453 1781 1593 1811 Salvdtore
1612 1791 1680 1817 pra:-

901 1818 974 1844 clare
989 1817 1088 1844 dictum
1104 1817 1148 1850 iri,
1162 1817 1236 1844 illum
1248 1825 1308 1845 esse
1321 1818 1464 1852 imaginem
1479 1818 1605 1845 bonitatis
1621 1817 1680 1851 Dei,

901 1852 947 1879 sed
963 1860 1013 1878 non
1024 1852 1109 1886 ipsam
1123 1853 1280 1879 bonitatem.
1292 1851 1330 1879 Ae
1344 1851 1460 1882 fortasse
1477 1853 1563 1880 bonus
1577 1853 1682 1880 dicetur

901 1887 958 1922 ipse
971 1887 1066 1918 Filius,
1081 1887 1127 1914 sed
1141 1894 1192 1914 non
1205 1892 1233 1913 ut
1249 1887 1408 1921 simpliciter
1426 1889 1520 1915 bonus.
1540 1888 1573 1914 Et
1587 1895 1682 1922 quem-

898 1922 1041 1948 admodum
1061 1922 1105 1949 Dei
1124 1921 1267 1949 invisibilis
1291 1923 1380 1957 imago
1403 1928 1462 1953 est.
1478 1927 1561 1956 atque
1578 1921 1683 1951 idcirco

898 1957 981 1988 Deus,
1001 1965 1053 1984 non
1081 1962 1170 1984 tamen
1194 1957 1218 1984 is
1234 1957 1268 1984 de
1284 1964 1338 1991 quo
1359 1957 1424 1984 dicit
1446 1958 1503 1991 ipse
1531 1957 1678 1985 Christus:

901 1991 934 2027 Ut
956 1997 1113 2026 cognoscant
1135 1996 1158 2019 te
1169 1993 1254 2018 solum
1272 2000 1362 2018 verum
1384 1991 1467 2018 Deum
1494 1991 1585 2027 (ζοαη.
1610 1999 1680 2026 xvn,

903 2026 942 2060 3),
957 2027 992 2053 ita
1008 2027 1095 2060 imago
1119 2027 1248 2054 bonitatis
1270 2032 1319 2057 est,
1335 2031 1360 2053 at
1377 2034 1443 2059 non,
1461 2031 1490 2054 ut
1512 2026 1603 2060 Pater,
1620 2027 1682 2055 sine

897 2062 950 2088 ulla
967 2061 1117 2089 differentia
1138 2063 1255 2089 bonus.)
1282 2061 1331 2089 Ubi
1361 2067 1486 2088 naturam
1513 2062 1540 2088 in
1557 2062 1684 2096 personis

897 2096 996 2124 divinis
1013 2097 1167 2124 considerat
1181 2096 1323 2130 Origenes,
1351 2097 1508 2128 bonitatem,
1528 2103 1588 2128 seu,
1608 2097 1679 2131 quod

897 2132 968 2158 idem
993 2137 1046 2163 est,
1069 2132 1233 2159 voluntatem
1258 2131 1316 2164 Dei,
1331 2136 1360 2158 ut
1375 2139 1456 2166 supra
1478 2131 1604 2163 vidimus,
1620 2139 1683 2165 quae

897 2171 938 2193 est
968 2167 993 2193 in
1022 2166 1102 2200 Filio,
1129 2166 1350 2202 ἀπαράλλακτον,
1373 2167 1520 2202 nullatenus
1550 2167 1683 2193 diversum

863 2199 958 2228 Desse
990 2199 1127 2229 statuit'a
1159 2199 1296 2229 voluntate
1328 2201 1426 2229 Patris.
1452 2201 1501 2228 llic
1535 2206 1624 2228 autem
1652 2202 1682 2229 in

898 2238 1042 2272 astruenda
1072 2245 1247 2272 personarum
1269 2236 1443 2264 distinctione
1468 2241 1623 2270 occupatur,
1648 2244 1681 2264 ac

895 2270 993 2298 Filium
1008 2270 1086 2307 negat
1095 2280 1165 2304 esse,
1175 2277 1202 2298 ut
1216 2272 1324 2298 Patrem
1336 2271 1552 2307 ἀπαραλλάκτως
1570 2272 1684 2305 bonum,

895 2307 957 2341 quia
973 2306 1054 2334 Pater
1075 2308 1180 2339 bonum
1199 2308 1283 2341 ipsum
1300 2311 1340 2333 est
1358 2313 1385 2333 et
1398 2306 1465 2334 'l'ons
1479 2308 1619 2339 bonitatis,
1637 2306 1682 2334 Fi—

895 2341 946 2377 lius
963 2342 1051 2377 imago
1069 2342 1206 2375 bonitatis,
1225 2347 1251 2369 et
1268 2341 1355 2377 bonus
1384 2342 1418 2368 de
1433 2342 1514 2369 bono.
1532 2341 1598 2369 Tota
1616 2349 1682 2377 ergo

896 2376 942 2403 illa
956 2376 1105 2404 diﬂerentia
1127 2376 1340 2412 ncqiiaquarlritt
1361 2377 1446 2410 ipsam
1471 2377 1618 2404 bonitatem
1636 2376 1683 2404 ca-

894 2412 943 2445 dit,
959 2412 1005 2438 sed
1029 2413 1054 2440 in
1073 2411 1180 2439 moduni
1206 2419 1259 2447 quo
1291 2411 1372 2445 Pater
1389 2412 1475 2438 bonus
1488 2418 1539 2443 est.
1553 2417 1580 2439 et
1598 2412 1684 2440 Filius

893 2447 996 2482 bonus;
1013 2447 1093 2475 Pater
1105 2448 1213 2482 quidem
1238 2447 1357 2475 bonitate
1377 2454 1391 2473 a
1420 2447 1527 2474 nemine
1549 2453 1680 2481 accepta;

893 2480 979 2509 Filius
993 2480 1140 2515 bonitale'a
1156 2483 1237 2510 Patre
1264 2487 1402 2509 manante.
1415 2496 1451 2501 —
1464 2482 1493 2508 D.
1515 2480 1681 2510 Prudentius

893 2516 995 2544 Maran.
1021 2518 1058 2544 De
1073 2517 1296 2549 dit-init.CIiristi,
1310 2517 1357 2544 lib.
1373 2524 1410 2547 tv,
1427 2523 1487 2549 cap.
1500 2517 1544 2549 16,
1558 2523 1632 2544 unm.
1653 2518 1679 2544 1.

893 2552 960 2579 Vide
978 2553 1087 2586 insuper
1104 2552 1206 2580 Bullqu
1224 2552 1330 2586 Defens.
1356 2551 1420 2585 ﬁdei
1436 2551 1554 2578 NiCtl‘lttL'
1570 2552 1603 2579 de
1617 2551 1680 2580 Filii

885 2586 930 2622 ,τῷ
942 2587 1090 2623 όμοουσίῳ,
1103 2596 1162 2622 cap.
1177 2588 1204 2619 9,
1218 2595 1293 2623 num.
1307 2587 1350 2623 i5_.

928 2620 966 2658 (4)
985 2620 1182 2650 Οὔτιιίτοίτλυν
1202 2623 1250 2649 καὶ
1269 2621 1375 2649 ἐνθάδε
1385 2620 1531 2658 εὶςπάντα,
1542 2625 1596 2649 etc.
1615 2620 1682 2658 Vide

891 2658 972 2694 paulo
987 2666 1082 2694 supra,
1101 2666 1176 2685 num.
1192 2658 1218 2688 7.
1235 2657 1497 2685 animadversionem
1512 2662 1633 2684 nostram
1652 2657 1679 2684 in

890 2692 948 2729 haec
965 2692 1027 2729 ipsa
1035 2693 1266 2729 Origenisrverba.

929 2728 966 2764 (5)
976 2727 1036 2765 ’,Ὧς
1047 2727 1105 2764 μὲὶλ
1115 2728 1190 2763 πρὸς
1205 2727 1259 2755 τὸν
1276 2729 1401 2765 Πατέρα.
1418 2728 1486 2758 Vide
1505 2728 1584 2765 paulo
1599 2734 1682 2765 supra

891 2772 968 2791 num.
984 2764 1010 2793 7.
1026 2763 1230 2792 observationes
1254 2763 1362 2792 nostras
1379 2765 1406 2792 in
1429 2766 1487 2791 haec
1506 2763 1588 2792 verba
1613 2763 1684 2792 toni

890 2807 938 2828 aut
954 2800 981 2828 in
994 2799 1073 2828 Joan.
1085 2807 1093 2827 :
1103 2799 1172 2826 Ἀλλ’
1185 2800 1258 2836 ὅμως
1269 2799 1323 2827 τῶν
1336 2799 1481 2834 τοσούτων,
1493 2804 1546 2828 etc.
1602 2798 1607 2802 ⁷
