  <div class='ocr_page' id='page_1' title='image "/cluster/home/n/w/nwhite01/storage/ocr_20150623/17/njp.32101010944583/545.png"; bbox 0 0 1904 3077; ppageno 0'>
   <div class='ocr_carea' id='block_1_1' title="bbox 234 124 285 153">
    <p class='ocr_par' dir='ltr' id='par_1_1' title="bbox 234 124 285 153">
     <span class='ocr_line' id='line_1_1' title="bbox 234 124 285 153; baseline 0 0"><span class='ocrx_word' id='word_1_1' title='bbox 234 124 285 153; x_wconf 75' lang='lat'><strong>763</strong></span> 
     </span>
    </p>
   </div>
   <div class='ocr_carea' id='block_1_2' title="bbox 872 125 1216 155">
    <p class='ocr_par' dir='ltr' id='par_1_2' title="bbox 872 125 1216 155">
     <span class='ocr_line' id='line_1_2' title="bbox 872 125 1216 155; baseline 0 -2"><span class='ocrx_word' id='word_1_2' title='bbox 872 126 902 153; x_wconf 83' lang='lat' dir='ltr'><strong>P.</strong></span> <span class='ocrx_word' id='word_1_3' title='bbox 923 125 1080 154; x_wconf 78' lang='lat' dir='ltr'><strong>DANIELIS</strong></span> <span class='ocrx_word' id='word_1_4' title='bbox 1099 126 1216 155; x_wconf 79' lang='lat' dir='ltr'><strong>[IUETII</strong></span> 
     </span>
    </p>
   </div>
   <div class='ocr_carea' id='block_1_3' title="bbox 1819 129 1870 156">
    <p class='ocr_par' dir='ltr' id='par_1_3' title="bbox 1819 129 1870 156">
     <span class='ocr_line' id='line_1_3' title="bbox 1819 129 1870 156; baseline 0.039 -2"><span class='ocrx_word' id='word_1_5' title='bbox 1819 129 1870 156; x_wconf 66' lang='lat'><strong>761</strong></span> 
     </span>
    </p>
   </div>
   <div class='ocr_carea' id='block_1_4' title="bbox 237 181 1869 221">
    <p class='ocr_par' dir='ltr' id='par_1_4' title="bbox 237 181 1869 221">
     <span class='ocr_line' id='line_1_4' title="bbox 237 181 1869 221; baseline 0.003 -12"><span class='ocrx_word' id='word_1_6' title='bbox 237 182 348 216; x_wconf 83' lang='lat' dir='ltr'><strong>quidem</strong></span> <span class='ocrx_word' id='word_1_7' title='bbox 365 188 397 209; x_wconf 85' lang='lat' dir='ltr'><strong>ac</strong></span> <span class='ocrx_word' id='word_1_8' title='bbox 417 187 466 214; x_wconf 82' lang='lat' dir='ltr'><strong>per</strong></span> <span class='ocrx_word' id='word_1_9' title='bbox 491 181 582 209; x_wconf 87' lang='lat' dir='ltr'><strong>omnia</strong></span> <span class='ocrx_word' id='word_1_10' title='bbox 611 181 759 218; x_wconf 84' lang='lat' dir='ltr'><strong>archetypo</strong></span> <span class='ocrx_word' id='word_1_11' title='bbox 787 182 837 217; x_wconf 84' lang='lat' dir='ltr'><strong>ipsi</strong></span> <span class='ocrx_word' id='word_1_12' title='bbox 860 184 977 211; x_wconf 83' lang='lat' dir='ltr'><strong>similem</strong></span> <span class='ocrx_word' id='word_1_13' title='bbox 999 188 1026 212; x_wconf 91' lang='lat' dir='ltr'><strong>et</strong></span> <span class='ocrx_word' id='word_1_14' title='bbox 1040 187 1063 216; x_wconf 75' lang='grc' dir='ltr'>Α</span> <span class='ocrx_word' id='word_1_15' title='bbox 1079 185 1146 212; x_wconf 89' lang='lat' dir='ltr'><strong>resis</strong></span> <span class='ocrx_word' id='word_1_16' title='bbox 1167 185 1236 213; x_wconf 88' lang='lat' dir='ltr'><strong>libro</strong></span> <span class='ocrx_word' id='word_1_17' title='bbox 1257 193 1265 212; x_wconf 91' lang='lat' dir='ltr'><strong>I</strong></span> <span class='ocrx_word' id='word_1_18' title='bbox 1286 186 1355 219; x_wconf 78' lang='grc' dir='ltr'><strong>Περὶ</strong></span> <span class='ocrx_word' id='word_1_19' title='bbox 1376 185 1488 221; x_wconf 78' lang='grc' dir='ltr'><strong>ἀρκῶν,</strong></span> <span class='ocrx_word' id='word_1_20' title='bbox 1506 193 1566 221; x_wconf 90' lang='lat' dir='ltr'><strong>cap.</strong></span> <span class='ocrx_word' id='word_1_21' title='bbox 1581 185 1609 219; x_wconf 77' lang='lat'><strong>2,</strong></span> <span class='ocrx_word' id='word_1_22' title='bbox 1630 193 1707 213; x_wconf 89' lang='lat' dir='ltr'><strong>num.</strong></span> <span class='ocrx_word' id='word_1_23' title='bbox 1732 186 1762 218; x_wconf 89' lang='lat'><strong>6,</strong></span> <span class='ocrx_word' id='word_1_24' title='bbox 1781 186 1869 214; x_wconf 81' lang='lat' dir='ltr'><strong>fuisse</strong></span> 
     </span>
    </p>
   </div>
   <div class='ocr_carea' id='block_1_5' title="bbox 233 229 1023 266">
    <p class='ocr_par' dir='ltr' id='par_1_5' title="bbox 233 229 1023 266">
     <span class='ocr_line' id='line_1_5' title="bbox 233 229 1023 266; baseline 0.004 -10"><span class='ocrx_word' id='word_1_25' title='bbox 233 229 385 264; x_wconf 66' lang='lat' dir='ltr'><strong>aequalem,</strong></span> <span class='ocrx_word' id='word_1_26' title='bbox 416 229 464 256; x_wconf 86' lang='lat' dir='ltr'><strong>sed</strong></span> <span class='ocrx_word' id='word_1_27' title='bbox 487 233 644 263; x_wconf 85' lang='lat' dir='ltr'><strong>expressam</strong></span> <span class='ocrx_word' id='word_1_28' title='bbox 668 229 776 262; x_wconf 88' lang='lat' dir='ltr'><strong>leviter,</strong></span> <span class='ocrx_word' id='word_1_29' title='bbox 801 235 830 258; x_wconf 90' lang='lat' dir='ltr'><strong>et</strong></span> <span class='ocrx_word' id='word_1_30' title='bbox 859 231 1023 266; x_wconf 87' lang='lat' dir='ltr'><strong>exemplaris</strong></span> 
     </span>
    </p>
   </div>
   <div class='ocr_carea' id='block_1_6' title="bbox 233 274 1024 312">
    <p class='ocr_par' dir='ltr' id='par_1_6' title="bbox 233 274 1024 312">
     <span class='ocr_line' id='line_1_6' title="bbox 233 274 1024 312; baseline 0.005 -12"><span class='ocrx_word' id='word_1_31' title='bbox 233 275 390 307; x_wconf 72' lang='lat' dir='ltr'><strong>praestantia</strong></span> <span class='ocrx_word' id='word_1_32' title='bbox 415 274 494 310; x_wconf 86' lang='lat' dir='ltr'><strong>longe</strong></span> <span class='ocrx_word' id='word_1_33' title='bbox 514 274 682 303; x_wconf 81' lang='lat' dir='ltr'><strong>inferiorem.</strong></span> <span class='ocrx_word' id='word_1_34' title='bbox 706 275 734 304; x_wconf 91' lang='lat' dir='ltr'><strong>Si</strong></span> <span class='ocrx_word' id='word_1_35' title='bbox 760 276 869 311; x_wconf 91' lang='lat' dir='ltr'><strong>quando</strong></span> <span class='ocrx_word' id='word_1_36' title='bbox 882 276 964 312; x_wconf 83' lang='lat' dir='ltr'><strong>igitur</strong></span> <span class='ocrx_word' id='word_1_37' title='bbox 975 277 1024 304; x_wconf 90' lang='lat' dir='ltr'><strong>bo-</strong></span> 
     </span>
    </p>
   </div>
   <div class='ocr_carea' id='block_1_7' title="bbox 234 320 1023 351">
    <p class='ocr_par' dir='ltr' id='par_1_7' title="bbox 234 320 1023 351">
     <span class='ocr_line' id='line_1_7' title="bbox 234 320 1023 351; baseline 0.005 -4"><span class='ocrx_word' id='word_1_38' title='bbox 234 321 346 348; x_wconf 71' lang='lat' dir='ltr'><strong>nitatem</strong></span> <span class='ocrx_word' id='word_1_39' title='bbox 363 320 424 347; x_wconf 77' lang='lat' dir='ltr'><strong>Filii</strong></span> <span class='ocrx_word' id='word_1_40' title='bbox 440 321 565 348; x_wconf 83' lang='lat' dir='ltr'><strong>eamdem</strong></span> <span class='ocrx_word' id='word_1_41' title='bbox 579 328 642 349; x_wconf 86' lang='lat' dir='ltr'><strong>esse</strong></span> <span class='ocrx_word' id='word_1_42' title='bbox 659 322 740 350; x_wconf 88' lang='lat' dir='ltr'><strong>docet</strong></span> <span class='ocrx_word' id='word_1_43' title='bbox 764 330 796 350; x_wconf 87' lang='lat' dir='ltr'><strong>ac</strong></span> <span class='ocrx_word' id='word_1_44' title='bbox 811 323 901 351; x_wconf 82' lang='lat' dir='ltr'><strong>Patris</strong></span> <span class='ocrx_word' id='word_1_45' title='bbox 917 323 1023 351; x_wconf 88' lang='lat' dir='ltr'><strong>bonita-</strong></span> 
     </span>
    </p>
   </div>
   <div class='ocr_carea' id='block_1_8' title="bbox 234 367 1022 404">
    <p class='ocr_par' dir='ltr' id='par_1_8' title="bbox 234 367 1022 404">
     <span class='ocr_line' id='line_1_8' title="bbox 234 367 1022 404; baseline 0.008 -12"><span class='ocrx_word' id='word_1_46' title='bbox 234 371 327 400; x_wconf 79' lang='lat' dir='ltr'><strong>tatem,</strong></span> <span class='ocrx_word' id='word_1_47' title='bbox 348 367 422 396; x_wconf 80' lang='lat' dir='ltr'><strong>velut</strong></span> <span class='ocrx_word' id='word_1_48' title='bbox 442 367 489 394; x_wconf 85' lang='lat' dir='ltr'><strong>lib.</strong></span> <span class='ocrx_word' id='word_1_49' title='bbox 515 374 525 394; x_wconf 87' lang='grc' dir='ltr'><strong>ι</strong></span> <span class='ocrx_word' id='word_1_50' title='bbox 545 367 617 402; x_wconf 75' lang='grc' dir='ltr'><strong>Περὶ</strong></span> <span class='ocrx_word' id='word_1_51' title='bbox 642 367 756 404; x_wconf 79' lang='grc' dir='ltr'><strong>ἀρχῶν,</strong></span> <span class='ocrx_word' id='word_1_52' title='bbox 769 376 830 404; x_wconf 85' lang='lat' dir='ltr'><strong>cap.</strong></span> <span class='ocrx_word' id='word_1_53' title='bbox 846 369 876 401; x_wconf 76' lang='lat'><strong>2,</strong></span> <span class='ocrx_word' id='word_1_54' title='bbox 892 377 969 397; x_wconf 88' lang='lat' dir='ltr'><strong>num.</strong></span> <span class='ocrx_word' id='word_1_55' title='bbox 988 370 1022 398; x_wconf 85' lang='lat' dir='ltr'><strong>IO</strong></span> 
     </span>
    </p>
   </div>
   <div class='ocr_carea' id='block_1_9' title="bbox 232 413 1022 450">
    <p class='ocr_par' dir='ltr' id='par_1_9' title="bbox 232 413 1022 450">
     <span class='ocr_line' id='line_1_9' title="bbox 232 413 1022 450; baseline 0.005 -11"><span class='ocrx_word' id='word_1_56' title='bbox 232 417 260 440; x_wconf 90' lang='lat' dir='ltr'><strong>ct</strong></span> <span class='ocrx_word' id='word_1_57' title='bbox 276 413 319 444; x_wconf 75' lang='grc'><strong>15,</strong></span> <span class='ocrx_word' id='word_1_58' title='bbox 337 413 382 439; x_wconf 89' lang='lat' dir='ltr'><strong>ubl</strong></span> <span class='ocrx_word' id='word_1_59' title='bbox 405 414 529 442; x_wconf 83' lang='lat' dir='ltr'><strong>eamdem</strong></span> <span class='ocrx_word' id='word_1_60' title='bbox 553 421 615 442; x_wconf 80' lang='lat' dir='ltr'><strong>esse</strong></span> <span class='ocrx_word' id='word_1_61' title='bbox 638 415 676 442; x_wconf 93' lang='lat' dir='ltr'><strong>ait</strong></span> <span class='ocrx_word' id='word_1_62' title='bbox 693 415 837 450; x_wconf 90' lang='lat' dir='ltr'><strong>utriusque</strong></span> <span class='ocrx_word' id='word_1_63' title='bbox 861 417 1022 450; x_wconf 85' lang='lat' dir='ltr'><strong>potentiam,</strong></span> 
     </span>
    </p>
   </div>
   <div class='ocr_carea' id='block_1_10' title="bbox 231 459 1022 496">
    <p class='ocr_par' dir='ltr' id='par_1_10' title="bbox 231 459 1022 496">
     <span class='ocr_line' id='line_1_10' title="bbox 231 459 1022 496; baseline 0.004 -10"><span class='ocrx_word' id='word_1_64' title='bbox 231 459 382 486; x_wconf 72' lang='lat' dir='ltr'><strong>bonitatem</strong></span> <span class='ocrx_word' id='word_1_65' title='bbox 406 460 530 488; x_wconf 79' lang='lat' dir='ltr'><strong>eamdem</strong></span> <span class='ocrx_word' id='word_1_66' title='bbox 544 480 552 493; x_wconf 92' lang='lat'><strong>,</strong></span> <span class='ocrx_word' id='word_1_67' title='bbox 572 465 600 488; x_wconf 85' lang='lat' dir='ltr'><strong>et</strong></span> <span class='ocrx_word' id='word_1_68' title='bbox 626 468 797 496; x_wconf 66' lang='lat' dir='ltr'><strong>quaecunque</strong></span> <span class='ocrx_word' id='word_1_69' title='bbox 823 461 907 489; x_wconf 87' lang='lat' dir='ltr'><strong>habet</strong></span> <span class='ocrx_word' id='word_1_70' title='bbox 929 461 1022 495; x_wconf 87' lang='lat' dir='ltr'><strong>Pater,</strong></span> 
     </span>
    </p>
   </div>
   <div class='ocr_carea' id='block_1_11' title="bbox 232 506 1022 541">
    <p class='ocr_par' dir='ltr' id='par_1_11' title="bbox 232 506 1022 541">
     <span class='ocr_line' id='line_1_11' title="bbox 232 506 1022 541; baseline 0.003 -7"><span class='ocrx_word' id='word_1_71' title='bbox 232 506 334 534; x_wconf 87' lang='lat' dir='ltr'><strong>habere</strong></span> <span class='ocrx_word' id='word_1_72' title='bbox 350 511 378 533; x_wconf 85' lang='lat' dir='ltr'><strong>et</strong></span> <span class='ocrx_word' id='word_1_73' title='bbox 394 506 506 540; x_wconf 80' lang='lat' dir='ltr'><strong>Filium,</strong></span> <span class='ocrx_word' id='word_1_74' title='bbox 522 507 610 535; x_wconf 80' lang='lat' dir='ltr'><strong>facilis</strong></span> <span class='ocrx_word' id='word_1_75' title='bbox 623 512 665 535; x_wconf 89' lang='lat' dir='ltr'><strong>est</strong></span> <span class='ocrx_word' id='word_1_76' title='bbox 682 508 852 541; x_wconf 84' lang='lat' dir='ltr'><strong>intellectus;</strong></span> <span class='ocrx_word' id='word_1_77' title='bbox 872 508 932 535; x_wconf 82' lang='lat' dir='ltr'><strong>Filii</strong></span> <span class='ocrx_word' id='word_1_78' title='bbox 946 516 1022 536; x_wconf 92' lang='lat' dir='ltr'><strong>nem-</strong></span> 
     </span>
    </p>
   </div>
   <div class='ocr_carea' id='block_1_12' title="bbox 236 551 1024 588">
    <p class='ocr_par' dir='ltr' id='par_1_12' title="bbox 236 551 1024 588">
     <span class='ocr_line' id='line_1_12' title="bbox 236 551 1024 588; baseline 0.006 -11"><span class='ocrx_word' id='word_1_79' title='bbox 236 558 270 585; x_wconf 89' lang='lat' dir='ltr'><strong>pe</strong></span> <span class='ocrx_word' id='word_1_80' title='bbox 282 551 432 578; x_wconf 77' lang='lat' dir='ltr'><strong>bonitatem</strong></span> <span class='ocrx_word' id='word_1_81' title='bbox 451 551 577 579; x_wconf 70' lang='lat' dir='ltr'><strong>Paternae</strong></span> <span class='ocrx_word' id='word_1_82' title='bbox 593 553 726 580; x_wconf 84' lang='lat' dir='ltr'><strong>bonitatis</strong></span> <span class='ocrx_word' id='word_1_83' title='bbox 746 560 806 580; x_wconf 87' lang='lat' dir='ltr'><strong>esse</strong></span> <span class='ocrx_word' id='word_1_84' title='bbox 819 554 980 588; x_wconf 86' lang='lat' dir='ltr'><strong>particulam</strong></span> <span class='ocrx_word' id='word_1_85' title='bbox 996 559 1024 582; x_wconf 86' lang='lat' dir='ltr'><strong>et</strong></span> 
     </span>
    </p>
   </div>
   <div class='ocr_carea' id='block_1_13' title="bbox 232 597 1021 634">
    <p class='ocr_par' dir='ltr' id='par_1_13' title="bbox 232 597 1021 634">
     <span class='ocr_line' id='line_1_13' title="bbox 232 597 1021 634; baseline 0.005 -10"><span class='ocrx_word' id='word_1_86' title='bbox 232 605 338 631; x_wconf 85' lang='lat' dir='ltr'><strong>auram,</strong></span> <span class='ocrx_word' id='word_1_87' title='bbox 353 605 367 625; x_wconf 88' lang='lat' dir='ltr'><strong>e</strong></span> <span class='ocrx_word' id='word_1_88' title='bbox 380 597 497 625; x_wconf 85' lang='lat' dir='ltr'><strong>Paterna</strong></span> <span class='ocrx_word' id='word_1_89' title='bbox 519 598 643 626; x_wconf 85' lang='lat' dir='ltr'><strong>bonitate</strong></span> <span class='ocrx_word' id='word_1_90' title='bbox 659 599 800 634; x_wconf 85' lang='lat' dir='ltr'><strong>deceptam</strong></span> <span class='ocrx_word' id='word_1_91' title='bbox 816 607 847 627; x_wconf 88' lang='lat' dir='ltr'><strong>ac</strong></span> <span class='ocrx_word' id='word_1_92' title='bbox 862 599 1021 628; x_wconf 86' lang='lat' dir='ltr'><strong>delibatam.</strong></span> 
     </span>
    </p>
   </div>
   <div class='ocr_carea' id='block_1_14' title="bbox 233 643 1023 681">
    <p class='ocr_par' dir='ltr' id='par_1_14' title="bbox 233 643 1023 681">
     <span class='ocr_line' id='line_1_14' title="bbox 233 643 1023 681; baseline 0.004 -12"><span class='ocrx_word' id='word_1_93' title='bbox 233 643 262 670; x_wconf 90' lang='lat' dir='ltr'><strong>Si</strong></span> <span class='ocrx_word' id='word_1_94' title='bbox 279 645 388 678; x_wconf 79' lang='lat' dir='ltr'><strong>quando</strong></span> <span class='ocrx_word' id='word_1_95' title='bbox 415 643 489 671; x_wconf 81' lang='lat' dir='ltr'><strong>Patri</strong></span> <span class='ocrx_word' id='word_1_96' title='bbox 515 644 565 671; x_wconf 88' lang='lat' dir='ltr'><strong>soli</strong></span> <span class='ocrx_word' id='word_1_97' title='bbox 587 644 740 672; x_wconf 86' lang='lat' dir='ltr'><strong>bonitatem</strong></span> <span class='ocrx_word' id='word_1_98' title='bbox 767 645 873 679; x_wconf 92' lang='lat' dir='ltr'><strong>tribuit,</strong></span> <span class='ocrx_word' id='word_1_99' title='bbox 895 647 1023 681; x_wconf 82' lang='lat' dir='ltr'><strong>primige-</strong></span> 
     </span>
    </p>
   </div>
   <div class='ocr_carea' id='block_1_15' title="bbox 232 688 1021 726">
    <p class='ocr_par' dir='ltr' id='par_1_15' title="bbox 232 688 1021 726">
     <span class='ocr_line' id='line_1_15' title="bbox 232 688 1021 726; baseline 0.004 -10"><span class='ocrx_word' id='word_1_100' title='bbox 232 688 305 716; x_wconf 85' lang='lat' dir='ltr'><strong>niam</strong></span> <span class='ocrx_word' id='word_1_101' title='bbox 327 690 488 721; x_wconf 87' lang='lat' dir='ltr'><strong>bonitatem,</strong></span> <span class='ocrx_word' id='word_1_102' title='bbox 504 695 532 717; x_wconf 89' lang='lat' dir='ltr'><strong>et</strong></span> <span class='ocrx_word' id='word_1_103' title='bbox 553 691 685 718; x_wconf 87' lang='lat' dir='ltr'><strong>bonitatis</strong></span> <span class='ocrx_word' id='word_1_104' title='bbox 707 691 834 726; x_wconf 76' lang='lat' dir='ltr'><strong>intelligit</strong></span> <span class='ocrx_word' id='word_1_105' title='bbox 858 692 1021 726; x_wconf 84' lang='lat' dir='ltr'><strong>principium</strong></span> 
     </span>
    </p>
   </div>
   <div class='ocr_carea' id='block_1_16' title="bbox 232 734 1023 768">
    <p class='ocr_par' dir='ltr' id='par_1_16' title="bbox 232 734 1023 768">
     <span class='ocr_line' id='line_1_16' title="bbox 232 734 1023 768; baseline 0.006 -8"><span class='ocrx_word' id='word_1_106' title='bbox 232 741 265 761; x_wconf 90' lang='lat' dir='ltr'><strong>ac</strong></span> <span class='ocrx_word' id='word_1_107' title='bbox 277 734 396 768; x_wconf 73' lang='lat' dir='ltr'><strong>l‘ontcm;</strong></span> <span class='ocrx_word' id='word_1_108' title='bbox 412 735 508 762; x_wconf 84' lang='lat' dir='ltr'><strong>Filium</strong></span> <span class='ocrx_word' id='word_1_109' title='bbox 523 739 613 763; x_wconf 90' lang='lat' dir='ltr'><strong>autem</strong></span> <span class='ocrx_word' id='word_1_110' title='bbox 636 735 752 764; x_wconf 87' lang='lat' dir='ltr'><strong>Paterna</strong></span> <span class='ocrx_word' id='word_1_111' title='bbox 769 741 873 765; x_wconf 90' lang='lat' dir='ltr'><strong>tantum</strong></span> <span class='ocrx_word' id='word_1_112' title='bbox 883 737 927 764; x_wconf 89' lang='lat' dir='ltr'><strong>illa</strong></span> <span class='ocrx_word' id='word_1_113' title='bbox 943 738 1023 765; x_wconf 77' lang='lat' dir='ltr'><strong>boni-</strong></span> 
     </span>
    </p>
   </div>
   <div class='ocr_carea' id='block_1_17' title="bbox 233 780 1023 817">
    <p class='ocr_par' dir='ltr' id='par_1_17' title="bbox 233 780 1023 817">
     <span class='ocr_line' id='line_1_17' title="bbox 233 780 1023 817; baseline 0.008 -11"><span class='ocrx_word' id='word_1_114' title='bbox 233 784 290 808; x_wconf 84' lang='lat' dir='ltr'><strong>tate</strong></span> <span class='ocrx_word' id='word_1_115' title='bbox 305 780 485 815; x_wconf 89' lang='lat' dir='ltr'><strong>impertitum.</strong></span> <span class='ocrx_word' id='word_1_116' title='bbox 502 781 585 816; x_wconf 89' lang='lat' dir='ltr'><strong>Cujus</strong></span> <span class='ocrx_word' id='word_1_117' title='bbox 599 782 748 817; x_wconf 87' lang='lat' dir='ltr'><strong>impietatis</strong></span> <span class='ocrx_word' id='word_1_118' title='bbox 762 785 933 811; x_wconf 73' lang='lat' dir='ltr'><strong>occasionem</strong></span> <span class='ocrx_word' id='word_1_119' title='bbox 946 784 1023 812; x_wconf 89' lang='lat' dir='ltr'><strong>vide-</strong></span> 
     </span>
    </p>
   </div>
   <div class='ocr_carea' id='block_1_18' title="bbox 233 827 1021 863">
    <p class='ocr_par' dir='ltr' id='par_1_18' title="bbox 233 827 1021 863">
     <span class='ocr_line' id='line_1_18' title="bbox 233 827 1021 863; baseline 0.005 -10"><span class='ocrx_word' id='word_1_120' title='bbox 233 832 277 853; x_wconf 90' lang='lat' dir='ltr'><strong>lllr</strong></span> <span class='ocrx_word' id='word_1_121' title='bbox 301 827 440 862; x_wconf 85' lang='lat' dir='ltr'><strong>accepisse</strong></span> <span class='ocrx_word' id='word_1_122' title='bbox 462 835 494 855; x_wconf 87' lang='lat' dir='ltr'><strong>cx</strong></span> <span class='ocrx_word' id='word_1_123' title='bbox 511 828 582 856; x_wconf 89' lang='lat' dir='ltr'><strong>male</strong></span> <span class='ocrx_word' id='word_1_124' title='bbox 607 829 745 857; x_wconf 88' lang='lat' dir='ltr'><strong>intellecto</strong></span> <span class='ocrx_word' id='word_1_125' title='bbox 758 830 886 857; x_wconf 74' lang='lat' dir='ltr'><strong>Mattlueo</strong></span> <span class='ocrx_word' id='word_1_126' title='bbox 899 837 956 863; x_wconf 80' lang='lat' dir='ltr'><strong>xtx,</strong></span> <span class='ocrx_word' id='word_1_127' title='bbox 975 830 1021 863; x_wconf 86' lang='lat' dir='ltr'><strong>I7,</strong></span> 
     </span>
    </p>
   </div>
   <div class='ocr_carea' id='block_1_19' title="bbox 232 873 1022 910">
    <p class='ocr_par' dir='ltr' id='par_1_19' title="bbox 232 873 1022 910">
     <span class='ocr_line' id='line_1_19' title="bbox 232 873 1022 910; baseline 0.005 -10"><span class='ocrx_word' id='word_1_128' title='bbox 232 878 260 900; x_wconf 88' lang='lat' dir='ltr'><strong>ct</strong></span> <span class='ocrx_word' id='word_1_129' title='bbox 275 873 353 900; x_wconf 82' lang='lat' dir='ltr'><strong>Joan.</strong></span> <span class='ocrx_word' id='word_1_130' title='bbox 367 882 434 907; x_wconf 77' lang='lat' dir='ltr'><strong>xvu,</strong></span> <span class='ocrx_word' id='word_1_131' title='bbox 455 874 499 907; x_wconf 77' lang='grc'><strong>15,</strong></span> <span class='ocrx_word' id='word_1_132' title='bbox 515 880 543 902; x_wconf 91' lang='lat' dir='ltr'><strong>et</strong></span> <span class='ocrx_word' id='word_1_133' title='bbox 560 882 591 902; x_wconf 85' lang='lat' dir='ltr'><strong>ex</strong></span> <span class='ocrx_word' id='word_1_134' title='bbox 608 875 721 902; x_wconf 87' lang='lat' dir='ltr'><strong>Platone</strong></span> <span class='ocrx_word' id='word_1_135' title='bbox 735 876 781 910; x_wconf 86' lang='lat' dir='ltr'><strong>qui</strong></span> <span class='ocrx_word' id='word_1_136' title='bbox 800 875 861 903; x_wconf 79' lang='lat' dir='ltr'><strong>boni</strong></span> <span class='ocrx_word' id='word_1_137' title='bbox 875 884 974 904; x_wconf 89' lang='lat' dir='ltr'><strong>nomen</strong></span> <span class='ocrx_word' id='word_1_138' title='bbox 988 877 1022 904; x_wconf 87' lang='lat' dir='ltr'><strong>ad</strong></span> 
     </span>
    </p>
   </div>
   <div class='ocr_carea' id='block_1_20' title="bbox 231 918 796 955">
    <p class='ocr_par' dir='ltr' id='par_1_20' title="bbox 231 918 796 955">
     <span class='ocr_line' id='line_1_20' title="bbox 231 918 796 955; baseline 0.007 -10"><span class='ocrx_word' id='word_1_139' title='bbox 231 918 316 946; x_wconf 89' lang='lat' dir='ltr'><strong>Deum</strong></span> <span class='ocrx_word' id='word_1_140' title='bbox 330 919 506 954; x_wconf 87' lang='lat' dir='ltr'><strong>peculiariter</strong></span> <span class='ocrx_word' id='word_1_141' title='bbox 520 923 659 955; x_wconf 85' lang='lat' dir='ltr'><strong>pertinere</strong></span> <span class='ocrx_word' id='word_1_142' title='bbox 676 921 796 949; x_wconf 88' lang='lat' dir='ltr'><strong>dicebat.</strong></span> 
     </span>
    </p>
   </div>
   <div class='ocr_carea' id='block_1_21' title="bbox 268 964 1022 1002">
    <p class='ocr_par' dir='ltr' id='par_1_21' title="bbox 268 964 1022 1002">
     <span class='ocr_line' id='line_1_21' title="bbox 268 964 1022 1002; baseline 0.004 -11"><span class='ocrx_word' id='word_1_143' title='bbox 268 964 338 992; x_wconf 80' lang='lat' dir='ltr'><strong>XVI.</strong></span> <span class='ocrx_word' id='word_1_144' title='bbox 355 965 445 993; x_wconf 88' lang='lat' dir='ltr'><strong>Simili</strong></span> <span class='ocrx_word' id='word_1_145' title='bbox 461 967 541 993; x_wconf 89' lang='lat' dir='ltr'><strong>modo</strong></span> <span class='ocrx_word' id='word_1_146' title='bbox 562 966 753 1001; x_wconf 87' lang='lat' dir='ltr'><strong>explicandum</strong></span> <span class='ocrx_word' id='word_1_147' title='bbox 775 967 850 994; x_wconf 86' lang='lat' dir='ltr'><strong>venit</strong></span> <span class='ocrx_word' id='word_1_148' title='bbox 865 968 962 1002; x_wconf 81' lang='lat' dir='ltr'><strong>dogma</strong></span> <span class='ocrx_word' id='word_1_149' title='bbox 981 967 1022 994; x_wconf 88' lang='lat' dir='ltr'><strong>al-</strong></span> 
     </span>
    </p>
   </div>
   <div class='ocr_carea' id='block_1_22' title="bbox 232 1012 1024 1048">
    <p class='ocr_par' dir='ltr' id='par_1_22' title="bbox 232 1012 1024 1048">
     <span class='ocr_line' id='line_1_22' title="bbox 232 1012 1024 1048; baseline 0 -9"><span class='ocrx_word' id='word_1_150' title='bbox 232 1017 329 1045; x_wconf 89' lang='lat' dir='ltr'><strong>terum,</strong></span> <span class='ocrx_word' id='word_1_151' title='bbox 344 1013 417 1047; x_wconf 92' lang='lat' dir='ltr'><strong>quod</strong></span> <span class='ocrx_word' id='word_1_152' title='bbox 442 1013 476 1039; x_wconf 91' lang='lat' dir='ltr'><strong>ab</strong></span> <span class='ocrx_word' id='word_1_153' title='bbox 500 1013 559 1047; x_wconf 88' lang='lat' dir='ltr'><strong>ipso</strong></span> <span class='ocrx_word' id='word_1_154' title='bbox 584 1012 755 1046; x_wconf 87' lang='lat' dir='ltr'><strong>propositum</strong></span> <span class='ocrx_word' id='word_1_155' title='bbox 782 1012 866 1040; x_wconf 77' lang='lat' dir='ltr'><strong>refert</strong></span> <span class='ocrx_word' id='word_1_156' title='bbox 891 1012 1024 1048; x_wconf 81' lang='lat' dir='ltr'><strong>Hierony-</strong></span> 
     </span>
    </p>
   </div>
   <div class='ocr_carea' id='block_1_23' title="bbox 231 1057 1022 1092">
    <p class='ocr_par' dir='ltr' id='par_1_23' title="bbox 231 1057 1022 1092">
     <span class='ocr_line' id='line_1_23' title="bbox 231 1057 1022 1092; baseline 0.001 -9"><span class='ocrx_word' id='word_1_157' title='bbox 231 1065 292 1085; x_wconf 89' lang='lat' dir='ltr'><strong>mus</strong></span> <span class='ocrx_word' id='word_1_158' title='bbox 308 1058 388 1092; x_wconf 88' lang='lat' dir='ltr'><strong>epist.</strong></span> <span class='ocrx_word' id='word_1_159' title='bbox 404 1058 449 1089; x_wconf 82' lang='lat'><strong>59,</strong></span> <span class='ocrx_word' id='word_1_160' title='bbox 463 1058 497 1084; x_wconf 85' lang='lat' dir='ltr'><strong>ad</strong></span> <span class='ocrx_word' id='word_1_161' title='bbox 517 1058 600 1089; x_wconf 76' lang='lat' dir='ltr'><strong>Avit.,</strong></span> <span class='ocrx_word' id='word_1_162' title='bbox 617 1058 701 1092; x_wconf 81' lang='lat' dir='ltr'><strong>cap.l</strong></span> <span class='ocrx_word' id='word_1_163' title='bbox 720 1066 727 1084; x_wconf 86' lang='lat'><strong>:</strong></span> <span class='ocrx_word' id='word_1_164' title='bbox 745 1066 754 1082; x_wconf 80' lang='grc' dir='ltr'><strong>ι</strong></span> <span class='ocrx_word' id='word_1_165' title='bbox 766 1057 876 1091; x_wconf 85' lang='lat' dir='ltr'><strong>Filium,</strong></span> <span class='ocrx_word' id='word_1_166' title='bbox 892 1062 1022 1092; x_wconf 89' lang='lat' dir='ltr'><strong>quantum</strong></span> 
     </span>
    </p>
   </div>
   <div class='ocr_carea' id='block_1_24' title="bbox 231 1103 1022 1137">
    <p class='ocr_par' dir='ltr' id='par_1_24' title="bbox 231 1103 1022 1137">
     <span class='ocr_line' id='line_1_24' title="bbox 231 1103 1022 1137; baseline 0.004 -9"><span class='ocrx_word' id='word_1_167' title='bbox 231 1104 264 1129; x_wconf 82' lang='lat' dir='ltr'><strong>ad</strong></span> <span class='ocrx_word' id='word_1_168' title='bbox 280 1103 466 1135; x_wconf 77' lang='lat' dir='ltr'><strong>Patrem,non</strong></span> <span class='ocrx_word' id='word_1_169' title='bbox 489 1110 550 1130; x_wconf 87' lang='lat' dir='ltr'><strong>esse</strong></span> <span class='ocrx_word' id='word_1_170' title='bbox 578 1103 736 1135; x_wconf 88' lang='lat' dir='ltr'><strong>veritatem,</strong></span> <span class='ocrx_word' id='word_1_171' title='bbox 758 1108 888 1137; x_wconf 88' lang='lat' dir='ltr'><strong>quantum</strong></span> <span class='ocrx_word' id='word_1_172' title='bbox 907 1104 940 1131; x_wconf 90' lang='lat' dir='ltr'><strong>ad</strong></span> <span class='ocrx_word' id='word_1_173' title='bbox 962 1112 1022 1136; x_wconf 86' lang='lat' dir='ltr'><strong>nos,</strong></span> 
     </span>
    </p>
   </div>
   <div class='ocr_carea' id='block_1_25' title="bbox 230 1147 1021 1183">
    <p class='ocr_par' dir='ltr' id='par_1_25' title="bbox 230 1147 1021 1183">
     <span class='ocr_line' id='line_1_25' title="bbox 230 1147 1021 1183; baseline 0 -8"><span class='ocrx_word' id='word_1_174' title='bbox 230 1156 291 1175; x_wconf 78' lang='lat' dir='ltr'><strong>esse</strong></span> <span class='ocrx_word' id='word_1_175' title='bbox 308 1149 497 1183; x_wconf 70' lang='lat' dir='ltr'><strong>imaginariam</strong></span> <span class='ocrx_word' id='word_1_176' title='bbox 513 1148 666 1176; x_wconf 84' lang='lat' dir='ltr'><strong>veritatem.</strong></span> <span class='ocrx_word' id='word_1_177' title='bbox 682 1158 691 1174; x_wconf 77' lang='grc' dir='ltr'><strong>ι</strong></span> <span class='ocrx_word' id='word_1_178' title='bbox 704 1147 782 1174; x_wconf 86' lang='lat' dir='ltr'><strong>Paria</strong></span> <span class='ocrx_word' id='word_1_179' title='bbox 798 1149 855 1175; x_wconf 85' lang='lat' dir='ltr'><strong>lere</strong></span> <span class='ocrx_word' id='word_1_180' title='bbox 870 1148 950 1176; x_wconf 86' lang='lat' dir='ltr'><strong>habet</strong></span> <span class='ocrx_word' id='word_1_181' title='bbox 965 1148 1021 1175; x_wconf 82' lang='lat' dir='ltr'><strong>Au-</strong></span> 
     </span>
    </p>
   </div>
   <div class='ocr_carea' id='block_1_26' title="bbox 231 1194 1020 1230">
    <p class='ocr_par' dir='ltr' id='par_1_26' title="bbox 231 1194 1020 1230">
     <span class='ocr_line' id='line_1_26' title="bbox 231 1194 1020 1230; baseline 0.004 -10"><span class='ocrx_word' id='word_1_182' title='bbox 231 1196 365 1230; x_wconf 80' lang='lat' dir='ltr'><strong>gustinus,</strong></span> <span class='ocrx_word' id='word_1_183' title='bbox 380 1195 417 1222; x_wconf 86' lang='lat' dir='ltr'><strong>De</strong></span> <span class='ocrx_word' id='word_1_184' title='bbox 433 1196 525 1222; x_wconf 65' lang='lat' dir='ltr'><strong>Intres.</strong></span> <span class='ocrx_word' id='word_1_185' title='bbox 544 1195 578 1222; x_wconf 84' lang='lat' dir='ltr'><strong>ad</strong></span> <span class='ocrx_word' id='word_1_186' title='bbox 604 1194 817 1227; x_wconf 79' lang='lat' dir='ltr'><strong>Quodvultdeum</strong></span> <span class='ocrx_word' id='word_1_187' title='bbox 828 1215 836 1226; x_wconf 88' lang='lat'><strong>,</strong></span> <span class='ocrx_word' id='word_1_188' title='bbox 862 1196 957 1223; x_wconf 71' lang='lat' dir='ltr'><strong>lucres.</strong></span> <span class='ocrx_word' id='word_1_189' title='bbox 968 1195 1020 1223; x_wconf 60' lang='lat'><strong>£3:</strong></span> 
     </span>
    </p>
   </div>
   <div class='ocr_carea' id='block_1_27' title="bbox 234 1239 1020 1276">
    <p class='ocr_par' dir='ltr' id='par_1_27' title="bbox 234 1239 1020 1276">
     <span class='ocr_line' id='line_1_27' title="bbox 234 1239 1020 1276; baseline 0.003 -10"><span class='ocrx_word' id='word_1_190' title='bbox 234 1250 243 1264; x_wconf 80' lang='grc' dir='ltr'><strong>ι</strong></span> <span class='ocrx_word' id='word_1_191' title='bbox 262 1240 332 1267; x_wconf 90' lang='lat' dir='ltr'><strong>Dicit</strong></span> <span class='ocrx_word' id='word_1_192' title='bbox 346 1245 478 1275; x_wconf 66' lang='lat' dir='ltr'><strong>praeterea</strong></span> <span class='ocrx_word' id='word_1_193' title='bbox 498 1239 643 1275; x_wconf 87' lang='lat' dir='ltr'><strong>Origenes,</strong></span> <span class='ocrx_word' id='word_1_194' title='bbox 664 1241 763 1274; x_wconf 89' lang='lat' dir='ltr'><strong>inquit,</strong></span> <span class='ocrx_word' id='word_1_195' title='bbox 782 1241 854 1276; x_wconf 86' lang='lat' dir='ltr'><strong>quod</strong></span> <span class='ocrx_word' id='word_1_196' title='bbox 870 1240 954 1268; x_wconf 86' lang='lat' dir='ltr'><strong>Filius</strong></span> <span class='ocrx_word' id='word_1_197' title='bbox 974 1241 1020 1268; x_wconf 90' lang='lat' dir='ltr'><strong>Dei</strong></span> 
     </span>
    </p>
   </div>
   <div class='ocr_carea' id='block_1_28' title="bbox 231 1285 1021 1322">
    <p class='ocr_par' dir='ltr' id='par_1_28' title="bbox 231 1285 1021 1322">
     <span class='ocr_line' id='line_1_28' title="bbox 231 1285 1021 1322; baseline 0.003 -11"><span class='ocrx_word' id='word_1_198' title='bbox 231 1286 334 1313; x_wconf 78' lang='lat' dir='ltr'><strong>sanctis</strong></span> <span class='ocrx_word' id='word_1_199' title='bbox 345 1285 500 1313; x_wconf 89' lang='lat' dir='ltr'><strong>hominibus</strong></span> <span class='ocrx_word' id='word_1_200' title='bbox 513 1287 807 1320; x_wconf 87' lang='lat' dir='ltr'><strong>comparatus,veritas</strong></span> <span class='ocrx_word' id='word_1_201' title='bbox 820 1287 871 1319; x_wconf 90' lang='lat' dir='ltr'><strong>sit;</strong></span> <span class='ocrx_word' id='word_1_202' title='bbox 889 1286 928 1322; x_wconf 83' lang='lat'><strong>(6)</strong></span> <span class='ocrx_word' id='word_1_203' title='bbox 948 1286 1021 1314; x_wconf 83' lang='lat' dir='ltr'><strong>Patri</strong></span> 
     </span>
    </p>
   </div>
   <div class='ocr_carea' id='block_1_29' title="bbox 230 1329 1021 1365">
    <p class='ocr_par' dir='ltr' id='par_1_29' title="bbox 230 1329 1021 1365">
     <span class='ocr_line' id='line_1_29' title="bbox 230 1329 1021 1365; baseline 0.003 -9"><span class='ocrx_word' id='word_1_204' title='bbox 230 1331 366 1363; x_wconf 72' lang='lat' dir='ltr'><strong>collatus,</strong></span> <span class='ocrx_word' id='word_1_205' title='bbox 393 1330 574 1358; x_wconf 84' lang='lat' dir='ltr'><strong>mendacium.</strong></span> <span class='ocrx_word' id='word_1_206' title='bbox 601 1340 611 1357; x_wconf 79' lang='grc' dir='ltr'><strong>ι</strong></span> <span class='ocrx_word' id='word_1_207' title='bbox 640 1329 696 1358; x_wconf 83' lang='lat' dir='ltr'><strong>Nec</strong></span> <span class='ocrx_word' id='word_1_208' title='bbox 720 1331 861 1358; x_wconf 82' lang='lat' dir='ltr'><strong>dissimilia</strong></span> <span class='ocrx_word' id='word_1_209' title='bbox 896 1339 954 1365; x_wconf 72' lang='lat' dir='ltr'><strong>quae</strong></span> <span class='ocrx_word' id='word_1_210' title='bbox 989 1339 1021 1358; x_wconf 91' lang='lat' dir='ltr'><strong>ex</strong></span> 
     </span>
    </p>
   </div>
   <div class='ocr_carea' id='block_1_30' title="bbox 231 1375 1022 1412">
    <p class='ocr_par' dir='ltr' id='par_1_30' title="bbox 231 1375 1022 1412">
     <span class='ocr_line' id='line_1_30' title="bbox 231 1375 1022 1412; baseline 0.003 -10"><span class='ocrx_word' id='word_1_211' title='bbox 231 1377 346 1412; x_wconf 73' lang='lat' dir='ltr'><strong>epistola</strong></span> <span class='ocrx_word' id='word_1_212' title='bbox 372 1376 501 1404; x_wconf 85' lang='lat' dir='ltr'><strong>decretali</strong></span> <span class='ocrx_word' id='word_1_213' title='bbox 526 1375 732 1403; x_wconf 79' lang='lat' dir='ltr'><strong>Pala-stinornm</strong></span> <span class='ocrx_word' id='word_1_214' title='bbox 760 1378 950 1412; x_wconf 82' lang='lat' dir='ltr'><strong>episcoporum</strong></span> <span class='ocrx_word' id='word_1_215' title='bbox 976 1384 1022 1404; x_wconf 86' lang='lat' dir='ltr'><strong>re-</strong></span> 
     </span>
    </p>
   </div>
   <div class='ocr_carea' id='block_1_31' title="bbox 231 1423 1021 1458">
    <p class='ocr_par' dir='ltr' id='par_1_31' title="bbox 231 1423 1021 1458">
     <span class='ocr_line' id='line_1_31' title="bbox 231 1423 1021 1458; baseline 0.003 -10"><span class='ocrx_word' id='word_1_216' title='bbox 231 1428 377 1458; x_wconf 57' lang='lat' dir='ltr'><strong>praesentat</strong></span> <span class='ocrx_word' id='word_1_217' title='bbox 396 1423 483 1450; x_wconf 85' lang='lat' dir='ltr'><strong>Gnido</strong></span> <span class='ocrx_word' id='word_1_218' title='bbox 498 1423 646 1450; x_wconf 87' lang='lat' dir='ltr'><strong>Carmelila</strong></span> <span class='ocrx_word' id='word_1_219' title='bbox 663 1424 794 1450; x_wconf 86' lang='lat' dir='ltr'><strong>adversus</strong></span> <span class='ocrx_word' id='word_1_220' title='bbox 806 1423 978 1458; x_wconf 87' lang='lat' dir='ltr'><strong>Origenistas</strong></span> <span class='ocrx_word' id='word_1_221' title='bbox 995 1424 1021 1450; x_wconf 91' lang='lat' dir='ltr'><strong>in</strong></span> 
     </span>
    </p>
   </div>
   <div class='ocr_carea' id='block_1_32' title="bbox 232 1469 1023 1504">
    <p class='ocr_par' dir='ltr' id='par_1_32' title="bbox 232 1469 1023 1504">
     <span class='ocr_line' id='line_1_32' title="bbox 232 1469 1023 1504; baseline 0.003 -9"><span class='ocrx_word' id='word_1_222' title='bbox 232 1469 333 1496; x_wconf 84' lang='lat' dir='ltr'><strong>Summ.</strong></span> <span class='ocrx_word' id='word_1_223' title='bbox 348 1470 380 1496; x_wconf 87' lang='lat' dir='ltr'><strong>de</strong></span> <span class='ocrx_word' id='word_1_224' title='bbox 391 1470 497 1502; x_wconf 52' lang='lat' dir='ltr'><strong>laurea,</strong></span> <span class='ocrx_word' id='word_1_225' title='bbox 510 1469 535 1495; x_wconf 91' lang='lat' dir='ltr'><strong>in</strong></span> <span class='ocrx_word' id='word_1_226' title='bbox 554 1470 621 1497; x_wconf 71' lang='lat' dir='ltr'><strong>hmr.</strong></span> <span class='ocrx_word' id='word_1_227' title='bbox 637 1469 809 1504; x_wconf 88' lang='lat' dir='ltr'><strong>0rigenist.:</strong></span> <span class='ocrx_word' id='word_1_228' title='bbox 828 1479 837 1495; x_wconf 80' lang='grc' dir='ltr'><strong>ι</strong></span> <span class='ocrx_word' id='word_1_229' title='bbox 855 1470 883 1497; x_wconf 91' lang='lat' dir='ltr'><strong>Si</strong></span> <span class='ocrx_word' id='word_1_230' title='bbox 900 1471 945 1504; x_wconf 90' lang='lat' dir='ltr'><strong>qui</strong></span> <span class='ocrx_word' id='word_1_231' title='bbox 959 1474 1023 1497; x_wconf 91' lang='lat' dir='ltr'><strong>sunt</strong></span> 
     </span>
    </p>
   </div>
   <div class='ocr_carea' id='block_1_33' title="bbox 231 1515 1022 1550">
    <p class='ocr_par' dir='ltr' id='par_1_33' title="bbox 231 1515 1022 1550">
     <span class='ocr_line' id='line_1_33' title="bbox 231 1515 1022 1550; baseline 0 -8"><span class='ocrx_word' id='word_1_232' title='bbox 231 1515 276 1550; x_wconf 85' lang='lat' dir='ltr'><strong>qui</strong></span> <span class='ocrx_word' id='word_1_233' title='bbox 296 1515 322 1542; x_wconf 92' lang='lat' dir='ltr'><strong>in</strong></span> <span class='ocrx_word' id='word_1_234' title='bbox 341 1515 397 1542; x_wconf 85' lang='lat' dir='ltr'><strong>suis</strong></span> <span class='ocrx_word' id='word_1_235' title='bbox 415 1515 574 1543; x_wconf 81' lang='lat' dir='ltr'><strong>tractatibus</strong></span> <span class='ocrx_word' id='word_1_236' title='bbox 587 1515 763 1548; x_wconf 69' lang='lat' dir='ltr'><strong>tradiderunt</strong></span> <span class='ocrx_word' id='word_1_237' title='bbox 778 1516 850 1550; x_wconf 88' lang='lat' dir='ltr'><strong>qttod</strong></span> <span class='ocrx_word' id='word_1_238' title='bbox 871 1516 956 1543; x_wconf 83' lang='lat' dir='ltr'><strong>Filius</strong></span> <span class='ocrx_word' id='word_1_239' title='bbox 972 1523 1022 1543; x_wconf 89' lang='lat' dir='ltr'><strong>no-</strong></span> 
     </span>
    </p>
   </div>
   <div class='ocr_carea' id='block_1_34' title="bbox 230 1561 1019 1595">
    <p class='ocr_par' dir='ltr' id='par_1_34' title="bbox 230 1561 1019 1595">
     <span class='ocr_line' id='line_1_34' title="bbox 230 1561 1019 1595; baseline 0 -7"><span class='ocrx_word' id='word_1_240' title='bbox 230 1562 275 1588; x_wconf 84' lang='lat' dir='ltr'><strong>bis</strong></span> <span class='ocrx_word' id='word_1_241' title='bbox 299 1565 474 1595; x_wconf 87' lang='lat' dir='ltr'><strong>comparatus</strong></span> <span class='ocrx_word' id='word_1_242' title='bbox 490 1562 525 1588; x_wconf 88' lang='lat' dir='ltr'><strong>sit</strong></span> <span class='ocrx_word' id='word_1_243' title='bbox 546 1562 658 1594; x_wconf 88' lang='lat' dir='ltr'><strong>veritas,</strong></span> <span class='ocrx_word' id='word_1_244' title='bbox 677 1561 751 1589; x_wconf 83' lang='lat' dir='ltr'><strong>Patri</strong></span> <span class='ocrx_word' id='word_1_245' title='bbox 778 1562 894 1589; x_wconf 87' lang='lat' dir='ltr'><strong>collatus</strong></span> <span class='ocrx_word' id='word_1_246' title='bbox 911 1562 1019 1588; x_wconf 86' lang='lat' dir='ltr'><strong>menda-</strong></span> 
     </span>
    </p>
   </div>
   <div class='ocr_carea' id='block_1_35' title="bbox 231 1606 1019 1641">
    <p class='ocr_par' dir='ltr' id='par_1_35' title="bbox 231 1606 1019 1641">
     <span class='ocr_line' id='line_1_35' title="bbox 231 1606 1019 1641; baseline 0.001 -8"><span class='ocrx_word' id='word_1_247' title='bbox 231 1607 316 1640; x_wconf 90' lang='lat' dir='ltr'><strong>cium,</strong></span> <span class='ocrx_word' id='word_1_248' title='bbox 329 1611 357 1634; x_wconf 91' lang='lat' dir='ltr'><strong>et</strong></span> <span class='ocrx_word' id='word_1_249' title='bbox 374 1607 445 1641; x_wconf 90' lang='lat' dir='ltr'><strong>quod</strong></span> <span class='ocrx_word' id='word_1_250' title='bbox 461 1612 504 1634; x_wconf 91' lang='lat' dir='ltr'><strong>est</strong></span> <span class='ocrx_word' id='word_1_251' title='bbox 517 1606 614 1634; x_wconf 84' lang='lat' dir='ltr'><strong>Petrus</strong></span> <span class='ocrx_word' id='word_1_252' title='bbox 629 1612 658 1634; x_wconf 90' lang='lat' dir='ltr'><strong>et</strong></span> <span class='ocrx_word' id='word_1_253' title='bbox 675 1607 774 1635; x_wconf 87' lang='lat' dir='ltr'><strong>Paulus</strong></span> <span class='ocrx_word' id='word_1_254' title='bbox 786 1609 819 1634; x_wconf 88' lang='lat' dir='ltr'><strong>ad</strong></span> <span class='ocrx_word' id='word_1_255' title='bbox 836 1607 1019 1640; x_wconf 87' lang='lat' dir='ltr'><strong>Salvatorem,</strong></span> 
     </span>
    </p>
   </div>
   <div class='ocr_carea' id='block_1_36' title="bbox 232 1651 1020 1687">
    <p class='ocr_par' dir='ltr' id='par_1_36' title="bbox 232 1651 1020 1687">
     <span class='ocr_line' id='line_1_36' title="bbox 232 1651 1020 1687; baseline 0 -9"><span class='ocrx_word' id='word_1_256' title='bbox 232 1651 286 1678; x_wconf 81' lang='lat' dir='ltr'><strong>itoc</strong></span> <span class='ocrx_word' id='word_1_257' title='bbox 303 1655 344 1678; x_wconf 90' lang='lat' dir='ltr'><strong>est</strong></span> <span class='ocrx_word' id='word_1_258' title='bbox 366 1651 530 1686; x_wconf 87' lang='lat' dir='ltr'><strong>Uuigenltus</strong></span> <span class='ocrx_word' id='word_1_259' title='bbox 543 1652 628 1680; x_wconf 88' lang='lat' dir='ltr'><strong>Filius</strong></span> <span class='ocrx_word' id='word_1_260' title='bbox 642 1657 669 1679; x_wconf 90' lang='lat' dir='ltr'><strong>et</strong></span> <span class='ocrx_word' id='word_1_261' title='bbox 687 1652 758 1680; x_wconf 89' lang='lat' dir='ltr'><strong>Deus</strong></span> <span class='ocrx_word' id='word_1_262' title='bbox 774 1653 893 1680; x_wconf 86' lang='lat' dir='ltr'><strong>Verbum</strong></span> <span class='ocrx_word' id='word_1_263' title='bbox 908 1660 1020 1687; x_wconf 83' lang='lat' dir='ltr'><strong>compa-</strong></span> 
     </span>
    </p>
   </div>
   <div class='ocr_carea' id='block_1_37' title="bbox 233 1697 1020 1733">
    <p class='ocr_par' dir='ltr' id='par_1_37' title="bbox 233 1697 1020 1733">
     <span class='ocr_line' id='line_1_37' title="bbox 233 1697 1020 1733; baseline 0.003 -11"><span class='ocrx_word' id='word_1_264' title='bbox 233 1701 309 1724; x_wconf 87' lang='lat' dir='ltr'><strong>ratus</strong></span> <span class='ocrx_word' id='word_1_265' title='bbox 328 1697 461 1725; x_wconf 88' lang='lat' dir='ltr'><strong>Patri.....</strong></span> <span class='ocrx_word' id='word_1_266' title='bbox 491 1701 517 1725; x_wconf 89' lang='lat' dir='ltr'><strong>et</strong></span> <span class='ocrx_word' id='word_1_267' title='bbox 543 1698 605 1732; x_wconf 87' lang='lat' dir='ltr'><strong>ipsi,</strong></span> <span class='ocrx_word' id='word_1_268' title='bbox 620 1704 647 1724; x_wconf 91' lang='lat' dir='ltr'><strong>et</strong></span> <span class='ocrx_word' id='word_1_269' title='bbox 674 1697 800 1733; x_wconf 80' lang='lat' dir='ltr'><strong>dogmata</strong></span> <span class='ocrx_word' id='word_1_270' title='bbox 827 1699 947 1733; x_wconf 87' lang='lat' dir='ltr'><strong>ipsorum</strong></span> <span class='ocrx_word' id='word_1_271' title='bbox 965 1698 1020 1724; x_wconf 86' lang='lat' dir='ltr'><strong>sint</strong></span> 
     </span>
    </p>
   </div>
   <div class='ocr_carea' id='block_1_38' title="bbox 231 1741 1021 1778">
    <p class='ocr_par' dir='ltr' id='par_1_38' title="bbox 231 1741 1021 1778">
     <span class='ocr_line' id='line_1_38' title="bbox 231 1741 1021 1778; baseline 0.001 -10"><span class='ocrx_word' id='word_1_272' title='bbox 231 1741 362 1770; x_wconf 62' lang='lat' dir='ltr'><strong>Ecclesiae</strong></span> <span class='ocrx_word' id='word_1_273' title='bbox 389 1743 545 1770; x_wconf 88' lang='lat' dir='ltr'><strong>anathema.</strong></span> <span class='ocrx_word' id='word_1_274' title='bbox 561 1752 570 1769; x_wconf 76' lang='grc' dir='ltr'><strong>ι</strong></span> <span class='ocrx_word' id='word_1_275' title='bbox 596 1742 700 1776; x_wconf 88' lang='lat' dir='ltr'><strong>Quibus</strong></span> <span class='ocrx_word' id='word_1_276' title='bbox 727 1744 890 1778; x_wconf 84' lang='lat' dir='ltr'><strong>astipulatur</strong></span> <span class='ocrx_word' id='word_1_277' title='bbox 918 1751 1021 1777; x_wconf 88' lang='lat' dir='ltr'><strong>anony-</strong></span> 
     </span>
    </p>
   </div>
   <div class='ocr_carea' id='block_1_39' title="bbox 232 1788 1021 1822">
    <p class='ocr_par' dir='ltr' id='par_1_39' title="bbox 232 1788 1021 1822">
     <span class='ocr_line' id='line_1_39' title="bbox 232 1788 1021 1822; baseline 0 -8"><span class='ocrx_word' id='word_1_278' title='bbox 232 1795 293 1815; x_wconf 91' lang='lat' dir='ltr'><strong>mus</strong></span> <span class='ocrx_word' id='word_1_279' title='bbox 308 1788 352 1815; x_wconf 92' lang='lat' dir='ltr'><strong>ille</strong></span> <span class='ocrx_word' id='word_1_280' title='bbox 368 1788 494 1815; x_wconf 82' lang='lat' dir='ltr'><strong>defensor</strong></span> <span class='ocrx_word' id='word_1_281' title='bbox 507 1788 643 1822; x_wconf 79' lang='lat' dir='ltr'><strong>Origenis,</strong></span> <span class='ocrx_word' id='word_1_282' title='bbox 656 1796 737 1822; x_wconf 87' lang='lat' dir='ltr'><strong>quem</strong></span> <span class='ocrx_word' id='word_1_283' title='bbox 764 1789 830 1818; x_wconf 85' lang='lat' dir='ltr'><strong>dixi,</strong></span> <span class='ocrx_word' id='word_1_284' title='bbox 847 1793 874 1815; x_wconf 88' lang='lat' dir='ltr'><strong>et</strong></span> <span class='ocrx_word' id='word_1_285' title='bbox 888 1789 961 1814; x_wconf 89' lang='lat' dir='ltr'><strong>inter</strong></span> <span class='ocrx_word' id='word_1_286' title='bbox 974 1797 1021 1815; x_wconf 87' lang='lat' dir='ltr'><strong>ca-</strong></span> 
     </span>
    </p>
   </div>
   <div class='ocr_carea' id='block_1_40' title="bbox 233 1825 1021 1868">
    <p class='ocr_par' dir='ltr' id='par_1_40' title="bbox 233 1825 1021 1868">
     <span class='ocr_line' id='line_1_40' title="bbox 233 1825 1021 1868; baseline -0.001 -8"><span class='ocrx_word' id='word_1_287' title='bbox 233 1825 290 1866; x_wconf 69' lang='lat' dir='ltr'><strong>pita</strong></span> <span class='ocrx_word' id='word_1_288' title='bbox 308 1834 332 1860; x_wconf 90' lang='lat' dir='ltr'><strong>in</strong></span> <span class='ocrx_word' id='word_1_289' title='bbox 352 1833 411 1867; x_wconf 87' lang='lat' dir='ltr'><strong>ipso</strong></span> <span class='ocrx_word' id='word_1_290' title='bbox 428 1833 590 1868; x_wconf 85' lang='lat' dir='ltr'><strong>reprehendi</strong></span> <span class='ocrx_word' id='word_1_291' title='bbox 606 1834 686 1861; x_wconf 89' lang='lat' dir='ltr'><strong>solita</strong></span> <span class='ocrx_word' id='word_1_292' title='bbox 709 1838 878 1868; x_wconf 78' lang='lat' dir='ltr'><strong>postremum</strong></span> <span class='ocrx_word' id='word_1_293' title='bbox 895 1834 957 1860; x_wconf 88' lang='lat' dir='ltr'><strong>illud</strong></span> <span class='ocrx_word' id='word_1_294' title='bbox 973 1841 1021 1868; x_wconf 92' lang='lat' dir='ltr'><strong>po-</strong></span> 
     </span>
    </p>
   </div>
   <div class='ocr_carea' id='block_1_41' title="bbox 231 1876 1022 1915">
    <p class='ocr_par' dir='ltr' id='par_1_41' title="bbox 231 1876 1022 1915">
     <span class='ocr_line' id='line_1_41' title="bbox 231 1876 1022 1915; baseline 0 -10"><span class='ocrx_word' id='word_1_295' title='bbox 231 1879 273 1906; x_wconf 91' lang='lat' dir='ltr'><strong>nit</strong></span> <span class='ocrx_word' id='word_1_296' title='bbox 289 1880 370 1906; x_wconf 72' lang='grc' dir='ltr'>ςὊτι</span> <span class='ocrx_word' id='word_1_297' title='bbox 387 1880 404 1915; x_wconf 78' lang='grc' dir='ltr'>ἡ</span> <span class='ocrx_word' id='word_1_298' title='bbox 421 1879 504 1906; x_wconf 76' lang='grc' dir='ltr'>εἰκὼν</span> <span class='ocrx_word' id='word_1_299' title='bbox 535 1879 582 1906; x_wconf 79' lang='grc' dir='ltr'><strong>τοῦ</strong></span> <span class='ocrx_word' id='word_1_300' title='bbox 607 1879 686 1909; x_wconf 81' lang='grc' dir='ltr'><strong>Θεοῦ,</strong></span> <span class='ocrx_word' id='word_1_301' title='bbox 707 1880 746 1911; x_wconf 82' lang='grc' dir='ltr'><strong>ὡς</strong></span> <span class='ocrx_word' id='word_1_302' title='bbox 769 1879 838 1915; x_wconf 85' lang='grc' dir='ltr'>πρὸς</span> <span class='ocrx_word' id='word_1_303' title='bbox 860 1880 974 1910; x_wconf 80' lang='grc' dir='ltr'>ἐκεῖνον,</span> <span class='ocrx_word' id='word_1_304' title='bbox 992 1876 1022 1906; x_wconf 79' lang='grc' dir='ltr'>οὗ</span> 
     </span>
    </p>
   </div>
   <div class='ocr_carea' id='block_1_42' title="bbox 232 1924 1024 1963">
    <p class='ocr_par' dir='ltr' id='par_1_42' title="bbox 232 1924 1024 1963">
     <span class='ocr_line' id='line_1_42' title="bbox 232 1924 1024 1963; baseline 0.001 -13"><span class='ocrx_word' id='word_1_305' title='bbox 232 1924 305 1950; x_wconf 69' lang='grc' dir='ltr'>ἐστιν</span> <span class='ocrx_word' id='word_1_306' title='bbox 321 1924 413 1957; x_wconf 78' lang='grc' dir='ltr'><strong>εἰκὼν,</strong></span> <span class='ocrx_word' id='word_1_307' title='bbox 427 1924 489 1952; x_wconf 79' lang='grc' dir='ltr'><strong>καθ’</strong></span> <span class='ocrx_word' id='word_1_308' title='bbox 499 1925 514 1951; x_wconf 79' lang='grc' dir='ltr'><strong>ὃ</strong></span> <span class='ocrx_word' id='word_1_309' title='bbox 528 1924 620 1956; x_wconf 81' lang='grc' dir='ltr'><strong>εἰκὼν,</strong></span> <span class='ocrx_word' id='word_1_310' title='bbox 638 1925 696 1963; x_wconf 72' lang='grc' dir='ltr'><strong>οὐκ¹</strong></span> <span class='ocrx_word' id='word_1_311' title='bbox 706 1925 780 1951; x_wconf 77' lang='grc' dir='ltr'>ἐστιν</span> <span class='ocrx_word' id='word_1_312' title='bbox 789 1925 913 1961; x_wconf 79' lang='grc' dir='ltr'><strong>ἀλήθεια.</strong></span> <span class='ocrx_word' id='word_1_313' title='bbox 933 1935 942 1951; x_wconf 78' lang='grc' dir='ltr'><strong>ι</strong></span> <span class='ocrx_word' id='word_1_314' title='bbox 954 1925 1024 1952; x_wconf 87' lang='lat' dir='ltr'><strong>Ima-</strong></span> 
     </span>
    </p>
   </div>
   <div class='ocr_carea' id='block_1_43' title="bbox 233 1971 1022 2006">
    <p class='ocr_par' dir='ltr' id='par_1_43' title="bbox 233 1971 1022 2006">
     <span class='ocr_line' id='line_1_43' title="bbox 233 1971 1022 2006; baseline 0.001 -9"><span class='ocrx_word' id='word_1_315' title='bbox 233 1971 324 2004; x_wconf 75' lang='lat' dir='ltr'><strong>ginem</strong></span> <span class='ocrx_word' id='word_1_316' title='bbox 340 1971 386 1998; x_wconf 83' lang='lat' dir='ltr'><strong>Dei</strong></span> <span class='ocrx_word' id='word_1_317' title='bbox 401 1975 527 2005; x_wconf 82' lang='lat' dir='ltr'><strong>respectu</strong></span> <span class='ocrx_word' id='word_1_318' title='bbox 541 1971 600 2005; x_wconf 83' lang='lat' dir='ltr'><strong>ejus</strong></span> <span class='ocrx_word' id='word_1_319' title='bbox 616 1972 694 2006; x_wconf 84' lang='lat' dir='ltr'><strong>cujus</strong></span> <span class='ocrx_word' id='word_1_320' title='bbox 709 1977 749 1998; x_wconf 87' lang='lat' dir='ltr'><strong>est</strong></span> <span class='ocrx_word' id='word_1_321' title='bbox 770 1972 870 2006; x_wconf 81' lang='lat' dir='ltr'><strong>imago,</strong></span> <span class='ocrx_word' id='word_1_322' title='bbox 887 1977 1022 2006; x_wconf 87' lang='lat' dir='ltr'><strong>quatenus</strong></span> 
     </span>
    </p>
   </div>
   <div class='ocr_carea' id='block_1_44' title="bbox 233 2016 1022 2051">
    <p class='ocr_par' dir='ltr' id='par_1_44' title="bbox 233 2016 1022 2051">
     <span class='ocr_line' id='line_1_44' title="bbox 233 2016 1022 2051; baseline 0.001 -8"><span class='ocrx_word' id='word_1_323' title='bbox 233 2021 274 2044; x_wconf 86' lang='lat' dir='ltr'><strong>cst</strong></span> <span class='ocrx_word' id='word_1_324' title='bbox 287 2016 387 2051; x_wconf 84' lang='lat' dir='ltr'><strong>imago,</strong></span> <span class='ocrx_word' id='word_1_325' title='bbox 400 2024 454 2044; x_wconf 91' lang='lat' dir='ltr'><strong>non</strong></span> <span class='ocrx_word' id='word_1_326' title='bbox 468 2024 529 2045; x_wconf 87' lang='lat' dir='ltr'><strong>esse</strong></span> <span class='ocrx_word' id='word_1_327' title='bbox 547 2018 700 2044; x_wconf 82' lang='lat' dir='ltr'><strong>veritatem.</strong></span> <span class='ocrx_word' id='word_1_328' title='bbox 713 2027 723 2043; x_wconf 78' lang='grc' dir='ltr'><strong>ι</strong></span> <span class='ocrx_word' id='word_1_329' title='bbox 745 2017 856 2044; x_wconf 76' lang='lat' dir='ltr'><strong>Videtur</strong></span> <span class='ocrx_word' id='word_1_330' title='bbox 883 2018 940 2044; x_wconf 73' lang='lat' dir='ltr'><strong>bazc</strong></span> <span class='ocrx_word' id='word_1_331' title='bbox 965 2017 1022 2044; x_wconf 65' lang='lat' dir='ltr'><strong>ha!-</strong></span> 
     </span>
    </p>
   </div>
   <div class='ocr_carea' id='block_1_45' title="bbox 1074 231 1869 264">
    <p class='ocr_par' dir='ltr' id='par_1_45' title="bbox 1074 231 1869 264">
     <span class='ocr_line' id='line_1_45' title="bbox 1074 231 1869 264; baseline 0.001 -6"><span class='ocrx_word' id='word_1_332' title='bbox 1074 238 1217 264; x_wconf 86' lang='lat' dir='ltr'><strong>expressa,</strong></span> <span class='ocrx_word' id='word_1_333' title='bbox 1239 231 1287 259; x_wconf 88' lang='lat' dir='ltr'><strong>sed</strong></span> <span class='ocrx_word' id='word_1_334' title='bbox 1311 231 1401 258; x_wconf 82' lang='lat' dir='ltr'><strong>Ruﬁni</strong></span> <span class='ocrx_word' id='word_1_335' title='bbox 1426 231 1530 259; x_wconf 86' lang='lat' dir='ltr'><strong>artibus</strong></span> <span class='ocrx_word' id='word_1_336' title='bbox 1548 231 1732 264; x_wconf 88' lang='lat' dir='ltr'><strong>dissimulata,</strong></span> <span class='ocrx_word' id='word_1_337' title='bbox 1749 236 1777 259; x_wconf 87' lang='lat' dir='ltr'><strong>et</strong></span> <span class='ocrx_word' id='word_1_338' title='bbox 1798 232 1869 260; x_wconf 65' lang='lat' dir='ltr'><strong>tals:</strong></span> 
     </span>
    </p>
   </div>
   <div class='ocr_carea' id='block_1_46' title="bbox 1075 276 1869 313">
    <p class='ocr_par' dir='ltr' id='par_1_46' title="bbox 1075 276 1869 313">
     <span class='ocr_line' id='line_1_46' title="bbox 1075 276 1869 313; baseline 0.003 -10"><span class='ocrx_word' id='word_1_339' title='bbox 1075 276 1127 304; x_wconf 85' lang='lat' dir='ltr'><strong>hac</strong></span> <span class='ocrx_word' id='word_1_340' title='bbox 1151 276 1378 311; x_wconf 77' lang='lat' dir='ltr'><strong>interpretatione</strong></span> <span class='ocrx_word' id='word_1_341' title='bbox 1398 277 1514 305; x_wconf 83' lang='lat' dir='ltr'><strong>obducta</strong></span> <span class='ocrx_word' id='word_1_342' title='bbox 1532 286 1539 304; x_wconf 88' lang='lat'>:</span> <span class='ocrx_word' id='word_1_343' title='bbox 1553 286 1564 303; x_wconf 74' lang='grc' dir='ltr'><strong>ι</strong></span> <span class='ocrx_word' id='word_1_344' title='bbox 1575 277 1668 313; x_wconf 86' lang='lat' dir='ltr'><strong>Imago</strong></span> <span class='ocrx_word' id='word_1_345' title='bbox 1681 285 1751 313; x_wconf 84' lang='lat' dir='ltr'><strong>ergo</strong></span> <span class='ocrx_word' id='word_1_346' title='bbox 1767 283 1811 305; x_wconf 88' lang='lat' dir='ltr'><strong>est.</strong></span> <span class='ocrx_word' id='word_1_347' title='bbox 1827 279 1869 305; x_wconf 88' lang='lat' dir='ltr'><strong>in-</strong></span> 
     </span>
    </p>
   </div>
   <div class='ocr_carea' id='block_1_47' title="bbox 1073 321 1868 358">
    <p class='ocr_par' dir='ltr' id='par_1_47' title="bbox 1073 321 1868 358">
     <span class='ocr_line' id='line_1_47' title="bbox 1073 321 1868 358; baseline 0.001 -9"><span class='ocrx_word' id='word_1_348' title='bbox 1073 321 1190 350; x_wconf 83' lang='lat' dir='ltr'><strong>visibilis</strong></span> <span class='ocrx_word' id='word_1_349' title='bbox 1206 323 1254 350; x_wconf 89' lang='lat' dir='ltr'><strong>Dei</strong></span> <span class='ocrx_word' id='word_1_350' title='bbox 1278 321 1368 350; x_wconf 86' lang='lat' dir='ltr'><strong>Patris</strong></span> <span class='ocrx_word' id='word_1_351' title='bbox 1392 322 1519 350; x_wconf 84' lang='lat' dir='ltr'><strong>Salvator</strong></span> <span class='ocrx_word' id='word_1_352' title='bbox 1543 327 1647 355; x_wconf 88' lang='lat' dir='ltr'><strong>noster,</strong></span> <span class='ocrx_word' id='word_1_353' title='bbox 1674 327 1814 358; x_wconf 90' lang='lat' dir='ltr'><strong>qnantum</strong></span> <span class='ocrx_word' id='word_1_354' title='bbox 1836 324 1868 350; x_wconf 87' lang='lat' dir='ltr'><strong>ad</strong></span> 
     </span>
    </p>
   </div>
   <div class='ocr_carea' id='block_1_48' title="bbox 1074 368 1868 404">
    <p class='ocr_par' dir='ltr' id='par_1_48' title="bbox 1074 368 1868 404">
     <span class='ocr_line' id='line_1_48' title="bbox 1074 368 1868 404; baseline 0.001 -8"><span class='ocrx_word' id='word_1_355' title='bbox 1074 368 1162 404; x_wconf 87' lang='lat' dir='ltr'><strong>ipsttm</strong></span> <span class='ocrx_word' id='word_1_356' title='bbox 1176 369 1286 404; x_wconf 84' lang='lat' dir='ltr'><strong>quidem</strong></span> <span class='ocrx_word' id='word_1_357' title='bbox 1298 369 1418 400; x_wconf 77' lang='lat' dir='ltr'><strong>Patrem.</strong></span> <span class='ocrx_word' id='word_1_358' title='bbox 1434 369 1537 396; x_wconf 89' lang='lat' dir='ltr'><strong>veritas</strong></span> <span class='ocrx_word' id='word_1_359' title='bbox 1551 378 1559 403; x_wconf 85' lang='lat'><strong>;</strong></span> <span class='ocrx_word' id='word_1_360' title='bbox 1577 373 1710 404; x_wconf 89' lang='lat' dir='ltr'><strong>quantum</strong></span> <span class='ocrx_word' id='word_1_361' title='bbox 1724 375 1819 397; x_wconf 87' lang='lat' dir='ltr'><strong>autem</strong></span> <span class='ocrx_word' id='word_1_362' title='bbox 1836 370 1868 397; x_wconf 88' lang='lat' dir='ltr'><strong>ad</strong></span> 
     </span>
    </p>
   </div>
   <div class='ocr_carea' id='block_1_49' title="bbox 1074 416 1868 452">
    <p class='ocr_par' dir='ltr' id='par_1_49' title="bbox 1074 416 1868 452">
     <span class='ocr_line' id='line_1_49' title="bbox 1074 416 1868 452; baseline 0.001 -9"><span class='ocrx_word' id='word_1_363' title='bbox 1074 423 1137 448; x_wconf 88' lang='lat' dir='ltr'><strong>nos,</strong></span> <span class='ocrx_word' id='word_1_364' title='bbox 1152 416 1251 450; x_wconf 90' lang='lat' dir='ltr'><strong>quibus</strong></span> <span class='ocrx_word' id='word_1_365' title='bbox 1274 416 1379 444; x_wconf 86' lang='lat' dir='ltr'><strong>revelat</strong></span> <span class='ocrx_word' id='word_1_366' title='bbox 1394 416 1516 448; x_wconf 87' lang='lat' dir='ltr'><strong>Patrem.</strong></span> <span class='ocrx_word' id='word_1_367' title='bbox 1536 416 1625 452; x_wconf 89' lang='lat' dir='ltr'><strong>imago</strong></span> <span class='ocrx_word' id='word_1_368' title='bbox 1641 421 1692 448; x_wconf 87' lang='lat' dir='ltr'><strong>est,</strong></span> <span class='ocrx_word' id='word_1_369' title='bbox 1709 423 1762 452; x_wconf 88' lang='lat' dir='ltr'><strong>per</strong></span> <span class='ocrx_word' id='word_1_370' title='bbox 1785 424 1868 452; x_wconf 86' lang='lat' dir='ltr'><strong>quam</strong></span> 
     </span>
    </p>
   </div>
   <div class='ocr_carea' id='block_1_50' title="bbox 1074 462 1423 496">
    <p class='ocr_par' dir='ltr' id='par_1_50' title="bbox 1074 462 1423 496">
     <span class='ocr_line' id='line_1_50' title="bbox 1074 462 1423 496; baseline -0.003 -6"><span class='ocrx_word' id='word_1_371' title='bbox 1074 462 1263 496; x_wconf 76' lang='lat' dir='ltr'><strong>cognoscimus</strong></span> <span class='ocrx_word' id='word_1_372' title='bbox 1277 462 1397 490; x_wconf 84' lang='lat' dir='ltr'><strong>Patrem.</strong></span> <span class='ocrx_word' id='word_1_373' title='bbox 1413 471 1423 489; x_wconf 74' lang='grc' dir='ltr'><strong>ι</strong></span> 
     </span>
    </p>
   </div>
   <div class='ocr_carea' id='block_1_51' title="bbox 1109 506 1870 543">
    <p class='ocr_par' dir='ltr' id='par_1_51' title="bbox 1109 506 1870 543">
     <span class='ocr_line' id='line_1_51' title="bbox 1109 506 1870 543; baseline 0.001 -10"><span class='ocrx_word' id='word_1_374' title='bbox 1109 506 1191 534; x_wconf 78' lang='lat' dir='ltr'><strong>XVII.</strong></span> <span class='ocrx_word' id='word_1_375' title='bbox 1207 508 1274 540; x_wconf 69' lang='lat' dir='ltr'><strong>Quae</strong></span> <span class='ocrx_word' id='word_1_376' title='bbox 1295 507 1404 543; x_wconf 86' lang='lat' dir='ltr'><strong>Origeni</strong></span> <span class='ocrx_word' id='word_1_377' title='bbox 1429 507 1490 535; x_wconf 88' lang='lat' dir='ltr'><strong>dica</strong></span> <span class='ocrx_word' id='word_1_378' title='bbox 1510 507 1621 543; x_wconf 80' lang='lat' dir='ltr'><strong>impingi</strong></span> <span class='ocrx_word' id='word_1_379' title='bbox 1648 507 1732 539; x_wconf 87' lang='lat' dir='ltr'><strong>solet,</strong></span> <span class='ocrx_word' id='word_1_380' title='bbox 1751 515 1870 543; x_wconf 78' lang='lat' dir='ltr'><strong>negasse</strong></span> 
     </span>
    </p>
   </div>
   <div class='ocr_carea' id='block_1_52' title="bbox 1075 553 1867 588">
    <p class='ocr_par' dir='ltr' id='par_1_52' title="bbox 1075 553 1867 588">
     <span class='ocr_line' id='line_1_52' title="bbox 1075 553 1867 588; baseline 0 -8"><span class='ocrx_word' id='word_1_381' title='bbox 1075 553 1161 588; x_wconf 90' lang='lat' dir='ltr'><strong>ipsum</strong></span> <span class='ocrx_word' id='word_1_382' title='bbox 1177 553 1285 581; x_wconf 86' lang='lat' dir='ltr'><strong>Patrem</strong></span> <span class='ocrx_word' id='word_1_383' title='bbox 1297 561 1311 580; x_wconf 91' lang='lat' dir='ltr'><strong>a</strong></span> <span class='ocrx_word' id='word_1_384' title='bbox 1327 554 1405 586; x_wconf 87' lang='lat' dir='ltr'><strong>Filio,</strong></span> <span class='ocrx_word' id='word_1_385' title='bbox 1416 553 1515 580; x_wconf 86' lang='lat' dir='ltr'><strong>Filium</strong></span> <span class='ocrx_word' id='word_1_386' title='bbox 1527 561 1542 580; x_wconf 87' lang='lat' dir='ltr'><strong>a</strong></span> <span class='ocrx_word' id='word_1_387' title='bbox 1559 553 1661 587; x_wconf 89' lang='lat' dir='ltr'><strong>Spiritu</strong></span> <span class='ocrx_word' id='word_1_388' title='bbox 1677 560 1788 585; x_wconf 87' lang='lat' dir='ltr'><strong>sancto,</strong></span> <span class='ocrx_word' id='word_1_389' title='bbox 1804 553 1867 587; x_wconf 84' lang='lat' dir='ltr'><strong>Spi-</strong></span> 
     </span>
    </p>
   </div>
   <div class='ocr_carea' id='block_1_53' title="bbox 1074 600 1868 636">
    <p class='ocr_par' dir='ltr' id='par_1_53' title="bbox 1074 600 1868 636">
     <span class='ocr_line' id='line_1_53' title="bbox 1074 600 1868 636; baseline 0.001 -9"><span class='ocrx_word' id='word_1_390' title='bbox 1074 600 1157 627; x_wconf 88' lang='lat' dir='ltr'><strong>ritum</strong></span> <span class='ocrx_word' id='word_1_391' title='bbox 1185 605 1310 628; x_wconf 89' lang='lat' dir='ltr'><strong>sanctnm</strong></span> <span class='ocrx_word' id='word_1_392' title='bbox 1328 601 1362 628; x_wconf 88' lang='lat' dir='ltr'><strong>ab</strong></span> <span class='ocrx_word' id='word_1_393' title='bbox 1377 601 1492 636; x_wconf 82' lang='lat' dir='ltr'><strong>angelis,</strong></span> <span class='ocrx_word' id='word_1_394' title='bbox 1513 601 1623 634; x_wconf 78' lang='lat' dir='ltr'><strong>angelos</strong></span> <span class='ocrx_word' id='word_1_395' title='bbox 1649 601 1683 627; x_wconf 88' lang='lat' dir='ltr'><strong>ab</strong></span> <span class='ocrx_word' id='word_1_396' title='bbox 1708 601 1868 628; x_wconf 78' lang='lat' dir='ltr'><strong>hominibus</strong></span> 
     </span>
    </p>
   </div>
   <div class='ocr_carea' id='block_1_54' title="bbox 1073 645 1866 681">
    <p class='ocr_par' dir='ltr' id='par_1_54' title="bbox 1073 645 1866 681">
     <span class='ocr_line' id='line_1_54' title="bbox 1073 645 1866 681; baseline 0.001 -9"><span class='ocrx_word' id='word_1_397' title='bbox 1073 646 1158 673; x_wconf 83' lang='lat' dir='ltr'><strong>videri</strong></span> <span class='ocrx_word' id='word_1_398' title='bbox 1175 653 1265 681; x_wconf 85' lang='lat' dir='ltr'><strong>posse,</strong></span> <span class='ocrx_word' id='word_1_399' title='bbox 1277 645 1364 673; x_wconf 78' lang='lat' dir='ltr'><strong>facilis</strong></span> <span class='ocrx_word' id='word_1_400' title='bbox 1378 651 1528 681; x_wconf 74' lang='lat' dir='ltr'><strong>expurgatur</strong></span> <span class='ocrx_word' id='word_1_401' title='bbox 1546 654 1597 673; x_wconf 92' lang='lat' dir='ltr'><strong>non</strong></span> <span class='ocrx_word' id='word_1_402' title='bbox 1607 652 1659 679; x_wconf 89' lang='lat' dir='ltr'><strong>est,</strong></span> <span class='ocrx_word' id='word_1_403' title='bbox 1675 647 1698 673; x_wconf 89' lang='lat' dir='ltr'><strong>si</strong></span> <span class='ocrx_word' id='word_1_404' title='bbox 1714 647 1866 674; x_wconf 84' lang='lat' dir='ltr'><strong>criminan-</strong></span> 
     </span>
    </p>
   </div>
   <div class='ocr_carea' id='block_1_55' title="bbox 1075 689 1865 725">
    <p class='ocr_par' dir='ltr' id='par_1_55' title="bbox 1075 689 1865 725">
     <span class='ocr_line' id='line_1_55' title="bbox 1075 689 1865 725; baseline 0.003 -9"><span class='ocrx_word' id='word_1_405' title='bbox 1075 689 1142 716; x_wconf 90' lang='lat' dir='ltr'><strong>tium</strong></span> <span class='ocrx_word' id='word_1_406' title='bbox 1161 697 1291 717; x_wconf 85' lang='lat' dir='ltr'><strong>nnmerus</strong></span> <span class='ocrx_word' id='word_1_407' title='bbox 1312 695 1451 725; x_wconf 86' lang='lat' dir='ltr'><strong>spectetur</strong></span> <span class='ocrx_word' id='word_1_408' title='bbox 1468 697 1496 718; x_wconf 85' lang='lat' dir='ltr'><strong>et</strong></span> <span class='ocrx_word' id='word_1_409' title='bbox 1517 692 1677 718; x_wconf 84' lang='lat' dir='ltr'><strong>auctoritas.</strong></span> <span class='ocrx_word' id='word_1_410' title='bbox 1697 691 1865 719; x_wconf 84' lang='lat' dir='ltr'><strong>Primarium</strong></span> 
     </span>
    </p>
   </div>
   <div class='ocr_carea' id='block_1_56' title="bbox 1074 734 1868 769">
    <p class='ocr_par' dir='ltr' id='par_1_56' title="bbox 1074 734 1868 769">
     <span class='ocr_line' id='line_1_56' title="bbox 1074 734 1868 769; baseline 0.001 -9"><span class='ocrx_word' id='word_1_411' title='bbox 1074 735 1146 761; x_wconf 88' lang='lat' dir='ltr'><strong>hunc</strong></span> <span class='ocrx_word' id='word_1_412' title='bbox 1169 741 1200 761; x_wconf 90' lang='lat' dir='ltr'><strong>ac</strong></span> <span class='ocrx_word' id='word_1_413' title='bbox 1216 735 1380 769; x_wconf 70' lang='lat' dir='ltr'><strong>praecipuum</strong></span> <span class='ocrx_word' id='word_1_414' title='bbox 1397 734 1467 762; x_wconf 88' lang='lat' dir='ltr'><strong>inter</strong></span> <span class='ocrx_word' id='word_1_415' title='bbox 1481 735 1540 769; x_wconf 80' lang='lat' dir='ltr'><strong>ejus</strong></span> <span class='ocrx_word' id='word_1_416' title='bbox 1562 742 1672 762; x_wconf 86' lang='lat' dir='ltr'><strong>errores</strong></span> <span class='ocrx_word' id='word_1_417' title='bbox 1685 735 1787 762; x_wconf 83' lang='lat' dir='ltr'><strong>statuit</strong></span> <span class='ocrx_word' id='word_1_418' title='bbox 1802 735 1868 768; x_wconf 86' lang='lat' dir='ltr'><strong>Epi-</strong></span> 
     </span>
    </p>
   </div>
   <div class='ocr_carea' id='block_1_57' title="bbox 1074 779 1866 814">
    <p class='ocr_par' dir='ltr' id='par_1_57' title="bbox 1074 779 1866 814">
     <span class='ocr_line' id='line_1_57' title="bbox 1074 779 1866 814; baseline -0.001 -8"><span class='ocrx_word' id='word_1_419' title='bbox 1074 779 1190 814; x_wconf 86' lang='lat' dir='ltr'><strong>phanius</strong></span> <span class='ocrx_word' id='word_1_420' title='bbox 1203 780 1269 806; x_wconf 73' lang='lat' dir='ltr'><strong>haer.</strong></span> <span class='ocrx_word' id='word_1_421' title='bbox 1282 787 1358 811; x_wconf 82' lang='grc' dir='ltr'>ιιιιν,</span> <span class='ocrx_word' id='word_1_422' title='bbox 1372 787 1432 813; x_wconf 89' lang='lat' dir='ltr'><strong>cap.</strong></span> <span class='ocrx_word' id='word_1_423' title='bbox 1454 779 1482 811; x_wconf 76' lang='grc'><strong>4,</strong></span> <span class='ocrx_word' id='word_1_424' title='bbox 1498 785 1525 806; x_wconf 88' lang='lat' dir='ltr'><strong>et</strong></span> <span class='ocrx_word' id='word_1_425' title='bbox 1539 779 1565 806; x_wconf 88' lang='lat' dir='ltr'><strong>in</strong></span> <span class='ocrx_word' id='word_1_426' title='bbox 1585 780 1731 809; x_wconf 80' lang='lat' dir='ltr'><strong>Ancorato,</strong></span> <span class='ocrx_word' id='word_1_427' title='bbox 1747 787 1809 814; x_wconf 83' lang='lat' dir='ltr'><strong>cap.</strong></span> <span class='ocrx_word' id='word_1_428' title='bbox 1822 779 1866 812; x_wconf 79' lang='lat'><strong>65,</strong></span> 
     </span>
    </p>
   </div>
   <div class='ocr_carea' id='block_1_58' title="bbox 1074 825 1866 860">
    <p class='ocr_par' dir='ltr' id='par_1_58' title="bbox 1074 825 1866 860">
     <span class='ocr_line' id='line_1_58' title="bbox 1074 825 1866 860; baseline -0.001 -8"><span class='ocrx_word' id='word_1_429' title='bbox 1074 825 1120 852; x_wconf 90' lang='lat' dir='ltr'><strong>ubi</strong></span> <span class='ocrx_word' id='word_1_430' title='bbox 1138 825 1218 852; x_wconf 87' lang='lat' dir='ltr'><strong>verba</strong></span> <span class='ocrx_word' id='word_1_431' title='bbox 1244 825 1302 859; x_wconf 87' lang='lat' dir='ltr'><strong>ipsa</strong></span> <span class='ocrx_word' id='word_1_432' title='bbox 1328 825 1455 860; x_wconf 82' lang='lat' dir='ltr'><strong>Origenis</strong></span> <span class='ocrx_word' id='word_1_433' title='bbox 1470 826 1602 853; x_wconf 84' lang='lat' dir='ltr'><strong>exhibet:</strong></span> <span class='ocrx_word' id='word_1_434' title='bbox 1623 826 1810 857; x_wconf 75' lang='grc' dir='ltr'><strong>Μαθέτωσαν,</strong></span> <span class='ocrx_word' id='word_1_435' title='bbox 1828 826 1866 852; x_wconf 85' lang='lat' dir='ltr'><strong>in-</strong></span> 
     </span>
    </p>
   </div>
   <div class='ocr_carea' id='block_1_59' title="bbox 1038 859 1867 908">
    <p class='ocr_par' dir='ltr' id='par_1_59' title="bbox 1038 859 1867 908">
     <span class='ocr_line' id='line_1_59' title="bbox 1038 859 1867 908; baseline 0 -10"><span class='ocrx_word' id='word_1_436' title='bbox 1038 859 1060 887; x_wconf 78' lang='grc' dir='ltr'><strong>Β</strong></span> <span class='ocrx_word' id='word_1_437' title='bbox 1073 872 1142 906; x_wconf 84' lang='lat' dir='ltr'><strong>quit,</strong></span> <span class='ocrx_word' id='word_1_438' title='bbox 1161 871 1220 904; x_wconf 81' lang='grc' dir='ltr'>πῶς</span> <span class='ocrx_word' id='word_1_439' title='bbox 1235 872 1285 898; x_wconf 81' lang='grc' dir='ltr'><strong>οὐκ</strong></span> <span class='ocrx_word' id='word_1_440' title='bbox 1301 872 1457 908; x_wconf 80' lang='grc' dir='ltr'><strong>ἀπηξίωσεν</strong></span> <span class='ocrx_word' id='word_1_441' title='bbox 1478 872 1618 908; x_wconf 81' lang='grc' dir='ltr'><strong>Ὦριγένης</strong></span> <span class='ocrx_word' id='word_1_442' title='bbox 1638 873 1739 904; x_wconf 78' lang='grc' dir='ltr'><strong>εἰπεῖν,</strong></span> <span class='ocrx_word' id='word_1_443' title='bbox 1763 873 1804 899; x_wconf 83' lang='grc' dir='ltr'><strong>ὅτι</strong></span> <span class='ocrx_word' id='word_1_444' title='bbox 1819 872 1867 907; x_wconf 74' lang='grc' dir='ltr'><strong>οὐχ</strong></span> 
     </span>
    </p>
   </div>
   <div class='ocr_carea' id='block_1_60' title="bbox 1072 917 1867 954">
    <p class='ocr_par' dir='ltr' id='par_1_60' title="bbox 1072 917 1867 954">
     <span class='ocr_line' id='line_1_60' title="bbox 1072 917 1867 954; baseline 0 -10"><span class='ocrx_word' id='word_1_445' title='bbox 1072 918 1124 953; x_wconf 82' lang='grc' dir='ltr'><strong>ὁρᾷ</strong></span> <span class='ocrx_word' id='word_1_446' title='bbox 1138 918 1183 944; x_wconf 77' lang='grc' dir='ltr'>τὸν</span> <span class='ocrx_word' id='word_1_447' title='bbox 1195 918 1304 954; x_wconf 81' lang='grc' dir='ltr'><strong>Πατέρα</strong></span> <span class='ocrx_word' id='word_1_448' title='bbox 1319 920 1333 944; x_wconf 85' lang='grc' dir='ltr'>ὁ</span> <span class='ocrx_word' id='word_1_449' title='bbox 1349 918 1411 950; x_wconf 67' lang='grc' dir='ltr'><strong>Υἱός</strong></span> <span class='ocrx_word' id='word_1_450' title='bbox 1422 927 1429 934; x_wconf 90' lang='grc'>·</span> <span class='ocrx_word' id='word_1_451' title='bbox 1447 918 1514 945; x_wconf 83' lang='grc' dir='ltr'><strong>ἀλλά</strong></span> <span class='ocrx_word' id='word_1_452' title='bbox 1528 927 1620 953; x_wconf 76' lang='grc' dir='ltr'><strong>φησιν·</strong></span> <span class='ocrx_word' id='word_1_453' title='bbox 1647 918 1691 950; x_wconf 83' lang='grc' dir='ltr'>Ὡς</span> <span class='ocrx_word' id='word_1_454' title='bbox 1705 919 1737 944; x_wconf 78' lang='grc' dir='ltr'><strong>οὐ</strong></span> <span class='ocrx_word' id='word_1_455' title='bbox 1754 917 1867 945; x_wconf 82' lang='grc' dir='ltr'><strong>δύναται</strong></span> 
     </span>
    </p>
   </div>
   <div class='ocr_carea' id='block_1_61' title="bbox 1072 964 1869 1000">
    <p class='ocr_par' dir='ltr' id='par_1_61' title="bbox 1072 964 1869 1000">
     <span class='ocr_line' id='line_1_61' title="bbox 1072 964 1869 1000; baseline 0.001 -10"><span class='ocrx_word' id='word_1_456' title='bbox 1072 965 1138 999; x_wconf 82' lang='grc' dir='ltr'>ὁρᾷν</span> <span class='ocrx_word' id='word_1_457' title='bbox 1154 964 1198 991; x_wconf 80' lang='grc' dir='ltr'><strong>τὸν</strong></span> <span class='ocrx_word' id='word_1_458' title='bbox 1215 965 1325 1000; x_wconf 82' lang='grc' dir='ltr'><strong>Πατέρα</strong></span> <span class='ocrx_word' id='word_1_459' title='bbox 1336 965 1351 991; x_wconf 83' lang='grc' dir='ltr'><strong>ὁ</strong></span> <span class='ocrx_word' id='word_1_460' title='bbox 1365 964 1440 996; x_wconf 79' lang='grc' dir='ltr'>Υἱὸς,</span> <span class='ocrx_word' id='word_1_461' title='bbox 1458 965 1506 991; x_wconf 76' lang='grc' dir='ltr'><strong>καὶ</strong></span> <span class='ocrx_word' id='word_1_462' title='bbox 1518 964 1549 991; x_wconf 76' lang='grc' dir='ltr'><strong>τὺ</strong></span> <span class='ocrx_word' id='word_1_463' title='bbox 1560 964 1636 997; x_wconf 75' lang='grc' dir='ltr'>ἅγιον</span> <span class='ocrx_word' id='word_1_464' title='bbox 1649 964 1768 1000; x_wconf 80' lang='grc' dir='ltr'><strong>Πνεῦμα</strong></span> <span class='ocrx_word' id='word_1_465' title='bbox 1780 965 1811 991; x_wconf 74' lang='grc' dir='ltr'><strong>οὐ</strong></span> <span class='ocrx_word' id='word_1_466' title='bbox 1825 965 1869 991; x_wconf 80' lang='grc' dir='ltr'><strong>δύ-</strong></span> 
     </span>
    </p>
   </div>
   <div class='ocr_carea' id='block_1_62' title="bbox 1072 1010 1868 1044">
    <p class='ocr_par' dir='ltr' id='par_1_62' title="bbox 1072 1010 1868 1044">
     <span class='ocr_line' id='line_1_62' title="bbox 1072 1010 1868 1044; baseline 0.001 -8"><span class='ocrx_word' id='word_1_467' title='bbox 1072 1018 1150 1037; x_wconf 83' lang='grc' dir='ltr'>ναται</span> <span class='ocrx_word' id='word_1_468' title='bbox 1163 1010 1227 1036; x_wconf 71' lang='grc' dir='ltr'><strong>ἰδεῖν</strong></span> <span class='ocrx_word' id='word_1_469' title='bbox 1237 1010 1283 1037; x_wconf 80' lang='grc' dir='ltr'><strong>τὸν</strong></span> <span class='ocrx_word' id='word_1_470' title='bbox 1301 1011 1373 1037; x_wconf 80' lang='grc' dir='ltr'><strong>Υἱόν.</strong></span> <span class='ocrx_word' id='word_1_471' title='bbox 1389 1011 1444 1037; x_wconf 77' lang='grc' dir='ltr'><strong>Καὶ</strong></span> <span class='ocrx_word' id='word_1_472' title='bbox 1458 1011 1548 1037; x_wconf 76' lang='grc' dir='ltr'><strong>πάλιν·</strong></span> <span class='ocrx_word' id='word_1_473' title='bbox 1557 1011 1588 1037; x_wconf 80' lang='grc' dir='ltr'><strong>Οἱ</strong></span> <span class='ocrx_word' id='word_1_474' title='bbox 1598 1011 1710 1044; x_wconf 78' lang='grc' dir='ltr'>ἄγγελοι</span> <span class='ocrx_word' id='word_1_475' title='bbox 1725 1011 1758 1037; x_wconf 77' lang='grc' dir='ltr'><strong>οὗ</strong></span> <span class='ocrx_word' id='word_1_476' title='bbox 1773 1011 1868 1037; x_wconf 73' lang='grc' dir='ltr'><strong>δύναν-</strong></span> 
     </span>
    </p>
   </div>
   <div class='ocr_carea' id='block_1_63' title="bbox 1071 1055 1867 1092">
    <p class='ocr_par' dir='ltr' id='par_1_63' title="bbox 1071 1055 1867 1092">
     <span class='ocr_line' id='line_1_63' title="bbox 1071 1055 1867 1092; baseline 0 -10"><span class='ocrx_word' id='word_1_477' title='bbox 1071 1064 1117 1082; x_wconf 83' lang='grc' dir='ltr'><strong>ται</strong></span> <span class='ocrx_word' id='word_1_478' title='bbox 1131 1056 1193 1082; x_wconf 82' lang='grc' dir='ltr'>ἰδεῖν</span> <span class='ocrx_word' id='word_1_479' title='bbox 1209 1056 1239 1082; x_wconf 81' lang='grc' dir='ltr'><strong>τὸ</strong></span> <span class='ocrx_word' id='word_1_480' title='bbox 1253 1057 1328 1090; x_wconf 80' lang='grc' dir='ltr'>ἆγιον</span> <span class='ocrx_word' id='word_1_481' title='bbox 1342 1055 1462 1092; x_wconf 79' lang='grc' dir='ltr'><strong>Πνεῦμα,</strong></span> <span class='ocrx_word' id='word_1_482' title='bbox 1473 1057 1520 1083; x_wconf 75' lang='grc' dir='ltr'><strong>καὶ</strong></span> <span class='ocrx_word' id='word_1_483' title='bbox 1533 1058 1558 1083; x_wconf 79' lang='grc' dir='ltr'>οἱ</span> <span class='ocrx_word' id='word_1_484' title='bbox 1575 1057 1714 1092; x_wconf 73' lang='grc' dir='ltr'><strong>ἄνθρωποι</strong></span> <span class='ocrx_word' id='word_1_485' title='bbox 1723 1057 1756 1082; x_wconf 82' lang='grc' dir='ltr'><strong>οὐ</strong></span> <span class='ocrx_word' id='word_1_486' title='bbox 1771 1056 1867 1083; x_wconf 75' lang='grc' dir='ltr'><strong>δύναν-</strong></span> 
     </span>
    </p>
   </div>
   <div class='ocr_carea' id='block_1_64' title="bbox 1072 1101 1867 1136">
    <p class='ocr_par' dir='ltr' id='par_1_64' title="bbox 1072 1101 1867 1136">
     <span class='ocr_line' id='line_1_64' title="bbox 1072 1101 1867 1136; baseline 0 -8"><span class='ocrx_word' id='word_1_487' title='bbox 1072 1110 1118 1128; x_wconf 82' lang='grc' dir='ltr'><strong>ται</strong></span> <span class='ocrx_word' id='word_1_488' title='bbox 1145 1101 1209 1128; x_wconf 75' lang='grc' dir='ltr'><strong>ἰδεῖν</strong></span> <span class='ocrx_word' id='word_1_489' title='bbox 1232 1102 1296 1133; x_wconf 79' lang='grc' dir='ltr'>τοὺς</span> <span class='ocrx_word' id='word_1_490' title='bbox 1320 1101 1461 1136; x_wconf 82' lang='grc' dir='ltr'><strong>ἀγγέλους.</strong></span> <span class='ocrx_word' id='word_1_491' title='bbox 1484 1112 1493 1127; x_wconf 86' lang='grc'><strong><em>‹</em></strong></span> <span class='ocrx_word' id='word_1_492' title='bbox 1512 1102 1622 1129; x_wconf 78' lang='lat' dir='ltr'><strong>Discant</strong></span> <span class='ocrx_word' id='word_1_493' title='bbox 1653 1104 1797 1136; x_wconf 89' lang='lat' dir='ltr'><strong>quomodo</strong></span> <span class='ocrx_word' id='word_1_494' title='bbox 1816 1110 1867 1128; x_wconf 85' lang='lat' dir='ltr'><strong>non</strong></span> 
     </span>
    </p>
   </div>
   <div class='ocr_carea' id='block_1_65' title="bbox 1074 1147 1866 1182">
    <p class='ocr_par' dir='ltr' id='par_1_65' title="bbox 1074 1147 1866 1182">
     <span class='ocr_line' id='line_1_65' title="bbox 1074 1147 1866 1182; baseline 0 -8"><span class='ocrx_word' id='word_1_495' title='bbox 1074 1147 1208 1174; x_wconf 81' lang='lat' dir='ltr'><strong>dubitavit</strong></span> <span class='ocrx_word' id='word_1_496' title='bbox 1234 1147 1367 1182; x_wconf 75' lang='lat' dir='ltr'><strong>Origenes</strong></span> <span class='ocrx_word' id='word_1_497' title='bbox 1382 1148 1475 1175; x_wconf 89' lang='lat' dir='ltr'><strong>dicere</strong></span> <span class='ocrx_word' id='word_1_498' title='bbox 1492 1148 1589 1176; x_wconf 84' lang='lat' dir='ltr'><strong>Filium</strong></span> <span class='ocrx_word' id='word_1_499' title='bbox 1616 1155 1669 1175; x_wconf 91' lang='lat' dir='ltr'><strong>non</strong></span> <span class='ocrx_word' id='word_1_500' title='bbox 1700 1148 1800 1176; x_wconf 89' lang='lat' dir='ltr'><strong>videre</strong></span> <span class='ocrx_word' id='word_1_501' title='bbox 1817 1148 1866 1175; x_wconf 80' lang='lat' dir='ltr'><strong>Pa-</strong></span> 
     </span>
    </p>
   </div>
   <div class='ocr_carea' id='block_1_66' title="bbox 1073 1193 1868 1229">
    <p class='ocr_par' dir='ltr' id='par_1_66' title="bbox 1073 1193 1868 1229">
     <span class='ocr_line' id='line_1_66' title="bbox 1073 1193 1868 1229; baseline 0.001 -10"><span class='ocrx_word' id='word_1_502' title='bbox 1073 1198 1152 1225; x_wconf 85' lang='lat' dir='ltr'><strong>trem.</strong></span> <span class='ocrx_word' id='word_1_503' title='bbox 1170 1193 1218 1220; x_wconf 88' lang='lat' dir='ltr'><strong>sed</strong></span> <span class='ocrx_word' id='word_1_504' title='bbox 1236 1193 1303 1220; x_wconf 88' lang='lat' dir='ltr'><strong>dicit</strong></span> <span class='ocrx_word' id='word_1_505' title='bbox 1318 1202 1324 1220; x_wconf 90' lang='lat'>:</span> <span class='ocrx_word' id='word_1_506' title='bbox 1341 1193 1573 1227; x_wconf 86' lang='lat' dir='ltr'><strong>Quemadmodum</strong></span> <span class='ocrx_word' id='word_1_507' title='bbox 1586 1201 1638 1221; x_wconf 94' lang='lat' dir='ltr'><strong>non</strong></span> <span class='ocrx_word' id='word_1_508' title='bbox 1652 1198 1746 1229; x_wconf 83' lang='lat' dir='ltr'><strong>potest</strong></span> <span class='ocrx_word' id='word_1_509' title='bbox 1774 1193 1868 1221; x_wconf 80' lang='lat' dir='ltr'><strong>videre</strong></span> 
     </span>
    </p>
   </div>
   <div class='ocr_carea' id='block_1_67' title="bbox 1073 1238 1867 1274">
    <p class='ocr_par' dir='ltr' id='par_1_67' title="bbox 1073 1238 1867 1274">
     <span class='ocr_line' id='line_1_67' title="bbox 1073 1238 1867 1274; baseline -0.001 -9"><span class='ocrx_word' id='word_1_510' title='bbox 1073 1238 1180 1265; x_wconf 87' lang='lat' dir='ltr'><strong>Patrem</strong></span> <span class='ocrx_word' id='word_1_511' title='bbox 1206 1238 1310 1271; x_wconf 86' lang='lat' dir='ltr'><strong>Filius,</strong></span> <span class='ocrx_word' id='word_1_512' title='bbox 1337 1246 1388 1266; x_wconf 88' lang='lat' dir='ltr'><strong>nec</strong></span> <span class='ocrx_word' id='word_1_513' title='bbox 1406 1238 1504 1266; x_wconf 87' lang='lat' dir='ltr'><strong>Filium</strong></span> <span class='ocrx_word' id='word_1_514' title='bbox 1528 1239 1621 1267; x_wconf 85' lang='lat' dir='ltr'><strong>videre</strong></span> <span class='ocrx_word' id='word_1_515' title='bbox 1637 1244 1727 1273; x_wconf 86' lang='lat' dir='ltr'><strong>potest</strong></span> <span class='ocrx_word' id='word_1_516' title='bbox 1747 1238 1867 1274; x_wconf 86' lang='lat' dir='ltr'><strong>Spiritus</strong></span> 
     </span>
    </p>
   </div>
   <div class='ocr_carea' id='block_1_68' title="bbox 1073 1283 1868 1320">
    <p class='ocr_par' dir='ltr' id='par_1_68' title="bbox 1073 1283 1868 1320">
     <span class='ocr_line' id='line_1_68' title="bbox 1073 1283 1868 1320; baseline -0.003 -8"><span class='ocrx_word' id='word_1_517' title='bbox 1073 1287 1194 1312; x_wconf 86' lang='lat' dir='ltr'><strong>sanctus.</strong></span> <span class='ocrx_word' id='word_1_518' title='bbox 1205 1284 1238 1311; x_wconf 85' lang='lat' dir='ltr'><strong>Et</strong></span> <span class='ocrx_word' id='word_1_519' title='bbox 1252 1293 1358 1312; x_wconf 91' lang='lat' dir='ltr'><strong>rursum</strong></span> <span class='ocrx_word' id='word_1_520' title='bbox 1376 1295 1383 1312; x_wconf 82' lang='lat'><strong>:</strong></span> <span class='ocrx_word' id='word_1_521' title='bbox 1396 1285 1489 1320; x_wconf 82' lang='lat' dir='ltr'><strong>Angeli</strong></span> <span class='ocrx_word' id='word_1_522' title='bbox 1499 1285 1591 1312; x_wconf 87' lang='lat' dir='ltr'><strong>videre</strong></span> <span class='ocrx_word' id='word_1_523' title='bbox 1606 1292 1659 1311; x_wconf 89' lang='lat' dir='ltr'><strong>non</strong></span> <span class='ocrx_word' id='word_1_524' title='bbox 1678 1289 1796 1319; x_wconf 83' lang='lat' dir='ltr'><strong>possunt</strong></span> <span class='ocrx_word' id='word_1_525' title='bbox 1805 1283 1868 1318; x_wconf 88' lang='lat' dir='ltr'><strong>Spi-</strong></span> 
     </span>
    </p>
   </div>
   <div class='ocr_carea' id='block_1_69' title="bbox 1074 1330 1868 1365">
    <p class='ocr_par' dir='ltr' id='par_1_69' title="bbox 1074 1330 1868 1365">
     <span class='ocr_line' id='line_1_69' title="bbox 1074 1330 1868 1365; baseline -0.003 -7"><span class='ocrx_word' id='word_1_526' title='bbox 1074 1333 1154 1358; x_wconf 86' lang='lat' dir='ltr'><strong>ritum</strong></span> <span class='ocrx_word' id='word_1_527' title='bbox 1165 1337 1302 1363; x_wconf 86' lang='lat' dir='ltr'><strong>sanctum,</strong></span> <span class='ocrx_word' id='word_1_528' title='bbox 1316 1337 1344 1359; x_wconf 90' lang='lat' dir='ltr'><strong>ct</strong></span> <span class='ocrx_word' id='word_1_529' title='bbox 1363 1331 1486 1359; x_wconf 73' lang='lat' dir='ltr'><strong>homines</strong></span> <span class='ocrx_word' id='word_1_530' title='bbox 1509 1339 1561 1358; x_wconf 91' lang='lat' dir='ltr'><strong>non</strong></span> <span class='ocrx_word' id='word_1_531' title='bbox 1578 1334 1692 1365; x_wconf 90' lang='lat' dir='ltr'><strong>possunt</strong></span> <span class='ocrx_word' id='word_1_532' title='bbox 1706 1330 1802 1357; x_wconf 89' lang='lat' dir='ltr'><strong>videre</strong></span> <span class='ocrx_word' id='word_1_533' title='bbox 1821 1337 1868 1356; x_wconf 86' lang='lat' dir='ltr'><strong>an-</strong></span> 
     </span>
    </p>
   </div>
   <div class='ocr_carea' id='block_1_70' title="bbox 1073 1369 1869 1413">
    <p class='ocr_par' dir='ltr' id='par_1_70' title="bbox 1073 1369 1869 1413">
     <span class='ocr_line' id='line_1_70' title="bbox 1073 1369 1869 1413; baseline -0.004 -8"><span class='ocrx_word' id='word_1_534' title='bbox 1073 1369 1159 1412; x_wconf 79' lang='lat' dir='ltr'><strong>gelos.</strong></span> <span class='ocrx_word' id='word_1_535' title='bbox 1178 1387 1188 1404; x_wconf 79' lang='grc' dir='ltr'><strong>ι</strong></span> <span class='ocrx_word' id='word_1_536' title='bbox 1209 1377 1310 1405; x_wconf 85' lang='lat' dir='ltr'><strong>Eadem</strong></span> <span class='ocrx_word' id='word_1_537' title='bbox 1333 1378 1446 1413; x_wconf 86' lang='lat' dir='ltr'><strong>replicat</strong></span> <span class='ocrx_word' id='word_1_538' title='bbox 1459 1379 1485 1404; x_wconf 92' lang='lat' dir='ltr'><strong>in</strong></span> <span class='ocrx_word' id='word_1_539' title='bbox 1499 1377 1613 1411; x_wconf 87' lang='lat' dir='ltr'><strong>epistola</strong></span> <span class='ocrx_word' id='word_1_540' title='bbox 1629 1377 1662 1402; x_wconf 89' lang='lat' dir='ltr'><strong>ad</strong></span> <span class='ocrx_word' id='word_1_541' title='bbox 1676 1375 1813 1403; x_wconf 79' lang='lat' dir='ltr'><strong>Joannem</strong></span> <span class='ocrx_word' id='word_1_542' title='bbox 1825 1374 1869 1403; x_wconf 77' lang='lat' dir='ltr'><strong>Je-</strong></span> 
     </span>
    </p>
   </div>
   <div class='ocr_carea' id='block_1_71' title="bbox 1075 1423 1868 1458">
    <p class='ocr_par' dir='ltr' id='par_1_71' title="bbox 1075 1423 1868 1458">
     <span class='ocr_line' id='line_1_71' title="bbox 1075 1423 1868 1458; baseline -0.004 -7"><span class='ocrx_word' id='word_1_543' title='bbox 1075 1424 1315 1458; x_wconf 87' lang='lat' dir='ltr'><strong>rosolymitanum,</strong></span> <span class='ocrx_word' id='word_1_544' title='bbox 1335 1431 1396 1458; x_wconf 86' lang='lat' dir='ltr'><strong>cap.</strong></span> <span class='ocrx_word' id='word_1_545' title='bbox 1409 1423 1437 1450; x_wconf 73' lang='lat'><strong>2.</strong></span> <span class='ocrx_word' id='word_1_546' title='bbox 1455 1423 1639 1458; x_wconf 80' lang='lat' dir='ltr'><strong>Hieronymus</strong></span> <span class='ocrx_word' id='word_1_547' title='bbox 1656 1428 1767 1456; x_wconf 89' lang='lat' dir='ltr'><strong>quoque</strong></span> <span class='ocrx_word' id='word_1_548' title='bbox 1788 1428 1868 1448; x_wconf 86' lang='lat' dir='ltr'><strong>erro-</strong></span> 
     </span>
    </p>
   </div>
   <div class='ocr_carea' id='block_1_72' title="bbox 1073 1466 1867 1503">
    <p class='ocr_par' dir='ltr' id='par_1_72' title="bbox 1073 1466 1867 1503">
     <span class='ocr_line' id='line_1_72' title="bbox 1073 1466 1867 1503; baseline -0.004 -7"><span class='ocrx_word' id='word_1_549' title='bbox 1073 1477 1117 1496; x_wconf 85' lang='lat' dir='ltr'><strong>res</strong></span> <span class='ocrx_word' id='word_1_550' title='bbox 1135 1477 1277 1497; x_wconf 87' lang='lat' dir='ltr'><strong>rccensens</strong></span> <span class='ocrx_word' id='word_1_551' title='bbox 1292 1470 1423 1497; x_wconf 90' lang='lat' dir='ltr'><strong>librorum</strong></span> <span class='ocrx_word' id='word_1_552' title='bbox 1437 1469 1506 1503; x_wconf 80' lang='lat' dir='ltr'><strong>Hspl</strong></span> <span class='ocrx_word' id='word_1_553' title='bbox 1520 1468 1632 1503; x_wconf 81' lang='grc' dir='ltr'><strong>ἀρχῶν,</strong></span> <span class='ocrx_word' id='word_1_554' title='bbox 1647 1467 1673 1494; x_wconf 94' lang='lat' dir='ltr'><strong>in</strong></span> <span class='ocrx_word' id='word_1_555' title='bbox 1689 1466 1810 1502; x_wconf 86' lang='lat' dir='ltr'><strong>epistola</strong></span> <span class='ocrx_word' id='word_1_556' title='bbox 1825 1466 1867 1498; x_wconf 84' lang='lat'><strong>59,</strong></span> 
     </span>
    </p>
   </div>
   <div class='ocr_carea' id='block_1_73' title="bbox 1074 1512 1868 1550">
    <p class='ocr_par' dir='ltr' id='par_1_73' title="bbox 1074 1512 1868 1550">
     <span class='ocr_line' id='line_1_73' title="bbox 1074 1512 1868 1550; baseline -0.004 -9"><span class='ocrx_word' id='word_1_557' title='bbox 1074 1515 1109 1541; x_wconf 82' lang='lat' dir='ltr'><strong>ad</strong></span> <span class='ocrx_word' id='word_1_558' title='bbox 1129 1515 1247 1548; x_wconf 80' lang='lat' dir='ltr'><strong>Avitum,</strong></span> <span class='ocrx_word' id='word_1_559' title='bbox 1263 1515 1404 1550; x_wconf 87' lang='lat' dir='ltr'><strong>scripsisse</strong></span> <span class='ocrx_word' id='word_1_560' title='bbox 1419 1522 1480 1542; x_wconf 91' lang='lat' dir='ltr'><strong>eum</strong></span> <span class='ocrx_word' id='word_1_561' title='bbox 1494 1516 1531 1541; x_wconf 91' lang='lat' dir='ltr'><strong>ait</strong></span> <span class='ocrx_word' id='word_1_562' title='bbox 1545 1515 1571 1541; x_wconf 90' lang='lat' dir='ltr'><strong>in</strong></span> <span class='ocrx_word' id='word_1_563' title='bbox 1583 1513 1671 1549; x_wconf 88' lang='lat' dir='ltr'><strong>primo</strong></span> <span class='ocrx_word' id='word_1_564' title='bbox 1683 1512 1777 1548; x_wconf 89' lang='lat' dir='ltr'><strong>operis</strong></span> <span class='ocrx_word' id='word_1_565' title='bbox 1788 1512 1868 1546; x_wconf 87' lang='lat' dir='ltr'><strong>hujus</strong></span> 
     </span>
    </p>
   </div>
   <div class='ocr_carea' id='block_1_74' title="bbox 1073 1558 1869 1594">
    <p class='ocr_par' dir='ltr' id='par_1_74' title="bbox 1073 1558 1869 1594">
     <span class='ocr_line' id='line_1_74' title="bbox 1073 1558 1869 1594; baseline -0.001 -8"><span class='ocrx_word' id='word_1_566' title='bbox 1073 1561 1222 1594; x_wconf 85' lang='lat' dir='ltr'><strong>volumine,</strong></span> <span class='ocrx_word' id='word_1_567' title='bbox 1241 1570 1250 1586; x_wconf 76' lang='grc' dir='ltr'><strong>ι</strong></span> <span class='ocrx_word' id='word_1_568' title='bbox 1273 1560 1357 1588; x_wconf 91' lang='lat' dir='ltr'><strong>Deum</strong></span> <span class='ocrx_word' id='word_1_569' title='bbox 1373 1560 1494 1593; x_wconf 88' lang='lat' dir='ltr'><strong>Patrem,</strong></span> <span class='ocrx_word' id='word_1_570' title='bbox 1513 1567 1562 1594; x_wconf 90' lang='lat' dir='ltr'><strong>per</strong></span> <span class='ocrx_word' id='word_1_571' title='bbox 1585 1564 1711 1587; x_wconf 85' lang='lat' dir='ltr'><strong>naturam</strong></span> <span class='ocrx_word' id='word_1_572' title='bbox 1742 1558 1869 1586; x_wconf 83' lang='lat' dir='ltr'><strong>invisibi~</strong></span> 
     </span>
    </p>
   </div>
   <div class='ocr_carea' id='block_1_75' title="bbox 1073 1604 1867 1640">
    <p class='ocr_par' dir='ltr' id='par_1_75' title="bbox 1073 1604 1867 1640">
     <span class='ocr_line' id='line_1_75' title="bbox 1073 1604 1867 1640; baseline -0.004 -7"><span class='ocrx_word' id='word_1_573' title='bbox 1073 1606 1136 1640; x_wconf 89' lang='lat' dir='ltr'><strong>lem,</strong></span> <span class='ocrx_word' id='word_1_574' title='bbox 1151 1615 1165 1634; x_wconf 88' lang='lat' dir='ltr'><strong>a</strong></span> <span class='ocrx_word' id='word_1_575' title='bbox 1180 1606 1250 1634; x_wconf 86' lang='lat' dir='ltr'><strong>Filio</strong></span> <span class='ocrx_word' id='word_1_576' title='bbox 1267 1614 1319 1634; x_wconf 93' lang='lat' dir='ltr'><strong>non</strong></span> <span class='ocrx_word' id='word_1_577' title='bbox 1335 1606 1441 1639; x_wconf 88' lang='lat' dir='ltr'><strong>videri;</strong></span> <span class='ocrx_word' id='word_1_578' title='bbox 1461 1615 1470 1632; x_wconf 82' lang='lat' dir='ltr'><strong>I</strong></span> <span class='ocrx_word' id='word_1_579' title='bbox 1482 1611 1510 1634; x_wconf 87' lang='lat' dir='ltr'><strong>et</strong></span> <span class='ocrx_word' id='word_1_580' title='bbox 1530 1606 1557 1633; x_wconf 90' lang='lat' dir='ltr'><strong>in</strong></span> <span class='ocrx_word' id='word_1_581' title='bbox 1573 1604 1690 1633; x_wconf 87' lang='lat' dir='ltr'><strong>secundo</strong></span> <span class='ocrx_word' id='word_1_582' title='bbox 1709 1613 1717 1632; x_wconf 86' lang='lat'><strong>:</strong></span> <span class='ocrx_word' id='word_1_583' title='bbox 1739 1613 1750 1630; x_wconf 74' lang='grc' dir='ltr'><strong>ι</strong></span> <span class='ocrx_word' id='word_1_584' title='bbox 1771 1604 1867 1632; x_wconf 78' lang='lat' dir='ltr'><strong>Restat</strong></span> 
     </span>
    </p>
   </div>
   <div class='ocr_carea' id='block_1_76' title="bbox 1073 1650 1867 1684">
    <p class='ocr_par' dir='ltr' id='par_1_76' title="bbox 1073 1650 1867 1684">
     <span class='ocr_line' id='line_1_76' title="bbox 1073 1650 1867 1684; baseline -0.005 -5"><span class='ocrx_word' id='word_1_585' title='bbox 1073 1657 1103 1679; x_wconf 90' lang='lat' dir='ltr'><strong>ut</strong></span> <span class='ocrx_word' id='word_1_586' title='bbox 1121 1651 1267 1679; x_wconf 88' lang='lat' dir='ltr'><strong>invisibilis</strong></span> <span class='ocrx_word' id='word_1_587' title='bbox 1285 1652 1322 1680; x_wconf 89' lang='lat' dir='ltr'><strong>sit</strong></span> <span class='ocrx_word' id='word_1_588' title='bbox 1337 1651 1419 1679; x_wconf 90' lang='lat' dir='ltr'><strong>Deus.</strong></span> <span class='ocrx_word' id='word_1_589' title='bbox 1436 1651 1464 1679; x_wconf 86' lang='lat' dir='ltr'><strong>Si</strong></span> <span class='ocrx_word' id='word_1_590' title='bbox 1482 1655 1571 1678; x_wconf 91' lang='lat' dir='ltr'><strong>autem</strong></span> <span class='ocrx_word' id='word_1_591' title='bbox 1586 1650 1736 1678; x_wconf 89' lang='lat' dir='ltr'><strong>invisibilis</strong></span> <span class='ocrx_word' id='word_1_592' title='bbox 1749 1657 1799 1684; x_wconf 87' lang='lat' dir='ltr'><strong>per</strong></span> <span class='ocrx_word' id='word_1_593' title='bbox 1821 1657 1867 1676; x_wconf 88' lang='lat' dir='ltr'><strong>na-</strong></span> 
     </span>
    </p>
   </div>
   <div class='ocr_carea' id='block_1_77' title="bbox 1075 1696 1867 1733">
    <p class='ocr_par' dir='ltr' id='par_1_77' title="bbox 1075 1696 1867 1733">
     <span class='ocr_line' id='line_1_77' title="bbox 1075 1696 1867 1733; baseline -0.004 -8"><span class='ocrx_word' id='word_1_594' title='bbox 1075 1702 1163 1725; x_wconf 87' lang='lat' dir='ltr'><strong>turam</strong></span> <span class='ocrx_word' id='word_1_595' title='bbox 1180 1703 1233 1731; x_wconf 85' lang='lat' dir='ltr'><strong>est,</strong></span> <span class='ocrx_word' id='word_1_596' title='bbox 1255 1706 1342 1733; x_wconf 86' lang='lat' dir='ltr'><strong>neque</strong></span> <span class='ocrx_word' id='word_1_597' title='bbox 1359 1698 1493 1725; x_wconf 79' lang='lat' dir='ltr'><strong>Salvatori</strong></span> <span class='ocrx_word' id='word_1_598' title='bbox 1514 1697 1628 1724; x_wconf 86' lang='lat' dir='ltr'><strong>visibilis</strong></span> <span class='ocrx_word' id='word_1_599' title='bbox 1639 1697 1702 1724; x_wconf 91' lang='lat' dir='ltr'><strong>erit.</strong></span> <span class='ocrx_word' id='word_1_600' title='bbox 1723 1707 1732 1722; x_wconf 79' lang='grc' dir='ltr'><strong>ι</strong></span> <span class='ocrx_word' id='word_1_601' title='bbox 1751 1696 1829 1723; x_wconf 86' lang='lat' dir='ltr'><strong>Idem</strong></span> <span class='ocrx_word' id='word_1_602' title='bbox 1843 1696 1867 1722; x_wconf 83' lang='lat' dir='ltr'><strong>in</strong></span> 
     </span>
    </p>
   </div>
   <div class='ocr_carea' id='block_1_78' title="bbox 1072 1741 1868 1780">
    <p class='ocr_par' dir='ltr' id='par_1_78' title="bbox 1072 1741 1868 1780">
     <span class='ocr_line' id='line_1_78' title="bbox 1072 1741 1868 1780; baseline -0.006 -8"><span class='ocrx_word' id='word_1_603' title='bbox 1072 1745 1185 1780; x_wconf 87' lang='lat' dir='ltr'><strong>epistola</strong></span> <span class='ocrx_word' id='word_1_604' title='bbox 1201 1745 1245 1777; x_wconf 85' lang='lat' dir='ltr'><strong>6i,</strong></span> <span class='ocrx_word' id='word_1_605' title='bbox 1263 1745 1299 1771; x_wconf 84' lang='lat' dir='ltr'><strong>ad</strong></span> <span class='ocrx_word' id='word_1_606' title='bbox 1318 1744 1485 1776; x_wconf 70' lang='lat' dir='ltr'><strong>Parumne/1.,</strong></span> <span class='ocrx_word' id='word_1_607' title='bbox 1504 1751 1565 1778; x_wconf 90' lang='lat' dir='ltr'><strong>cap.</strong></span> <span class='ocrx_word' id='word_1_608' title='bbox 1580 1743 1613 1770; x_wconf 68' lang='grc' dir='ltr'><strong>ὃς</strong></span> <span class='ocrx_word' id='word_1_609' title='bbox 1629 1751 1639 1768; x_wconf 71' lang='grc' dir='ltr'><strong>ι</strong></span> <span class='ocrx_word' id='word_1_610' title='bbox 1652 1742 1683 1769; x_wconf 87' lang='lat' dir='ltr'><strong>Et</strong></span> <span class='ocrx_word' id='word_1_611' title='bbox 1700 1742 1824 1777; x_wconf 89' lang='lat' dir='ltr'><strong>primum</strong></span> <span class='ocrx_word' id='word_1_612' title='bbox 1837 1741 1868 1768; x_wconf 66' lang='lat' dir='ltr'><strong>de</strong></span> 
     </span>
    </p>
   </div>
   <div class='ocr_carea' id='block_1_79' title="bbox 1073 1788 1868 1826">
    <p class='ocr_par' dir='ltr' id='par_1_79' title="bbox 1073 1788 1868 1826">
     <span class='ocr_line' id='line_1_79' title="bbox 1073 1788 1868 1826; baseline -0.005 -8"><span class='ocrx_word' id='word_1_613' title='bbox 1073 1791 1142 1818; x_wconf 89' lang='lat' dir='ltr'><strong>libro</strong></span> <span class='ocrx_word' id='word_1_614' title='bbox 1154 1791 1224 1825; x_wconf 78' lang='grc' dir='ltr'><strong>Περὶ</strong></span> <span class='ocrx_word' id='word_1_615' title='bbox 1236 1790 1348 1826; x_wconf 82' lang='grc' dir='ltr'><strong>ἀρχῶν,</strong></span> <span class='ocrx_word' id='word_1_616' title='bbox 1363 1790 1408 1817; x_wconf 92' lang='lat' dir='ltr'><strong>ubi</strong></span> <span class='ocrx_word' id='word_1_617' title='bbox 1428 1790 1547 1825; x_wconf 89' lang='lat' dir='ltr'><strong>loquitur</strong></span> <span class='ocrx_word' id='word_1_618' title='bbox 1563 1797 1569 1816; x_wconf 86' lang='lat'><strong>:</strong></span> <span class='ocrx_word' id='word_1_619' title='bbox 1587 1789 1665 1816; x_wconf 89' lang='lat' dir='ltr'><strong>Sicut</strong></span> <span class='ocrx_word' id='word_1_620' title='bbox 1679 1789 1753 1815; x_wconf 89' lang='lat' dir='ltr'><strong>enim</strong></span> <span class='ocrx_word' id='word_1_621' title='bbox 1772 1788 1868 1815; x_wconf 82' lang='lat' dir='ltr'><strong>incon-</strong></span> 
     </span>
    </p>
   </div>
   <div class='ocr_carea' id='block_1_80' title="bbox 1073 1833 1866 1870">
    <p class='ocr_par' dir='ltr' id='par_1_80' title="bbox 1073 1833 1866 1870">
     <span class='ocr_line' id='line_1_80' title="bbox 1073 1833 1866 1870; baseline -0.003 -8"><span class='ocrx_word' id='word_1_622' title='bbox 1073 1843 1169 1870; x_wconf 82' lang='lat' dir='ltr'><strong>gruum</strong></span> <span class='ocrx_word' id='word_1_623' title='bbox 1185 1840 1228 1863; x_wconf 86' lang='lat' dir='ltr'><strong>est</strong></span> <span class='ocrx_word' id='word_1_624' title='bbox 1240 1836 1330 1864; x_wconf 87' lang='lat' dir='ltr'><strong>dicere</strong></span> <span class='ocrx_word' id='word_1_625' title='bbox 1346 1836 1418 1870; x_wconf 91' lang='lat' dir='ltr'><strong>quod</strong></span> <span class='ocrx_word' id='word_1_626' title='bbox 1435 1835 1520 1870; x_wconf 87' lang='lat' dir='ltr'><strong>possit</strong></span> <span class='ocrx_word' id='word_1_627' title='bbox 1533 1835 1618 1862; x_wconf 85' lang='lat' dir='ltr'><strong>Filius</strong></span> <span class='ocrx_word' id='word_1_628' title='bbox 1633 1834 1727 1861; x_wconf 88' lang='lat' dir='ltr'><strong>videre</strong></span> <span class='ocrx_word' id='word_1_629' title='bbox 1745 1833 1866 1865; x_wconf 86' lang='lat' dir='ltr'><strong>Patrem,</strong></span> 
     </span>
    </p>
   </div>
   <div class='ocr_carea' id='block_1_81' title="bbox 1074 1881 1869 1917">
    <p class='ocr_par' dir='ltr' id='par_1_81' title="bbox 1074 1881 1869 1917">
     <span class='ocr_line' id='line_1_81' title="bbox 1074 1881 1869 1917; baseline -0.005 -8"><span class='ocrx_word' id='word_1_630' title='bbox 1074 1884 1110 1909; x_wconf 88' lang='lat' dir='ltr'><strong>ita</strong></span> <span class='ocrx_word' id='word_1_631' title='bbox 1139 1882 1333 1910; x_wconf 82' lang='lat' dir='ltr'><strong>inconveniens</strong></span> <span class='ocrx_word' id='word_1_632' title='bbox 1348 1888 1390 1910; x_wconf 90' lang='lat' dir='ltr'><strong>est</strong></span> <span class='ocrx_word' id='word_1_633' title='bbox 1406 1883 1511 1917; x_wconf 89' lang='lat' dir='ltr'><strong>opinari</strong></span> <span class='ocrx_word' id='word_1_634' title='bbox 1529 1882 1600 1917; x_wconf 88' lang='lat' dir='ltr'><strong>quod</strong></span> <span class='ocrx_word' id='word_1_635' title='bbox 1616 1881 1740 1915; x_wconf 87' lang='lat' dir='ltr'><strong>Spiritus</strong></span> <span class='ocrx_word' id='word_1_636' title='bbox 1756 1885 1869 1908; x_wconf 87' lang='lat' dir='ltr'><strong>sanctus</strong></span> 
     </span>
    </p>
   </div>
   <div class='ocr_carea' id='block_1_82' title="bbox 1077 1926 1868 1962">
    <p class='ocr_par' dir='ltr' id='par_1_82' title="bbox 1077 1926 1868 1962">
     <span class='ocr_line' id='line_1_82' title="bbox 1077 1926 1868 1962; baseline -0.006 -6"><span class='ocrx_word' id='word_1_637' title='bbox 1077 1929 1162 1962; x_wconf 85' lang='lat' dir='ltr'><strong>possit</strong></span> <span class='ocrx_word' id='word_1_638' title='bbox 1201 1928 1292 1954; x_wconf 89' lang='lat' dir='ltr'><strong>videre</strong></span> <span class='ocrx_word' id='word_1_639' title='bbox 1319 1927 1428 1954; x_wconf 86' lang='lat' dir='ltr'><strong>Filium.</strong></span> <span class='ocrx_word' id='word_1_640' title='bbox 1452 1937 1461 1953; x_wconf 80' lang='grc' dir='ltr'><strong>ι</strong></span> <span class='ocrx_word' id='word_1_641' title='bbox 1488 1927 1516 1954; x_wconf 93' lang='lat' dir='ltr'><strong>In</strong></span> <span class='ocrx_word' id='word_1_642' title='bbox 1542 1935 1594 1962; x_wconf 89' lang='lat' dir='ltr'><strong>qua</strong></span> <span class='ocrx_word' id='word_1_643' title='bbox 1637 1926 1734 1953; x_wconf 61' lang='lat' dir='ltr'><strong>haeresi</strong></span> <span class='ocrx_word' id='word_1_644' title='bbox 1777 1933 1868 1952; x_wconf 85' lang='lat' dir='ltr'><strong>versa-</strong></span> 
     </span>
    </p>
   </div>
   <div class='ocr_carea' id='block_1_83' title="bbox 1077 1972 1867 2008">
    <p class='ocr_par' dir='ltr' id='par_1_83' title="bbox 1077 1972 1867 2008">
     <span class='ocr_line' id='line_1_83' title="bbox 1077 1972 1867 2008; baseline -0.003 -8"><span class='ocrx_word' id='word_1_645' title='bbox 1077 1978 1132 2000; x_wconf 92' lang='lat' dir='ltr'><strong>tum</strong></span> <span class='ocrx_word' id='word_1_646' title='bbox 1165 1973 1246 2000; x_wconf 81' lang='lat' dir='ltr'><strong>fuisse</strong></span> <span class='ocrx_word' id='word_1_647' title='bbox 1279 1972 1409 2000; x_wconf 83' lang='lat' dir='ltr'><strong>Joannem</strong></span> <span class='ocrx_word' id='word_1_648' title='bbox 1436 1972 1692 2008; x_wconf 85' lang='lat' dir='ltr'><strong>Jcrosolymitannm</strong></span> <span class='ocrx_word' id='word_1_649' title='bbox 1731 1977 1792 1999; x_wconf 90' lang='lat' dir='ltr'><strong>toto</strong></span> <span class='ocrx_word' id='word_1_650' title='bbox 1821 1972 1867 1998; x_wconf 87' lang='lat' dir='ltr'><strong>hoc</strong></span> 
     </span>
    </p>
   </div>
   <div class='ocr_carea' id='block_1_84' title="bbox 1077 2017 1865 2054">
    <p class='ocr_par' dir='ltr' id='par_1_84' title="bbox 1077 2017 1865 2054">
     <span class='ocr_line' id='line_1_84' title="bbox 1077 2017 1865 2054; baseline -0.005 -8"><span class='ocrx_word' id='word_1_651' title='bbox 1077 2019 1167 2054; x_wconf 88' lang='lat' dir='ltr'><strong>capite</strong></span> <span class='ocrx_word' id='word_1_652' title='bbox 1192 2019 1372 2046; x_wconf 86' lang='lat' dir='ltr'><strong>demonstrat.</strong></span> <span class='ocrx_word' id='word_1_653' title='bbox 1395 2018 1449 2045; x_wconf 88' lang='lat' dir='ltr'><strong>Par</strong></span> <span class='ocrx_word' id='word_1_654' title='bbox 1464 2023 1506 2046; x_wconf 89' lang='lat' dir='ltr'><strong>est</strong></span> <span class='ocrx_word' id='word_1_655' title='bbox 1521 2017 1652 2045; x_wconf 86' lang='lat' dir='ltr'><strong>Geunadii</strong></span> <span class='ocrx_word' id='word_1_656' title='bbox 1678 2017 1794 2052; x_wconf 80' lang='lat' dir='ltr'><strong>querela</strong></span> <span class='ocrx_word' id='word_1_657' title='bbox 1822 2017 1865 2044; x_wconf 88' lang='lat' dir='ltr'><strong>lib.</strong></span> 
     </span>
    </p>
   </div>
   <div class='ocr_carea' id='block_1_85' title="bbox 271 2107 1863 2145">
    <p class='ocr_par' dir='ltr' id='par_1_85' title="bbox 271 2107 1863 2145">
     <span class='ocr_line' id='line_1_85' title="bbox 271 2107 1863 2145; baseline 0 -10"><span class='ocrx_word' id='word_1_658' title='bbox 271 2109 310 2145; x_wconf 82' lang='lat'><strong>(6)</strong></span> <span class='ocrx_word' id='word_1_659' title='bbox 328 2108 406 2136; x_wconf 80' lang='lat' dir='ltr'><strong>Patri</strong></span> <span class='ocrx_word' id='word_1_660' title='bbox 426 2109 548 2141; x_wconf 74' lang='lat' dir='ltr'><strong>collatus,</strong></span> <span class='ocrx_word' id='word_1_661' title='bbox 566 2110 742 2140; x_wconf 76' lang='lat' dir='ltr'><strong>mendacium,</strong></span> <span class='ocrx_word' id='word_1_662' title='bbox 761 2114 814 2136; x_wconf 84' lang='lat' dir='ltr'><strong>etc.</strong></span> <span class='ocrx_word' id='word_1_663' title='bbox 835 2109 946 2136; x_wconf 82' lang='lat' dir='ltr'><strong>Fatetur</strong></span> <span class='ocrx_word' id='word_1_664' title='bbox 966 2108 1019 2136; x_wconf 87' lang='lat' dir='ltr'><strong>Pe-</strong></span> <span class='ocrx_word' id='word_1_665' title='bbox 1034 2110 1057 2138; x_wconf 91' lang='lat' dir='ltr'><strong>D</strong></span> <span class='ocrx_word' id='word_1_666' title='bbox 1072 2109 1189 2136; x_wconf 84' lang='lat' dir='ltr'><strong>nomine&#39;</strong></span> <span class='ocrx_word' id='word_1_667' title='bbox 1206 2109 1379 2145; x_wconf 9' lang='lat' dir='ltr'><strong>intelligatur,</strong></span> <span class='ocrx_word' id='word_1_668' title='bbox 1401 2108 1516 2136; x_wconf 85' lang='lat' dir='ltr'><strong>Verbum</strong></span> <span class='ocrx_word' id='word_1_669' title='bbox 1544 2108 1608 2135; x_wconf 90' lang='lat' dir='ltr'><strong>illud</strong></span> <span class='ocrx_word' id='word_1_670' title='bbox 1637 2107 1709 2143; x_wconf 90' lang='lat' dir='ltr'><strong>quod</strong></span> <span class='ocrx_word' id='word_1_671' title='bbox 1732 2113 1863 2143; x_wconf 85' lang='lat' dir='ltr'><strong>paternas</strong></span> 
     </span>
    </p>
   </div>
   <div class='ocr_carea' id='block_1_86' title="bbox 234 2145 1019 2180">
    <p class='ocr_par' dir='ltr' id='par_1_86' title="bbox 234 2145 1019 2180">
     <span class='ocr_line' id='line_1_86' title="bbox 234 2145 1019 2180; baseline -0.004 -7"><span class='ocrx_word' id='word_1_672' title='bbox 234 2146 322 2173; x_wconf 85' lang='lat' dir='ltr'><strong>tavius</strong></span> <span class='ocrx_word' id='word_1_673' title='bbox 340 2153 392 2172; x_wconf 92' lang='lat' dir='ltr'><strong>non</strong></span> <span class='ocrx_word' id='word_1_674' title='bbox 408 2145 443 2172; x_wconf 90' lang='lat' dir='ltr'><strong>ita</strong></span> <span class='ocrx_word' id='word_1_675' title='bbox 459 2145 610 2180; x_wconf 81' lang='lat' dir='ltr'><strong>desipnisse</strong></span> <span class='ocrx_word' id='word_1_676' title='bbox 635 2145 790 2180; x_wconf 78' lang='lat' dir='ltr'><strong>Origenem,</strong></span> <span class='ocrx_word' id='word_1_677' title='bbox 804 2150 838 2180; x_wconf 84' lang='lat' dir='ltr'><strong>ut</strong></span> <span class='ocrx_word' id='word_1_678' title='bbox 860 2145 956 2172; x_wconf 86' lang='lat' dir='ltr'><strong>Filium</strong></span> <span class='ocrx_word' id='word_1_679' title='bbox 974 2145 1019 2170; x_wconf 91' lang='lat' dir='ltr'><strong>Dei</strong></span> 
     </span>
    </p>
   </div>
   <div class='ocr_carea' id='block_1_87' title="bbox 234 2179 1022 2208">
    <p class='ocr_par' dir='ltr' id='par_1_87' title="bbox 234 2179 1022 2208">
     <span class='ocr_line' id='line_1_87' title="bbox 234 2179 1022 2208; baseline -0.003 0"><span class='ocrx_word' id='word_1_680' title='bbox 234 2181 285 2208; x_wconf 87' lang='lat' dir='ltr'><strong>nlla</strong></span> <span class='ocrx_word' id='word_1_681' title='bbox 313 2181 418 2207; x_wconf 88' lang='lat' dir='ltr'><strong>ratione</strong></span> <span class='ocrx_word' id='word_1_682' title='bbox 443 2179 613 2207; x_wconf 87' lang='lat' dir='ltr'><strong>mendacium</strong></span> <span class='ocrx_word' id='word_1_683' title='bbox 630 2179 810 2207; x_wconf 37' lang='lat' dir='ltr'><strong>dice’ret:sed</strong></span> <span class='ocrx_word' id='word_1_684' title='bbox 836 2181 904 2207; x_wconf 88' lang='lat' dir='ltr'><strong>hanc</strong></span> <span class='ocrx_word' id='word_1_685' title='bbox 926 2186 1022 2206; x_wconf 89' lang='lat' dir='ltr'><strong>conse-</strong></span> 
     </span>
    </p>
   </div>
   <div class='ocr_carea' id='block_1_88' title="bbox 234 2214 1021 2249">
    <p class='ocr_par' dir='ltr' id='par_1_88' title="bbox 234 2214 1021 2249">
     <span class='ocr_line' id='line_1_88' title="bbox 234 2214 1021 2249; baseline -0.003 -7"><span class='ocrx_word' id='word_1_686' title='bbox 234 2216 371 2243; x_wconf 89' lang='lat' dir='ltr'><strong>cutionem</strong></span> <span class='ocrx_word' id='word_1_687' title='bbox 385 2223 417 2241; x_wconf 83' lang='lat' dir='ltr'><strong>ex</strong></span> <span class='ocrx_word' id='word_1_688' title='bbox 433 2216 490 2249; x_wconf 85' lang='lat' dir='ltr'><strong>ejus</strong></span> <span class='ocrx_word' id='word_1_689' title='bbox 504 2216 636 2242; x_wconf 86' lang='lat' dir='ltr'><strong>sententia</strong></span> <span class='ocrx_word' id='word_1_690' title='bbox 661 2216 694 2242; x_wconf 90' lang='lat' dir='ltr'><strong>ab</strong></span> <span class='ocrx_word' id='word_1_691' title='bbox 709 2214 871 2249; x_wconf 85' lang='lat' dir='ltr'><strong>Hieronymo</strong></span> <span class='ocrx_word' id='word_1_692' title='bbox 885 2222 966 2249; x_wconf 88' lang='lat' dir='ltr'><strong>supra</strong></span> <span class='ocrx_word' id='word_1_693' title='bbox 980 2215 1021 2241; x_wconf 90' lang='lat' dir='ltr'><strong>ci-</strong></span> 
     </span>
    </p>
   </div>
   <div class='ocr_carea' id='block_1_89' title="bbox 235 2249 1022 2280">
    <p class='ocr_par' dir='ltr' id='par_1_89' title="bbox 235 2249 1022 2280">
     <span class='ocr_line' id='line_1_89' title="bbox 235 2249 1022 2280; baseline -0.003 -3"><span class='ocrx_word' id='word_1_694' title='bbox 235 2257 290 2278; x_wconf 85' lang='lat' dir='ltr'><strong>tata</strong></span> <span class='ocrx_word' id='word_1_695' title='bbox 315 2251 459 2277; x_wconf 91' lang='lat' dir='ltr'><strong>nonnullos</strong></span> <span class='ocrx_word' id='word_1_696' title='bbox 478 2252 591 2278; x_wconf 74' lang='lat' dir='ltr'><strong>eruisse.</strong></span> <span class='ocrx_word' id='word_1_697' title='bbox 605 2250 748 2277; x_wconf 79' lang='lat' dir='ltr'><strong>Existimat</strong></span> <span class='ocrx_word' id='word_1_698' title='bbox 765 2249 877 2277; x_wconf 89' lang='lat' dir='ltr'><strong>Ilttetius</strong></span> <span class='ocrx_word' id='word_1_699' title='bbox 900 2251 981 2280; x_wconf 86' lang='lat' dir='ltr'><strong>hanc.</strong></span> <span class='ocrx_word' id='word_1_700' title='bbox 994 2253 1022 2276; x_wconf 93' lang='lat' dir='ltr'><strong>ut</strong></span> 
     </span>
    </p>
   </div>
   <div class='ocr_carea' id='block_1_90' title="bbox 235 2284 1020 2320">
    <p class='ocr_par' dir='ltr' id='par_1_90' title="bbox 235 2284 1020 2320">
     <span class='ocr_line' id='line_1_90' title="bbox 235 2284 1020 2320; baseline -0.003 -8"><span class='ocrx_word' id='word_1_701' title='bbox 235 2287 292 2319; x_wconf 89' lang='lat' dir='ltr'><strong>ipse</strong></span> <span class='ocrx_word' id='word_1_702' title='bbox 307 2285 434 2320; x_wconf 83' lang='lat' dir='ltr'><strong>appellat,</strong></span> <span class='ocrx_word' id='word_1_703' title='bbox 451 2286 577 2313; x_wconf 57' lang='lat' dir='ltr'><strong>heresim</strong></span> <span class='ocrx_word' id='word_1_704' title='bbox 601 2293 633 2312; x_wconf 85' lang='lat' dir='ltr'><strong>ex</strong></span> <span class='ocrx_word' id='word_1_705' title='bbox 658 2285 705 2313; x_wconf 93' lang='lat' dir='ltr'><strong>lib.</strong></span> <span class='ocrx_word' id='word_1_706' title='bbox 731 2293 739 2312; x_wconf 93' lang='grc' dir='ltr'><strong>ι</strong></span> <span class='ocrx_word' id='word_1_707' title='bbox 765 2284 802 2311; x_wconf 86' lang='lat' dir='ltr'><strong>De</strong></span> <span class='ocrx_word' id='word_1_708' title='bbox 817 2286 942 2319; x_wconf 80' lang='lat' dir='ltr'><strong>priurip.,</strong></span> <span class='ocrx_word' id='word_1_709' title='bbox 960 2292 1020 2318; x_wconf 83' lang='lat' dir='ltr'><strong>cap.</strong></span> 
     </span>
    </p>
   </div>
   <div class='ocr_carea' id='block_1_91' title="bbox 234 2320 1023 2355">
    <p class='ocr_par' dir='ltr' id='par_1_91' title="bbox 234 2320 1023 2355">
     <span class='ocr_line' id='line_1_91' title="bbox 234 2320 1023 2355; baseline -0.001 -7"><span class='ocrx_word' id='word_1_710' title='bbox 234 2322 353 2352; x_wconf 72' lang='lat' dir='ltr'><strong>2.1mm.</strong></span> <span class='ocrx_word' id='word_1_711' title='bbox 372 2320 399 2351; x_wconf 88' lang='grc'><strong>6,</strong></span> <span class='ocrx_word' id='word_1_712' title='bbox 428 2328 586 2355; x_wconf 87' lang='lat' dir='ltr'><strong>expressam</strong></span> <span class='ocrx_word' id='word_1_713' title='bbox 604 2321 698 2352; x_wconf 79' lang='lat' dir='ltr'><strong>fuisse,</strong></span> <span class='ocrx_word' id='word_1_714' title='bbox 726 2321 772 2348; x_wconf 90' lang='lat' dir='ltr'><strong>sed</strong></span> <span class='ocrx_word' id='word_1_715' title='bbox 799 2320 889 2346; x_wconf 74' lang='lat' dir='ltr'><strong>[inlini</strong></span> <span class='ocrx_word' id='word_1_716' title='bbox 918 2320 1023 2347; x_wconf 90' lang='lat' dir='ltr'><strong>artibus</strong></span> 
     </span>
    </p>
   </div>
   <div class='ocr_carea' id='block_1_92' title="bbox 237 2355 1019 2389">
    <p class='ocr_par' dir='ltr' id='par_1_92' title="bbox 237 2355 1019 2389">
     <span class='ocr_line' id='line_1_92' title="bbox 237 2355 1019 2389; baseline 0 -8"><span class='ocrx_word' id='word_1_717' title='bbox 237 2356 405 2386; x_wconf 83' lang='lat' dir='ltr'><strong>intricatam,</strong></span> <span class='ocrx_word' id='word_1_718' title='bbox 421 2361 449 2382; x_wconf 92' lang='lat' dir='ltr'><strong>et</strong></span> <span class='ocrx_word' id='word_1_719' title='bbox 465 2355 530 2382; x_wconf 78' lang='lat' dir='ltr'><strong>falsa</strong></span> <span class='ocrx_word' id='word_1_720' title='bbox 548 2356 597 2382; x_wconf 85' lang='lat' dir='ltr'><strong>hac</strong></span> <span class='ocrx_word' id='word_1_721' title='bbox 613 2356 838 2389; x_wconf 89' lang='lat' dir='ltr'><strong>interpretatione</strong></span> <span class='ocrx_word' id='word_1_722' title='bbox 851 2356 995 2383; x_wconf 85' lang='lat' dir='ltr'><strong>obductam</strong></span> <span class='ocrx_word' id='word_1_723' title='bbox 1011 2363 1019 2381; x_wconf 85' lang='lat'><strong>:</strong></span> 
     </span>
    </p>
   </div>
   <div class='ocr_carea' id='block_1_93' title="bbox 238 2390 1019 2424">
    <p class='ocr_par' dir='ltr' id='par_1_93' title="bbox 238 2390 1019 2424">
     <span class='ocr_line' id='line_1_93' title="bbox 238 2390 1019 2424; baseline 0.001 -8"><span class='ocrx_word' id='word_1_724' title='bbox 238 2399 248 2417; x_wconf 77' lang='grc' dir='ltr'><strong>ι</strong></span> <span class='ocrx_word' id='word_1_725' title='bbox 261 2391 353 2424; x_wconf 79' lang='lat' dir='ltr'><strong>Imago</strong></span> <span class='ocrx_word' id='word_1_726' title='bbox 366 2394 408 2417; x_wconf 86' lang='lat' dir='ltr'><strong>est</strong></span> <span class='ocrx_word' id='word_1_727' title='bbox 433 2390 580 2418; x_wconf 82' lang='lat' dir='ltr'><strong>invisibilis</strong></span> <span class='ocrx_word' id='word_1_728' title='bbox 600 2391 646 2417; x_wconf 90' lang='lat' dir='ltr'><strong>Dei</strong></span> <span class='ocrx_word' id='word_1_729' title='bbox 671 2391 758 2417; x_wconf 80' lang='lat' dir='ltr'><strong>Patris</strong></span> <span class='ocrx_word' id='word_1_730' title='bbox 772 2391 899 2417; x_wconf 83' lang='lat' dir='ltr'><strong>Salvator</strong></span> <span class='ocrx_word' id='word_1_731' title='bbox 915 2395 1019 2423; x_wconf 73' lang='lat' dir='ltr'><strong>neater,</strong></span> 
     </span>
    </p>
   </div>
   <div class='ocr_carea' id='block_1_94' title="bbox 235 2424 1023 2460">
    <p class='ocr_par' dir='ltr' id='par_1_94' title="bbox 235 2424 1023 2460">
     <span class='ocr_line' id='line_1_94' title="bbox 235 2424 1023 2460; baseline -0.001 -8"><span class='ocrx_word' id='word_1_732' title='bbox 235 2431 367 2460; x_wconf 81' lang='lat' dir='ltr'><strong>quantum</strong></span> <span class='ocrx_word' id='word_1_733' title='bbox 384 2424 418 2452; x_wconf 90' lang='lat' dir='ltr'><strong>ad</strong></span> <span class='ocrx_word' id='word_1_734' title='bbox 441 2426 528 2460; x_wconf 87' lang='lat' dir='ltr'><strong>ipsum</strong></span> <span class='ocrx_word' id='word_1_735' title='bbox 550 2426 658 2460; x_wconf 89' lang='lat' dir='ltr'><strong>quidem</strong></span> <span class='ocrx_word' id='word_1_736' title='bbox 673 2425 792 2456; x_wconf 81' lang='lat' dir='ltr'><strong>Patrem,</strong></span> <span class='ocrx_word' id='word_1_737' title='bbox 809 2427 924 2453; x_wconf 89' lang='lat' dir='ltr'><strong>veritas:</strong></span> <span class='ocrx_word' id='word_1_738' title='bbox 938 2433 1023 2460; x_wconf 86' lang='lat' dir='ltr'><strong>quan-</strong></span> 
     </span>
    </p>
   </div>
   <div class='ocr_carea' id='block_1_95' title="bbox 237 2460 1022 2495">
    <p class='ocr_par' dir='ltr' id='par_1_95' title="bbox 237 2460 1022 2495">
     <span class='ocr_line' id='line_1_95' title="bbox 237 2460 1022 2495; baseline 0 -8"><span class='ocrx_word' id='word_1_739' title='bbox 237 2466 292 2488; x_wconf 90' lang='lat' dir='ltr'><strong>tum</strong></span> <span class='ocrx_word' id='word_1_740' title='bbox 318 2465 408 2488; x_wconf 88' lang='lat' dir='ltr'><strong>autem</strong></span> <span class='ocrx_word' id='word_1_741' title='bbox 423 2461 456 2487; x_wconf 84' lang='lat' dir='ltr'><strong>ad</strong></span> <span class='ocrx_word' id='word_1_742' title='bbox 474 2467 533 2493; x_wconf 81' lang='lat' dir='ltr'><strong>nos,</strong></span> <span class='ocrx_word' id='word_1_743' title='bbox 556 2460 654 2495; x_wconf 86' lang='lat' dir='ltr'><strong>quibus</strong></span> <span class='ocrx_word' id='word_1_744' title='bbox 671 2462 775 2488; x_wconf 86' lang='lat' dir='ltr'><strong>revelat</strong></span> <span class='ocrx_word' id='word_1_745' title='bbox 796 2461 915 2494; x_wconf 86' lang='lat' dir='ltr'><strong>Patrem,</strong></span> <span class='ocrx_word' id='word_1_746' title='bbox 933 2462 1022 2495; x_wconf 76' lang='lat' dir='ltr'><strong>imago</strong></span> 
     </span>
    </p>
   </div>
   <div class='ocr_carea' id='block_1_96' title="bbox 236 2495 1023 2531">
    <p class='ocr_par' dir='ltr' id='par_1_96' title="bbox 236 2495 1023 2531">
     <span class='ocr_line' id='line_1_96' title="bbox 236 2495 1023 2531; baseline -0.001 -7"><span class='ocrx_word' id='word_1_747' title='bbox 236 2501 291 2528; x_wconf 87' lang='lat' dir='ltr'><strong>est.</strong></span> <span class='ocrx_word' id='word_1_748' title='bbox 304 2503 353 2531; x_wconf 83' lang='lat' dir='ltr'><strong>per</strong></span> <span class='ocrx_word' id='word_1_749' title='bbox 366 2503 447 2531; x_wconf 91' lang='lat' dir='ltr'><strong>quam</strong></span> <span class='ocrx_word' id='word_1_750' title='bbox 460 2497 651 2530; x_wconf 77' lang='lat' dir='ltr'><strong>cognoscimus</strong></span> <span class='ocrx_word' id='word_1_751' title='bbox 664 2496 785 2524; x_wconf 85' lang='lat' dir='ltr'><strong>Patrem.</strong></span> <span class='ocrx_word' id='word_1_752' title='bbox 801 2506 810 2521; x_wconf 77' lang='grc' dir='ltr'><strong>ι</strong></span> <span class='ocrx_word' id='word_1_753' title='bbox 828 2498 930 2524; x_wconf 76' lang='lat' dir='ltr'><strong>lievera</strong></span> <span class='ocrx_word' id='word_1_754' title='bbox 949 2495 1023 2523; x_wconf 91' lang='lat' dir='ltr'><strong>locus</strong></span> 
     </span>
    </p>
   </div>
   <div class='ocr_carea' id='block_1_97' title="bbox 237 2530 1021 2566">
    <p class='ocr_par' dir='ltr' id='par_1_97' title="bbox 237 2530 1021 2566">
     <span class='ocr_line' id='line_1_97' title="bbox 237 2530 1021 2566; baseline 0.001 -9"><span class='ocrx_word' id='word_1_755' title='bbox 237 2530 344 2559; x_wconf 82' lang='lat' dir='ltr'><strong>videtur</strong></span> <span class='ocrx_word' id='word_1_756' title='bbox 353 2530 400 2558; x_wconf 79' lang='lat' dir='ltr'><strong>aut</strong></span> <span class='ocrx_word' id='word_1_757' title='bbox 413 2530 515 2562; x_wconf 76' lang='lat' dir='ltr'><strong>Ruﬁni,</strong></span> <span class='ocrx_word' id='word_1_758' title='bbox 525 2536 571 2557; x_wconf 85' lang='lat' dir='ltr'><strong>aut</strong></span> <span class='ocrx_word' id='word_1_759' title='bbox 584 2531 755 2558; x_wconf 86' lang='lat' dir='ltr'><strong>librariorum</strong></span> <span class='ocrx_word' id='word_1_760' title='bbox 770 2531 850 2566; x_wconf 88' lang='lat' dir='ltr'><strong>culpa</strong></span> <span class='ocrx_word' id='word_1_761' title='bbox 864 2536 1021 2564; x_wconf 82' lang='lat' dir='ltr'><strong>corruptus;</strong></span> 
     </span>
    </p>
   </div>
   <div class='ocr_carea' id='block_1_98' title="bbox 236 2566 1022 2601">
    <p class='ocr_par' dir='ltr' id='par_1_98' title="bbox 236 2566 1022 2601">
     <span class='ocr_line' id='line_1_98' title="bbox 236 2566 1022 2601; baseline -0.003 -7"><span class='ocrx_word' id='word_1_762' title='bbox 236 2567 275 2594; x_wconf 83' lang='lat' dir='ltr'><strong>ita</strong></span> <span class='ocrx_word' id='word_1_763' title='bbox 291 2572 320 2594; x_wconf 91' lang='lat' dir='ltr'><strong>ut</strong></span> <span class='ocrx_word' id='word_1_764' title='bbox 336 2567 395 2593; x_wconf 75' lang='lat' dir='ltr'><strong>haec</strong></span> <span class='ocrx_word' id='word_1_765' title='bbox 411 2566 535 2601; x_wconf 85' lang='lat' dir='ltr'><strong>Origenis</strong></span> <span class='ocrx_word' id='word_1_766' title='bbox 560 2567 693 2594; x_wconf 89' lang='lat' dir='ltr'><strong>sententia</strong></span> <span class='ocrx_word' id='word_1_767' title='bbox 719 2574 779 2594; x_wconf 89' lang='lat' dir='ltr'><strong>esse</strong></span> <span class='ocrx_word' id='word_1_768' title='bbox 802 2567 908 2599; x_wconf 89' lang='lat' dir='ltr'><strong>debeat,</strong></span> <span class='ocrx_word' id='word_1_769' title='bbox 926 2566 1022 2593; x_wconf 81' lang='lat' dir='ltr'><strong>Filium</strong></span> 
     </span>
    </p>
   </div>
   <div class='ocr_carea' id='block_1_99' title="bbox 240 2601 1024 2636">
    <p class='ocr_par' dir='ltr' id='par_1_99' title="bbox 240 2601 1024 2636">
     <span class='ocr_line' id='line_1_99' title="bbox 240 2601 1024 2636; baseline -0.001 -7"><span class='ocrx_word' id='word_1_770' title='bbox 240 2606 365 2636; x_wconf 84' lang='lat' dir='ltr'><strong>respectu</strong></span> <span class='ocrx_word' id='word_1_771' title='bbox 379 2601 468 2628; x_wconf 76' lang='lat' dir='ltr'><strong>Patris</strong></span> <span class='ocrx_word' id='word_1_772' title='bbox 484 2608 546 2629; x_wconf 89' lang='lat' dir='ltr'><strong>esse</strong></span> <span class='ocrx_word' id='word_1_773' title='bbox 566 2602 721 2635; x_wconf 79' lang='lat' dir='ltr'><strong>imaginem,</strong></span> <span class='ocrx_word' id='word_1_774' title='bbox 737 2607 860 2636; x_wconf 88' lang='lat' dir='ltr'><strong>respectu</strong></span> <span class='ocrx_word' id='word_1_775' title='bbox 879 2602 965 2628; x_wconf 88' lang='lat' dir='ltr'><strong>nostri</strong></span> <span class='ocrx_word' id='word_1_776' title='bbox 980 2609 1024 2628; x_wconf 89' lang='lat' dir='ltr'><strong>ve-</strong></span> 
     </span>
    </p>
   </div>
   <div class='ocr_carea' id='block_1_100' title="bbox 239 2636 1023 2672">
    <p class='ocr_par' dir='ltr' id='par_1_100' title="bbox 239 2636 1023 2672">
     <span class='ocr_line' id='line_1_100' title="bbox 239 2636 1023 2672; baseline -0.003 -8"><span class='ocrx_word' id='word_1_777' title='bbox 239 2638 358 2664; x_wconf 84' lang='lat' dir='ltr'><strong>ritatem.</strong></span> <span class='ocrx_word' id='word_1_778' title='bbox 372 2636 427 2664; x_wconf 89' lang='lat' dir='ltr'><strong>Sed</strong></span> <span class='ocrx_word' id='word_1_779' title='bbox 440 2637 540 2664; x_wconf 85' lang='lat' dir='ltr'><strong>veritas</strong></span> <span class='ocrx_word' id='word_1_780' title='bbox 556 2638 606 2664; x_wconf 88' lang='lat' dir='ltr'><strong>hoc</strong></span> <span class='ocrx_word' id='word_1_781' title='bbox 618 2637 688 2668; x_wconf 88' lang='lat' dir='ltr'><strong>loco,</strong></span> <span class='ocrx_word' id='word_1_782' title='bbox 702 2642 780 2671; x_wconf 89' lang='lat' dir='ltr'><strong>prout</strong></span> <span class='ocrx_word' id='word_1_783' title='bbox 796 2638 942 2672; x_wconf 89' lang='lat' dir='ltr'><strong>opponitur</strong></span> <span class='ocrx_word' id='word_1_784' title='bbox 956 2637 1023 2663; x_wconf 91' lang='lat' dir='ltr'><strong>ima-</strong></span> 
     </span>
    </p>
   </div>
   <div class='ocr_carea' id='block_1_101' title="bbox 238 2672 1021 2706">
    <p class='ocr_par' dir='ltr' id='par_1_101' title="bbox 238 2672 1021 2706">
     <span class='ocr_line' id='line_1_101' title="bbox 238 2672 1021 2706; baseline -0.001 -7"><span class='ocrx_word' id='word_1_785' title='bbox 238 2673 303 2705; x_wconf 77' lang='lat' dir='ltr'><strong>gini,</strong></span> <span class='ocrx_word' id='word_1_786' title='bbox 321 2673 392 2699; x_wconf 90' lang='lat' dir='ltr'><strong>idem</strong></span> <span class='ocrx_word' id='word_1_787' title='bbox 415 2676 494 2699; x_wconf 82' lang='lat' dir='ltr'><strong>sonat</strong></span> <span class='ocrx_word' id='word_1_788' title='bbox 518 2680 549 2698; x_wconf 86' lang='lat' dir='ltr'><strong>ac</strong></span> <span class='ocrx_word' id='word_1_789' title='bbox 563 2672 711 2705; x_wconf 76' lang='lat' dir='ltr'><strong>exemplar,</strong></span> <span class='ocrx_word' id='word_1_790' title='bbox 729 2680 777 2700; x_wconf 92' lang='lat' dir='ltr'><strong>nec</strong></span> <span class='ocrx_word' id='word_1_791' title='bbox 794 2672 934 2706; x_wconf 75' lang='lat' dir='ltr'><strong>Origenes,</strong></span> <span class='ocrx_word' id='word_1_792' title='bbox 960 2679 1021 2698; x_wconf 92' lang='lat' dir='ltr'><strong>cum</strong></span> 
     </span>
    </p>
   </div>
   <div class='ocr_carea' id='block_1_102' title="bbox 237 2707 1021 2742">
    <p class='ocr_par' dir='ltr' id='par_1_102' title="bbox 237 2707 1021 2742">
     <span class='ocr_line' id='line_1_102' title="bbox 237 2707 1021 2742; baseline -0.001 -8"><span class='ocrx_word' id='word_1_793' title='bbox 237 2707 334 2734; x_wconf 83' lang='lat' dir='ltr'><strong>Filium</strong></span> <span class='ocrx_word' id='word_1_794' title='bbox 359 2711 481 2741; x_wconf 89' lang='lat' dir='ltr'><strong>respectu</strong></span> <span class='ocrx_word' id='word_1_795' title='bbox 505 2707 593 2734; x_wconf 87' lang='lat' dir='ltr'><strong>Patris</strong></span> <span class='ocrx_word' id='word_1_796' title='bbox 611 2707 767 2742; x_wconf 84' lang='lat' dir='ltr'><strong>imaginem,</strong></span> <span class='ocrx_word' id='word_1_797' title='bbox 794 2712 915 2741; x_wconf 87' lang='lat' dir='ltr'><strong>respectu</strong></span> <span class='ocrx_word' id='word_1_798' title='bbox 936 2707 1021 2734; x_wconf 88' lang='lat' dir='ltr'><strong>nostri</strong></span> 
     </span>
    </p>
   </div>
   <div class='ocr_carea' id='block_1_103' title="bbox 239 2741 1022 2777">
    <p class='ocr_par' dir='ltr' id='par_1_103' title="bbox 239 2741 1022 2777">
     <span class='ocr_line' id='line_1_103' title="bbox 239 2741 1022 2777; baseline -0.001 -8"><span class='ocrx_word' id='word_1_799' title='bbox 239 2743 378 2769; x_wconf 88' lang='lat' dir='ltr'><strong>veritatem</strong></span> <span class='ocrx_word' id='word_1_800' title='bbox 394 2744 450 2769; x_wconf 84' lang='lat' dir='ltr'><strong>sive</strong></span> <span class='ocrx_word' id='word_1_801' title='bbox 465 2743 604 2777; x_wconf 82' lang='lat' dir='ltr'><strong>exemplar</strong></span> <span class='ocrx_word' id='word_1_802' title='bbox 619 2741 679 2770; x_wconf 82' lang='lat' dir='ltr'><strong>esse</strong></span> <span class='ocrx_word' id='word_1_803' title='bbox 690 2743 765 2773; x_wconf 84' lang='lat' dir='ltr'><strong>dicit,</strong></span> <span class='ocrx_word' id='word_1_804' title='bbox 780 2751 794 2770; x_wconf 88' lang='lat' dir='ltr'><strong>a</strong></span> <span class='ocrx_word' id='word_1_805' title='bbox 810 2743 916 2769; x_wconf 67' lang='lat' dir='ltr'><strong>caeteris</strong></span> <span class='ocrx_word' id='word_1_806' title='bbox 934 2741 1022 2768; x_wconf 86' lang='lat' dir='ltr'><strong>Patri-</strong></span> 
     </span>
    </p>
   </div>
   <div class='ocr_carea' id='block_1_104' title="bbox 239 2777 1018 2812">
    <p class='ocr_par' dir='ltr' id='par_1_104' title="bbox 239 2777 1018 2812">
     <span class='ocr_line' id='line_1_104' title="bbox 239 2777 1018 2812; baseline -0.001 -8"><span class='ocrx_word' id='word_1_807' title='bbox 239 2777 289 2804; x_wconf 86' lang='lat' dir='ltr'><strong>bns</strong></span> <span class='ocrx_word' id='word_1_808' title='bbox 317 2777 430 2804; x_wconf 87' lang='lat' dir='ltr'><strong>discedit</strong></span> <span class='ocrx_word' id='word_1_809' title='bbox 450 2778 494 2811; x_wconf 93' lang='lat' dir='ltr'><strong>qui</strong></span> <span class='ocrx_word' id='word_1_810' title='bbox 521 2777 628 2812; x_wconf 85' lang='lat' dir='ltr'><strong>Patrem</strong></span> <span class='ocrx_word' id='word_1_811' title='bbox 649 2778 787 2812; x_wconf 84' lang='lat' dir='ltr'><strong>exemplar</strong></span> <span class='ocrx_word' id='word_1_812' title='bbox 815 2777 887 2809; x_wconf 83' lang='lat' dir='ltr'><strong>Filii,</strong></span> <span class='ocrx_word' id='word_1_813' title='bbox 921 2777 1018 2804; x_wconf 89' lang='lat' dir='ltr'><strong>Filium</strong></span> 
     </span>
    </p>
   </div>
   <div class='ocr_carea' id='block_1_105' title="bbox 244 2811 1022 2848">
    <p class='ocr_par' dir='ltr' id='par_1_105' title="bbox 244 2811 1022 2848">
     <span class='ocr_line' id='line_1_105' title="bbox 244 2811 1022 2848; baseline 0.003 -11"><span class='ocrx_word' id='word_1_814' title='bbox 244 2817 402 2848; x_wconf 53' lang='lat' dir='ltr'><strong>creterrarum</strong></span> <span class='ocrx_word' id='word_1_815' title='bbox 416 2812 563 2845; x_wconf 82' lang='lat' dir='ltr'><strong>exemplar,</strong></span> <span class='ocrx_word' id='word_1_816' title='bbox 579 2811 676 2840; x_wconf 84' lang='lat' dir='ltr'><strong>Filium</strong></span> <span class='ocrx_word' id='word_1_817' title='bbox 696 2811 841 2848; x_wconf 80' lang='lat' dir='ltr'><strong>imaginem</strong></span> <span class='ocrx_word' id='word_1_818' title='bbox 856 2812 955 2844; x_wconf 82' lang='lat' dir='ltr'><strong>Patris,</strong></span> <span class='ocrx_word' id='word_1_819' title='bbox 973 2819 1022 2839; x_wconf 84' lang='lat' dir='ltr'><strong>nos</strong></span> 
     </span>
    </p>
   </div>
   <div class='ocr_carea' id='block_1_106' title="bbox 243 2846 1022 2881">
    <p class='ocr_par' dir='ltr' id='par_1_106' title="bbox 243 2846 1022 2881">
     <span class='ocr_line' id='line_1_106' title="bbox 243 2846 1022 2881; baseline 0.001 -8"><span class='ocrx_word' id='word_1_820' title='bbox 243 2846 303 2874; x_wconf 79' lang='lat' dir='ltr'><strong>Filii</strong></span> <span class='ocrx_word' id='word_1_821' title='bbox 331 2847 461 2881; x_wconf 76' lang='lat' dir='ltr'><strong>imagines</strong></span> <span class='ocrx_word' id='word_1_822' title='bbox 487 2854 547 2875; x_wconf 85' lang='lat' dir='ltr'><strong>csse</strong></span> <span class='ocrx_word' id='word_1_823' title='bbox 570 2847 706 2875; x_wconf 81' lang='lat' dir='ltr'><strong>dixerunt.</strong></span> <span class='ocrx_word' id='word_1_824' title='bbox 728 2846 765 2876; x_wconf 69' lang='lat' dir='ltr'><strong>Si</strong></span> <span class='ocrx_word' id='word_1_825' title='bbox 783 2853 870 2876; x_wconf 87' lang='lat' dir='ltr'><strong>autctu</strong></span> <span class='ocrx_word' id='word_1_826' title='bbox 900 2848 1022 2876; x_wconf 86' lang='lat' dir='ltr'><strong>veritatis</strong></span> 
     </span>
    </p>
   </div>
   <div class='ocr_carea' id='block_1_107' title="bbox 1074 2144 1867 2178">
    <p class='ocr_par' dir='ltr' id='par_1_107' title="bbox 1074 2144 1867 2178">
     <span class='ocr_line' id='line_1_107' title="bbox 1074 2144 1867 2178; baseline 0.001 -8"><span class='ocrx_word' id='word_1_827' title='bbox 1074 2151 1170 2172; x_wconf 88' lang='lat' dir='ltr'><strong>omnes</strong></span> <span class='ocrx_word' id='word_1_828' title='bbox 1192 2145 1266 2172; x_wconf 87' lang='lat' dir='ltr'><strong>ideas</strong></span> <span class='ocrx_word' id='word_1_829' title='bbox 1293 2144 1494 2178; x_wconf 82' lang='lat' dir='ltr'><strong>complectitur,</strong></span> <span class='ocrx_word' id='word_1_830' title='bbox 1512 2147 1659 2171; x_wconf 79' lang='lat' dir='ltr'><strong>secundum</strong></span> <span class='ocrx_word' id='word_1_831' title='bbox 1689 2146 1766 2178; x_wconf 86' lang='lat' dir='ltr'><strong>quod</strong></span> <span class='ocrx_word' id='word_1_832' title='bbox 1799 2145 1867 2171; x_wconf 81' lang='lat' dir='ltr'><strong>Deus</strong></span> 
     </span>
    </p>
   </div>
   <div class='ocr_carea' id='block_1_108' title="bbox 1073 2180 1866 2214">
    <p class='ocr_par' dir='ltr' id='par_1_108' title="bbox 1073 2180 1866 2214">
     <span class='ocr_line' id='line_1_108' title="bbox 1073 2180 1866 2214; baseline -0.001 -8"><span class='ocrx_word' id='word_1_833' title='bbox 1073 2180 1164 2206; x_wconf 91' lang='lat' dir='ltr'><strong>omnia</strong></span> <span class='ocrx_word' id='word_1_834' title='bbox 1188 2181 1331 2214; x_wconf 77' lang='lat' dir='ltr'><strong>gubernat,</strong></span> <span class='ocrx_word' id='word_1_835' title='bbox 1352 2180 1416 2206; x_wconf 85' lang='lat' dir='ltr'><strong>nihil</strong></span> <span class='ocrx_word' id='word_1_836' title='bbox 1446 2180 1551 2213; x_wconf 76' lang='lat' dir='ltr'><strong>longius</strong></span> <span class='ocrx_word' id='word_1_837' title='bbox 1577 2180 1653 2205; x_wconf 85' lang='lat' dir='ltr'><strong>abest</strong></span> <span class='ocrx_word' id='word_1_838' title='bbox 1679 2181 1714 2205; x_wconf 88' lang='lat' dir='ltr'><strong>ab</strong></span> <span class='ocrx_word' id='word_1_839' title='bbox 1740 2180 1866 2214; x_wconf 82' lang='lat' dir='ltr'><strong>Urigenis</strong></span> 
     </span>
    </p>
   </div>
   <div class='ocr_carea' id='block_1_109' title="bbox 1073 2214 1863 2250">
    <p class='ocr_par' dir='ltr' id='par_1_109' title="bbox 1073 2214 1863 2250">
     <span class='ocr_line' id='line_1_109' title="bbox 1073 2214 1863 2250; baseline 0.001 -10"><span class='ocrx_word' id='word_1_840' title='bbox 1073 2219 1175 2250; x_wconf 74' lang='lat' dir='ltr'><strong>mente,</strong></span> <span class='ocrx_word' id='word_1_841' title='bbox 1191 2222 1273 2250; x_wconf 88' lang='lat' dir='ltr'><strong>quam</strong></span> <span class='ocrx_word' id='word_1_842' title='bbox 1294 2220 1323 2241; x_wconf 93' lang='lat' dir='ltr'><strong>nt</strong></span> <span class='ocrx_word' id='word_1_843' title='bbox 1345 2214 1411 2242; x_wconf 90' lang='lat' dir='ltr'><strong>illud</strong></span> <span class='ocrx_word' id='word_1_844' title='bbox 1436 2215 1579 2250; x_wconf 80' lang='lat' dir='ltr'><strong>veritatem</strong></span> <span class='ocrx_word' id='word_1_845' title='bbox 1600 2221 1653 2240; x_wconf 89' lang='lat' dir='ltr'><strong>non</strong></span> <span class='ocrx_word' id='word_1_846' title='bbox 1674 2221 1737 2240; x_wconf 76' lang='lat' dir='ltr'><strong>esse</strong></span> <span class='ocrx_word' id='word_1_847' title='bbox 1748 2214 1863 2241; x_wconf 85' lang='lat' dir='ltr'><strong>diceret.</strong></span> 
     </span>
    </p>
   </div>
   <div class='ocr_carea' id='block_1_110' title="bbox 1073 2248 1863 2284">
    <p class='ocr_par' dir='ltr' id='par_1_110' title="bbox 1073 2248 1863 2284">
     <span class='ocr_line' id='line_1_110' title="bbox 1073 2248 1863 2284; baseline 0.001 -9"><span class='ocrx_word' id='word_1_848' title='bbox 1073 2248 1175 2282; x_wconf 80' lang='lat' dir='ltr'><strong>Legere</strong></span> <span class='ocrx_word' id='word_1_849' title='bbox 1191 2248 1316 2284; x_wconf 76' lang='lat' dir='ltr'><strong>equidem</strong></span> <span class='ocrx_word' id='word_1_850' title='bbox 1329 2251 1420 2276; x_wconf 82' lang='lat' dir='ltr'><strong>malim</strong></span> <span class='ocrx_word' id='word_1_851' title='bbox 1437 2258 1443 2276; x_wconf 88' lang='lat'>:</span> <span class='ocrx_word' id='word_1_852' title='bbox 1457 2249 1591 2281; x_wconf 77' lang='lat' dir='ltr'><strong>Quantum</strong></span> <span class='ocrx_word' id='word_1_853' title='bbox 1604 2250 1638 2274; x_wconf 85' lang='lat' dir='ltr'><strong>ad</strong></span> <span class='ocrx_word' id='word_1_854' title='bbox 1656 2249 1743 2284; x_wconf 79' lang='lat' dir='ltr'><strong>ipsum</strong></span> <span class='ocrx_word' id='word_1_855' title='bbox 1759 2251 1863 2283; x_wconf 71' lang='lat' dir='ltr'><strong>quidem</strong></span> 
     </span>
    </p>
   </div>
   <div class='ocr_carea' id='block_1_111' title="bbox 1074 2283 1863 2319">
    <p class='ocr_par' dir='ltr' id='par_1_111' title="bbox 1074 2283 1863 2319">
     <span class='ocr_line' id='line_1_111' title="bbox 1074 2283 1863 2319; baseline 0.001 -9"><span class='ocrx_word' id='word_1_856' title='bbox 1074 2284 1194 2316; x_wconf 76' lang='lat' dir='ltr'><strong>Patrem,</strong></span> <span class='ocrx_word' id='word_1_857' title='bbox 1210 2283 1303 2316; x_wconf 64' lang='lat' dir='ltr'><strong>uirtus,</strong></span> <span class='ocrx_word' id='word_1_858' title='bbox 1329 2285 1354 2312; x_wconf 94' lang='lat' dir='ltr'><strong>id</strong></span> <span class='ocrx_word' id='word_1_859' title='bbox 1372 2290 1422 2317; x_wconf 86' lang='lat' dir='ltr'><strong>est,</strong></span> <span class='ocrx_word' id='word_1_860' title='bbox 1440 2292 1555 2319; x_wconf 82' lang='lat' dir='ltr'><strong>persona</strong></span> <span class='ocrx_word' id='word_1_861' title='bbox 1571 2285 1676 2310; x_wconf 86' lang='lat' dir='ltr'><strong>divina.</strong></span> <span class='ocrx_word' id='word_1_862' title='bbox 1701 2283 1863 2319; x_wconf 25' lang='lat' dir='ltr'><strong>Seditamen</strong></span> 
     </span>
    </p>
   </div>
   <div class='ocr_carea' id='block_1_112' title="bbox 1073 2318 1862 2355">
    <p class='ocr_par' dir='ltr' id='par_1_112' title="bbox 1073 2318 1862 2355">
     <span class='ocr_line' id='line_1_112' title="bbox 1073 2318 1862 2355; baseline 0 -9"><span class='ocrx_word' id='word_1_863' title='bbox 1073 2321 1184 2347; x_wconf 91' lang='lat' dir='ltr'><strong>retineri</strong></span> <span class='ocrx_word' id='word_1_864' title='bbox 1198 2325 1286 2355; x_wconf 88' lang='lat' dir='ltr'><strong>potest</strong></span> <span class='ocrx_word' id='word_1_865' title='bbox 1296 2327 1346 2347; x_wconf 81' lang='lat' dir='ltr'><strong>vox</strong></span> <span class='ocrx_word' id='word_1_866' title='bbox 1359 2320 1415 2351; x_wconf 80' lang='lat' dir='ltr'><strong>illa,</strong></span> <span class='ocrx_word' id='word_1_867' title='bbox 1428 2318 1532 2355; x_wconf 46' lang='lat' dir='ltr'><strong>ueritas,</strong></span> <span class='ocrx_word' id='word_1_868' title='bbox 1546 2319 1628 2355; x_wconf 86' lang='lat' dir='ltr'><strong>modo</strong></span> <span class='ocrx_word' id='word_1_869' title='bbox 1641 2326 1735 2345; x_wconf 89' lang='lat' dir='ltr'><strong>verum</strong></span> <span class='ocrx_word' id='word_1_870' title='bbox 1753 2318 1862 2352; x_wconf 78' lang='lat' dir='ltr'><strong>Filium,</strong></span> 
     </span>
    </p>
   </div>
   <div class='ocr_carea' id='block_1_113' title="bbox 1073 2354 1864 2382">
    <p class='ocr_par' dir='ltr' id='par_1_113' title="bbox 1073 2354 1864 2382">
     <span class='ocr_line' id='line_1_113' title="bbox 1073 2354 1864 2382; baseline -0.001 0"><span class='ocrx_word' id='word_1_871' title='bbox 1073 2362 1105 2382; x_wconf 86' lang='lat' dir='ltr'><strong>ac</strong></span> <span class='ocrx_word' id='word_1_872' title='bbox 1121 2362 1184 2382; x_wconf 92' lang='lat' dir='ltr'><strong>vere</strong></span> <span class='ocrx_word' id='word_1_873' title='bbox 1199 2354 1362 2382; x_wconf 74' lang='lat' dir='ltr'><strong>substantia</strong></span> <span class='ocrx_word' id='word_1_874' title='bbox 1380 2355 1470 2381; x_wconf 90' lang='lat' dir='ltr'><strong>divina</strong></span> <span class='ocrx_word' id='word_1_875' title='bbox 1486 2363 1501 2381; x_wconf 61' lang='grc' dir='ltr'><strong>ιι</strong></span> <span class='ocrx_word' id='word_1_876' title='bbox 1519 2354 1598 2381; x_wconf 91' lang='lat' dir='ltr'><strong>Patre</strong></span> <span class='ocrx_word' id='word_1_877' title='bbox 1614 2354 1748 2380; x_wconf 90' lang='lat' dir='ltr'><strong>donatum</strong></span> <span class='ocrx_word' id='word_1_878' title='bbox 1767 2355 1864 2382; x_wconf 86' lang='lat' dir='ltr'><strong>intelli-</strong></span> 
     </span>
    </p>
   </div>
   <div class='ocr_carea' id='block_1_114' title="bbox 1073 2389 1862 2452">
    <p class='ocr_par' dir='ltr' id='par_1_114' title="bbox 1073 2389 1862 2452">
     <span class='ocr_line' id='line_1_114' title="bbox 1092 2389 1862 2425; baseline 0 -9"><span class='ocrx_word' id='word_1_879' title='bbox 1092 2397 1177 2418; x_wconf 88' lang='lat' dir='ltr'><strong>amus.</strong></span> <span class='ocrx_word' id='word_1_880' title='bbox 1198 2389 1340 2425; x_wconf 88' lang='lat' dir='ltr'><strong>Vituperat</strong></span> <span class='ocrx_word' id='word_1_881' title='bbox 1368 2391 1419 2417; x_wconf 90' lang='lat' dir='ltr'><strong>hoc</strong></span> <span class='ocrx_word' id='word_1_882' title='bbox 1449 2391 1507 2417; x_wconf 91' lang='lat' dir='ltr'><strong>loco</strong></span> <span class='ocrx_word' id='word_1_883' title='bbox 1530 2389 1660 2423; x_wconf 81' lang='lat' dir='ltr'><strong>Origenes</strong></span> <span class='ocrx_word' id='word_1_884' title='bbox 1690 2390 1823 2423; x_wconf 88' lang='lat' dir='ltr'><strong>probolas</strong></span> <span class='ocrx_word' id='word_1_885' title='bbox 1849 2398 1862 2416; x_wconf 86' lang='lat' dir='ltr'><strong>a</strong></span> 
     </span>
     <span class='ocr_line' id='line_1_115' title="bbox 1073 2397 1862 2452; baseline 0 0"><span class='ocrx_word' id='word_1_886' title='bbox 1073 2397 1272 2452; x_wconf 38' lang='lat' dir='ltr'><strong>galetttinianis</strong></span> <span class='ocrx_word' id='word_1_887' title='bbox 1302 2426 1328 2452; x_wconf 94' lang='lat' dir='ltr'><strong>in</strong></span> <span class='ocrx_word' id='word_1_888' title='bbox 1357 2426 1560 2452; x_wconf 71' lang='lat' dir='ltr'><strong>generationem</strong></span> <span class='ocrx_word' id='word_1_889' title='bbox 1586 2423 1647 2451; x_wconf 77' lang='lat' dir='ltr'><strong>Filii</strong></span> <span class='ocrx_word' id='word_1_890' title='bbox 1676 2424 1817 2452; x_wconf 87' lang='lat' dir='ltr'><strong>inductas.</strong></span> <span class='ocrx_word' id='word_1_891' title='bbox 1833 2433 1862 2452; x_wconf 90' lang='lat' dir='ltr'><strong>ac</strong></span> 
     </span>
    </p>
   </div>
   <div class='ocr_carea' id='block_1_115' title="bbox 1098 2423 1862 2460">
    <p class='ocr_par' dir='ltr' id='par_1_115' title="bbox 1098 2423 1862 2460">
     <span class='ocr_line' id='line_1_116' title="bbox 1098 2423 1862 2460; baseline 0 -8"><span class='ocrx_word' id='word_1_892' title='bbox 1098 2423 1272 2453; x_wconf 75' lang='lat' dir='ltr'><strong>alentinianis</strong></span> <span class='ocrx_word' id='word_1_893' title='bbox 1302 2426 1328 2452; x_wconf 94' lang='lat' dir='ltr'><strong>in</strong></span> <span class='ocrx_word' id='word_1_894' title='bbox 1357 2426 1560 2460; x_wconf 81' lang='lat' dir='ltr'><strong>generationem</strong></span> <span class='ocrx_word' id='word_1_895' title='bbox 1586 2423 1817 2460; x_wconf 74' lang='lat' dir='ltr'><strong>Filii_inductas,</strong></span> <span class='ocrx_word' id='word_1_896' title='bbox 1833 2433 1862 2452; x_wconf 90' lang='lat' dir='ltr'><strong>ac</strong></span> 
     </span>
    </p>
   </div>
   <div class='ocr_carea' id='block_1_116' title="bbox 1073 2458 1862 2494">
    <p class='ocr_par' dir='ltr' id='par_1_116' title="bbox 1073 2458 1862 2494">
     <span class='ocr_line' id='line_1_117' title="bbox 1073 2458 1862 2494; baseline -0.003 -6"><span class='ocrx_word' id='word_1_897' title='bbox 1073 2460 1172 2488; x_wconf 84' lang='lat' dir='ltr'><strong>Filium</strong></span> <span class='ocrx_word' id='word_1_898' title='bbox 1194 2461 1288 2488; x_wconf 86' lang='lat' dir='ltr'><strong>statuit</strong></span> <span class='ocrx_word' id='word_1_899' title='bbox 1305 2461 1343 2487; x_wconf 87' lang='lat' dir='ltr'><strong>ita</strong></span> <span class='ocrx_word' id='word_1_900' title='bbox 1359 2458 1512 2494; x_wconf 65' lang='lat' dir='ltr'><strong>imaginem</strong></span> <span class='ocrx_word' id='word_1_901' title='bbox 1530 2459 1576 2486; x_wconf 90' lang='lat' dir='ltr'><strong>Dei</strong></span> <span class='ocrx_word' id='word_1_902' title='bbox 1591 2458 1736 2486; x_wconf 88' lang='lat' dir='ltr'><strong>invisibilis</strong></span> <span class='ocrx_word' id='word_1_903' title='bbox 1752 2459 1818 2490; x_wconf 86' lang='lat' dir='ltr'><strong>dici,</strong></span> <span class='ocrx_word' id='word_1_904' title='bbox 1836 2466 1862 2486; x_wconf 94' lang='lat' dir='ltr'><strong>nt</strong></span> 
     </span>
    </p>
   </div>
   <div class='ocr_carea' id='block_1_117' title="bbox 1073 2494 1861 2531">
    <p class='ocr_par' dir='ltr' id='par_1_117' title="bbox 1073 2494 1861 2531">
     <span class='ocr_line' id='line_1_118' title="bbox 1073 2494 1861 2531; baseline -0.001 -9"><span class='ocrx_word' id='word_1_905' title='bbox 1073 2503 1244 2531; x_wconf 87' lang='lat' dir='ltr'><strong>nequaquam</strong></span> <span class='ocrx_word' id='word_1_906' title='bbox 1266 2495 1512 2531; x_wconf 27' lang='lat' dir='ltr'><strong>assimilelurhillis</strong></span> <span class='ocrx_word' id='word_1_907' title='bbox 1537 2494 1710 2531; x_wconf 67' lang='lat' dir='ltr'><strong>imaginibus,</strong></span> <span class='ocrx_word' id='word_1_908' title='bbox 1747 2503 1808 2529; x_wconf 69' lang='lat' dir='ltr'><strong>qua:</strong></span> <span class='ocrx_word' id='word_1_909' title='bbox 1836 2497 1861 2521; x_wconf 74' lang='lat' dir='ltr'><strong>in</strong></span> 
     </span>
    </p>
   </div>
   <div class='ocr_carea' id='block_1_118' title="bbox 1073 2529 1860 2567">
    <p class='ocr_par' dir='ltr' id='par_1_118' title="bbox 1073 2529 1860 2567">
     <span class='ocr_line' id='line_1_119' title="bbox 1073 2529 1860 2567; baseline -0.004 -10"><span class='ocrx_word' id='word_1_910' title='bbox 1073 2529 1185 2567; x_wconf 69' lang='lat' dir='ltr'><strong>materie</strong></span> <span class='ocrx_word' id='word_1_911' title='bbox 1201 2531 1302 2567; x_wconf 83' lang='lat' dir='ltr'><strong>aliqua,</strong></span> <span class='ocrx_word' id='word_1_912' title='bbox 1322 2531 1359 2567; x_wconf 20' lang='grc' dir='ltr'><strong>ἐάν</strong></span> <span class='ocrx_word' id='word_1_913' title='bbox 1371 2536 1408 2567; x_wconf 70' lang='lat' dir='ltr'><strong>est</strong></span> <span class='ocrx_word' id='word_1_914' title='bbox 1431 2529 1507 2565; x_wconf 79' lang='lat' dir='ltr'><strong>ligni,</strong></span> <span class='ocrx_word' id='word_1_915' title='bbox 1521 2531 1560 2567; x_wconf 58' lang='lat' dir='ltr'><strong>uel</strong></span> <span class='ocrx_word' id='word_1_916' title='bbox 1576 2529 1670 2567; x_wconf 66' lang='lat' dir='ltr'><strong>lapidis</strong></span> <span class='ocrx_word' id='word_1_917' title='bbox 1689 2529 1801 2567; x_wconf 64' lang='lat' dir='ltr'><strong>depingi</strong></span> <span class='ocrx_word' id='word_1_918' title='bbox 1824 2531 1860 2556; x_wconf 70' lang='lat' dir='ltr'><strong>rel</strong></span> 
     </span>
    </p>
   </div>
   <div class='ocr_carea' id='block_1_119' title="bbox 1073 2564 1860 2600">
    <p class='ocr_par' dir='ltr' id='par_1_119' title="bbox 1073 2564 1860 2600">
     <span class='ocr_line' id='line_1_120' title="bbox 1073 2564 1860 2600; baseline -0.004 -7"><span class='ocrx_word' id='word_1_919' title='bbox 1073 2566 1188 2600; x_wconf 73' lang='lat' dir='ltr'><strong>exsculpi</strong></span> <span class='ocrx_word' id='word_1_920' title='bbox 1199 2564 1299 2598; x_wconf 70' lang='lat' dir='ltr'><strong>solent;</strong></span> <span class='ocrx_word' id='word_1_921' title='bbox 1314 2566 1361 2594; x_wconf 88' lang='lat' dir='ltr'><strong>sed</strong></span> <span class='ocrx_word' id='word_1_922' title='bbox 1369 2565 1436 2592; x_wconf 71' lang='lat' dir='ltr'><strong>sicut</strong></span> <span class='ocrx_word' id='word_1_923' title='bbox 1449 2564 1503 2599; x_wconf 72' lang='lat' dir='ltr'><strong>ipse</strong></span> <span class='ocrx_word' id='word_1_924' title='bbox 1516 2564 1598 2591; x_wconf 80' lang='lat' dir='ltr'><strong>Pater</strong></span> <span class='ocrx_word' id='word_1_925' title='bbox 1617 2564 1759 2591; x_wconf 68' lang='lat' dir='ltr'><strong>invisibilis</strong></span> <span class='ocrx_word' id='word_1_926' title='bbox 1770 2571 1808 2592; x_wconf 75' lang='lat' dir='ltr'><strong>est</strong></span> <span class='ocrx_word' id='word_1_927' title='bbox 1818 2573 1860 2599; x_wconf 74' lang='lat' dir='ltr'><strong>per</strong></span> 
     </span>
    </p>
   </div>
   <div class='ocr_carea' id='block_1_120' title="bbox 1073 2600 1855 2635">
    <p class='ocr_par' dir='ltr' id='par_1_120' title="bbox 1073 2600 1855 2635">
     <span class='ocr_line' id='line_1_121' title="bbox 1073 2600 1855 2635; baseline -0.005 -7"><span class='ocrx_word' id='word_1_928' title='bbox 1073 2607 1208 2632; x_wconf 80' lang='lat' dir='ltr'><strong>naturam,</strong></span> <span class='ocrx_word' id='word_1_929' title='bbox 1224 2602 1262 2628; x_wconf 83' lang='lat' dir='ltr'><strong>ita</strong></span> <span class='ocrx_word' id='word_1_930' title='bbox 1277 2601 1417 2635; x_wconf 78' lang='lat' dir='ltr'><strong>imaginem</strong></span> <span class='ocrx_word' id='word_1_931' title='bbox 1427 2608 1529 2635; x_wconf 69' lang='lat' dir='ltr'><strong>quoque</strong></span> <span class='ocrx_word' id='word_1_932' title='bbox 1554 2600 1711 2635; x_wconf 53' lang='lat' dir='ltr'><strong>inuisibilem</strong></span> <span class='ocrx_word' id='word_1_933' title='bbox 1727 2602 1855 2634; x_wconf 76' lang='lat' dir='ltr'><strong>genueril.</strong></span> 
     </span>
    </p>
   </div>
   <div class='ocr_carea' id='block_1_121' title="bbox 1075 2634 1858 2670">
    <p class='ocr_par' dir='ltr' id='par_1_121' title="bbox 1075 2634 1858 2670">
     <span class='ocr_line' id='line_1_122' title="bbox 1075 2634 1858 2670; baseline -0.003 -7"><span class='ocrx_word' id='word_1_934' title='bbox 1075 2635 1153 2663; x_wconf 89' lang='lat' dir='ltr'><strong>Unde</strong></span> <span class='ocrx_word' id='word_1_935' title='bbox 1176 2637 1271 2663; x_wconf 88' lang='lat' dir='ltr'><strong>statuit</strong></span> <span class='ocrx_word' id='word_1_936' title='bbox 1299 2634 1406 2668; x_wconf 82' lang='lat' dir='ltr'><strong>Filium,</strong></span> <span class='ocrx_word' id='word_1_937' title='bbox 1423 2634 1552 2670; x_wconf 84' lang='lat' dir='ltr'><strong>quantum</strong></span> <span class='ocrx_word' id='word_1_938' title='bbox 1580 2635 1613 2661; x_wconf 80' lang='lat' dir='ltr'><strong>ad</strong></span> <span class='ocrx_word' id='word_1_939' title='bbox 1628 2634 1737 2661; x_wconf 82' lang='lat' dir='ltr'><strong>Patrem</strong></span> <span class='ocrx_word' id='word_1_940' title='bbox 1754 2636 1858 2667; x_wconf 87' lang='lat' dir='ltr'><strong>attinet,</strong></span> 
     </span>
    </p>
   </div>
   <div class='ocr_carea' id='block_1_122' title="bbox 1073 2670 1857 2706">
    <p class='ocr_par' dir='ltr' id='par_1_122' title="bbox 1073 2670 1857 2706">
     <span class='ocr_line' id='line_1_123' title="bbox 1073 2670 1857 2706; baseline -0.003 -8"><span class='ocrx_word' id='word_1_941' title='bbox 1073 2679 1134 2698; x_wconf 87' lang='lat' dir='ltr'><strong>esse</strong></span> <span class='ocrx_word' id='word_1_942' title='bbox 1146 2671 1298 2704; x_wconf 88' lang='lat' dir='ltr'><strong>veritatem,</strong></span> <span class='ocrx_word' id='word_1_943' title='bbox 1322 2672 1348 2699; x_wconf 88' lang='lat' dir='ltr'><strong>id</strong></span> <span class='ocrx_word' id='word_1_944' title='bbox 1374 2676 1425 2702; x_wconf 85' lang='lat' dir='ltr'><strong>est.</strong></span> <span class='ocrx_word' id='word_1_945' title='bbox 1443 2677 1584 2706; x_wconf 89' lang='lat' dir='ltr'><strong>personam</strong></span> <span class='ocrx_word' id='word_1_946' title='bbox 1603 2670 1733 2706; x_wconf 87' lang='lat' dir='ltr'><strong>divinam,</strong></span> <span class='ocrx_word' id='word_1_947' title='bbox 1756 2678 1790 2698; x_wconf 89' lang='lat' dir='ltr'><strong>ac</strong></span> <span class='ocrx_word' id='word_1_948' title='bbox 1807 2678 1857 2697; x_wconf 85' lang='lat' dir='ltr'><strong>rem</strong></span> 
     </span>
    </p>
   </div>
   <div class='ocr_carea' id='block_1_123' title="bbox 1073 2704 1859 2741">
    <p class='ocr_par' dir='ltr' id='par_1_123' title="bbox 1073 2704 1859 2741">
     <span class='ocr_line' id='line_1_124' title="bbox 1073 2704 1859 2741; baseline -0.004 -8"><span class='ocrx_word' id='word_1_949' title='bbox 1073 2713 1138 2733; x_wconf 84' lang='lat' dir='ltr'><strong>vere</strong></span> <span class='ocrx_word' id='word_1_950' title='bbox 1149 2713 1198 2741; x_wconf 91' lang='lat' dir='ltr'><strong>per</strong></span> <span class='ocrx_word' id='word_1_951' title='bbox 1212 2713 1242 2733; x_wconf 88' lang='lat' dir='ltr'><strong>se</strong></span> <span class='ocrx_word' id='word_1_952' title='bbox 1266 2704 1476 2738; x_wconf 83' lang='lat' dir='ltr'><strong>subsistentem;</strong></span> <span class='ocrx_word' id='word_1_953' title='bbox 1493 2710 1623 2740; x_wconf 90' lang='lat' dir='ltr'><strong>quantum</strong></span> <span class='ocrx_word' id='word_1_954' title='bbox 1637 2704 1669 2731; x_wconf 88' lang='lat' dir='ltr'><strong>ad</strong></span> <span class='ocrx_word' id='word_1_955' title='bbox 1678 2713 1748 2741; x_wconf 67' lang='lat' dir='ltr'><strong>nos,</strong></span> <span class='ocrx_word' id='word_1_956' title='bbox 1768 2706 1859 2739; x_wconf 69' lang='lat' dir='ltr'><strong>imagi-</strong></span> 
     </span>
    </p>
   </div>
   <div class='ocr_carea' id='block_1_124' title="bbox 1073 2739 1856 2776">
    <p class='ocr_par' dir='ltr' id='par_1_124' title="bbox 1073 2739 1856 2776">
     <span class='ocr_line' id='line_1_125' title="bbox 1073 2739 1856 2776; baseline -0.003 -7"><span class='ocrx_word' id='word_1_957' title='bbox 1073 2739 1207 2776; x_wconf 57' lang='lat' dir='ltr'><strong>nem,&#39;per</strong></span> <span class='ocrx_word' id='word_1_958' title='bbox 1220 2749 1300 2776; x_wconf 88' lang='lat' dir='ltr'><strong>quam</strong></span> <span class='ocrx_word' id='word_1_959' title='bbox 1320 2741 1615 2776; x_wconf 23' lang='lat' dir='ltr'><strong>Deumicognoscimus.</strong></span> <span class='ocrx_word' id='word_1_960' title='bbox 1630 2754 1665 2760; x_wconf 90' lang='lat'><em>—</em></span> <span class='ocrx_word' id='word_1_961' title='bbox 1677 2739 1709 2767; x_wconf 92' lang='lat' dir='ltr'><strong>D.</strong></span> <span class='ocrx_word' id='word_1_962' title='bbox 1727 2740 1856 2767; x_wconf 76' lang='lat' dir='ltr'><strong>Prudeut.</strong></span> 
     </span>
    </p>
   </div>
   <div class='ocr_carea' id='block_1_125' title="bbox 1073 2775 1856 2810">
    <p class='ocr_par' dir='ltr' id='par_1_125' title="bbox 1073 2775 1856 2810">
     <span class='ocr_line' id='line_1_126' title="bbox 1073 2775 1856 2810; baseline -0.004 -7"><span class='ocrx_word' id='word_1_963' title='bbox 1073 2775 1178 2804; x_wconf 81' lang='lat' dir='ltr'><strong>Maran.</strong></span> <span class='ocrx_word' id='word_1_964' title='bbox 1205 2775 1241 2803; x_wconf 73' lang='lat' dir='ltr'><strong>De</strong></span> <span class='ocrx_word' id='word_1_965' title='bbox 1267 2777 1370 2803; x_wconf 82' lang='lat' dir='ltr'><strong>diuinit.</strong></span> <span class='ocrx_word' id='word_1_966' title='bbox 1394 2775 1492 2803; x_wconf 75' lang='lat' dir='ltr'><strong>Christi</strong></span> <span class='ocrx_word' id='word_1_967' title='bbox 1519 2775 1565 2802; x_wconf 87' lang='lat' dir='ltr'><strong>lib.</strong></span> <span class='ocrx_word' id='word_1_968' title='bbox 1591 2783 1626 2806; x_wconf 85' lang='lat' dir='ltr'><strong>Iv,</strong></span> <span class='ocrx_word' id='word_1_969' title='bbox 1651 2783 1711 2810; x_wconf 86' lang='lat' dir='ltr'><strong>cap.</strong></span> <span class='ocrx_word' id='word_1_970' title='bbox 1728 2776 1856 2807; x_wconf 74' lang='lat' dir='ltr'><strong>i6,tumt.</strong></span> 
     </span>
    </p>
   </div>
   <div class='ocr_carea' id='block_1_126' title="bbox 1076 2810 1854 2845">
    <p class='ocr_par' dir='ltr' id='par_1_126' title="bbox 1076 2810 1854 2845">
     <span class='ocr_line' id='line_1_127' title="bbox 1076 2810 1854 2845; baseline -0.003 -7"><span class='ocrx_word' id='word_1_971' title='bbox 1076 2812 1103 2838; x_wconf 83' lang='lat' dir='ltr'><strong>‘l.</strong></span> <span class='ocrx_word' id='word_1_972' title='bbox 1121 2810 1184 2838; x_wconf 87' lang='lat' dir='ltr'><strong>Vide</strong></span> <span class='ocrx_word' id='word_1_973' title='bbox 1212 2816 1239 2837; x_wconf 84' lang='lat' dir='ltr'><strong>et</strong></span> <span class='ocrx_word' id='word_1_974' title='bbox 1261 2811 1367 2838; x_wconf 88' lang='lat' dir='ltr'><strong>Bullum</strong></span> <span class='ocrx_word' id='word_1_975' title='bbox 1389 2811 1497 2845; x_wconf 72' lang='lat' dir='ltr'><strong>Defens.</strong></span> <span class='ocrx_word' id='word_1_976' title='bbox 1524 2811 1587 2841; x_wconf 76' lang='lat' dir='ltr'><strong>ﬁdei</strong></span> <span class='ocrx_word' id='word_1_977' title='bbox 1612 2811 1730 2838; x_wconf 72' lang='lat' dir='ltr'><strong>Nicauuz</strong></span> <span class='ocrx_word' id='word_1_978' title='bbox 1750 2813 1784 2838; x_wconf 84' lang='lat' dir='ltr'><strong>dc</strong></span> <span class='ocrx_word' id='word_1_979' title='bbox 1800 2810 1854 2838; x_wconf 64' lang='lat' dir='ltr'><strong>Filii</strong></span> 
     </span>
    </p>
   </div>
   <div class='ocr_carea' id='block_1_127' title="bbox 1075 2846 1623 2882">
    <p class='ocr_par' dir='ltr' id='par_1_127' title="bbox 1075 2846 1623 2882">
     <span class='ocr_line' id='line_1_128' title="bbox 1075 2846 1623 2882; baseline 0.002 -10"><span class='ocrx_word' id='word_1_980' title='bbox 1075 2846 1114 2882; x_wconf 87' lang='grc' dir='ltr'><strong>τῷ</strong></span> <span class='ocrx_word' id='word_1_981' title='bbox 1125 2846 1269 2882; x_wconf 72' lang='grc' dir='ltr'><strong>ὀμοουσίῳ,</strong></span> <span class='ocrx_word' id='word_1_982' title='bbox 1288 2854 1346 2882; x_wconf 89' lang='lat' dir='ltr'><strong>cap.</strong></span> <span class='ocrx_word' id='word_1_983' title='bbox 1359 2848 1384 2880; x_wconf 86' lang='lat'><strong>9,</strong></span> <span class='ocrx_word' id='word_1_984' title='bbox 1401 2854 1474 2874; x_wconf 89' lang='lat' dir='ltr'><strong>uqu.</strong></span> <span class='ocrx_word' id='word_1_985' title='bbox 1489 2847 1520 2874; x_wconf 77' lang='grc'><strong>17</strong></span> <span class='ocrx_word' id='word_1_986' title='bbox 1536 2851 1563 2874; x_wconf 77' lang='lat' dir='ltr'><strong>et</strong></span> <span class='ocrx_word' id='word_1_987' title='bbox 1580 2846 1623 2873; x_wconf 72' lang='lat'><strong>{8.</strong></span> 
     </span>
    </p>
   </div>
  </div>
