1904 3077
67 119 129 149 705

67 180 109 208 De
122 180 289 217 dogmatib.,
302 189 365 217 cap.
378 183 395 210 ι
408 191 416 209 :
432 191 442 209 ι
454 183 536 217 Nihil,
551 184 649 220 inquit,
666 185 717 214 sibi
734 185 866 213 invisibile

67 232 84 252 a
99 227 245 255 creaturis
269 228 309 262 (in
331 227 460 257 Trinitate
479 230 626 267 credamus)
642 235 672 258 ιιι
693 231 836 267 Origenes.
851 241 861 258 ι

67 270 247 307 Legendnm,
258 273 285 300 ni
293 273 384 308 fallor,
397 280 426 303 ιιι
440 277 583 310 creaturis,
599 278 649 305 hoc
665 284 716 311 est,
729 279 795 306 nihil
803 286 865 306 esse

69 317 227 347 credamus
239 320 267 347 in
283 319 428 355 Trinitate,
446 322 518 357 quod
533 323 568 350 ab
579 322 715 358 aliquibus
726 324 785 359 ejus
803 331 865 360 per-

69 364 148 390 sonis
165 364 258 392 videri
269 372 322 393 non
336 366 433 400 possit,
444 368 672 401 quemadmodum
695 376 710 395 a
730 369 865 396 creaturis

68 409 159 437 videri
181 417 238 437 non
269 415 368 445 potest,
397 412 468 446 quod
488 413 590 447 putavit
615 413 757 448 Origenes.
773 413 826 441 Par
838 419 866 442 et

70 453 117 482 illa
136 453 289 483 Justiniani
314 456 340 483 in
365 456 486 492 Epistula
509 459 543 485 ad
572 458 695 492 Menam,
717 464 745 486 et
771 460 864 488 lsidori

69 500 117 528 lib.
134 509 186 528 vm
202 501 321 537 0rigin.,
340 510 400 536 cap.
418 502 445 535 5.
466 508 493 531 et
515 505 640 539 anonymi
656 505 774 533 auctoris
796 506 865 540 Apo-

71 546 149 581 logite
163 555 216 581 pro
230 547 353 582 Origene,
370 549 440 583 apud
456 549 665 583 Photium,eod.
679 558 763 583 cxvn,
778 555 805 578 et
817 551 864 578 Ni-

69 596 136 619 eetae
150 592 322 626 Acominatl,
339 599 366 621 et
379 594 488 623 Honorii
501 596 755 631 Augustodunensis
771 597 796 624 in
817 597 862 624 lib.

69 638 110 666 De
122 639 191 668 hrer.
210 645 239 667 et
255 639 368 667 Cedreni
389 640 415 668 in
428 640 595 674 Compendio,
614 646 642 669 et
655 642 744 670 Suidaa
761 643 786 669 in
800 650 866 670 voce

76 683 246 719 Ὠριτένης,
263 689 290 712 et
302 684 415 713 Zonaras
427 685 476 713 lib.
497 694 517 713 ιι
540 686 566 713 in
580 686 671 714 Decio.
692 687 780 722 Atque
794 689 866 715 hunc

70 737 154 765 porro
170 737 298 758 errorem
315 731 348 758 ab
370 731 531 760 Adamantio
556 738 692 761 mutuatus
709 739 751 761 est
773 734 864 767 Arius,

71 783 154 810 quem
172 775 270 804 dicere
283 785 378 804 ausum
397 785 458 805 esse
475 783 568 805 narrat
582 779 749 806 Athanasius
763 779 801 806 De
820 789 865 815 sy-

72 821 169 848 nodia:
194 822 329 849 Ἀδύνατα
345 822 403 858 Υἱῷ
416 824 463 850 τὸν
489 824 599 859 Πατέρα
626 825 786 861 ὲξιχνιάσαι,
812 823 867 858 οἷός

72 867 144 893 ἐστιν
152 867 197 902 ἐφ’
213 868 322 894 ἑαυτοῦ.
334 870 419 901 Αὐτὸς
432 869 485 904 γὰρ
500 871 513 896 ὁ
528 870 590 902 Υἱὸς
604 871 652 906 τὴν
663 871 758 898 ἑαυτοῦ
772 872 864 898 οὐσίαν

71 912 121 939 οὐκ
141 910 227 940 οἶδεν.
255 914 319 946 Υἱὸς
334 914 387 950 γὰρ
413 914 461 947 ὢν,
485 915 591 951 Θελήσει
609 917 715 952 Πατρὸς
742 918 864 953 ὑπῆρχεν

72 958 190 992 ἀληθῶς.
210 959 261 991 Τίς
272 959 325 995 γὰρ
339 960 416 994 λόγος
434 963 570 996 συγχωρεῖ
580 961 625 988 τὸν
638 963 669 988 ὲκ
683 963 788 997 Πατρὺς
801 964 864 990 ὄντα

73 1004 154 1030 αὐτὸν
164 1004 212 1030 τὸν
226 1006 393 1040 γεννήσαντα
405 1006 505 1040 γνῶναι
513 1007 542 1033 ὲν
552 1007 700 1042 καταλήψει
711 1016 718 1040 ;
731 1008 814 1043 Δῆλον
825 1009 865 1035 ὅτι

74 1049 103 1076 τὸ
117 1050 207 1086 ἀρχὴν
223 1050 285 1086 ἕχον
302 1051 348 1078 τὸν
360 1052 476 1087 ἄναρχον
488 1052 525 1084 ὥς
543 1054 616 1079 ἐστιν
629 1053 834 1090 ἐμπερινοῆσαι,
847 1054 864 1090 ἢ

75 1096 327 1133 ὲμπεριδράξασθαι
345 1098 394 1133 οὐχ
409 1095 495 1125 οἷόντέ
521 1099 604 1127 ἐστιν,
621 1109 629 1126 t
648 1100 774 1128 Possibilc
793 1101 864 1128 enim

77 1142 126 1176 ipsi
143 1150 198 1170 non
212 1148 256 1171 est
267 1144 430 1180 investigare
448 1144 554 1172 Patrem
567 1146 657 1180 qualis
671 1146 697 1173 in
710 1147 800 1181 seipso
812 1151 864 1174 est.

76 1187 159 1216 Filius
173 1189 276 1225 quippe
291 1197 368 1217 suam
392 1191 451 1225 ipse
465 1192 609 1219 essentiam
625 1200 678 1219 non
696 1193 779 1220 novit.
798 1193 864 1221 Cum

78 1234 112 1262 sit
128 1235 200 1262 enim
218 1235 316 1266 Filius.
337 1238 477 1264 voluntate
493 1237 581 1266 Patris
598 1238 659 1266 talis
673 1239 787 1266 exstitit.
800 1239 866 1273 Qua:

78 1280 148 1308 enim
168 1283 297 1310 concedit
314 1283 382 1309 ratio
406 1289 467 1310 eum
481 1284 526 1318 qui
544 1284 579 1311 sit
596 1292 629 1312 ex
652 1285 744 1318 Patre,
762 1286 866 1319 genito-

81 1333 134 1353 rem
146 1326 235 1361 ipsum
250 1329 491 1363 comprehensione
497 1330 679 1364 cognoscere?
690 1330 864 1366 Perspicuum

80 1375 129 1404 est,
149 1372 221 1406 quod
243 1373 325 1400 habet
340 1374 513 1409 principium,
528 1383 589 1402 eutn
603 1376 648 1410 qui
660 1381 752 1403 careat
763 1377 866 1410 princi-

82 1415 124 1450 pio
138 1422 228 1445 mente
242 1419 382 1453 complecti
397 1420 438 1448 vel
455 1421 683 1455 comprehendere
695 1429 747 1449 non
759 1429 863 1457 posse.»

115 1461 204 1490 XVIII.
222 1465 259 1491 At
283 1472 342 1491 eam
357 1466 575 1494 criminationem
592 1466 628 1493 ab
644 1467 760 1502 Origene
775 1468 866 1496 multis

84 1507 213 1542 depellere
231 1515 346 1537 conatur
359 1510 470 1538 Ruﬁnus
484 1511 582 1538 Invect.
598 1520 605 1538 ι
621 1511 646 1538 in
659 1511 865 1547 Hieronymum,

84 1555 254 1589 ostenditque
271 1557 304 1583 ad
316 1556 490 1584 refellendam
516 1556 767 1595 Valentinianorum
782 1559 866 1586 luere-

84 1599 142 1631 sim,
159 1601 204 1634 qui
221 1602 306 1628 Deum
319 1610 479 1636 corporeum
502 1604 628 1630 humanis
643 1604 771 1631 membris
788 1604 864 1631 habi-

86 1648 162 1678 tuque
176 1652 349 1674 constantem
366 1648 564 1682 describebant,
578 1649 719 1685 Origenem
737 1650 865 1684 probasse

87 1690 162 1717 Deum
175 1699 208 1719 ex
229 1698 327 1720 natura
341 1701 389 1720 sua
402 1701 516 1728 corpore
530 1701 632 1726 carere,
647 1702 678 1722 ac
693 1695 805 1729 proinde
815 1696 864 1722 sub

85 1736 172 1764 oculos
181 1737 281 1765 cadere
293 1747 344 1766 non
359 1746 446 1774 posse,
464 1739 593 1767 visionem
609 1740 708 1775 quippe
722 1748 864 1774 corporum

87 1787 157 1813 esse;
173 1782 248 1809 nosci
268 1787 356 1810 autem
373 1791 462 1818 posse,
490 1785 559 1819 quod
583 1786 703 1819 cognitio
728 1793 818 1812 rerum
833 1785 868 1812 sit
884 1785 887 1788 “

87 1832 195 1860 corpore
219 1829 388 1860 carentium;
408 1831 484 1856 nosci
516 1830 600 1864 igitur
626 1829 734 1857 Patretn
750 1838 763 1856 a
780 1829 867 1862 Filio,

88 1870 165 1898 videri
180 1873 348 1908 neutiquam.
359 1874 424 1901 Tum
439 1875 527 1902 locum
538 1876 624 1910 ipsutn
639 1875 763 1909 Origenis
772 1876 870 1910 depro-

90 1916 143 1948 mit,
152 1917 177 1943 in
193 1925 248 1952 quo
264 1919 320 1946 haec
336 1919 467 1947 habentur
482 1929 488 1946 2
504 1930 512 1945 ι
526 1921 603 1948 Aliud
621 1926 663 1948 est
679 1921 780 1953 videre,
795 1921 867 1948 aliud

90 1969 247 1996 cognoscere
261 1966 363 1993 :videri
373 1971 400 1993 et
417 1966 507 1994 videre
522 1975 664 2002 corporum
673 1972 714 1994 est
725 1967 866 2001 :cognosci

123 2052 159 2094 (ῃ
171 2053 242 2094 Βζιιηι
257 2055 442 2094 Hieronymus,
459 2061 511 2085 etc.
525 2057 580 2094 lloc
595 2058 655 2085 loco
670 2066 722 2085 non
736 2058 793 2087 suis
809 2058 866 2092 ipse

91 2089 175 2116 verbis
190 2089 309 2127 loquitur
321 2089 460 2126 Origenes.
475 2093 521 2119 sed
537 2093 619 2119 alium
639 2094 742 2120 inducit
754 2089 866 2127 loquen-

92 2126 152 2163 tem.
165 2125 243 2159 cujus
259 2125 421 2163 sententiam
447 2127 518 2163 nulla
536 2128 740 2161 approltationis
763 2125 866 2163 signiti-

92 2162 191 2197 catione
208 2162 362 2197 conﬁrmat,
379 2167 407 2187 ut
424 2162 539 2196 quisque
562 2165 715 2197 perspicere
728 2162 818 2196 potest
831 2170 864 2190 ex

506 123 794 154 ORIGENIANORUM
813 123 877 152 LIB.

898 123 931 158 Il,
951 123 1026 151 CAP.
1045 124 1078 156 Il,
1097 123 1231 158 QUASST.
1250 124 1282 152 ll.
1644 126 1694 153 766

879 187 904 216 Α
916 189 943 212 et
957 191 1133 221 cognoscere,
1159 183 1350 212 intellectualis
1366 179 1469 212 naluric
1488 189 1540 212 est.
1560 185 1695 220 Quidquid

914 239 979 267 ergo
993 232 1132 266 proprium
1151 238 1294 265 corporum
1305 234 1357 262 est,
1375 230 1426 258 hoc
1442 238 1492 258 nec
1509 232 1541 258 de
1554 231 1635 259 Patre
1643 237 1696 265 est,

914 284 965 304 nec
993 277 1026 304 de
1043 275 1111 302 Filio
1137 275 1320 302 sentiendum.
1341 274 1418 307 Quod
1433 282 1497 302 vero
1523 276 1557 302 ad
1574 280 1697 303 naturam

913 321 1031 355 pertinet
1049 320 1177 349 Deitatis.
1202 320 1253 346 hoc
1280 319 1351 346 inter
1365 318 1471 346 Patrem
1484 324 1510 347 et
1526 319 1623 347 Filium
1636 327 1698 348 con-

914 370 980 394 stat.
999 375 1009 392 t
1024 366 1067 394 Ait
1083 366 1192 393 demum
1213 365 1386 399 depravatam
1408 365 1462 393 hoc
1478 366 1548 397 loco,
1565 370 1592 393 et
1603 373 1698 393 eorm-

915 416 987 446 ptam
1004 411 1087 438 fuisse
1107 419 1183 438 suam
1201 411 1462 446 interpretationem,
1478 415 1560 446 atque
1583 411 1620 438 ita
1634 418 1698 445 pur-

915 458 993 493 gandi
1021 459 1062 484 sui
1079 465 1160 484 causa
1179 456 1318 484 concludit
1334 465 1341 483 :
1359 465 1368 482 ι
1390 456 1418 484 Si
1441 457 1502 491 quis
1522 461 1602 491 negat
1625 455 1697 491 quod

915 510 968 529 non
990 502 1025 529 ita
1048 503 1121 529 videt
1146 500 1231 528 Filius
1248 501 1369 534 Patrem,
1385 501 1455 528 sicut
1481 501 1561 528 Pater
1578 501 1696 534 Filium;

915 551 942 574 et
958 554 1010 573 non
1027 546 1062 573 ita
1082 546 1156 572 videt
1171 545 1285 578 Spiritu;
1301 549 1411 572 sanctus
1429 544 1534 571 Patrem
1549 548 1576 571 et
1588 543 1697 575 Filium,

915 593 985 618 sicut
1000 591 1073 618 videt
1089 590 1167 618 Pater
1185 591 1284 618 Filiqu
1300 596 1328 617 et
1342 590 1473 624 Spiritum
1487 594 1619 621 sanctum,
1631 596 1699 616 ana-

917 638 1005 663 thema
1022 637 1066 664 sit.
1091 635 1169 663 Videt
1186 636 1271 667 enim,
1298 639 1325 662 et
1350 634 1490 661 verissime
1502 634 1585 665 videt,
1605 633 1653 661 sed
1668 636 1699 661 ut

916 681 986 708 Deus
999 680 1094 713 Deum,
1108 685 1135 708 et
1158 680 1206 707 lux
1220 680 1319 712 lucem,
1339 683 1367 706 et
1382 686 1434 706 non
1448 683 1477 705 ut
1495 685 1558 705 caro
1576 684 1699 711 carnem,

917 726 962 753 sed
976 731 1004 752 ut
1019 726 1136 760 Spiritus
1151 731 1281 758 sanctus;
1312 732 1365 751 non
1396 724 1536 757 corporeis
1563 722 1699 755 sensibus,

917 773 962 800 sed
978 771 1125 798 virtutibus
1141 772 1264 799 Deitatis.
1283 781 1293 797 ι
1311 770 1401 797 Rufini
1418 770 1621 805 responsionem
1634 769 1701 796 arri-

917 819 975 853 puit
995 822 1024 844 et
1048 817 1159 844 uberius
1183 816 1331 851 explicavit
1356 815 1495 841 Halloxius
1521 813 1567 840 lib.
1585 822 1610 840 ιν
1623 812 1697 848 Orig.

883 859 904 887 Β
917 862 1029 895 defertu,
1046 865 1143 896 quaest.
1156 861 1183 888 ι.
1196 860 1282 888 Porro
1294 860 1370 887 locus
1384 859 1506 893 Origenis
1521 858 1563 885 Itis
1577 858 1699 886 celebra-

918 913 962 935 tus
976 907 1225 935 concertationibus
1240 910 1329 932 exstat
1341 905 1387 932 lib.
1407 912 1414 931 ι
1435 905 1503 938 Περὶ
1516 903 1626 938 ἀρχῶν,
1638 910 1700 937 cap.

919 954 945 986 l,
973 961 1047 980 num.
1066 954 1093 986 8,
1114 952 1158 979 cui
1185 951 1300 979 similem
1318 950 1432 977 alterum
1459 949 1578 983 reperies
1600 948 1646 974 lib.
1669 956 1700 980 tt,

918 1008 979 1035 cap.
992 999 1020 1030 4,
1037 1007 1112 1026 ιιιιιιι.
1128 999 1155 1025 3.
1172 997 1218 1025 His
1231 997 1340 1032 adiungi
1355 1000 1445 1030 potest
1464 995 1497 1022 ad
1512 995 1623 1021 tutelam
1639 994 1702 1021 Ori-

917 1044 992 1078 genis
1007 1048 1034 1069 et
1050 1042 1093 1069 ille
1104 1049 1211 1076 quoque
1225 1049 1240 1068 e
1258 1047 1323 1067 tom.
1343 1048 1377 1067 Π
1403 1039 1429 1066 in
1453 1038 1544 1071 Joan.,
1560 1047 1634 1066 num.
1651 1039 1666 1065 7
1687 1047 1695 1065 :

919 1090 1024 1124 ’Ὠσπερ
1038 1087 1196 1123 ἀνθρώπους
1209 1086 1241 1113 ἄν
1262 1095 1337 1117 τινας
1350 1085 1472 1120 εἴποιμεν
1489 1085 1535 1111 ἀπ’
1549 1085 1635 1120 ἀρχῆς
1649 1085 1700 1112 αὒ-

917 1136 1017 1167 τὸπτας
1033 1135 1172 1169 γεγονέναι
1187 1134 1234 1160 τοῦ
1247 1133 1344 1167 Λόγου,
1360 1133 1423 1167 περὶ
1432 1129 1468 1158 ὧν
1479 1133 1493 1158 ὁ
1507 1132 1611 1163 Λουκᾶς
1623 1140 1698 1167 φησι·

917 1182 1020 1214 Καθὼς
1030 1179 1279 1215 παρέδοσαν-ἡμῖν
1291 1180 1317 1205 οὶ
1330 1178 1379 1205 ἀπ’
1388 1176 1484 1212 ἀρχῆς
1500 1177 1641 1203 αὐτόπται
1651 1177 1700 1203 καὶ

918 1227 1061 1262 ὑπηρέται
1073 1227 1225 1261 γενόμενοι
1247 1225 1299 1252 τοῦ
1315 1225 1425 1259 Λόγουθ
1441 1224 1512 1251 οὕτω
1526 1224 1569 1250 τὸν
1586 1224 1702 1260 Σωτῆρα

918 1272 1055 1307 αὐτόπτην
1077 1271 1188 1306 λέξομεν
1211 1268 1280 1296 εἶναι
1302 1269 1357 1296 τῶν
1379 1270 1455 1305 παρὰ
1473 1268 1510 1304 τῷ
1533 1268 1630 1304 Πατρὶ,
1654 1267 1702 1296 καὶ

919 1318 988 1344 κατὰ
1004 1317 1083 1343 τοῦτο
1104 1315 1228 1352 εἰρῆσθαι
1242 1316 1286 1342 τό⁶
1305 1315 1410 1348 Οὐδεὶς
1428 1315 1504 1349 ἔγνω
1521 1314 1573 1341 τόν
1587 1313 1703 1349 Πατέρα

919 1365 944 1390 el
954 1363 996 1398 μὴ
1009 1365 1025 1390 ὀ
1041 1362 1117 1395 Υἱὸς,
1125 1361 1223 1389 οὐκέτι
1232 1362 1387 1388 αὺτόπτων
1396 1361 1489 1387 ὄντων
1498 1357 1542 1393 οἷς
1552 1359 1591 1386 ἂν
1604 1361 1620 1387 ό
1637 1359 1703 1392 Υιὸς

919 1409 1112 1443 ἀποκαλύψῃ·
1128 1408 1201 1443 δηλοῖ
1211 1408 1239 1434 δὲ
1254 1407 1285 1434 τὸ
1307 1407 1443 1442 αὐτόπτην
1456 1406 1509 1433 τῶν
1518 1407 1547 1432 ἐν
1560 1405 1599 1441 τῷ
1615 1406 1702 1441 Πατρὶ

919 1455 1061 1490 τυγχάνειν
1075 1455 1119 1480 τὸν
1133 1454 1247 1489 Σωτῆρα
1263 1453 1356 1487 σαφῶς
1372 1454 1389 1488 ἡ
1404 1452 1569 1488 προκειμένη
1584 1451 1655 1485 λέξις
1674 1452 1703 1478 ὲν

919 1500 974 1536 τῷ·
998 1501 1032 1528 Ἃ
1053 1500 1110 1535 ἐγὼ
1127 1500 1241 1534 ἑώρακα
1264 1499 1343 1533 παρὰ
1357 1498 1397 1531 τῷ
1412 1498 1512 1532 Harp},
1532 1497 1625 1524 λαλῶ.
1655 1497 1703 1524 llic

917 1553 1019 1577 autem,
1050 1551 1079 1572 ut
1102 1545 1164 1572 alibi
1180 1552 1261 1579 saepe,
1287 1544 1351 1571 illud
1373 1551 1406 1570 cx
1423 1544 1549 1578 Apologia
1569 1543 1702 1578 Pamphili

917 1599 1052 1626 usurpare
1075 1591 1158 1618 licet:
1178 1600 1187 1616 ι
1207 1590 1322 1618 Dubium
1349 1595 1438 1616 autem
1469 1597 1522 1616 non
1553 1593 1605 1622 est,
1630 1589 1702 1624 quod

917 1638 1011 1664 eodem
1029 1645 1110 1665 sensu
1133 1636 1213 1664 etiam
1235 1636 1262 1662 in
1280 1635 1387 1663 caateris
1404 1635 1514 1667 sentiat,
1529 1643 1578 1663 nec
1594 1636 1630 1662 sit
1650 1635 1702 1662 sibi

917 1683 975 1717 ipse
990 1682 1152 1709 contrarius.
1169 1691 1178 1707 ι

952 1735 1024 1763 XIX.
1040 1736 1167 1762 Attamen
1184 1743 1217 1763 ne
1241 1736 1360 1770 perfecte
1377 1735 1486 1770 quidem
1501 1740 1528 1763 et
1544 1735 1622 1770 plene
1651 1734 1702 1762 Pa-

920 1786 988 1808 trem
1005 1789 1020 1807 a
1040 1781 1109 1808 Filio
1129 1781 1216 1813 nosci,
1231 1781 1268 1808 ita
1285 1786 1314 1808 ut
1332 1789 1347 1808 a
1360 1781 1450 1815 seipso
1471 1781 1593 1808 noscitur
1610 1781 1701 1813 Pater,

920 1831 1108 1864 tninoremque
1123 1836 1184 1857 esse
1211 1830 1391 1862 cognitionem
1417 1829 1479 1857 Filii
1504 1836 1585 1864 quam
1615 1829 1702 1856 Patris

919 1881 1110 1910 nonnunquam
1132 1874 1266 1910 Origenes
1277 1875 1412 1902 asseruit:
1427 1873 1467 1909 (7)
1491 1881 1552 1900 nam
1571 1874 1703 1909 Ilierouy-

920 1927 979 1947 mus
1011 1920 1036 1946 in
1061 1919 1140 1954 epist.
1179 1919 1224 1951 59,
1248 1919 1282 1945 ad
1310 1919 1392 1950 Avit.,
1407 1926 1468 1954 cap.
1488 1918 1516 1950 4,
1532 1918 1629 1946 recitat
1651 1919 1702 1946 hoc

919 1966 1007 2001 ipsius
1022 1965 1162 1993 decretum
1183 1972 1199 1992 e
1220 1965 1267 1992 lib.
1282 1973 1308 1992 IV
1323 1965 1394 2000 Περὶ
1409 1964 1522 1999 ἀρκῶν,
1547 1972 1623 1993 ιιιιιιι.
1653 1965 1700 1997 35,

919 2058 1007 2085 cimus
1024 2057 1136 2085 artiﬁcis
1153 2057 1272 2084 animum
1288 2056 1356 2083 artis
1372 2056 1443 2083 srire
1458 2063 1623 2083 mensuram.
1643 2055 1701 2084 Nec

919 2093 1028 2120 dubium
1054 2094 1117 2127 quin
1131 2092 1152 2118 si
1169 2091 1250 2118 Pater
1271 2092 1306 2118 sit
1321 2092 1346 2118 in
1359 2091 1437 2124 Filio,
1450 2096 1475 2118 et
1490 2091 1702 2125 comprehenda-

920 2132 964 2154 tur
978 2129 1010 2155 al)
1022 2135 1054 2155 eo
1067 2130 1093 2154 in
1113 2135 1165 2162 qtto
1186 2132 1237 2154 est.
1259 2127 1306 2153 Sin
1321 2131 1410 2153 autem
1431 2127 1701 2162 comprehensionem

918 2170 978 2190 eam
995 2164 1122 2195 dicitnus,
1136 2167 1166 2189 ιιι
1180 2170 1234 2189 non
1250 2162 1337 2188 solum
1351 2168 1431 2188 sensu
1449 2161 1510 2195 quis
1529 2166 1557 2187 et
1568 2161 1699 2194 sapientia

93 2191 145 2232 ipso
165 2195 334 2232 testimonio,
353 2191 438 2232 quod.
459 2191 692 2224 Graece-habetur
707 2191 754 2224 lib.
778 2205 805 2224 tv
827 2197 864 2224 De
879 2192 904 2221 D
917 2191 1139 2232 comprehendat,
1172 2198 1218 2224 sed
1241 2202 1269 2224 et
1295 2196 1394 2223 virtute
1410 2201 1438 2224 et
1458 2191 1579 2232 potentia
1599 2191 1702 2232 cuncta

93 2229 233 2266 principiis,
259 2238 334 2257 num.
352 2231 396 2258 55,
423 2232 511 2265 Atque
532 2232 638 2258 etiamsi
659 2233 709 2259 hoc
735 2233 793 2259 loco
811 2240 864 2259 non

95 2261 203 2301 alienam
232 2266 405 2301 sententiam,
428 2261 475 2293 sed
503 2274 577 2292 suam
594 2273 769 2301 proponeret,
794 2267 866 2294 illius

96 2298 208 2335 profecto
222 2300 301 2326 verba
314 2302 408 2328 eodem
422 2309 502 2328 sensu
517 2298 671 2334 accipienda
688 2298 797 2333 essent,
811 2309 865 2335 quo

96 2332 140 2372 [ειη
159 2332 247 2372 Basilii
264 2335 363 2372 exilib."
375 2344 399 2362 tv
412 2337 536 2372 adversus
551 2332 709 2362 Eunomium
725 2345 734 2363 :
752 2332 866 2372 Eleisq-

96 2365 160 2406 θινὸς
172 2368 246 2401 Θεὸς,
264 2371 310 2396 καὶ
327 2371 395 2404 φῶς.
412 2372 458 2398 καὶ
475 2371 618 2406 ἄτρεπτος,
633 2372 679 2397 καὶ
693 2372 804 2405 ἀγαθὸς,
819 2365 866 2399 καὶ

95 2399 174 2442 ἅγιος,
187 2399 232 2442 καί
241 2399 349 2442 Κύριοξ
359 2399 450 2442 ὀῗΥἱός
460 2415 467 2421 ο
489 2399 574 2432 ταῦτα
587 2399 617 2432 5’5
628 2407 673 2432 καὶ
685 2408 698 2433 ὁ
710 2399 804 2442 Πατὴρ
816 2407 864 2439 ὡν,

95 2435 139 2479 εἶτα
145 2438 242 2479 spolior,-
251 2435 408 2479 satis,
420 2435 561 2479 μὲιζόνῳς
569 2442 618 2468 οὐκ
630 2441 722 2479 αὐσίας
735 2435 864 2479 ὑπέροχῇξ

99 2450 242 2498 mttunt);
251 2450 334 2471 εστιν,
343 2450 408 2468 αΛΑα
420 2450 561 2502 fatgem;
569 2450 618 2468 ουκ
630 2450 722 2473 aucta;
735 2450 864 2479 υπεροχῃ,

99 2504 104 2510 Ι
170 2475 307 2512 notem-:0;
317 2476 419 2511 ὑπερὸο
436 2478 464 2512 ᾖ.
479 2487 488 2502 ‹
504 2477 531 2503 Si
542 2484 620 2504 verus
633 2477 713 2509 Detts,
729 2483 757 2504 et
772 2479 828 2510 tux,
838 2483 867 2505 et

99 2510 272 2547 tammutabilis,
285 2516 312 2537 et
334 2510 474 2543 boims,“ct
486 2517 615 2544 sanctus;
632 2517 659 2538 et
676 2513 803 2539 Dominus
825 2517 866 2540 est

98 2538 182 2570 Filius.
199 2538 360 2572 Haec'autem
377 2551 404 2574 et
418 2538 498 2574 Pater
524 2538 591 2574 cum
608 2538 654 2578 5n,
672 2538 723 2574 non
740 2538 866 2575 sittiiliter

99 2580 348 2618 fiuisedamplius;
365 2589 416 2608 non
429 2583 587 2618 substantiae
601 2583 804 2616 exsuperantia.
818 2583 865 2610 sed

99 2611 226 2652 qualitatis
237 2611 406 2652 praestantia.
423 2626 432 2642 ι
448 2617 481 2644 Ει
497 2618 565 2643 hanc
585 2624 644 2643 esse
670 2611 787 2645 inetttem
799 2611 865 2645 Ori-

100 2648 166 2703 ﬁettis
181 2648 338 2684 intelligitur
357 2659 389 2678 ex
404 2652 437 2678 iis
450 2652 539 2678 verbis
549 2659 609 2686 quae
626 2653 780 2686 praecedunt
794 2654 865 2688 apud

123 2686 278 2703 lernnvmum
320 2687 364 2703 ulmi
383 2687 510 2703 (lu-innan
537 2694 588 2703 mm
605 2687 715 2703 nnminn
736 2687 854 2703 Inunh..-

123 2686 291 2722 temnymum,
320 2687 364 2713 ubi
383 2687 512 2722 Origenes
527 2694 588 2722 suo
604 2687 715 2722 nomine
735 2686 863 2722 loquitur,

100 2719 128 2756 I_c
140 2719 227 2745 statuit
238 2727 289 2756 non
299 2728 359 2748 esse
369 2719 478 2748 oubiinn
488 2721 551 2756 quin
562 2721 586 2748 si
609 2720 689 2749 Pater
698 2723 733 2749 sit
743 2719 778 2749 in‘
784 2719 862 2754 Filio,

102 2752 434 2795 ἵιέίτξξιρτθιιεηάιιιιξ.εδ
460 2752 505 2795 soi
522 2757 624 2795 ίπιπίιιιίξ
634 2762 676 2784 εει
688 2766 721 2795 τε
745 2758 773 2784 Si
792 2752 864 2795 ειιίιιὲ

120 2788 200 2827 fitﬁt":
211 2791 347 2824 cognoscit
361 2790 455 2824 Filius,
472 2788 697 2826 inquit,’videtur,
709 2793 735 2819 in
747 2800 780 2820 eo
794 2793 865 2827 quod

105 2820 170 2847 uovtt
183 2820 296 2858 Patroni,
310 2832 389 2860 posse
399 2820 458 2854 eum
473 2820 705 2862 coittpreltendcrc
720 2835 729 2856 ς
747 2833 775 2855 ιιι
790 2820 812 2856 si
823 2827 866 2856 di-

920 2230 1010 2259 teneat
1037 2234 1082 2267 qtti
1101 2233 1247 2266 cognovit,
1262 2239 1321 2267 non
1343 2238 1485 2267 possumus
1510 2230 1601 2258 dicere
1629 2231 1700 2267 quod

917 2266 1129 2301 comprehendat
1155 2267 1239 2294 Filius
1258 2266 1377 2294 Patrem.
1407 2266 1487 2293 Pater
1512 2273 1578 2293 vero
1607 2266 1698 2294 omnia

916 2303 1129 2334 comprehendit.
1144 2302 1216 2329 Inter
1230 2302 1320 2328 omnia
1337 2306 1426 2328 autem
1436 2307 1463 2328 et
1475 2300 1557 2327 Filius
1570 2305 1621 2332 est,
1635 2309 1702 2336 ergo

917 2341 943 2364 et
963 2336 1060 2363 Filium
1086 2337 1300 2371 comprehendit.
1320 2346 1329 2362 ι
1344 2336 1484 2364 Postrema
1502 2337 1583 2363 verba
1607 2337 1701 2364 Graece

917 2373 987 2406 apud
1009 2371 1190 2398 Justininnnm
1215 2373 1246 2397 ad
1264 2373 1366 2399 calcem
1388 2372 1468 2405 epist.
1485 2371 1517 2397 ad
1534 2371 1638 2398 Menam
1661 2373 1700 2397 sic

916 2405 1039 2448 leguntur
1049 2415 1055 2432 :
1066 2407 1133 2448 ῌιρὲ
1145 2408 1159 2432 ὁ
1172 2407 1268 2448 Haemi.
1277 2406 1439 2448 ἐμπεριέχει-
1447 2406 1481 2432 τὰ
1496 2406 1592 2448 παντα,
1607 2405 1701 2448 τεῖξνιδὲ

917 2442 1025 2478 τιάντων
1047 2442 1078 2468 τέ
1101 2443 1174 2478 ἐστιν
1197 2443 1212 2468 ὁ
1227 2441 1307 2474 Υἱὸς)
1330 2441 1408 2478 δῆλον
1427 2443 1467 2468 ὅτι
1495 2442 1542 2478 διαὶ
1558 2441 1603 2468 τὸν
1626 2441 1699 2478 Υλὶόν.

918 2477 1052 2504 Unitatem
1070 2477 1193 2504 essentia:
1207 2482 1235 2503 et
1245 2475 1426 2511 aequalitatem
1451 2478 1478 2504 in
1501 2477 1578 2502 Patre
1592 2482 1619 2502 et
1632 2475 1703 2503 Filio

916 2511 1029 2539 miriﬁce
1040 2513 1150 2545 exponit
1163 2511 1304 2546 Origenes,
1317 2513 1380 2539 dum
1394 2511 1503 2539 Patrem
1515 2520 1529 2538 a
1547 2511 1616 2539 Filio
1626 2519 1703 2538 com—

916 2547 1171 2582 prehendistatuit,
1187 2548 1247 2580 quia
1272 2547 1352 2573 Pater
1369 2548 1395 2574 in
1420 2546 1488 2573 Filio
1512 2552 1561 2573 est.
1591 2547 1700 2582 Patrem

916 2589 981 2616 ergo
995 2582 1020 2608 in
1037 2581 1106 2609 Filio
1123 2588 1183 2608 esse
1199 2582 1337 2616 credebat,
1357 2589 1408 2608 non
1433 2583 1496 2616 quia
1522 2582 1595 2609 Patri
1612 2581 1699 2608 Filius

916 2615 1018 2648 obcdit,
1033 2617 1079 2644 sed
1091 2617 1155 2651 quia
1171 2615 1240 2643 Filio
1254 2615 1335 2651 Pater
1347 2621 1429 2643 totam
1440 2615 1557 2643 divinant
1574 2617 1700 2644 substano

917 2652 980 2678 tiam
998 2650 1151 2686 generando
1167 2651 1286 2678 tradidit.
1303 2650 1381 2679 Unde
1396 2652 1537 2686 scientiam
1550 2657 1577 2679 et
1593 2653 1702 2685 sapien-

918 2687 981 2713 tiam
993 2685 1019 2713 ιιι
1035 2692 1148 2721 utroque
1159 2686 1288 2722 :cqualem
1304 2687 1426 2721 agnoscit
1442 2685 1581 2721 Origenes,
1596 2695 1627 2713 ac
1637 2687 1701 2713 illud

917 2727 1021 2748 tantum
1036 2722 1288 2755 comprehensionis
1306 2729 1403 2755 genus,
1415 2729 1467 2756 quo
1483 2722 1603 2756 genitum
1623 2729 1701 2748 com-

915 2757 1056 2792 prehendit
1073 2757 1187 2792 genitor,
1202 2765 1217 2784 a
1230 2756 1297 2783 Filio
1309 2761 1438 2785 removet.
1452 2771 1488 2776 —
1501 2756 1621 2783 Dotnnns
1631 2756 1700 2792 Pru-

916 2793 990 2819 dent.
1018 2791 1110 2819 Maran
1133 2792 1170 2820 De
1193 2793 1297 2821 divinit.
1318 2791 1414 2820 Christi
1441 2792 1487 2819 ιιι).
1512 2799 1548 2826 Iv,
1573 2799 1635 2827 cap.
1654 2791 1687 2818 Hi

918 2835 994 2856 num.
1006 2827 1024 2855 2
1035 2832 1062 2856 et
1077 2828 1105 2855 4.
