1904 3077
191 131 242 159 76⁸1

841 127 872 155 P.
892 126 1047 155 DANlELlS
1065 123 1182 153 HUETII

1767 117 1827 144 768

191 191 262 227 quod
276 195 302 217 ct
317 189 410 219 Grrece
423 188 533 216 exhibet
546 187 713 216 Just-iuianus
734 187 762 214 in
780 187 831 214 line
850 184 977 220 Epistola:
991 209 994 215 λ

1054 180 1137 212 τοτοῦ
1154 183 1260 219 Πατρδς
1275 181 1427 216 ἁγνοεισοαι
1445 182 1498 207 rma
1511 170 1557 206 τοῦ
1577 178 1654 209 Υἱοὶ),
1671 178 1823 214 διαρκοῦν-

195 237 231 264 ad
253 235 382 263 Menam:
402 233 497 265 Ἀλλος
521 233 550 259 δέ
576 242 618 265 τις
630 232 742 268 ζητήσει
766 233 790 259 εἰ
815 231 913 267 ἀληθὲς
944 231 976 258 τὸ

191 281 293 317 ὁμοίως
307 280 351 307 τὸν
368 279 433 306 Θεὸν
447 279 491 313 ὑφ’
505 277 600 305 ἑαυτοῦ
627 277 818 312 γινώσκεσθαι,
836 277 875 312 τῷ
898 275 978 312 γινώ-

195 327 307 354 σκεσθαι
323 326 401 352 αὐτὸν
419 325 471 352 ὑπὸ
485 324 531 351 τοῦ
548 324 716 359 Μονογενοῦς
728 332 735 340 ·
745 325 791 351 καὶ
800 325 977 358 ἀπφανεῖται

194 374 234 401 δτι
255 373 285 399 τδ
310 372 453 409 εἰρημένον
466 379 473 387 ’
492 372 518 397 '0
533 370 635 405 Πατὴρ
656 373 672 398 ὁ
686 370 807 405 πέμψας
822 379 861 405 με
875 368 978 402 μείζων

191 429 251 456 μου
265 418 361 450 ἐστὶν,
373 419 401 444 ἐν
416 419 498 444 πᾶσιν
515 417 624 452 ἀληθές.
639 418 718 443 Ὥστε
735 418 782 443 καὶ
794 418 820 443 ὲν
830 416 869 452 τῷ
884 418 953 443 νοεῖν
965 417 979 443 ὁ

195 464 288 500 Πατὴρ
309 464 440 500 μειζόνως
469 463 516 490 καὶ
541 463 710 498 τρανοτέρως
733 463 780 489 καὶ
806 462 979 498 τελειοτέρως

195 513 295 538 νοεῖται
326 511 371 545 ὑφ’
393 509 508 543 ἑαυτοῦ,
532 510 549 545 ἦ
574 509 625 536 ὑπὸ
645 508 692 535 τοῦ
712 509 787 536 Υἱοῦ.
815 518 825 534 ί
853 509 980 535 Curiosus

196 557 280 583 lector
293 556 420 590 inquirat,
434 560 522 581 utrum
541 562 555 581 a
576 554 720 588 semetipso
742 559 920 589 cognoscatur
932 553 981 579 Pa-

198 607 251 635 ter,
263 596 398 636 quomodo
414 600 589 634 cognoscitur
611 608 624 626 a
643 599 727 631 Filio;
754 599 897 633 sciensque
915 597 981 625 illud

199 647 269 682 qttod
289 646 419 680 scriptum
436 649 499 671 est:
518 643 601 672 Pater
617 645 662 679 qui
680 645 748 671 misit
767 652 817 676 me,
838 643 924 678 major
942 651 982 669 me

199 697 237 719 est
252 692 285 724 ",
299 691 325 718 in
343 691 467 717 omnibus
489 698 582 717 verum
600 698 660 717 esse
681 690 839 722 contundet,
863 693 893 716 ut
910 689 984 716 dicat

200 739 268 766 etin
281 737 433 770 cognitione
460 736 529 764 Filio
548 737 655 763 Patrem
683 744 744 763 esse
759 735 900 769 majorem,
921 735 982 762 dum

200 783 347 818 perfectius
364 788 391 810 et
406 782 500 816 purius
511 789 525 808 a
540 781 685 816 seutetipso
703 780 884 814 cognoscitur,
904 787 983 814 quant

202 837 217 856 a
233 829 308 856 Filio.
323 838 332 855 ι
348 825 434 862 Atque
449 828 473 854 id
488 835 548 855 esse
567 835 655 854 CatlSlE
669 834 752 862 quare
771 826 867 852 Filium
880 833 895 852 a
906 825 985 853 Patre

1027 238 1073 262 ⁸τος
1085 229 1245 264 ἐξισωθῆναι
1259 229 1320 259 ταῖς
1333 227 1498 262 καταλήψεσι
1513 225 1560 252 τοῦ
1577 225 1712 260 ἀγενήτου
1734 224 1820 251 Θεοῦ·

1029 275 1187 302 ἐπιστατέον
1204 274 1284 300 αὑτὸν
1295 274 1325 299 ὲκ
1341 273 1387 299 τοῦ
1401 271 1529 307 ἀλήθειαν
1545 268 1614 297 εἶναι
1630 270 1676 297 τὸν
1688 270 1822 306 Σωτῆρα,

1029 323 1077 350 καὶ
1092 320 1257 358 προσακτέον
1274 320 1314 346 ὅτι
1337 320 1362 345 εί
1380 318 1524 354 ὁλόκληρός
1551 318 1624 344 ἐστιν
1650 319 1667 353 ἡ
1690 317 1822 352 ἀλήθεια,

1030 369 1105 397 οὐδὲν
1119 368 1217 403 ἀληθὲς
1235 367 1336 401 ἀγνοεῖ,
1352 366 1396 392 ἵνα
1411 365 1448 400 μὴ
1463 364 1555 400 σκάζῃ,
1566 365 1698 391 λείπουσα
1712 365 1729 399 ἡ
1748 364 1822 398 ἀλή-

1032 415 1091 441 θεια
1105 411 1144 446 οἷς
1162 414 1192 440 οὐ
1207 412 1345 447 γινώσκει,
1368 412 1428 438 κατ’
1444 411 1574 442 ἐκείνους,
1588 410 1773 446 τυγχάνουσιν
1792 410 1825 436 ἐν

1034 460 1106 496 μόνῳ
1121 459 1161 494 τῷ
1172 458 1270 494 Πατρὶ,
1283 458 1300 494 ἢ
1314 457 1443 484 δεικνύτω
1456 466 1497 488 τις
1510 458 1549 483 ὅτι
1565 457 1638 484 ἔστιν
1650 456 1667 483 ἃ.
1683 456 1826 491 γινωσκό-

1035 514 1103 542 μενα
1118 505 1166 540 τῆς
1182 504 1309 540 ἀληθείας
1319 503 1504 539 προσηγορίας
1520 503 1551 530 οὐ
1567 503 1745 538 τυγχάνοντα,
1761 502 1828 529 ἀλλ’

1034 553 1104 588 ὑπὲρ
1119 551 1204 586 αὐτὴν
1226 551 1301 578 ὄντα.
1317 550 1475 577 Addcndum
1493 557 1632 577 censerent
1652 555 1679 576 et
1703 549 1790 576 istum
1810 556 1827 576 e

1035 599 1084 626 lib.
1105 606 1113 626 ι
1129 599 1198 632 Περὶ
1214 598 1325 632 ἀρχῶν,
1340 605 1400 630 cap.
1415 597 1441 628 5,
1458 605 1531 624 num.
1554 597 1569 624 ι
1590 597 1682 632 (quem
1708 601 1827 631 usurpat

1035 652 1094 680 cap.
1116 644 1150 672 l8
1182 650 1277 671 auctor
1304 643 1386 672 libelli
1418 643 1455 670 De
1479 643 1576 670 deitate
1598 648 1621 670 et
1638 643 1829 669 incarnatione

1039 690 1128 722 Verbi,
1143 691 1174 717 ad
1187 689 1346 717 Januarlum
1358 709 1366 722 ,
1380 690 1425 724 qui
1446 689 1620 724 subjungitur
1634 693 1708 715 tomo
1724 692 1829 723 quarto

1037 735 1189 772 Augustini)
1200 745 1206 770 ;
1216 734 1242 763 in
1258 735 1496 770 quocog'nitionem
1509 735 1626 770 Spiritus
1637 734 1726 762 sancti
1736 741 1832 769 aequa-

1038 782 1089 809 lem
1103 790 1163 810 esse
1179 782 1323 816 cognitioni
1337 781 1426 808 Patris
1443 787 1469 808 et
1486 780 1544 808 Filii
1559 781 1719 813 ostenditur,
1732 780 1756 807 si
1774 787 1829 807 nort

1040 828 1089 855 hoc
1101 836 1179 863 opus.
1191 833 1220 855 ut
1237 828 1317 855 toties
1334 827 1438 860 monui,
1455 828 1481 854 in
1501 827 1532 854 iis
1551 827 1668 853 maxime
1681 826 1783 860 quibus
1797 825 1832 852 de

207 873 408 908 comprehendi,
421 872 528 899 Patrem
548 880 613 900 vero
628 880 642 899 a
658 872 726 899 Filio
742 871 899 905 neutiquam
914 878 989 898 com-
1003 871 1025 899 B
1039 873 1174 901 Trinitate
1198 875 1298 909 agitur,
1316 873 1486 908 corrupisset
1514 872 1640 900 Rufinus.
1664 872 1710 900 Sic
1736 876 1830 899 autem

203 919 332 955 prehendi
349 919 564 954 posse-opinatus
577 918 621 949 sit,
634 918 671 944 ait
687 917 866 952 Hieronymus
877 924 882 942 :
893 921 987 944 contra

203 975 284 1001 quam
298 966 436 1000 Paganino
452 965 603 993 Gaudentio
621 965 708 991 visum
729 969 770 991 est
790 964 836 992 lib.
860 963 896 990 De
917 971 988 990 com-

202 1018 290 1048 parat.
307 1013 393 1046 dugm.
412 1011 518 1045 Origeu.
532 1019 590 1037 cum
605 1010 701 1044 philos.
721 1009 913 1044 Platonir;qui
930 1009 989 1036 ideo

204 1059 343 1085 censuisse
357 1058 501 1092 Origenent
517 1056 621 1088 scribit,
639 1056 735 1083 Filium
745 1056 836 1083 videre
847 1063 899 1082 non
912 1061 989 1089 posse

203 1102 323 1135 Patrem,
343 1103 405 1137 quia
421 1102 519 1129 Filiunt
539 1101 632 1128 habuit
652 1108 701 1136 pro
720 1109 748 1127 re
763 1106 872 1134 creata;
885 1100 991 1128 intelle-

205 1154 277 1176 ctum
303 1153 392 1175 autem
416 1153 535 1175 creatum
556 1155 611 1175 rem
642 1148 777 1174 iutinitam
804 1153 917 1174 cernere
936 1153 990 1173 non

207 1203 295 1229 posse.
313 1194 380 1221 Cum
398 1195 469 1222 cuitu
486 1199 594 1228 putasse
622 1192 725 1220 feratur
748 1200 834 1226 neque
856 1191 953 1219 Filium
972 1199 991 1232 _a

202 1235 419 1275 Spiritu'sancto
431 1239 513 1266 videri
529 1246 619 1273 posse,
629 1246 715 1272 neque
727 1238 857 1272 Spiritum
868 1243 991 1265 sanctutn

209 1286 242 1312 ab
256 1277 369 1319 angelis,
393 1292 480 1319 neque
505 1284 617 1318 angelos
643 1284 677 1311 ab
703 1284 869 1316 hominibus,
895 1290 992 1311 vanam

208 1340 270 1359 esse
289 1332 412 1366 sequitur
426 1331 572 1358 Gaudentii
590 1331 784 1366 conjecturam.
810 1331 911 1358 Eodem
935 1339 994 1366 per-

210 1378 278 1404 tinet
301 1378 372 1412 quod
397 1379 523 1412 queritur
540 1377 732 1412 Hieronymus,
749 1385 808 1412 cap.
830 1377 855 1410 l,
872 1377 992 1412 ejusdetn

212 1423 339 1457 Episton
356 1424 389 1450 ad
407 1424 489 1455 Avit.,
507 1424 659 1450 (lCCl't‘VlSSC
676 1422 832 1458 Origenem,
846 1423 928 1449 Deum
939 1422 993 1449 Pa-

211 1475 276 1497 trem
290 1478 345 1496 esse
358 1469 444 1496 lumen
457 1469 726 1502 incomprehensibile.
746 1468 904 1504 Anonymns
926 1475 994 1502 quo—

211 1523 265 1550 que
281 1520 374 1541 auctor
396 1514 531 1550 Apologiw
552 1523 599 1549 pro
628 1514 752 1549 Origene,
778 1515 848 1549 apud
868 1514 993 1541 Pltotium

211 1562 272 1589 cod.
288 1569 370 1593 cxvn,
392 1561 462 1588 inter
480 1561 568 1596 capita
582 1561 801 1588 criminalionum
814 1568 872 1595 quae
885 1560 994 1595 Origeni
1009 1548 1030 1577 ο

213 1607 341 1634 intentari
363 1607 504 1640 solebant,
526 1607 634 1634 tertium
664 1607 728 1634 illud
752 1607 825 1641 ponit
847 1606 935 1643 [Υἱὸνὶ
960 1607 997 1643 μὴ

211 1650 356 1684 γινώσκειν
378 1651 422 1677 τὸν
443 1651 569 1686 Πατέρα,
590 1651 627 1683 ὡς
652 1652 732 1683 αὐτὸς
754 1651 858 1678 ἑαυτόν.
875 1661 884 1678 ‹
901 1651 998 1678 Filium

213 1703 265 1722 non
284 1703 450 1730 cognoscere
463 1695 580 1728 l’atrcm,
593 1701 620 1723 ut
634 1697 722 1730 seipse
732 1695 815 1723 Pater
830 1695 995 1731 cognoscin:

212 1739 297 1774 Hujus
315 1748 380 1768 sane
394 1741 539 1768 commenti
558 1746 626 1768 nota:
644 1747 752 1768 exstant
779 1747 850 1769 torno
869 1750 944 1768 um
961 1742 999 1775 (8)

212 1786 239 1812 in
253 1785 347 1818 Joan.,
363 1795 437 1815 nutu.
452 1787 486 1813 18
502 1786 704 1814 ῖΓινώσκειοῦν
717 1788 761 1814 τὸν
773 1788 881 1824 Πατέρα
898 1790 911 1815 ὁ
926 1788 999 1819 Υἱὸς,

212 1831 288 1866 αὐτῷ
309 1830 348 1866 τῷ
362 1831 504 1865 γινώσκειν
525 1833 605 1859 αὑτὸν
619 1833 675 1859 ὃντι
697 1833 817 1868 μεγίστῳ
831 1834 935 1869 ἀγαθῷ,
954 1834 1001 1860 καὶ

212 1877 304 1904 ὁποῖον
319 1877 352 1904 ἂν
368 1879 381 1904 ὁ
394 1879 440 1904 ἐπὶ
450 1879 556 1905 τελείαν
568 1879 669 1913 γνῶσιν
682 1880 718 1906 ὣν
730 1881 763 1916 ἣν
774 1880 902 1914 γινώσκει
913 1881 926 1907 ὁ
938 1881 1002 1912 Υἱὸς

212 1924 259 1951 τὸν
276 1926 394 1961 Πατέρα,
421 1926 561 1962 ἐδοξάσθη.
587 1925 670 1962 Οἶμαι
687 1929 727 1954 ὃτι
748 1929 795 1955 καὶ
811 1929 905 1955 ἑαυτὸν
920 1929 1001 1963 γινώ-

214 1979 297 2002 σκων,
322 1971 389 2007 ὅπερ
405 1973 450 1998 καὶ
466 1972 531 1998 αὐτὸ
554 1974 584 1999 οὐ
611 1973 720 2009 μακρὰν
745 1974 840 2000 ἁποδεῖ
861 1974 908 2001 τοῦ
936 1983 1003 2010 προ-

214 2016 304 2052 τέρου,
321 2016 450 2052 ἐδοξάσθη
472 2018 504 2043 ὲκ
519 2017 565 2044 τοῦ
588 2018 668 2044 αὑτὸν
685 2019 844 2052 ἐγνωκέναι.
864 2019 1003 2054 Cognitio-

215 2070 276 2089 nt-tu
295 2071 347 2097 qua
373 2071 403 2090 se
422 2063 562 2098 cognoscit
581 2063 676 2097 Filius,
703 2065 859 2098 cognitione
883 2065 928 2091 illa
950 2074 1002 2100 qua

216 2108 358 2141 cognoscit
374 2107 482 2135 Patrem
513 2109 593 2143 paulo
613 2109 768 2137 inferiorem
794 2118 856 2142 esse
885 2110 1003 2143 deﬁnit;

215 2154 288 2189 quod
319 2161 380 2181 mox
405 2155 524 2188 apertius
545 2155 691 2189 praedicat,
713 2155 807 2182 dicens
833 2155 882 2191 τὴν
898 2156 1005 2192 Πατρὺς

216 2199 333 2236 θεωρίαν
347 2199 415 2227 εἶναι
434 2200 544 2237 μείζονα
557 2201 607 2237 τῆς
623 2203 651 2228 ἐν
666 2201 723 2237 Υἰῷ
740 2201 866 2237 θεωρίας.

254 2247 312 2274 XX.
326 2247 390 2280 Qua:
401 2249 525 2282 quamvis
539 2253 730 2274 asscvcranter
745 2249 918 2282 pronuntiata
937 2248 1004 2281 sint,

219 2292 258 2328 (9)
269 2293 337 2319 idem
354 2293 411 2327 ipse
427 2298 516 2321 tamen
527 2294 553 2321 in
567 2294 660 2321 iisdem
675 2294 885 2322 Commentariis
895 2299 968 2322 tomo
982 2304 1002 2328 ι,

219 2345 296 2365 ntnu.
319 2337 373 2371 27,
399 2339 529 2372 aqualem
550 2340 731 2374 cognitionem
762 2340 824 2368 Filii
857 2341 1004 2375 cognitioni

220 2383 308 2410 Patris
321 2383 427 2411 videtur
441 2389 568 2417 statuere,
586 2386 654 2413 adeo
666 2386 729 2420 quid
740 2391 899 2420 sequeretur
912 2394 1005 2421 parum

220 2428 271 2463 ipsi
288 2433 375 2455 ratum
392 2430 527 2464 ﬁxumque
541 2430 591 2456 fuit
605 2439 611 2456 ε
636 2430 743 2458 Ἐὰν.δέ
752 2440 794 2463 τις
812 2431 892 2467 ζητῇ,
908 2432 1007 2466 inquit,

219 2475 244 2501 εί
260 2475 313 2501 πᾶν
329 2476 343 2502 ὂ
359 2475 385 2501 τί
394 2484 458 2502 ποτε
474 2477 641 2511 ἐγνωσμένον
656 2477 707 2503 ὑπὸ
721 2477 766 2503 τοῦ
777 2478 881 2514 Πατρὺς
895 2478 965 2505 κατὰ
978 2478 1009 2504 τὸ

222 2520 302 2555 βάθος
315 2520 361 2547 τοῦ
377 2521 502 2561 πλούτου,
521 2523 567 2548 καὶ
578 2522 628 2557 τῆς
641 2523 746 2557 σοφίας,
762 2523 808 2549 καὶ
822 2523 871 2558 τῆς
881 2523 1008 2558 γνώσεως

221 2566 314 2597 αὑτοῦ,
329 2568 474 2594 ἐπίσταται
496 2569 510 2594 ὁ
529 2568 623 2604 Σωτὴρ
637 2568 725 2603 ἡμῶν,
736 2564 788 2595 ’καὶ
804 2569 938 2605 φαντασίᾳ
961 2570 1008 2596 τοῦ

220 2612 340 2646 δοξάζειν
353 2613 398 2639 τὸν
414 2613 522 2649 Πατέρα
535 2614 718 2650 ἀποφαίνηταί
740 2621 800 2641 τινα
822 2615 1009 2650 γινωσκόμενα

1038 925 1187 955 conceptus
1197 924 1239 947 est
1256 929 1263 947 :
1280 928 1289 945 ι
1308 918 1387 946 Sicut
1404 919 1477 946 enim
1496 919 1529 946 de
1544 918 1612 946 Filio
1630 918 1731 946 dicitur
1742 938 1749 950 ,
1764 918 1832 952 quia

1038 975 1112 993 nemo
1124 966 1194 993 not-it
1212 965 1318 993 Patrem
1336 966 1387 993 nisi
1408 964 1507 996 Filius,
1519 969 1543 992 et
1560 965 1602 991 cui
1618 964 1729 991 uoluerit
1741 963 1832 991 Filius

1043 1012 1157 1038 revelare
1172 1011 1194 1026 "
1212 1019 1219 1037 :
1235 1011 1291 1039 hate
1315 1011 1409 1038 eadem
1431 1011 1513 1038 etiam
1541 1010 1576 1038 de
1604 1009 1706 1044 Spiritu
1733 1014 1832 1039 sancto

1041 1056 1107 1084 dicit
1131 1056 1288 1091 Apostolus,
1317 1063 1378 1084 cum
1402 1056 1440 1082 ait
1459 1064 1466 1081 :
1486 1055 1570 1082 Nobis
1589 1061 1678 1082 autent
1701 1055 1829 1082 reuelauit

1040 1102 1110 1129 Deus
1123 1111 1169 1137 per
1179 1102 1307 1136 Spiritum
1324 1110 1399 1129 suum
1412 1111 1421 1134 ;
1438 1100 1556 1136 Spiritus
1567 1102 1636 1129 enim
1653 1102 1743 1128 omnia
1758 1109 1833 1129 scru-

1042 1153 1124 1181 tatur,
1136 1149 1214 1175 etiam
1227 1149 1281 1175 alta
1297 1148 1344 1175 Dei
1356 1148 1389 1176 ³⁸.
1410 1147 1463 1175 Sed
1484 1152 1510 1175 et
1525 1156 1619 1175 rursus
1635 1148 1660 1174 in
1683 1147 1837 1183 Evangelia

1043 1195 1075 1221 de
1089 1195 1188 1222 divinis
1212 1199 1238 1222 et
1266 1194 1490 1229 profundioribus
1513 1194 1646 1221 doctrinis
1664 1201 1833 1221 commemo-

1042 1248 1107 1267 rans
1135 1240 1270 1272 Salvator,
1298 1247 1366 1275 quas
1385 1241 1502 1267 noudttm
1520 1247 1618 1275 capere
1647 1243 1774 1274 poterant
1793 1238 1834 1267 di-

1043 1285 1139 1320 scipuli
1156 1286 1208 1318 sui,
1227 1287 1261 1312 ita
1276 1286 1313 1313 ait
1326 1285 1358 1312 ad
1377 1286 1513 1320 apostolos
1528 1295 1534 1312 :
1550 1286 1642 1312 Adhuc
1652 1284 1736 1311 multa
1750 1284 1834 1311 Italam

1043 1341 1102 1367 quat
1122 1333 1194 1360 vobis
1206 1333 1303 1366 dicam,
1327 1333 1372 1360 sed
1395 1341 1446 1360 non
1470 1333 1576 1366 potestis
1598 1332 1694 1359 amodo
1717 1339 1834 1366 rapere:

1044 1387 1101 1406 cum
1111 1384 1196 1405 autem
1205 1379 1302 1405 venerit
1315 1379 1465 1406 consolator
1477 1377 1594 1412 Spiritus
1605 1383 1725 1410 sanctus,
1736 1378 1782 1403 ille
1791 1385 1835 1404 vos

1044 1423 1143 1450 docebit
1152 1424 1250 1457 omnia,
1260 1429 1283 1450 et
1293 1424 1464 1451 commouebit
1475 1424 1562 1451 omnia
1575 1432 1634 1458 qua:
1645 1424 1701 1450 dixi
1715 1423 1788 1450 vobis
1799 1424 1834 1448 ".

1045 1469 1076 1496 Et
1093 1470 1129 1496 ita
1149 1470 1320 1497 sentiendum
1338 1474 1390 1500 est.
1407 1469 1478 1504 quod
1498 1470 1567 1497 sicut
1590 1469 1673 1497 Filius
1695 1470 1741 1504 qui
1758 1469 1835 1496 solus

1047 1515 1185 1549 cognoscit
1205 1515 1334 1549 Patrem,
1359 1515 1460 1543 revelat
1485 1515 1529 1543 cui
1555 1515 1624 1547 vult,
1650 1515 1688 1542 ita
1714 1515 1838 1550 Spiritus

1048 1566 1158 1588 sanctus
1172 1562 1215 1596 qui
1231 1562 1304 1589 solus
1329 1565 1465 1588 scrutatur
1477 1561 1558 1588 etiam
1583 1560 1635 1587 alta
1654 1560 1713 1592 Dei,
1733 1559 1837 1587 revelat

1050 1607 1132 1634 Deum
1147 1608 1189 1634 cui
1203 1607 1275 1640 vult;
1295 1607 1410 1640 Spiritus
1429 1607 1498 1633 enim
1512 1606 1556 1633 ubi
1567 1606 1622 1633 vult
1638 1607 1723 1641 spirat
1735 1606 1769 1632 ’°.
1783 1605 1837 1632 Ne-

1049 1661 1101 1688 que
1116 1654 1187 1680 enim
1200 1654 1347 1688 putandum
1371 1657 1412 1680 est
1427 1653 1499 1687 quod
1518 1653 1598 1680 etiam
1617 1652 1736 1687 Spiritus
1762 1651 1836 1678 Filio

1050 1700 1189 1727 revelante
1215 1699 1365 1734 cognoscit.
1389 1699 1416 1725 Si
1440 1699 1512 1725 enim
1534 1698 1671 1726 revelante
1698 1697 1767 1724 Filio
1792 1705 1838 1724 co-

1050 1744 1155 1779 gnoscit
1170 1743 1277 1771 Patrem
1294 1743 1411 1777 Spiritus
1423 1749 1546 1775 sanctus,
1558 1751 1623 1778 ergo
1637 1751 1670 1770 ex
1686 1743 1838 1777 ignorantia

1051 1790 1084 1816 ad
1110 1789 1250 1817 scientiam
1267 1790 1340 1816 vertit
1360 1798 1366 1815 :
1387 1789 1459 1823 quod
1476 1789 1569 1824 utique
1585 1793 1613 1815 et
1628 1789 1740 1824 impium
1763 1787 1837 1822 pari-

1053 1840 1094 1862 ter
1107 1840 1133 1862 et
1152 1835 1264 1861 stulium
1279 1839 1329 1867 est,
1357 1834 1488 1868 Spiritum
1518 1839 1642 1861 sanctum
1660 1833 1797 1866 conﬁteri,
1813 1839 1839 1860 ct

1052 1881 1230 1916 ignorantiam
1247 1881 1270 1908 ei
1287 1880 1434 1907 ascribere.
1453 1889 1462 1906 ι
1474 1879 1502 1907 Si
1519 1880 1601 1907 ullam
1616 1879 1728 1914 Spiritui
1745 1885 1840 1907 sancto

1054 1927 1232 1962 ignorantiam
1264 1926 1450 1953 ascribendam
1478 1933 1539 1953 esse
1571 1925 1704 1960 Origenes
1738 1930 1838 1960 negat,

1051 1972 1181 2007 aqualem
1193 1972 1305 1999 onmiuo
1321 1971 1462 1998 scientiam
1488 1971 1537 2005 ipsi
1557 1971 1653 1998 triltuit
1668 1978 1701 1998 ac
1716 1970 1791 1997 Patri
1813 1974 1839 1997 et

1051 2017 1141 2052 Filio;
1159 2025 1208 2045 nec
1235 2017 1322 2051 major
1341 2017 1412 2044 enim
1429 2016 1577 2051 excogitari
1603 2021 1691 2050 potest
1715 2016 1840 2048 scientia,

1054 2072 1134 2099 quam
1153 2071 1214 2098 quae
1235 2063 1307 2090 nulla
1324 2063 1434 2098 penitus
1462 2063 1624 2098 ignorantia:
1646 2062 1764 2096 caligine
1781 2068 1841 2096 per-

1040 2110 1135 2140 ,rnista
1153 2114 1203 2137 est.

1090 2155 1160 2183 XXI.
1181 2155 1277 2183 Filium
1292 2155 1338 2184 Dei
1356 2164 1404 2191 pro
1420 2163 1449 2183 re
1463 2159 1556 2183 creata
1572 2156 1605 2183 ab
1631 2156 1750 2191 Origene
1765 2158 1841 2186 babi-

1056 2207 1113 2231 tum
1128 2203 1211 2230 fuisse
1225 2211 1257 2230 ac
1273 2202 1461 2238 praedicatum,
1478 2209 1537 2236 qua:
1548 2201 1712 2229 Arianorum
1730 2208 1758 2230 et
1772 2204 1842 2231 Ano-

1057 2257 1186 2283 tnatorum
1204 2249 1283 2283 impia
1301 2248 1351 2275 fuit
1366 2253 1393 2276 et
1411 2248 1540 2276 damnosa
1556 2248 1658 2281 opinio,
1680 2249 1764 2275 verba
1787 2250 1842 2277 lucc

1056 2295 1218 2329 persuadere
1231 2297 1356 2329 possunt,
1367 2301 1427 2328 quae
1439 2302 1454 2321 e
1472 2294 1518 2321 lib.
1535 2302 1561 2321 tv
1573 2294 1642 2328 Περὶ
1651 2294 1754 2329 ἀρχῶν
1761 2296 1844 2322 addu-

1056 2341 1094 2368 cit
1109 2339 1274 2367 Justinianus
1289 2339 1314 2366 in
1327 2338 1446 2374 Epistula
1464 2341 1498 2366 ad
1516 2339 1639 2366 Menam:
1651 2337 1737 2372 Οὗτος
1753 2342 1767 2367 ὁ
1782 2341 1842 2372 Υἱὸς

1057 2386 1090 2412 ὲκ
1106 2385 1257 2421 θελήματος
1273 2385 1320 2412 τοῦ
1335 2386 1442 2421 Πατρὺς
1459 2385 1595 2421 γενηθεὶς,
1611 2386 1645 2419 ὅς
1658 2386 1746 2413 ἐστιν
1759 2386 1843 2413 εἰκὼν

1057 2432 1110 2459 τοῦ
1124 2431 1198 2459 Θεοῦ
1217 2431 1269 2458 τοῦ
1289 2431 1427 2466 ἀοράτου,
1449 2432 1496 2458 καὶ
1511 2432 1682 2467 ἀπαύγασμα
1701 2433 1752 2467 τῆς
1770 2432 1844 2467 δόξης

1059 2477 1151 2511 αὐτοῦ,
1169 2478 1312 2514 χαρακτήρ
1325 2487 1354 2504 τε
1368 2478 1418 2513 τῆς
1434 2478 1609 2510 ὑποστάσεως
1626 2478 1725 2510 αὑτοῦ,
1744 2478 1843 2514 πρωτό-

1058 2533 1137 2556 τοκος
1158 2525 1248 2560 πάσης
1278 2523 1402 2556 κτίσεως,
1424 2524 1536 2561 κτίσμα,
1555 2524 1644 2559 σοφία.
1662 2525 1806 2560 Αὐτὴγὰρ
1828 2525 1843 2559 ἡ

1063 2570 1145 2604 Σοφία
1154 2570 1245 2606 φησίν·
1261 2570 1291 2596 '0
1304 2570 1376 2603 Θεὸς
1392 2570 1642 2605 ἕκτισέμεάρχὴν
1653 2570 1733 2597 ὁδῶν
1740 2570 1844 2598 ἑαυτοῦ

1062 2616 1105 2647 εὶς
1123 2615 1196 2650 ἔργα
1222 2615 1340 2642 ἑαυτοῦ.
1357 2625 1365 2641 t
1384 2615 1433 2643 llic
1450 2615 1534 2642 Filius
1552 2616 1584 2642 de
1599 2615 1740 2642 voluntate
1762 2615 1844 2643 Patris

258 2670 281 2685 "
298 2669 373 2697 Joau.
393 2677 449 2702 xtv,
462 2670 508 2697 2:5.
547 2660 567 2686 ’ί
579 2670 646 2697 Luc.
660 2678 687 2704 ι,
704 2670 748 2697 22.
787 2671 828 2697 ’⁸1
844 2671 906 2698 Cor.
926 2679 954 2702 η,
967 2672 994 2697 1(

1054 2673 1070 2689 ¹⁸
1084 2672 1162 2700 Joan.
1176 2679 1230 2705 xvt,
1247 2673 1297 2704 12,
1315 2673 1366 2704 15;
1383 2679 1440 2705 xiv,
1458 2672 1503 2699 26.
1543 2672 1567 2688 ’°
1577 2671 1655 2703 Joan.
1673 2679 1714 2704 ut,
1733 2672 1760 2699 8.

260 2717 345 2751 (8)11:
368 2717 450 2745 Joan.
473 2727 546 2745 num.
568 2718 611 2751 l8,
628 2724 682 2746 etc.
699 2719 767 2746 Vide
794 2727 875 2754 supra
903 2727 977 2745 num.
993 2719 1008 2745 7

226 2753 429 2791 observationes
447 2759 554 2781 nostras
572 2755 599 2781 iu
613 2754 670 2781 lucc
687 2754 767 2781 verba
783 2762 789 2780 ι
812 2753 911 2780 Eodem
939 2755 998 2781 tabo

228 2791 287 2812 runt
303 2788 374 2818 vitio,
388 2793 442 2814 etc.

257 2820 303 2858 .(9)
318 2821 389 2858 idem
403 2823 457 2855 ipse
473 2828 561 2849 tamen
575 2823 711 2858 igiisdem
733 2821 945 2858 Commentariis,
959 2828 1012 2850 etc.

232 2853 373 2889 Λίψιςιιθιιι
395 2853 576 2891 cognitionem
592 2857 653 2886 Filii
674 2857 820 2892 conitiotti
839 2856 928 2886 l‘att'is
940 2853 943 2855 ’
957 2863 1013 2886 sta-

1065 2720 1115 2747 tuit
1131 2720 1212 2747 etiam
1226 2720 1355 2754 Origenes
1372 2720 1417 2747 lib.
1433 2728 1456 2747 vt
1474 2724 1564 2746 contra
1578 2718 1696 2752 Celsum,
1714 2727 1789 2754 nutu.
1813 2717 1842 2746 Π

1065 2760 1091 2782 et
1111 2763 1186 2781 mnu.
1213 2755 1248 2781 65
1280 2755 1345 2782 Vide
1371 2754 1474 2781 ltullum
1501 2754 1606 2788 Deleus.
1622 2754 1686 2788 ﬁdei
1713 2753 1839 2783 Nicaeae.

1066 2791 1098 2816 de
1113 2789 1225 2852 Fillilél'q)
1249 2790 1393 2825 ὁμοουσίῳ,
1409 2795 1474 2819 sect.
1499 2789 1526 2817 Ξ,
1541 2792 1610 2824 'cap.
1626 2790 1653 2822 9,
1677 2796 1752 2816 num.
1775 2789 1792 2816 9
1819 2793 1843 2815 et

1067 2833 1141 2852 num.
1197 2843 1204 2852 .
