1904 3077
231 142 279 171 771

881 141 913 169 P.
931 141 1088 169 DANIELIS
1106 141 1223 170 HUETll

1803 144 1851 171 ’ῖῚῖ

264 200 346 228 XXII.
363 204 448 235 Atque
465 201 518 227 hoc
536 199 638 228 crimen
663 206 759 234 magna
795 199 968 227 contentione
988 199 1014 226 in
1028 203 1052 231 Α
1066 207 1127 234 cap.
1147 201 1172 232 l,
1191 200 1339 228 credidisse
1354 201 1441 235 ipsum
1458 200 1561 234 dicens,
1581 210 1590 226 ε
1606 200 1747 229 Christum
1760 200 1850 228 Filium

231 246 347 281 Origene
365 246 474 272 damnat
489 244 670 280 Hieronymus
686 245 713 271 in
731 245 810 280 epist.
829 245 874 278 59,
890 247 923 271 ad
944 245 1014 273 Avit.

230 336 349 370 pltceant
369 339 396 361 et
413 333 528 370 apostoli
550 337 578 361 et
601 333 742 370 prophetae
753 333 806 370 hoc
831 333 971 370 tantumidr
981 341 1015 361 eo

229 368 299 404 quod
317 374 388 397 esset
412 369 553 404 loquentes
565 390 572 403 ,
589 375 615 396 et
636 374 698 403 post
716 369 772 396 haec
791 368 872 395 Pater
887 373 915 395 et
932 369 1016 396 Filius

229 405 390 437 displicebit.
408 414 418 430 ι

265 441 318 467 Sed
332 438 459 474 Origenis
474 440 608 467 sententia
624 447 655 466 ex
671 439 714 466 his
728 446 788 474 qua:
805 444 957 474 sequuntur
972 447 1017 466 ac-

229 475 349 503 curatius
372 476 561 502 examinanda.
590 475 636 502 Sic
658 475 728 501 enitn
748 474 833 509 pergit
851 483 857 500 :
877 475 973 501 Ἔσται
988 474 1017 501 δέ

226 520 270 543 τις
286 510 334 546 xui.
349 511 440 545 τρίτος
459 510 535 546 παρὰ
555 510 618 541 τοὺς
640 509 686 546 δρο
701 510 747 536 τόν
766 518 795 535 τε
809 509 852 546 διὰ
869 509 915 536 τοῦ
930 510 1016 546 ᾼόγου

226 544 447 580 παραδεχόμενον
462 544 582 579 τὺήᾶγιον
599 545 709 580 Πνεῷμᾳ
727 545 884 579 γεγονέναι,
904 544 951 571 καὶ
972 546 1016 572 τὸν

227 578 375 616 ἀγὲννηέον
401 581 481 607 αὑτὸν
504 578 567 616 [li-tt.
588 578 752 616 at‘trbjshut
782 580 1015 614 ὑπολαμϐάνοντα,

225 615 410 651 δογματίζων,
434 615 610 651 μηδὲίούσίαν
632 615 692 641 τινὰ
713 615 781 641 ἰδίαν
804 616 951 650 ὑφεστάναι
968 616 1016 643 τοῦ

225 650 304 686 ἁγίου
324 650 482 686 Πνεῦματος
505 652 599 686 ἑτέραν
616 650 691 686 παρὰ
714 651 759 676 τὸν
781 651 890 686 Πατέρα
907 652 1014 679 καὶτὸν

226 688 307 714 Υἱόν·
331 687 399 721 ἀλλὰ
415 686 485 721 τάχα
501 686 711 721 προστιθέμενος
728 686 836 720 μᾶλλον.
856 687 903 712 ἐὰν
920 687 1013 721 ἕτερον

224 721 322 758 νομίζῃ
335 719 402 758 εἶναι
418 719 466 748 τὸν
477 719 688 758 Υξὸνςπαρᾲντὸν
703 719 830 758 nam,
841 722 880 757 τῷ
903 722 933 748 τὸ
948 719 1013 749 αὗτδ

224 756 459 793 αὖτῷὲυγχάνειν
478 757 516 791 τῷ
543 757 644 793 fingi,
665 756 887 793 ὁμολογουμένως
914 757 1014 793 διαιρέ-

223 791 305 833 ergo);
320 792 486 833 811-500-ESV1E
513 791 559 833 τοῦ
583 792 659 833 ἁγίου
690 792 847 833 ἕνεύματος
872 791 1012 833 παρὰηιὶξὺν

226 828 290 854 Υἱὸν
297 828 325 854 ἐν
334 826 382 862 τῷ,
396 829 448 860 Ὃς
456 826 509 854 ἐὰν
519 827 600 861 εἴπῃ,
614 832 666 854 etc.
680 826 829 854 «Eritforte
841 826 939 862 praeter
951 828 1012 856 illos

1070 246 1117 273 Dei
1135 253 1188 273 non
1213 252 1304 274 natura
1318 254 1391 281 esse,
1414 248 1461 275 sed
1477 247 1589 280 factum,
1608 257 1618 274 I
1638 251 1721 282 atque
1738 247 1808 274 idem
1822 247 1850 274 de

1069 334 1104 361 tis
1129 335 1302 370 bypostasis,
1327 341 1377 362 nec
1399 342 1458 362 cum
1486 334 1565 363 Patre
1587 339 1613 363 et
1629 335 1701 362 Filio
1726 336 1848 363 confundi

1069 370 1174 402 debeat,
1195 375 1314 397 creatum
1334 375 1362 396 et
1380 370 1504 397 eductum
1521 378 1554 397 ex
1568 371 1652 398 nihilo
1666 371 1847 398 concluderet.

1104 404 1134 432 2ο
1150 404 1277 438 Quamvis
1290 405 1420 438 Spiritum
1435 410 1557 432 sanctum
1572 405 1598 432 in
1613 407 1646 433 iis
1661 406 1746 433 rebus
1761 414 1848 433 nume-

1070 445 1122 472 ret,
1135 448 1195 475 quae
1211 447 1258 474 per
1269 440 1365 467 Filium
1382 441 1555 471 exstiterunt,
1565 449 1626 468 eum
1642 446 1731 468 tamen
1747 449 1762 468 a
1775 442 1848 469 rebus

1068 476 1168 502 creatis
1182 481 1351 510 segregatum
1368 483 1427 503 esse
1438 476 1566 502 declarat.
1585 475 1652 503 Hinc
1665 484 1728 504 cum
1744 477 1777 503 de
1791 476 1848 510 Spi-

1069 510 1120 537 ritu
1144 517 1238 537 sancto
1263 511 1400 545 loquitur,
1418 518 1548 545 nusquam
1570 511 1602 538 iis
1622 512 1710 538 utitur
1730 511 1847 544 vocibus,

1068 552 1127 579 qum
1141 547 1305 572 creationem
1320 546 1477 579 designent;
1488 546 1551 580 quin
1562 547 1642 573 etiam
1657 547 1790 581 ejusmodi
1805 555 1847 574 vo-

1067 587 1114 608 ces
1132 583 1264 608 inter-tum
1280 581 1313 607 de
1336 581 1404 608 Filio
1429 582 1453 607 in
1481 581 1645 615 Scripturis,
1664 590 1799 616 nusquam
1818 583 1847 610 de

1067 621 1160 642 sancto
1176 616 1277 649 Spiritu
1294 623 1438 643 occurrere
1451 616 1570 643 declarat
1587 617 1631 643 lib.
1648 626 1655 644 l
1673 617 1711 643 De
1724 617 1845 650 princip"

1066 658 1127 687 cap.
1140 651 1167 687 5,
1182 659 1256 679 num.
1271 651 1304 683 2,
1321 653 1365 685 qtti
1378 652 1452 678 locus
1462 659 1529 687 cum
1544 659 1558 677 a
1577 651 1718 685 Pamphilo
1734 658 1846 687 martyre

1065 686 1098 712 ad
1112 686 1236 721 Origenis
1246 687 1428 713 defensionem
1443 686 1539 714 allatus
1556 687 1601 719 sit,
1618 688 1785 714 auctoritate
1797 686 1844 714 non

1064 727 1159 748 caret:
1179 731 1188 747 ‹
1210 721 1410 753 Verumtamen,
1436 721 1541 756 inquit,
1567 729 1651 755 usque
1674 723 1709 748 ad
1733 729 1846 754 praesens

1065 756 1167 782 nullum
1184 764 1336 784 sermonem
1359 758 1385 783 in
1409 757 1518 791 scriptis
1535 758 1637 784 sanctis
1661 757 1787 784 invenire
1799 765 1844 792 pm

1065 791 1175 823 luimus,
1192 800 1240 826 per
1250 800 1330 826 quem
1349 792 1466 826 Spiritus
1488 798 1597 819 sanctus
1614 792 1718 818 factura
1732 799 1792 820 esse
1800 791 1845 819 γει

1064 832 1188 853 creatura
1213 827 1368 859 diceretur,
1395 835 1429 854 ne
1450 834 1482 854 eo
1507 827 1614 861 quidem
1634 827 1730 860 modo,
1748 835 1802 861 quo
1816 827 1846 854 de

223 863 304 894 duos.
318 858 413 896 nempe
427 858 499 894 eum,
514 862 558 896 qui
574 858 711 896 "Spiritum
735 858 858 889 sanctum
881 870 929 896 per
943 862 1010 890 Ver-
1027 858 1047 885 Β
1063 861 1200 895 Sapientia
1221 862 1324 889 referre
1336 862 1506 889 Salomonem
1516 858 1605 896 'supra
1619 858 1789 895 edocuiintis,
1806 863 1844 889 vel

224 899 288 924 bum
303 898 440 925 exstitisse
456 897 621 924 assentiatur
633 917 640 928 ,
654 901 682 923 et
695 904 756 923 eum
768 918 776 929 ,
793 897 837 932 qui
859 897 1007 932 ingenitum

223 933 300 960 illum
318 933 472 964 existimet,
496 933 590 968 tertius
615 932 721 968 aliquis.
741 933 786 967 qtti
811 940 845 959 ne
869 935 1008 968 propriam

222 969 333 1002 quidem
348 968 495 995 essentiam
514 967 662 994 subsistere
676 967 794 1001 Spirittts
807 969 892 994 sancti
905 967 1008 999 {aliam

222 1011 237 1029 a
251 1003 331 1030 Patre
347 1008 375 1030 et
387 1002 456 1030 Filio
469 1002 595 1029 decernat
607 1011 614 1034 ;
627 1008 674 1029 aut
685 1002 763 1034 forte,
777 1003 799 1030 si
815 1002 912 1029 Filium
926 1004 1008 1031 alium

221 1045 255 1065 ac
267 1038 374 1065 Patrem
388 1045 449 1065 esse
465 1038 577 1068 sentiat,
594 1045 626 1064 eo
640 1037 725 1072 Inagis
738 1037 842 1064 feratur
855 1058 863 1069 ,
879 1043 904 1063 ut
923 1039 1008 1072 Spiri-

221 1078 279 1100 tum
293 1078 417 1100 sanctum
431 1073 556 1099 enrndetn
570 1080 632 1099 esse
645 1079 677 1099 ac
689 1071 797 1099 Patrem
811 1073 898 1107 ipsum
914 1071 1008 1100 existi-

221 1112 373 1138 tnet;cum
395 1108 542 1135 manifesto
557 1108 759 1135 demonstretur
781 1108 899 1141 Spiritus
920 1109 1007 1136 sancti

220 1147 248 1170 et
259 1142 320 1170 Filii
339 1143 477 1171 distinctio
490 1143 517 1169 in
532 1143 575 1170 his
587 1142 696 1169 verbis:
717 1141 768 1174 Qui
787 1143 893 1170 verbum
912 1144 1008 1170 dixerit

219 1179 249 1204 in
264 1177 365 1205 Filium
384 1178 514 1209 hominis,
532 1177 682 1212 dimittetur
699 1178 743 1209 ei,
765 1179 810 1212 qui
832 1182 917 1204 autent
938 1179 1008 1205 blas-

220 1214 351 1247 phemiam
365 1213 460 1239 dixerit
481 1213 508 1238 in
526 1211 656 1246 Spiritum
676 1211 811 1244 sanctum,
827 1221 878 1239 non
893 1213 1007 1241 dimitte-

219 1253 263 1275 tur
286 1248 320 1280 ei,
342 1256 387 1275 nec
411 1249 439 1274 in
465 1248 513 1274 hoc
543 1248 650 1280 ueruto,
672 1255 718 1274 nec
736 1248 764 1274 in
786 1247 876 1282 futuro
897 1247 1004 1283 (Matth.

218 1290 269 1316 xu,
282 1283 338 1316 52),
350 1293 359 1308 ι

255 1291 258 1309 ι
332 1304 338 1311 ,
350 1293 359 1308 ι

255 1287 462 1352 [liabet-missis
478 1317 610 1351 Origenes
623 1318 786 1345 sententiam
806 1326 882 1346 suam
900 1318 940 1345 sic
957 1327 1005 1346 ex-

217 1353 313 1396 ponit’:
331 1353 425 1396 Ἡμεῖς
435 1353 567 1396 ἓένῖοιγε
580 1354 654 1396 τρεῖς
666 1353 1006 1396 ’ὐποςεάπιςιπειθὸὲιενοι

217 1362 313 1387 potnt:
340 1362 425 1388 ημεις
435 1362 567 1414 Ι[ἱλενεεοιγε
580 1362 654 1388 τρεις
676 1362 837 1395 utres-totast;
852 1362 1006 1396 πειυομενοι

217 1388 362 1422 τυγχάνειν
376 1389 422 1414 τὸν
459 1388 562 1423 ατέρα,
581 1388 628 1414 καὶ
649 1388 693 1414 τὸν
709 1388 772 1414 Ἰιὸν
784 1408 791 1418 ,
806 1389 853 1415 καὶ
875 1389 905 1415 τὸ
930 1389 1006 1423 άγιον

216 1423 340 1458 Πνεῦμα,
356 1423 402 1450 καὶ
418 1422 564 1458 ἀγέννήτον
580 1423 661 1458 μηδὲν
681 1422 774 1458 ἕτερον
786 1424 832 1450 τοῦ
850 1422 1005 1458 Πατρὺςεῖ-

216 1432 340 1458 ιινευμα,
356 1432 402 1450 και
418 1432 564 1458 αγεννητον
580 1432 661 1484 μτὸοεν
681 1432 774 1458 ετερον
786 1432 832 1450 του
850 1432 954 1458 ιιατρος
965 1432 1004 1451 ει-

215 1467 261 1485 ναι
278 1459 607 1501 πιστείεοντεςκτῖροσιέῇε
627 1467 645 1498 cf
658 1458 698 1489 τὸ,
714 1459 823 1500 πᾴντων
836 1458 880 1501 ξιὰ
894 1459 939 1485 τοῦ
952 1460 1004 1501 Ad-

215 1502 266 1527 γου
278 1494 478 1533 γενομᾴνωγῃὸ
489 1491 564 1533 ἅγιον
576 1491 688 1533 Πνεῦμα
703 1494 817 1533 ςπᾴντων
825 1491 895 1533 εῇίαι
910 1494 1003 1533 τιμιώ-

1061 903 1121 927 qme
1141 898 1174 923 de
1195 898 1268 930 vita,
1286 897 1327 923 vel
1352 896 1460 929 Verbo,
1488 897 1601 931 aliisque
1622 896 1845 931 appellationibus

1061 931 1123 966 Filii
1148 932 1193 959 Dei
1211 932 1381 966 intelligenda
1404 940 1463 960 esse
1486 932 1671 959 tractavimus.
1693 942 1702 957 I
1722 932 1783 959 Non
1798 933 1843 960 de-

1059 965 1155 994 fuisset
1167 967 1275 1002 Origeni
1290 967 1421 1001 ejusmodi
1437 967 1660 999 testimonium,si
1678 967 1722 1002 his
1735 967 1844 995 Joannis

1060 1002 1150 1029 verbis
1171 1011 1177 1029 :
1203 1001 1295 1029 Omnia
1317 1010 1362 1036 per
1382 1003 1468 1036 ipsum
1490 1003 1563 1036 facta
1584 1007 1645 1029 sunt
1660 1001 1754 1036 (Joun.
1769 1010 1788 1035 ι,
1806 1004 1842 1037 5),

1060 1043 1107 1063 seu
1140 1039 1312 1069 exstiterunt,
1337 1038 1434 1072 quibus
1466 1036 1595 1071 Spiritum
1624 1042 1750 1064 sanctum
1771 1045 1844 1065 corn-

1059 1072 1188 1105 prehendi
1208 1081 1261 1100 non
1282 1073 1398 1106 dubitat,
1411 1073 1576 1101 creationem
1596 1073 1734 1108 designari
1748 1073 1842 1101 existi-

1059 1113 1169 1135 litasset.

1093 1143 1120 1169 5°
1133 1143 1207 1169 lianc
1222 1143 1354 1170 rationem
1371 1142 1459 1175 affert,
1472 1150 1520 1170 cur
1533 1142 1651 1177 Spiritus
1661 1148 1774 1171 sanctus
1788 1151 1840 1170 non

1059 1177 1210 1213 appelletur
1227 1178 1322 1210 Filius,
1338 1179 1400 1212 quia
1414 1186 1428 1204 a
1445 1178 1527 1205 Patre
1543 1186 1591 1213 per
1604 1177 1702 1205 Filium
1716 1179 1841 1211 exsistit;

1058 1212 1085 1239 in
1103 1220 1156 1247 quo
1171 1213 1255 1247 liquet
1272 1219 1357 1240 totum
1373 1214 1443 1240 inter
1466 1212 1562 1240 Filium
1584 1218 1612 1240 et
1629 1213 1762 1247 Spiritum
1779 1222 1841 1241 san-

1058 1252 1129 1274 ctum
1145 1248 1289 1275 discrimen
1306 1256 1358 1275 non
1374 1256 1407 1275 ex
1432 1254 1535 1275 natura:
1550 1248 1785 1282 dissimilitudine,
1798 1249 1842 1277 sed

1057 1290 1089 1309 ex
1103 1283 1209 1309 diversa
1224 1283 1369 1310 exsistendi
1388 1284 1492 1310 ratione
1507 1284 1601 1317 repeti.
1620 1283 1687 1310 Hinc
1704 1284 1751 1310 illa
1768 1292 1839 1311 mar-

1058 1318 1126 1354 tyris
1148 1317 1279 1353 Pamphili
1293 1319 1446 1346 observatio
1472 1319 1592 1353 (Apolog.
1604 1326 1663 1353 cap.
1684 1318 1711 1354 l)
1732 1319 1766 1345 ad
1788 1319 1841 1354 haec

1057 1353 1182 1389 ()rigenis
1195 1354 1275 1380 verba
1288 1354 1331 1389 (ex
1347 1360 1462 1387 promtu.
1480 1354 1506 1380 in
1522 1354 1568 1381 lib.
1588 1354 1624 1380 De
1635 1354 1732 1388 prima,
1745 1362 1774 1380 tt.
1790 1353 1818 1388 4)
1831 1363 1837 1380 :

1056 1386 1090 1414 In
1106 1386 1154 1414 hoc
1172 1396 1224 1414 non
1238 1386 1297 1423 jani
1311 1386 1449 1422 manifeste
1462 1386 1639 1422 discernitur,
1653 1395 1740 1415 utrum
1766 1386 1841 1415 natus

1056 1423 1089 1449 sit
1103 1432 1137 1449 an
1151 1423 1258 1450 innatus
1269 1432 1278 1450 :
1290 1433 1299 1448 t
1320 1423 1370 1457 Qui
1385 1425 1418 1450 de
1433 1429 1506 1455 nato,
1524 1424 1622 1457 inquit,
1638 1424 1677 1451 vel
1692 1425 1786 1451 innato
1801 1432 1842 1450 re-

1057 1457 1149 1491 quirit,
1162 1458 1219 1485 sine
1231 1459 1313 1486 dubio
1327 1463 1459 1486 creaturae
1477 1460 1503 1486 in
1517 1466 1549 1486 eo
1563 1459 1663 1486 nullam
1683 1459 1766 1486 habet
1781 1459 1841 1492 opi-

1057 1493 1165 1520 nionem
1177 1513 1185 1523 ,
1202 1493 1319 1528 alioquin
1336 1498 1363 1520 et
1382 1494 1432 1520 hoc
1447 1494 1606 1521 adduxisset
1627 1494 1660 1520 ad
1685 1494 1841 1528 inquisitio-

216 1528 374 1570 :repov,3tat
397 1528 607 1570 τάξειιπάντων.
621 1528 675 1570 τῶν
771 1529 818 1570 τοᾷ
843 1528 1001 1570 ῌατρὸξιδιὰ

1058 1536 1129 1570 tit-tn.
1146 1528 1204 1570 DIEI
1226 1529 1348 1569 adjungit
1362 1528 1511 1570 Origenes;
1539 1528 1584 1555 νει
1608 1528 1695 1555 Filius
1797 1529 1841 1569 Dei

215 1563 333 1600 Χριστοῦ
348 1564 552 1598 γεγενημένων·
566 1564 613 1590 καὶ
634 1563 704 1598 τάχα
717 1564 876 1600 αὕτηγὲστὶν
931 1566 1004 1592 αἰτία.

215 1599 263 1625 τοῦ
285 1600 321 1635 μὴ
345 1600 393 1626 καὶ
410 1600 476 1635 uino
491 1599 553 1626 Υἱὺν
566 1600 744 1635 χρηματίζειν
758 1599 805 1625 τοῦ
821 1599 887 1626 Θεοῦ
899 1599 910 1631 ,⁷
925 1601 1005 1635 μόνορ

215 1634 264 1675 ’τοῆ
273 1633 439 1675 μονογενοῦς
450 1634 540 1675 ιφγξσει
556 1633 627 1675 Υζοῦ
638 1634 759 1675 tim-7105‘;
771 1633 960 1675 τυγχάνοντος,
975 1633 1005 1675 οἷς)

214 1669 325 1705 χρῄζειν
344 1670 415 1697 ἔοικε
432 1670 462 1696 τὺ
484 1669 560 1704 ἅγιον
582 1669 713 1705 ΙΙνεῦμαᾲ,
726 1669 911 1702 διακονοῦντος
922 1671 1004 1698 αὑτοῦ

213 1702 408 1741 ἷξῇὗποστάσει
418 1725 425 1738 ,
440 1705 470 1731 οὐ
486 1702 564 1740 μόνον
578 1706 617 1737 εἰς
632 1702 663 1731 τδ
678 1702 747 1731 εἶναι
759 1724 765 1731 .
783 1705 850 1732 ἀλλὰ
863 1707 909 1732 καὶ
925 1706 1005 1741 σοφὸν

213 1733 283 1778 aibat
296 1742 343 1767 καὶ
354 1733 467 1778 λογιέιὸν⁸
477 1733 525 1767 uel.
540 1733 651 1778 δίκαζον,
668 1740 713 1766 καὶ
724 1741 937 1778 ’πᾶν-ὀτιποτοῦν

215 1777 281 1803 αὐτὸ
293 1778 428 1812 νοεῖνῗτυγ
436 1776 528 1811 χάνειν
550 1775 619 1812 κατὰ
637 1775 752 1812 μεῖοχὴν
767 1775 820 1802 τῶν
837 1775 1003 1812 προειρημέέ

213 1820 267 1838 νων
278 1813 344 1847 ἡμῖν
357 1811 475 1847 Χριστοῦ
491 1811 634 1838 ἐπινοιῶν.
652 1821 660 1836 t
677 1811 730 1838 Nos
747 1817 847 1843 autem,
861 1811 924 1847 'qtii’
940 1811 1003 1846 per-

214 1846 322 1882 suastim
349 1846 479 1882 habemus
507 1852 563 1874 tres
595 1847 753 1882 hypostases
787 1853 847 1873 esse
882 1846 1002 1880 Patrem,

215 1886 243 1909 et
269 1881 388 1914 Filium,
412 1887 438 1909 et
460 1881 589 1916 Spiritum
615 1881 749 1913 sanctum,
776 1888 826 1909 nec
853 1883 1000 1916 quidquam

216 1917 366 1951 ingenitum
391 1917 527 1944 credimus
553 1922 651 1951 prieter
683 1917 809 1949 Patrem,
836 1917 875 1943 sic
904 1918 1000 1944 statui-

216 1960 293 1985 mus;
308 1960 369 1979 cutn
393 1953 482 1979 omnia
505 1959 551 1986 per
564 1952 660 1978 Filium
685 1952 850 1984 exstiterint,
870 1952 999 1985 Spiritum

214 1992 338 2014 sanctum
353 1987 478 2015 omnibus
500 1987 714 2021 praestantiorem
735 1994 804 2019 esse,
821 1992 848 2014 et
858 1987 953 2013 ordine
966 1991 1000 2014 ab

214 2024 358 2054 omnibus,
375 2030 435 2056 qua:
456 2029 504 2057 per
526 2022 662 2049 Christum
680 2029 694 2047 a
720 2021 800 2048 Patre
823 2022 998 2056 exstiterunt,

214 2060 363 2092 segregari.
377 2058 465 2091 Atque
478 2057 535 2084 haec
549 2057 618 2083 forte
635 2064 715 2083 causa
732 2061 783 2090 est,
795 2064 844 2084 cur
859 2057 915 2090 ipse
932 2065 1000 2091 quo-

212 2100 265 2126 que
279 2092 325 2119 Dei
339 2092 423 2119 Filius
440 2100 493 2119 tton
507 2092 668 2127 appelletur,
679 2092 737 2119 solo
752 2092 890 2127 tmigenito
901 2097 996 2120 natura

211 2127 281 2154 Filio
301 2128 335 2154 ab
352 2128 428 2155 initio
444 2126 592 2155 exsistente
605 2146 612 2158 ,
627 2134 681 2161 quo
698 2126 806 2161 quidem
826 2127 945 2161 indigere
959 2129 997 2154 vi-

212 2163 290 2190 detur
306 2162 423 2196 Spiritus
434 2168 555 2194 sanctus,
565 2167 593 2188 ut
608 2162 691 2196 ipsius
702 2162 839 2196 hypostasi
851 2163 995 2196 ministret,

210 2204 264 2224 non
278 2198 364 2224 solum
382 2205 411 2224 ut
424 2199 469 2229 sit,
490 2199 535 2225 sed
549 2198 631 2224 etiam
647 2201 676 2222 ut
692 2197 727 2224 sit
741 2197 860 2230 sapiens,
875 2203 902 2224 et
913 2201 994 2224 ratio-

210 2232 290 2264 nalis,
305 2237 332 2259 et
347 2232 437 2265 justus
449 2253 456 2265 ,
472 2238 499 2259 et
513 2232 644 2267 quidquid
667 2232 778 2259 omnino
794 2239 855 2258 eum
873 2233 992 2267 cogitare

208 2273 237 2294 et
262 2267 412 2301 intelligere
438 2272 561 2302 oportet,
585 2268 734 2294 secundutn
771 2268 992 2295 communicatio-

208 2309 271 2328 nem
290 2302 391 2329 Christi
410 2303 551 2329 notionunt
563 2321 572 2335 ,
592 2310 660 2336 quas
685 2302 741 2337 jam
768 2303 991 2330 commemoravi-

207 2344 278 2364 mus.
296 2346 306 2362 )

244 2372 380 2408 Habemus
397 2371 424 2398 in
443 2372 483 2399 his
501 2372 591 2408 verbis
614 2378 770 2400 accuratam
785 2372 910 2408 Origenis
930 2380 991 2400 sen-

208 2407 299 2434 tentia:
324 2407 539 2442 explicationem.
566 2407 650 2440 Nam,
669 2409 696 2435 lo
714 2407 844 2442 Spiritum
866 2414 990 2435 sanctum

205 2443 300 2470 eodem
311 2449 391 2470 sensu
402 2443 515 2477 γενητὸν
525 2449 584 2470 esse
594 2444 701 2474 asserit,
712 2451 766 2478 quo
777 2444 862 2478 ipsum
873 2442 989 2477 Filium;

205 2479 299 2505 eodem
307 2485 394 2513 sensu
410 2479 557 2512 ingenitunt
572 2483 670 2513 negat,
684 2486 739 2513 quo
753 2478 861 2505 Patrem
885 2479 989 2513 ingeni-

205 2517 262 2540 tutn
275 2512 399 2539 aﬁirmat.
415 2513 505 2548 Exreo
521 2513 592 2540 enim
611 2512 681 2547 quod
697 2513 770 2541 solus
786 2513 866 2540 Pater
882 2512 989 2548 ingeni-

205 2554 249 2576 tus
270 2548 315 2581 sit,
339 2555 388 2575 nec
400 2548 434 2575 de
448 2547 517 2575 Filio
531 2568 538 2580 ,
553 2556 603 2576 nec
615 2549 648 2575 de
662 2548 741 2575 Patre
756 2548 826 2576 idern
841 2548 894 2576 dici
911 2547 990 2582 posse

204 2583 350 2611 concludit.
369 2583 404 2609 At
419 2584 549 2616 profecto,
566 2591 626 2610 cum
649 2583 756 2610 Patrem
778 2584 864 2611 solum
883 2583 989 2618 ingeni-

204 2623 262 2645 tum
275 2619 350 2651 dicit,
376 2625 427 2645 non
443 2618 529 2646 solum
545 2627 577 2646 ex
598 2618 682 2645 nihilo
699 2623 822 2646 creatura
846 2627 899 2645 tton
917 2625 987 2650 esse,

204 2653 253 2681 sed
270 2653 356 2681 solum
372 2653 407 2680 ab
428 2654 481 2681 alio
496 2661 555 2681 esse
569 2661 621 2681 non
641 2654 779 2688 accepisse
795 2653 938 2688 intelligit;
954 2659 988 2680 ex

204 2696 258 2723 quo
269 2693 343 2723 patet
356 2696 409 2715 non
423 2688 449 2715 id
463 2696 524 2716 eum
539 2689 676 2723 inquirere
689 2693 778 2716 utruttt
793 2689 910 2723 Spiritus
924 2696 989 2716 san-

204 2728 265 2750 ctus
280 2731 313 2750 ex
329 2723 412 2751 nihilo
427 2729 535 2751 creatus
552 2725 587 2751 sit
604 2731 698 2755 necne,
714 2724 761 2750 sed
777 2729 867 2751 utrum
884 2724 917 2751 ab
935 2723 988 2751 alio

205 2764 292 2785 necne
304 2765 363 2786 esse
380 2759 522 2793 acceperit.
544 2759 572 2786 ld
595 2760 739 2786 cortlirmat
759 2759 914 2786 necessaria
942 2758 987 2785 illa

205 2793 319 2832 triplicis
343 2794 497 2832 hypostasis
509 2794 662 2832 distinctio,
678 2794 815 2832 qttatn_ad
834 2801 903 2832 psus
925 2800 988 2821 suos

205 2827 338 2864 adiungit.
349 2828 433 2855 Nemo
440 2836 505 2856 sane
513 2829 612 2856 dixerit
623 2829 658 2855 ita
672 2827 820 2863 desipuisse
831 2827 985 2864 Origenem,

205 2867 236 2901 ut
249 2861 378 2896 Spiritum
391 2867 513 2902 sanctum
535 2871 569 2902 ex
589 2871 621 2892 eo
636 2865 707 2898 quod
727 2861 805 2892 fertis
820 2866 854 2893 sit
869 2861 988 2893 Trinitaé

1056 1563 1190 1601 habendus
1210 1564 1348 1601 sitnecne.
1378 1563 1445 1601 Cum
1475 1565 1688 1601 bmcrpostrema
1716 1564 1842 1601 Origettis

1056 1598 1148 1634 verba,
1163 1603 1217 1625 tum
1235 1598 1264 1625 S.
1278 1599 1404 1634 martyris
1418 1601 1519 1626 notatio
1530 1600 1728 1631 demonstrant,
1742 1607 1797 1626 non
1813 1600 1838 1626 id

1056 1632 1199 1668 Origenem
1233 1632 1388 1668 inquirere,
1418 1639 1507 1661 utrum
1540 1634 1657 1668 Spiritus
1683 1633 1718 1661 sit
1753 1641 1841 1661 necne

1055 1673 1193 1700 creatura,
1209 1670 1256 1695 sed
1279 1670 1414 1703 quomodo
1430 1670 1578 1704 acceperit,
1593 1674 1622 1696 ut
1641 1673 1714 1696 esset
1733 1677 1786 1696 una
1807 1677 1839 1696 ex

1057 1703 1144 1738 tribus
1156 1705 1279 1738 personis
1292 1704 1400 1731 divinis.
1412 1704 1591 1738 Quamobrem
1609 1704 1699 1731 minus
1712 1711 1841 1731 accurate

1055 1737 1236 1773 Hieronymus
1253 1739 1286 1765 ad
1304 1740 1374 1765 hunc
1388 1737 1513 1773 Origenis
1531 1740 1617 1766 locum
1637 1739 1786 1773 respiciens
1801 1740 1840 1766 sic

1054 1773 1174 1807 loquitur
1187 1774 1212 1800 in
1230 1773 1314 1807 Epist.
1327 1775 1361 1800 ad
1375 1775 1480 1801 Avitum
1500 1783 1508 1801 :
1533 1784 1541 1800 ι
1561 1775 1598 1801 De
1612 1781 1664 1808 quo
1677 1794 1684 1806 ,
1702 1784 1712 1800 ›
1738 1774 1838 1808 inquit,

1055 1808 1080 1834 id
1096 1814 1137 1835 est
1149 1809 1181 1836 de
1206 1810 1306 1843 Spiritu
1324 1814 1418 1836 sancto
1430 1830 1438 1841 ,
1455 1819 1464 1835 ι
1482 1818 1542 1836 cum
1561 1810 1685 1844 ignorare
1705 1817 1735 1836 se
1752 1809 1838 1842 dicat,

1054 1849 1144 1870 utrutn
1161 1845 1248 1871 factus
1262 1845 1296 1871 sit
1309 1852 1342 1871 an
1363 1844 1478 1872 infectus
1494 1854 1499 1871 :
1516 1846 1542 1871 in
1562 1845 1759 1878 posterioribus
1772 1845 1838 1878 quid

1053 1878 1086 1914 de
1108 1886 1140 1906 eo
1161 1881 1277 1907 sentiret
1299 1881 1449 1914 expressit,
1466 1880 1533 1906 nihil
1550 1880 1652 1914 absque
1671 1879 1730 1906 solo
1757 1879 1840 1907 Patre

1052 1913 1181 1940 infectum
1196 1921 1256 1942 esse
1277 1913 1453 1942 confirmans.
1470 1923 1479 1940 ι
1497 1913 1639 1949 Nunquam
1664 1915 1793 1949 ignorare
1808 1922 1838 1942 se

1053 1949 1121 1975 dixit
1134 1948 1274 1984 Origenes,
1291 1954 1380 1976 utrum
1399 1950 1517 1984 Spiritus
1536 1948 1646 1976 sanctus
1663 1948 1737 1976 esset
1750 1956 1839 1976 necne

1051 1989 1189 2010 creatura.
1209 1984 1276 2011 Nant
1300 1985 1326 2012 in
1350 1985 1401 2012 hoc
1424 1986 1482 2019 ipso
1504 1992 1618 2019 prorem.
1640 1984 1668 2011 in
1689 1984 1774 2011 libros
1798 1984 1838 2011 De

1050 2019 1184 2053 principiis
1199 2020 1270 2049 inter
1286 2027 1328 2052 ea,
1348 2029 1358 2045 ι
1375 2027 1434 2054 quze
1449 2027 1496 2054 per
1509 2019 1684 2053 apostolicam
1703 2020 1838 2053 praedica-

1051 2054 1150 2081 tionem
1164 2055 1307 2081 manifeste
1319 2056 1472 2088 traduntur,
1491 2064 1499 2080 I
1518 2054 1568 2081 ltoc
1584 2055 1680 2088 dogma
1695 2060 1836 2086 numerat,

1053 2097 1062 2114 I
1077 2089 1180 2116 honore
1191 2097 1223 2116 ac
1237 2089 1366 2125 dignitate
1377 2089 1451 2116 Patri
1467 2098 1499 2117 ac
1513 2089 1581 2116 Filio
1594 2090 1727 2125 sociatum
1744 2089 1836 2122 Spiri-

1050 2129 1106 2159 tum
1130 2129 1251 2151 sanctum
1269 2123 1278 2158 ξ
1299 2134 1308 2150 t
1323 2132 1382 2159 quae
1396 2126 1476 2152 verba
1490 2132 1543 2152 non
1558 2125 1649 2151 ontisit
1665 2123 1836 2158 Pamphilus.

1049 2158 1191 2194 Nunquam
1211 2167 1274 2195 ergo
1299 2158 1429 2187 dubitavit
1451 2160 1581 2195 Origenes
1595 2169 1605 2185 ι
1628 2159 1694 2193 quin
1716 2159 1848 2193 Spiritus.

1048 2200 1160 2221 sanctus
1179 2202 1230 2221 una
1251 2195 1287 2222 sit
1301 2202 1335 2221 ex
1350 2196 1435 2222 tribus
1450 2195 1551 2222 divinis
1565 2195 1688 2228 personis
1700 2215 1708 2227 ,
1720 2195 1837 2228 aequalis

1047 2229 1120 2256 Patri
1131 2234 1158 2256 et
1172 2229 1260 2263 Filio;
1276 2230 1322 2257 sed
1339 2238 1398 2257 cuin
1414 2231 1472 2264 ejus
1485 2231 1622 2264 processio
1633 2236 1686 2256 nor:
1701 2234 1757 2255 tam
1774 2230 1835 2256 dis-

1047 2264 1130 2292 tincte
1148 2265 1174 2291 iit
1195 2265 1343 2299 Scripturis
1365 2265 1462 2299 exponi
1477 2265 1633 2297 videretur,
1649 2271 1731 2298 quam
1750 2271 1835 2299 gene-

1045 2301 1115 2327 ratio
1128 2300 1200 2332 Filii,
1213 2308 1323 2335 operam
1341 2300 1393 2327 bac
1403 2302 1430 2327 itt
1444 2300 1675 2335 re_investiganda
1690 2299 1835 2327 insumen-

1045 2335 1106 2361 dam
1124 2342 1184 2363 esse
1199 2336 1324 2362 ducebat.

1080 2371 1109 2397 4ο
1125 2371 1239 2398 lliirilice
1251 2371 1394 2398 conlirtnat
1407 2370 1587 2405 aequalitatem
1606 2370 1687 2396 trium
1701 2377 1835 2405 persona—

1044 2413 1116 2440 rum,
1142 2411 1169 2434 et
1197 2407 1326 2433 unitatetu
1356 2404 1512 2432 substantia:
1540 2405 1612 2440 quod
1638 2405 1677 2431 ait
1701 2404 1835 2440 Origenes

1044 2441 1121 2477 (tom.
1138 2449 1159 2469 tt
1177 2442 1204 2468 in
1219 2440 1312 2474 10am,
1332 2449 1405 2477 nunt.
1427 2441 1467 2473 6),
1483 2441 1618 2477 Spiritum
1640 2439 1771 2477 sanctum“
1787 2439 1833 2466 Fi-

1044 2475 1080 2503 lio
1104 2485 1184 2512 egere
1204 2485 1214 2501 ι
1234 2481 1262 2503 ut
1285 2476 1470 2512 sitrsapiens,
1496 2475 1653 2512 rationalis,
1676 2475 1780 2509 justus,
1808 2481 1836 2501 et

1043 2510 1173 2546 quidquid
1189 2519 1252 2539 eum
1265 2511 1376 2539 omnino
1391 2512 1510 2546 cogitare
1523 2517 1549 2538 et
1563 2510 1712 2546 intelligere
1724 2515 1835 2544 oportet

1042 2545 1190 2574 secundum
1214 2545 1485 2574 communicationem
1509 2546 1611 2574 Christi
1638 2545 1802 2576 notiouum,
1822 2554 1832 2570 ι

1042 2589 1111 2616 quas
1128 2588 1207 2609 antea
1221 2587 1436 2608 enumeraverat.
1451 2580 1686 2614 Quemadmodum
1701 2587 1770 2615 ergo
1784 2579 1832 2606 Fi-

1043 2617 1094 2644 lius
1107 2619 1196 2644 onmia
1218 2623 1260 2644 est
1271 2637 1279 2650 ,
1297 2621 1326 2643 ut
1348 2617 1425 2644 docet
1438 2616 1568 2651 Origenes
1580 2635 1588 2648 ,
1605 2622 1778 2650 quaecunque
1792 2620 1835 2641 est

1042 2652 1140 2686 Pater;
1155 2655 1192 2679 ita
1207 2652 1324 2687 Spiritus
1339 2656 1448 2679 sanctus
1469 2652 1560 2678 omnia
1576 2656 1618 2677 est
1629 2669 1645 2687 ,ν
1660 2657 1834 2687 quaecunque

1041 2685 1144 2721 Filius,
1163 2685 1277 2723 excepto
1292 2686 1475 2723 generationis
1488 2691 1515 2713 et
1530 2685 1834 2723 processiotti§___tliscri-

1043 2724 1116 2750 mine
1127 2719 1174 2756 {et
1186 2719 1411 2757 quetitadttioduttt
1428 2722 1506 2749 Pater
1519 2719 1614 2757 omnia
1622 2728 1671 2757 sua
1689 2719 1761 2757 Filio
1774 2725 1833 2746 tra-

1040 2757 1119 2795 didit,
1128 2754 1160 2785 ut
1171 2754 1235 2795 alibi
1246 2757 1372 2795 declarat
1389 2756 1530 2795 Origenes,
1547 2756 1585 2783 ita
1600 2754 1716 2795 Spiritui
1733 2759 1833 2794 sancto

1040 2794 1130 2821 omnia
1143 2801 1191 2827 per
1211 2792 1310 2820 Filium
1325 2801 1341 2829 a
1355 2790 1446 2819 Patrc'
1456 2793 1555 2819 tradita
1571 2790 1743 2829 ex_ejusdem
1756 2790 1834 2829 prin.

1040 2829 1119 2862 cipiis
1143 2825 1301 2856 necessario
1326 2828 1541 2855 demonstratur.
1557 2840 1589 2847 —-
1606 2825 1639 2853 D.
1650 2825 1833 2862 Prudentius

1040 2859 1133 2893 Maran
1145 2863 1182 2891 De
1199 2863 1335 2892 divinitate
1347 2862 1444 2890 Christi
1465 2863 1511 2891 lib.
1524 2870 1559 2896 tv,
1572 2869 1632 2896 cap.
1646 2859 1692 2895 16,
1707 2867 1787 2888 num.
1800 2859 1830 2888 9.
