1904 3077
76 136 119 162 715

75 194 163 229 Spiritu
198 195 291 219 sancto
318 190 480 220 decrevisse.
515 191 647 219 Similiter
672 192 875 226 EpiphaniusA

76 242 132 269 hazr.
147 245 214 270 Lxlv,
229 245 287 271 cap.
304 237 321 264 4
334 245 341 262 :
365 237 412 264 Ἐκ
421 238 470 273 τῆς
481 238 574 269 οὐσίας
587 237 634 264 τοῦ
655 238 761 274 Πατρὸς
773 239 837 265 τοῦ-

74 295 112 313 τον
127 284 204 320 (Υἱὸν)
223 284 382 318 εἰσηγεῖται,
399 283 506 310 κτιστὸν
525 283 554 310 δὲ
573 283 650 319 ἆμα-
666 284 788 319 βούλεται
809 285 838 312 δὲ

73 331 106 364 ὡς
127 330 189 357 κατὰ
213 329 291 364 χάριν
316 329 360 355 τὸν
383 329 446 355 Υἰὸν
467 329 547 356 αὑτὸν
573 329 713 357 καλεῖσθαι
736 329 836 364 λέγειν.

76 387 84 403 t
99 377 132 404 Ex
147 375 288 403 substantia
305 375 395 402 Patris
408 383 468 403 eum
487 375 606 411 (Filium)
617 383 678 403 esse
692 376 838 404 arbitratur

74 421 228 458 (Origenes),
249 421 295 448 sed
319 421 493 448 nihilominus
514 426 645 448 creatum.
663 422 724 449 Vult
747 428 837 449 autem

73 468 137 503 quasi
159 474 205 503 per
228 467 341 502 gratiam
367 466 464 494 Filium
489 468 577 502 ipsum
608 468 770 502 appellatum
796 468 838 495 di—

73 521 126 542 cere
144 521 151 546 ;
169 522 179 538 »
195 517 220 539 et
236 520 296 547 cap.
313 513 330 539 5
351 522 358 539 :
376 513 554 548 Φανερώτατα
570 513 615 540 τὸν
632 513 695 540 Yle
710 513 755 540 τοῦ
771 514 837 541 Θεοῦ

72 561 161 595 κτίσμα
173 558 328 594 ἐδογμάτισε
338 579 345 591 ,
361 558 408 585 καὶ
424 558 477 584 ἀπὺ
498 558 546 593 τῆς
558 559 622 594 περὶ
639 559 684 585 τοῦ
702 559 766 586 Υἰοΰ
780 560 839 586 τόλ-

75 615 120 642 μης
131 605 214 641 γνῴης
224 605 263 631 ὅτι
280 605 326 631 καὶ
341 605 371 631 τὸ
385 604 496 639 Πνεῦμα
509 604 539 630 τὸ
551 605 628 639 ἅγιον
652 605 759 632 κτιστὺν
782 607 838 632 εισ-

71 652 191 687 ηγήσατο.
212 659 221 675 r
240 650 418 685 Apertissimc
435 649 532 676 Filium
549 651 594 678 Dei
611 657 763 678 creaturam
780 659 840 679 esse

72 697 236 727 asseveravit,
250 700 276 723 et
291 695 324 722 ab
344 696 394 722 hac
410 696 436 722 in
455 694 554 722 Filium
576 697 688 723 audacia
710 703 792 724 nosce
813 701 840 724 et

70 749 112 777 pro
140 748 167 768 re
192 746 282 768 creata
307 740 437 774 Spiritum
467 745 591 768 sanctum
611 741 758 771 habuisse;
776 751 786 766 ι
813 745 841 769 et

71 794 121 822 cap.
137 786 170 814 8:
189 786 281 812 Ὁπότε
300 785 327 811 δὲ
344 786 372 811 ὲν
392 785 498 817 πολλοῖς
517 785 610 817 τόποις
627 785 741 821 εὕρομεν
760 785 840 813 αὑτὸν

71 833 109 860 τὸν
124 833 256 868 Μονογενῆ
273 832 338 859 Θεὸν
356 831 587 868 ἁπαλλοτριοῦντα
602 833 652 868 τῆς
670 832 716 859 τοῦ
735 833 840 868 Πατρὺς

70 878 180 913 θεάτητός
197 886 226 904 τε
243 878 290 904 καὶ
308 877 413 909 οὐσίας,
429 877 496 912 ὁμοῦ
516 886 546 903 τε
567 878 613 904 καὶ
632 877 662 904 τὸ
681 878 792 912 Πνεῦμα
809 878 838 904 τὸ

70 925 143 958 ἅγιον,
163 924 254 950 τούτου
275 923 353 958 χάριν
372 924 402 949 τὸ
417 923 529 958 γενητὸν
547 923 612 950 Θεὸν
631 924 771 960 εἰρηκέναι
790 925 839 951 αὺ-

70 970 117 1001 τὸν,
131 969 209 1004 σαφές
228 969 313 1000 ἐστιν,
332 969 372 996 ὅτι
391 968 497 996 κτιστὺν
522 968 651 1004 ὁρίζεται,
678 978 687 994 r
707 969 839 1001 Quoniam

70 1019 147 1041 autem
163 1015 186 1041 in
206 1015 299 1042 multis
319 1014 385 1041 locis
407 1015 560 1042 invenimus
582 1023 643 1041 cum
666 1014 839 1048 Uuigenitum

69 1059 141 1086 Deum
159 1064 340 1095 segregantem
357 1067 370 1086 a
387 1059 476 1087 Patris
501 1060 644 1086 divinitate
660 1064 688 1086 et
710 1060 839 1086 substan-

70 1106 119 1138 tia;
134 1106 208 1133 simul
226 1112 291 1132 vero
307 1110 334 1132 et
347 1105 478 1140 Spiritum
499 1111 644 1138 sanctum;
662 1105 763 1132 idcirco
778 1112 839 1131 eum

69 1151 211 1185 productum
229 1151 313 1179 Deum
327 1151 430 1178 dixisse
444 1150 546 1185 liquet,
560 1151 622 1185 quia
643 1155 764 1177 creatura
778 1157 840 1177 esse

70 1197 186 1224 decernit.
204 1207 213 1223 ι
229 1197 398 1225 Justinianus
415 1196 441 1223 in
463 1195 550 1229 Epist.
569 1196 603 1223 ad
619 1195 724 1222 Menam
740 1195 841 1222 dixisse

69 1243 243 1270 Adamantiutn
278 1243 394 1270 asserit:
418 1242 478 1268 Ὀτι
507 1243 520 1268 ὁ
549 1242 631 1274 Υἱὸς,
651 1242 697 1268 καὶ
715 1241 745 1267 τὸ
764 1241 841 1276 ἅγιον

68 1289 166 1324 Πνεῦμα
181 1290 319 1325 κτίσματά
334 1289 402 1321 εἱσι,
423 1288 470 1314 καὶ
489 1289 557 1324 ὅπερ
575 1288 655 1323 ἡμεῖς
671 1288 754 1323 ἐσμεν
773 1287 841 1322 πρὸς

67 1334 106 1362 τὸν
120 1335 189 1366 Υἱὸν,
206 1335 287 1362 τοῦτο
304 1336 319 1361 ὁ
338 1335 402 1366 Υἱός
419 1335 476 1361 ἐστι
494 1333 561 1369 πρὸς
576 1333 694 1368 Πατέρα.
716 1341 726 1358 t
744 1332 839 1359 Filium

67 1385 90 1407 et
102 1380 224 1415 Spiritum
243 1385 371 1408 sanetum
389 1388 433 1408 res
446 1387 505 1407 esse
517 1383 633 1410 creatas,
651 1379 776 1413 quodque
793 1385 841 1405 nos

66 1431 147 1452 sumus
160 1426 192 1452 ad
206 1425 316 1456 Filium,
327 1425 352 1452 id
367 1424 466 1451 Filium
485 1431 546 1451 esse
559 1423 592 1451 ad
605 1423 724 1450 Patrem.
742 1431 751 1448 ι
771 1422 842 1449 Pho-

67 1472 112 1498 tius
128 1473 186 1498 cod.
198 1479 243 1498 vttt
259 1471 355 1498 scribit
371 1470 515 1505 Origenem
529 1469 655 1496 docuisse
671 1469 696 1495 in
714 1468 761 1496 lib.
780 1476 787 1494 r
805 1467 841 1494 De

64 1517 182 1552 princip,
194 1517 240 1544 τὸν
259 1517 310 1552 μὲν
325 1516 389 1543 Υὶὺν
407 1515 459 1542 ὑπὸ
475 1514 522 1541 τοῦ
541 1514 646 1549 Πατρὸς
667 1514 839 1550 πεποιῆσθαι,

64 1548 90 1588 et
105 1548 268 1598 es'ntecpa'
280 1562 331 1588 ὑπὸ
347 1562 394 1588 τοῦ
413 1561 488 1587 Υἱοῦ.
508 1570 518 1586 ι
539 1548 636 1587 Filium
656 1567 716 1588 esse
730 1569 744 1587 a
760 1548 841 1587 Patre
855 1548 876 1576 θ

65 1608 164 1640 factum,
179 1609 313 1643 Spiritum
331 1612 454 1635 sanctum
469 1615 484 1634 a
507 1606 583 1633 Filio.
603 1616 612 1631 ι
629 1605 733 1639 Quibus
749 1613 843 1633 asseu—

66 1653 158 1680 tiuntur
169 1653 349 1688 Augustinus,
372 1652 523 1684 Cedrenus,
546 1651 653 1685 Suidas,
676 1650 794 1678 Zonaras
816 1655 843 1678 et

66 1695 174 1726 Nieelas.

96 1743 184 1771 XXIII.
211 1744 239 1772 Si
266 1751 330 1779 quae
355 1750 444 1771 tamen
471 1743 578 1778 culpam
604 1742 672 1769 hanc
697 1746 843 1769 extenuare

67 1795 177 1824 possunt,
191 1791 365 1826 colligamus.
380 1790 494 1817 Ruﬁnus
509 1789 545 1816 De
556 1789 644 1816 adult.
657 1788 719 1814 libr.
735 1787 843 1822 Origen.

67 1837 280 1872 hujushtereseos
303 1838 377 1865 virus
402 1837 478 1864 libris
503 1836 627 1871 Origenis
650 1835 737 1861 aliena
763 1842 843 1861 ruanu

67 1882 169 1911 aﬂ‘usum
184 1884 362 1912 existimabat
375 1892 382 1910 :
409 1892 418 1908 ε
437 1881 564 1916 Nunquid
577 1901 585 1913 ,
598 1881 696 1916 inquit,
711 1881 736 1908 in
750 1881 844 1907 eodem

66 1936 139 1964 opere
152 1930 274 1964 ejusdem
291 1929 372 1961 libri,
393 1928 527 1955 interdum
538 1947 546 1961 ,
562 1933 591 1953 ut
607 1927 736 1959 diximus,
751 1926 843 1953 statim

66 1974 90 2001 in
111 1975 287 2010 consequenti
309 1973 426 2008 capitulo
451 1973 551 2001 oblitus
573 1971 614 1999 sui
640 1979 701 1999 esse
732 1971 846 2006 potuit?

66 2020 139 2049 Verbi
152 2029 244 2054 causa,
259 2021 347 2056 utqui
365 2021 490 2055 superius
503 2019 609 2046 dixerat
627 2026 760 2052 nusquam
775 2018 847 2045 iuve-

66 2065 111 2093 niri
125 2067 151 2093 in
165 2066 238 2094 omni
255 2066 397 2100 Scriptura
418 2065 462 2092 ubi
483 2063 601 2098 Spiritus
618 2068 732 2091 sanctus
759 2063 846 2090 factus

59 2111 102 2148 .vel
111 2117 218 2140 creatus
234 2119 298 2140 esse
312 2107 461 2143 diceretur,
474 2111 604 2138 continuo
617 2110 763 2144 subjiceret
777 2109 848 2136 inter

67 2162 169 2186 racteras
183 2163 327 2186 creaturas
338 2157 441 2184 factum
455 2164 517 2184 esse
531 2157 663 2192 Spiritum
678 2155 821 2183 sanctum?
836 2165 844 2180 l

67 2202 161 2231 Similia
183 2205 287 2240 regerit
307 2203 497 2231 Genebrardus
520 2203 546 2230 in
572 2202 716 2229 Collectan.
739 2202 770 2228 de
789 2200 848 2227 Vita

67 2247 178 2284 θήρη..
195 2259 258 2286 cap.
271 2251 298 2277 6.
316 2250 445 2285 Didymus
458 2257 523 2276 vero
534 2269 542 2281 ,
562 2256 616 2276 non
633 2248 740 2275 eximiae
761 2247 847 2274 solum

67 2296 216 2323 eruditionis
231 2297 324 2329 homo,
333 2296 381 2323 sed
397 2295 556 2323 orthodoxa:
565 2295 646 2321 etiam
660 2293 732 2327 fidei,
745 2294 846 2327 scripta

67 2341 165 2375 quidem
177 2343 210 2369 ab
223 2341 343 2377 Origene
357 2348 411 2369 non
423 2346 505 2376 negat
520 2347 580 2376 quae
595 2339 675 2374 obiici
688 2339 788 2372 solent,
799 2339 846 2366 sed

67 2386 91 2413 iu
107 2388 202 2416 malam
223 2393 332 2423 partem
357 2387 429 2415 ﬂecti
451 2387 552 2415 asserit
576 2394 591 2413 a
608 2384 766 2418 malevolis,
789 2392 849 2419 quae

67 2437 132 2461 recta
142 2438 270 2470 poterant
282 2433 506 2469 interpretatione
520 2431 637 2460 delendi.
653 2431 681 2458 ld
691 2430 848 2466 priusquam

98 2511 151 2547 (Η)
168 2511 278 2547 Priora,
295 2518 371 2547 quem
389 2507 686 2547 addugt't_.lustinianur,
704 2511 758 2534 etc.
772 2506 846 2547 Quod

67 2542 193 2581 supra'ait
215 2542 386 2580 Epiphanius
407 2545 441 2571 ab
454 2544 568 2578 Origene
592 2551 644 2569 nou
664 2547 761 2581 natura
775 2542 847 2581 .__scd

68 2577 147 2613 gratia
168 2577 278 2608 Filiu'tn'
295 2580 367 2612 dici,
392 2577 574 2607 commeritum
603 2582 645 2604 est
668 2577 702 2604 ab
723 2577 849 2613 omnibus

68 2612 187 2651 Origenis
202 2615 346 2651 principiis
362 2613 669 2651 reniotissiuLum._ldem
686 2619 740 2651 non
763 2612 849 2651 dicam

69 2651 98 2677 de
111 2646 303 2685 generatione
314 2658 347 2678 ex
367 2651 504 2685 voluntate
519 2648 623 2680 Patris;
645 2655 705 2685 quae
724 2646 849 2685 Loquendi

68 2680 131 2713 ratio
153 2694 215 2713 cum
234 2685 330 2712 multis
353 2685 413 2712 aliis
431 2684 541 2718 probata
551 2702 565 2718 ν,
589 2680 701 2710 tum‘ad
723 2680 850 2718 Origenis

68 2722 222 2748 sententiam
232 2720 303 2747 satis
314 2719 526 2747 accommodata.
535 2717 602 2744 Nam
615 2724 675 2744 cum
689 2717 854 2743 voluntatem

69 2754 152 2783 Patris
164 2757 190 2782 in
204 2756 277 2782 Filio
293 2760 458 2789 generatam.
471 2761 502 2780 ac
518 2752 685 2789 tortaanilio
697 2751 851 2789 communi-

69 2796 149 2818 catam
164 2791 276 2826 doceat,
292 2786 328 2816 ita
347 2794 375 2826 ut
390 2789 514 2826 identitas
528 2788 563 2815 sit
575 2787 720 2826 voluntatis
735 2786 762 2813 in
778 2790 853 2826 utro:

86 2832 116 2853 ue
134 2834 142 2859 ;
166 2833 221 2853 non
246 2825 386 2851 immerito
405 2831 456 2851 nec
469 2823 642 2859 incommode
656 2822 755 2859 “dicere
767 2822 854 2855 potuit

86 2832 116 2853 ue
134 2834 142 2859 ;
166 2833 221 2853 non
246 2832 386 2851 Immerito
405 2832 456 2851 nec
469 2832 642 2850 incommoue
663 2832 755 2848 ulcere
768 2832 854 2855 putuit.

68 2832 160 2888 gilium
177 2869 212 2889 ex
231 2859 326 2888 Patris
341 2859 478 2887 voluntate
498 2857 631 2893 genitum.
651 2856 727 2890 Quod
749 2860 854 2890 spectat

479 131 763 160 ORIGENIANORUM
784 132 851 160 LIB.
868 132 902 166 Η,
923 133 1000 161 CAP.
1019 133 1053 165 11,
1074 133 1212 167 ΟυΑΞεΤ.
1226 134 1260 161 ll.

1621 137 1672 164 77-1

889 192 1058 227 aggredimur
1074 192 1181 225 facere,
1205 193 1351 221 all‘eremus
1369 193 1495 229 Origenis
1517 194 1672 222 testimonia

887 232 1008 272 qliaadam
1026 238 1168 265 catholica:
1185 238 1315 266 doctrinae
1330 239 1396 266 satis
1418 245 1608 268 consentanea.
1628 240 1674 268 Fi-

887 282 951 310 lium
967 283 1122 310 Creatorem
1136 284 1252 319 appellat
1271 285 1317 312 lib.
1331 292 1368 312 vn
1385 285 1413 312 in
1427 285 1512 319 Epist.
1531 289 1564 313 ad
1582 285 1673 318 Rom.

887 335 963 355 num.
977 327 1003 360 9,
1019 333 1047 355 et
1060 336 1073 354 a
1087 329 1169 356 rebus
1181 330 1280 357 creatis
1293 330 1396 358 diserte
1412 331 1529 358 secernit
1544 339 1551 357 :
1573 341 1582 357 ι
1600 330 1674 358 Nihil

887 379 930 401 est
946 375 1030 408 enim,
1047 375 1144 408 inquit,
1159 375 1216 402 sive
1228 375 1352 409 visibilis,
1370 376 1426 403 sive
1438 376 1582 404 invisibilis
1596 383 1675 404 crea-

889 424 966 453 turas,
977 421 1049 455 quod
1067 421 1138 448 Filio
1151 421 1237 456 possit
1252 422 1388 456 adaequari
1401 431 1409 454 ;
1424 422 1497 449 nullo
1511 422 1581 449 enitn
1596 426 1674 457 pacto

888 466 1004 494 creatori
1021 474 1069 493 suo
1087 472 1209 494 creatura
1235 472 1324 502 potest
1336 467 1469 501 conl‘erri';
1482 473 1509 495 et
1523 468 1544 495 si
1560 467 1674 495 Creator

889 512 946 546 ipse
961 512 1076 539 donatus
1090 516 1131 539 est
1151 513 1239 545 nobis,
1257 513 1392 547 quomodo
1407 521 1459 540 non
1478 521 1538 540 cum
1555 513 1612 547 ipso
1626 521 1676 541 no-
1694 516 1698 520 ‘

888 557 931 585 bis
949 557 1037 584 omnis
1057 561 1183 585 creatura
1204 559 1377 585 donabitur?
1394 568 1403 584 ι
1429 564 1456 585 et
1476 559 1502 585 in
1523 559 1676 592 Anacepha—

889 603 962 630 ια’οεί
975 603 1021 630 lib.
1036 611 1062 630 Iv
1075 603 1145 638 Περὶ
1161 603 1271 638 ἀρχῶν,
1287 613 1362 632 num.
1376 605 1411 632 28
1424 614 1431 633 :
1449 614 1458 630 r
1478 604 1535 631 Non
1549 605 1620 632 enim
1635 605 1676 631 di—

889 649 986 680 cimus,
1002 649 1072 676 sicut
1087 650 1205 676 haeretici
1225 654 1333 684 putant,
1350 655 1453 685 partem
1476 650 1592 684 aliquaru
1612 650 1677 677 Sub-

890 697 995 722 slantia:
1016 695 1063 722 Dei
1084 695 1109 721 in
1124 695 1221 721 Filium
1239 703 1345 722 versam
1358 716 1365 727 ,
1381 701 1427 722 aut
1440 703 1473 722 ex
1494 696 1574 723 nullis
1588 695 1678 722 subsi-

890 740 1021 767 stentibus
1036 740 1132 767 Filium
1154 745 1323 775 procreatum
1342 748 1357 767 a
1374 741 1468 772 Patre,
1484 741 1510 767 id
1527 745 1584 770 est.
1600 745 1676 766 extra

890 786 1066 813 substantiam
1082 794 1172 818 suam,
1190 790 1219 813 ut
1236 786 1317 813 fuerit
1337 786 1483 820 aliquando
1497 787 1607 820 quando
1624 794 1677 813 nou

893 831 984 862 fuerit,
998 832 1044 859 sed
1063 831 1185 859 abscisso
1201 832 1275 859 omni
1298 839 1379 859 sensu
1399 839 1542 866 corporeo,
1558 839 1590 859 ex
1610 832 1678 858 invi-

891 877 961 904 sibili
977 882 1005 905 et
1019 878 1179 912 incorporeo
1192 877 1310 905 Verbum
1329 883 1356 905 et
1372 878 1539 913 Sapientiam
1558 879 1677 913 genitam

891 923 1005 950 dicimus
1017 942 1025 955 ,
1042 923 1144 957 absque
1164 923 1216 950 ulla
1241 924 1374 958 corporali
1399 924 1545 958 passione,
1563 924 1636 951 velut
1655 925 1677 951 si

892 969 1013 996 voluntas
1036 970 1166 1004 procedat
1190 977 1205 997 e
1229 974 1330 997 mente.
1349 979 1358 996 ι
1378 969 1476 997 Locum
1499 971 1569 997 hunc
1589 972 1679 1003 capite

891 1013 925 1040 18
941 1015 1038 1049 repetit
1061 1020 1155 1042 auctor
1174 1015 1254 1042 libelli
1271 1015 1309 1042 De
1332 1008 1430 1042 deitate
1454 1020 1478 1042 et
1497 1016 1680 1043 incarnatione

897 1059 990 1092 Verbi,
1016 1061 1049 1087 ad
1074 1059 1310 1095 Januarium,qui
1338 1060 1452 1087 habetur
1477 1061 1503 1086 in
1531 1060 1583 1087 line
1614 1060 1678 1087 torni

891 1105 980 1140 quarti
992 1106 1147 1141 Augustini.
1159 1107 1245 1141 Atque
1264 1107 1321 1133 haec
1331 1107 1412 1133 verba
1427 1114 1434 1133 :
1450 1122 1460 1132 ι
1480 1106 1532 1133 Aut
1549 1114 1580 1134 ex
1597 1106 1678 1134 nullis

893 1151 1103 1179 subsistentibus
1120 1151 1217 1179 Filium
1233 1156 1404 1186 procreatum
1427 1161 1441 1179 a
1463 1151 1565 1185 Patre,
1590 1153 1615 1179 id
1637 1159 1680 1180 est

892 1202 968 1225 extra
982 1198 1162 1225 substantiam
1177 1206 1264 1230 suam,
1279 1202 1308 1224 ut
1320 1198 1401 1224 fuerit
1412 1197 1557 1232 aliquando
1570 1199 1679 1233 quando

892 1237 946 1271 non
966 1244 1069 1276 fuerit,
1090 1254 1099 1270 ι
1116 1252 1194 1271 neruo
1219 1252 1270 1270 non
1287 1244 1359 1270 videt
1379 1243 1419 1270 vel
1443 1251 1457 1270 a
1479 1243 1580 1270 Ruﬁno
1595 1244 1646 1270 luis
1663 1252 1679 1271 e

893 1290 1112 1325 interpretationi
1129 1291 1243 1321 intexta,
1257 1290 1298 1317 vel
1308 1290 1342 1317 ab
1355 1289 1414 1316 aliis
1427 1288 1525 1316 Ruﬁno
1543 1289 1678 1323 antiquio-

893 1337 967 1364 ribus
986 1336 1081 1364 Grreco
1110 1335 1163 1371 ipsi
1186 1336 1324 1363 contextui
1342 1335 1442 1362 iul‘arta
1461 1340 1555 1362 contra
1573 1336 1678 1365 Arium.

893 1389 972 1416 quem
986 1382 1152 1408 Sozomenus
1171 1381 1218 1408 lib.
1232 1390 1255 1411 ι.
1270 1389 1329 1415 cap.
1347 1381 1397 1413 15,
1413 1380 1451 1407 ait
1466 1380 1598 1416 πρότερον
1615 1380 1679 1414 παρ’

893 1427 985 1463 ἐτέρου
1007 1427 1043 1462 μὴ
1056 1427 1199 1463 εἰρημένον
1215 1427 1348 1462 τολμῆσαι
1367 1428 1395 1453 ὲν
1413 1427 1561 1462 Ἐκκλησία
1574 1426 1680 1460 ἀποφή-

894 1473 999 1505 νασθαι,
1013 1473 1058 1499 τὸν
1073 1473 1136 1499 Υἱὸν
1153 1471 1200 1499 τοῦ
1220 1472 1286 1498 Θεοῦ
1300 1472 1329 1505 ἐξ
1342 1473 1392 1498 οὐκ
1406 1472 1489 1498 ὄντων
1504 1470 1680 1506 γεγενῆσθαι,

895 1516 1018 1546 καὶεῖναί
1033 1528 1099 1546 ποτε
1111 1519 1155 1545 ὅτε
1170 1519 1220 1545 οὐκ
1237 1517 1280 1554 ἦν.
1297 1527 1306 1543 ‹
1320 1518 1438 1545 Primum
1455 1519 1481 1545 in
1497 1517 1616 1545 Ecclesia
1633 1525 1682 1544 au-

891 1573 951 1592 sum
976 1572 1036 1592 esse
1059 1565 1165 1597 dicere,
1181 1567 1253 1599 quod
1278 1571 1357 1591 nemo
1380 1570 1445 1591 ante
1469 1564 1541 1591 illum
1564 1564 1681 1596 dixerat,

892 1610 989 1638 Filium
1006 1611 1110 1638 scilicet
1127 1610 1172 1637 Dei
1187 1619 1219 1637 ex
1238 1618 1288 1637 non
1305 1611 1475 1637 exstantibus
1492 1610 1640 1640 exstitisse.
1654 1614 1683 1636 et

892 1655 976 1683 fuisse
995 1656 1140 1690 aliquando
1167 1663 1228 1683 cum
1257 1657 1375 1683 nondum
1403 1660 1486 1683 esset.
1517 1663 1527 1680 ι
1548 1655 1681 1683 Disertis-

893 1702 962 1728 sima
976 1702 1056 1728 etiam
1072 1702 1128 1728 haec
1142 1701 1174 1728 de
1194 1707 1288 1728 sancto
1301 1702 1404 1736 Spiritu
1422 1709 1437 1728 e
1457 1701 1504 1727 lib.
1520 1709 1526 1727 l
1543 1700 1614 1734 Περὶ
1627 1700 1680 1735 ἀρ-

893 1747 965 1782 χῶν,
975 1755 1033 1781 cap.
1049 1747 1076 1779 5,
1089 1756 1162 1774 ιιιιιιι.
1177 1747 1212 1774 5:
1231 1757 1240 1773 ε
1257 1747 1447 1774 Verumtamen
1465 1754 1551 1781 usque
1564 1747 1597 1774 ad
1612 1755 1683 1782 pra:-

893 1800 956 1819 sens
967 1792 1070 1819 nullum
1085 1799 1237 1819 sermonem
1251 1792 1278 1818 in
1292 1791 1441 1826 Scripturis
1452 1792 1683 1819 sanctisinvenire

894 1839 1031 1872 potuimus
1055 1845 1103 1873 per
1125 1846 1204 1872 quem
1229 1837 1348 1872 Spiritus
1362 1845 1474 1865 sanctus
1491 1838 1595 1864 factura
1611 1844 1683 1869 esse,

894 1883 935 1910 vel
948 1887 1071 1910 creatura
1086 1883 1241 1916 diceretur;
1259 1890 1292 1910 ne
1308 1890 1340 1910 eo
1357 1883 1465 1917 quidem
1482 1884 1564 1910 modo
1579 1890 1634 1917 quo
1649 1883 1684 1909 de

898 1928 1037 1963 Sapientia
1054 1928 1156 1955 referre
1168 1928 1444 1962 Salomoncm-supra
1459 1928 1627 1960 edocuimus,
1642 1927 1684 1954 vel

904 1981 964 2007 qua:
991 1974 1024 2000 de
1041 1974 1112 2006 vita,
1127 1973 1168 1999 vel
1192 1973 1277 1999 Verbo
1291 1993 1299 2005 ,
1323 1973 1437 2006 aliisque
1463 1972 1685 2007 appellationibus

901 2019 964 2047 Filii
978 2020 1024 2046 Dei
1043 2019 1214 2055 intelligenda
1227 2026 1287 2046 esse
1299 2018 1484 2046 tractavimus.
1502 2027 1511 2044 ι
1525 2019 1613 2053 Atque
1629 2019 1686 2045 haec

899 2065 1009 2100 quidem
1035 2072 1050 2092 e
1065 2064 1216 2091 Ruﬁnianis
1235 2063 1508 2098 interpretationibus
1528 2064 1685 2102 deprompta

898 2111 1096 2141 testimonia.ut
1109 2112 1196 2137 minus
1210 2110 1297 2137 valida
1312 2110 1501 2144 praemisimus,
1513 2110 1586 2136 velut
1600 2109 1685 2136 levio-

900 2165 957 2184 rem
976 2158 1121 2191 quamdam
1137 2160 1313 2183 armaturam.
1329 2156 1382 2183 Sed
1393 2155 1449 2190 jam
1464 2156 1590 2183 cominus
1604 2155 1681 2190 signa

900 2211 1011 2230 GDllSOl‘il
1016 2211 1040 2229 [11
1044 2211 1084 2229 US.

940 2249 1049 2283 Aliquot
1067 2247 1208 2275 attulimus
1225 2247 1311 2279 locos,
1323 2247 1421 2281 quibus
1433 2246 1459 2273 in
1473 2251 1625 2274 creatarum
1645 2252 1687 2272 re-

901 2303 960 2322 rum
974 2302 1085 2322 censum
1102 2295 1204 2321 detrusi
1218 2294 1345 2321 videnlur
1361 2293 1395 2320 ab
1410 2292 1528 2327 Origene
1554 2292 1639 2319 Filius
1659 2297 1687 2319 et

901 2340 1017 2375 Spiritus
1030 2346 1148 2367 sanctus.
1162 2339 1217 2374 (ll)
1227 2339 1330 2371 Priore,
1345 2346 1424 2372 quem
1437 2338 1545 2364 adducit
1558 2336 1688 2364 Iustinia—

898 2392 969 2416 nus,
1003 2384 1086 2411 Filius
1119 2384 1216 2411 dicitur
1251 2384 1284 2410 ὲκ
1321 2382 1470 2417 θελήματος
1501 2381 1548 2408 τοῦ
1582 2382 1688 2417 Πατρὸς

897 2429 1048 2465 γεννηθεὶς,
1069 2429 1241 2465 πρωτότοκος
1259 2427 1348 2463 πάσης
1365 2427 1489 2459 κτίσεως,
1508 2426 1620 2462 κτίσμα.
1635 2426 1688 2454 Re-

902 2507 934 2533 ad
960 2505 1170 2533 Proverbierum
1192 2505 1300 2538 locum,
1326 2514 1336 2530 ι
1354 2504 1482 2532 Dominus
1502 2502 1621 2538 condidit
1643 2509 1688 2529 mo

902 2541 994 2573 (Prov.
1010 2549 1066 2572 Vlll,
1081 2540 1139 2575 22).
1159 2549 1169 2565 ι
1185 2544 1238 2568 etc.
1249 2559 1256 2573 ,
1271 2537 1324 2574 quo
1347 2539 1434 2567 fretus
1448 2538 1577 2575 Origenes
1590 2537 1686 2575 Filium

903 2576 1041 2603 conditum
1054 2581 1082 2602 et
1097 2572 1152 2602 rem
1175 2572 1314 2602 conditam
1336 2574 1489 2609 appellasch
1506 2573 1602 2609 dicitur
1620 2572 1686 2609 ;rv_i-

902 2611 1019 2649 deudum
1041 2617 1159 2645 quonam
1190 2610 1216 2636 id
1240 2617 1320 2649 sensu
1343 2607 1505 2649 praestiterit
1515 2608 1600 2649 inani
1621 2607 1687 2649 vitio

902 2646 971 2673 verti
996 2641 1172 2682 nou-potest,
1196 2644 1267 2682 quod
1291 2641 1440 2682 Scriptura;
1466 2641 1687 2682 veLbis‘utatur),

902 2685 994 2708 utrum
1008 2681 1058 2707 hoc
1067 2677 1250 2707 testimonium
1265 2679 1299 2705 ad
1313 2678 1486 2705 evertendam
1499 2677 1561 2704 Filii
1579 2677 1686 2704 aeterni-

908 2720 1003 2748 tatem,
1019 2720 1049 2741 ut
1066 2715 1168 2742 clarum
1190 2719 1217 2741 et
1237 2717 1359 2748 apertum
1375 2712 1523 2748 adhibeat;
1541 2720 1574 2739 an
1588 2712 1687 2746 potius,

906 2755 937 2777 ut
953 2751 978 2777 in
992 2747 1107 2778 obscuro
1121 2754 1149 2776 et
1163 2748 1266 2776 diﬂ‘tcili
1282 2748 1341 2774 loco
1351 2766 1358 2778 ,
1376 2747 1409 2774 ad
1425 2747 1537 2774 subtiles
1552 2748 1688 2780 interpre-

907 2781 1023 2812 tationes
1050 2784 1197 2818 confugiat.
1217 2782 1302 2818 Litcm
1326 2782 1456 2818 dirimunt
1479 2789 1538 2818 q_u.-e
1564 2781 1688 2818 leguntur

906 2819 953 2856 lib.
976 2827 983 2846 l
997 2820 1034 2856 De
1054 2815 1187 2856 princip,
1200 2825 1261 2852 cap.
1275 2817 1293 2844 Ξ
1306 2837 1314 2850 ,
1329 2816 1436 2856 ηυρλ-β
1452 2816 1509 2856 et}
1521 2835 1528 2848 ,
1538 2815 1599 2856 'llbl'
1609 2815 1686 2856 illud2

909 2864 919 2882 ι
936 2849 1064 2885 Dominus
1078 2849 1197 2883 condidit
1206 2849 1262 2894 me,
1277 2862 1286 2879 ι
1301 2859 1355 2894 non
1368 2852 1401 2880 de
1411 2852 1469 2887 ipsa
1481 2850 1629 2887 Sapientia,
1641 2849 1687 2878 sed
