1904 3077
52 144 97 171 777
456 141 743 171 ORIGENIANORUM
763 142 826 170 LIIT.
849 142 881 174 Il,
900 143 975 171 CAP.
999 143 1032 176 Il,
1052 143 1189 178 QUIEST.
1211 145 1244 173 Il.
1612 149 1661 174 773

51 212 107 234 νει-ο
121 207 227 230 sancms
237 206 288 226 non
303 204 343 226 est
358 200 497 235 γεννητὸς,
518 202 564 228 sed
582 202 704 238 γενητὸς,
719 201 809 237 genito

877 206 925 233 eu,
943 201 1031 236 inqttit
1044 222 1052 234 ,
1063 203 1134 238 quod
1151 203 1244 230 dicunt
1258 212 1317 231 eum
1329 205 1449 233 innatum
1461 207 1548 235 dicere
1562 207 1662 237 Filium

51 259 100 279 rem
117 249 185 277 enim
202 255 253 275 nott
283 247 384 279 habet,
411 247 457 273 sed
475 247 556 274 habet
574 255 589 274 a
611 247 690 275 Patre
711 252 737 274 et
752 247 821 274 Filio

50 303 76 324 ut
88 296 204 324 exsistat.
219 294 280 321 Haec
296 298 338 320 est
354 293 461 327 propria
485 300 580 320 vocum
606 293 711 321 illarum
733 293 818 326 notio,

50 350 119 378 quam
133 345 219 369 tamen
234 347 284 368 nec
302 346 410 375 semper
424 343 565 367 servarunt
584 338 694 373 Patres,
712 345 739 367 et
755 349 820 367 con-

49 389 110 416 sulto
125 386 336 422 permiscuerunt
350 394 382 413 ac
403 385 586 414 confuderunt
605 387 699 414 Ariani
712 407 720 419 ,
745 391 773 414 ιιι
793 387 818 413 in

49 434 159 470 ambigua
178 440 242 459 voce
258 432 363 460 facilius
380 431 500 459 fraudem
517 437 666 460 struerent.
687 432 819 468 Origenes

48 487 103 507 vero
112 487 169 507 cum
183 478 279 506 Filium
306 478 423 514 appellat
433 478 546 514 γενητὸν
558 478 634 510 Θεὸν,
651 479 690 505 sic
705 479 796 515 accipe
808 489 815 506 :

49 538 57 552 l
71 526 115 560 Qui
131 525 289 560 principium
305 525 345 552 sui
355 525 436 555 habet
449 545 457 558 ,
471 529 496 552 et
511 525 658 554 exsistendi
672 525 788 553 inititttn.
805 536 814 552 ι

47 573 105 600 Filio
118 572 221 606 quidem
238 578 381 601 commune
402 576 443 599 est
458 579 519 599 cum
539 571 642 599 creatis
663 572 759 603 rebus,
776 573 816 599 sui

46 618 191 653 principium
206 624 238 645 ac
259 617 390 654 originem
413 617 514 646 habere
533 627 540 645 :
559 618 703 646 emanandi
727 623 815 645 autem

45 673 71 691 ex
83 664 123 692 illo
134 664 263 698 principio
285 671 316 690 ac
342 663 491 699 prodeundi
514 664 584 691 ratio
607 664 686 699 plane
710 664 815 691 diversa

44 714 79 738 est
97 717 102 734 :
120 710 205 745 prodit
215 709 287 738 enim
297 709 382 738 Filius
398 717 446 744 per
457 709 658 744 generationem
668 713 814 744 aeternam;

45 757 162 789 prodeunt
179 761 278 784 creatae
298 764 343 784 res
363 764 410 792 per
430 757 619 792 temporariam
636 756 813 785 creationem.

44 802 91 829 Hoc
105 809 190 836 sensu,
202 809 256 837 quo
277 802 350 834 dixi,
369 811 462 832 vocem
489 803 621 838 ἀγένητος
641 811 656 829 a
678 803 815 830 veteribus

44 853 183 883 usurpatam
198 848 293 876 scribit
311 849 478 876 Athanasius
491 849 538 877 lib.
559 849 597 876 De
618 849 726 884 synodi:
754 849 815 876 Ari-

877 247 933 274 θεῖ.
950 247 1060 274 Dixerat
1073 255 1169 282 nempe
1182 248 1311 284 Origenes
1327 250 1468 286 ἀγένητον,
1483 253 1555 287 quod
1577 254 1663 288 ipsius

874 292 1035 323 adversarii,
1048 293 1209 320 contentiosi
1235 293 1358 323 homines
1373 301 1400 323 et
1415 297 1496 324 rixosi
1506 317 1514 331 ,
1530 299 1660 328 confude-

875 343 936 365 runt
951 347 1012 365 cum
1024 338 1186 374 ἀγέννητον,
1199 344 1228 367 ut
1244 348 1336 368 ansam
1352 342 1485 370 haberent
1505 344 1658 373 calumniae.

873 383 975 412 Contra
996 391 1060 412 vero
1077 385 1213 418 Socrates,
1229 386 1263 413 de
1284 386 1399 415 Eusebio
1417 388 1541 423 loquens,
1562 391 1659 419 merito

872 431 942 458 dixit
960 440 966 458 :
997 431 1162 467 Θαυμαστὴς
1184 432 1232 458 καὶ
1246 432 1369 468 ζηλωτὴς
1391 434 1500 468 ἐγένετο
1515 435 1569 462 τῶν
1589 437 1661 473 Ὦρι-

871 476 966 510 γένους
988 476 1097 512 βιϐλίων
1110 485 1116 491 ”
1139 477 1167 503 ἐν
1195 476 1235 509 οἷς
1255 479 1392 514 πανταχοῦ
1421 480 1465 506 τὸν
1488 481 1550 507 Υῐδν
1567 483 1599 508 ἐκ
1613 481 1659 509 τοῦ

871 523 978 559 Πατρδς
994 523 1157 558 γεννηθέντα
1182 523 1355 559 εὑρίσκουσιν
1377 526 1401 552 οἱ
1424 526 1478 552 τῶν
1505 527 1660 563 ἹΩριγένους

872 567 980 602 βιϐλίων
997 568 1027 594 τὸ
1045 568 1125 603 βάθος
1136 569 1302 605 κατανοῆσαι
1316 570 1469 606 δυνάμενοι.
1484 580 1492 596 ι
1505 572 1660 601 Admirator

870 619 897 641 et
909 614 1052 642 aemulator
1071 614 1200 642 Iibrorttm
1220 615 1346 650 Origenis
1360 616 1429 647 fuit,
1454 618 1479 644 in
1502 619 1599 653 quibus
1618 619 1660 646 Fi-

871 660 935 687 lium
949 668 981 688 ex
991 659 1069 687 Patre
1079 665 1171 687 natttm
1185 661 1286 696 ubique
1302 662 1451 696 reperiunt.
1465 664 1510 697 qui
1528 664 1657 692 librorum

860 706 994 742 VOrigcnis
1013 706 1224 740 profunditatem
1245 707 1338 735 animo
1349 714 1492 742 penetrare
1508 716 1632 744 possunt.
1647 721 1656 737 ι

869 751 1050 788 Hieronymus
1072 759 1137 779 vero
1153 752 1256 780 dixisse
1278 753 1365 787 ipsum
1390 752 1527 782 allirmans
1543 765 1552 780 ‹
1578 755 1659 784 Citri-

868 803 938 825 stum
953 798 1049 825 Filium
1069 798 1179 826 Deinon
1189 803 1281 825 natum
1297 807 1374 832 esse,
1387 801 1434 827 sed
1449 801 1560 832 factum,
1578 811 1587 828 ι
1607 803 1659 831 hoc

868 847 920 875 est,
941 844 1074 880 ἀγένητον
1092 848 1119 871 et
1143 845 1274 879 γενητὸν,
1291 851 1437 880 utramque
1465 847 1534 874 hanc
1563 855 1655 875 vocem

43 894 97 919 mini
121 893 294 927 et_Seleucite
314 903 323 921 :
341 895 397 922 οὐκ
427 895 577 931 ἀγνοοῦμεν
593 896 621 922 δὲ
649 896 690 922 ὅτι
713 896 761 922 καὶ
788 897 809 922 oI

867 889 893 916 in
912 889 994 916 alium
1011 890 1151 924 detorquet
1167 890 1330 917 intellectum
1345 899 1375 918 ac
1396 892 1429 918 ab
1444 891 1559 927 Origene
1578 901 1657 921 usur-

43 939 166 974 εἰρηκὸτες
176 939 204 966 ἐν
215 939 245 966 τὸ
259 940 399 976 ἀγένητον,
416 941 460 967 τὸν
474 941 583 977 Πατέρα
605 941 728 975 λέγοντες
742 962 748 972 ,
766 942 815 977 οὐχ

42 983 72 1016 ὡς
90 985 195 1020 γενητοῦ
216 985 264 1012 καὶ
282 986 434 1021 ποιήματος
451 985 526 1017 ὄντος
552 986 598 1012 τοῦ
620 986 706 1022 Λόγου
729 985 815 1017 οὕτως

43 1030 157 1065 ἔγραψαν,
169 1030 227 1057 ἀλλ’
240 1031 281 1057 ὅτι
296 1030 401 1066 μὴιέχει
424 1031 469 1057 τὸν
487 1032 583 1058 αἴτιον.
605 1040 614 1056 ι
632 1030 688 1057 Non
710 1032 817 1063 ignora-

43 1084 91 1102 mus
111 1082 195 1104 autetn
211 1083 259 1103 eos
275 1077 322 1111 qui
347 1077 473 1104 dixerunt
489 1084 570 1104 utinm
588 1084 650 1105 esse
671 1077 815 1112 ἀγένητον,

42 1121 134 1149 Patrem
155 1121 343 1156 signiﬁcantes
353 1141 361 1154 ,
375 1130 428 1150 non
443 1123 478 1150 ita
504 1122 648 1157 scripsisse
663 1123 739 1156 quasi
753 1123 815 1150 Ver-

42 1165 93 1193 bum
101 1165 133 1193 sit
144 1166 258 1202 γενητὸν
269 1171 297 1194 et
308 1173 388 1202 opus,
401 1167 447 1195 sed
460 1167 522 1202 quia
541 1166 621 1197 Pater
637 1174 746 1194 causam
761 1175 813 1194 non

42 1211 118 1238 habet.
133 1221 142 1237 ι
159 1211 269 1239 Patrem
287 1212 389 1239 dictutn
409 1220 470 1240 esse
485 1213 523 1240 ait
538 1213 684 1248 ἀγένητον,
699 1213 761 1247 quia
778 1214 813 1240 ab

41 1255 84 1281 alio
100 1263 148 1283 non
166 1257 250 1285 habet
269 1261 299 1285 ut
318 1257 370 1290 sit;
393 1257 490 1285 Filium
508 1263 597 1285 autem
623 1259 735 1294 γενητὸν
753 1266 813 1286 esse

42 1306 106 1335 negat
118 1301 165 1329 hac
181 1303 306 1336 notione,
323 1303 394 1337 qttod
409 1303 442 1330 ab
454 1303 506 1331 alio
519 1304 608 1331 iactus
621 1305 678 1332 sit:
695 1305 740 1332 sed
758 1313 811 1331 non

41 1349 106 1379 negat
119 1346 229 1382 γενητὸν
247 1354 309 1374 esse
332 1347 386 1374 alia
410 1349 540 1380 notione,
560 1356 591 1376 ea
613 1349 716 1377 scilicet
730 1357 811 1384 qttam

41 1389 151 1423 iudicavi,
166 1392 238 1426 quod
255 1393 289 1419 ab
305 1392 358 1419 alio
379 1393 479 1420 haheat
499 1398 528 1420 ut
545 1393 595 1426 sit,
615 1401 668 1420 non
684 1399 810 1428 tanquam

40 1441 73 1460 res
89 1434 163 1468 facta,
177 1436 221 1463 sed
239 1441 367 1470 tanquam
385 1445 428 1464 res
440 1439 530 1474 genita
542 1459 549 1467 .
566 1439 653 1474 Atque
670 1439 706 1467 ita
728 1439 813 1467 Filius

39 1479 82 1506 dici
103 1486 186 1514 potest
207 1483 351 1519 ἀγένητος,
365 1484 411 1518 qui
430 1483 464 1512 ab
479 1484 531 1512 alio
547 1493 599 1512 non
617 1485 698 1513 habet
716 1491 745 1513 ut
766 1486 810 1518 sit,

39 1532 121 1561 nempe
135 1531 262 1563 tanquam
275 1536 343 1563 opus
356 1550 364 1560 ,
382 1537 430 1557 seu
450 1538 493 1558 res
514 1530 603 1564 facta,
622 1532 664 1558 vel
681 1537 807 1566 tanquam

39 1580 74 1599 res
83 1579 167 1601 creata
185 1583 193 1602 :
212 1580 242 1602 et
265 1576 395 1611 γενητὸς,
414 1577 460 1611 qui
484 1577 517 1603 ah
538 1577 592 1604 alio
607 1578 690 1605 habet
709 1583 738 1605 ut
762 1579 807 1610 sit,

38 1624 119 1652 nempe
132 1623 260 1655 tanquam
281 1628 326 1648 res
341 1622 432 1656 genita
447 1627 474 1649 et
489 1622 584 1650 Filius.
603 1623 650 1650 Sic
666 1623 807 1659 Origenes,

38 1663 74 1696 qui
95 1665 201 1700 γενητὸν
212 1665 282 1692 Θεδν
298 1667 450 1702 appellasse
462 1667 560 1694 Filium
576 1668 767 1699 insimulatur.
781 1673 809 1695 et

38 1710 74 1743 qui
87 1715 145 1738 tom.
160 1720 179 1738 ιι
192 1712 219 1739 in
235 1712 328 1745 Joan.,
345 1721 421 1740 nttm.
437 1712 463 1743 6.
474 1713 586 1741 credere
606 1722 635 1741 se
649 1714 717 1740 dixit
731 1715 809 1748 ἀγέν-

38 1764 104 1790 νητον
118 1758 282 1793 (legendum,
298 1759 341 1786 vel
356 1764 430 1787 certe
453 1759 655 1795 intelligendum
667 1761 808 1796 ἀγένητον)

39 1802 107 1837 μηδὲν
121 1803 209 1840 ἕτερον
225 1804 274 1832 τοῦ
291 1805 398 1841 Πατρδς
410 1802 481 1831 εἶναι
492 1825 499 1837 ,
517 1805 569 1832 hoc
588 1810 630 1831 est
650 1813 732 1831 unum
755 1804 808 1831 Pa-

39 1853 94 1874 trem
108 1850 237 1886 principio
254 1858 365 1883 carere,
380 1859 430 1878 nec
451 1851 485 1878 ab
509 1850 561 1878 alio
583 1850 685 1877 habere
709 1855 738 1876 ttt
762 1851 808 1880 sit.

37 1892 119 1922 Filium
134 1900 220 1926 tamen
241 1897 373 1932 ἀγένητον
397 1901 474 1924 vocat
501 1896 548 1924 lib.
576 1904 602 1924 vt
624 1900 715 1923 contra
727 1895 808 1927 σείς..

38 1947 99 1967 num.
112 1942 151 1973 17,
177 1943 247 1969 υῦτε
263 1943 318 1979 γὰρ
333 1943 378 1970 τὸν
389 1943 520 1978 ἀγένητον
533 1943 580 1969 καὶ
590 1942 680 1978 πάσης
691 1943 808 1978 γενητῆς

37 1985 128 2019 φύσεως
147 1989 319 2024 πρωτότοκον
339 1990 400 2016 κατ’
418 1989 496 2021 ἀξίαν
516 1988 613 2015 ειδέναι
632 1997 674 2020 τις
696 1988 807 2015 δύναται

35 2031 219 2069 ὡςόγεννήσας
236 2035 316 2061 αὑτὸν
331 2035 437 2070 Πατήρ.
448 2035 504 2063 Illic
520 2034 652 2069 ἀγένητον
666 2039 744 2061 sor-ill
755 2042 806 2060 ηοη

36 2075 195 2108 Ῐοειιηιι,ιιοιι
208 2083 338 2106 creatum.
358 2077 426 2106 Hinc
454 2082 546 2105 natam
575 2077 673 2111 opinor
692 2077 806 2110 primatu

36 2130 48 2146 ε
72 2123 302 2152 criminationibus
336 2125 467 2152 adversus
499 2124 643 2159 Origenetn
671 2122 806 2153 conﬂatis.

35 2175 91 2201 quas
108 2169 263 2205 Pamphilus
285 2171 313 2198 in
335 2170 465 2206 Apologia
487 2174 621 2197 recenset.
645 2168 740 2195 Prima
760 2168 807 2194 illo

63 2213 161 2242 "Psal.
180 2223 274 2246 Lxxxr,
292 2216 318 2243 6.
356 2215 378 2231 ³³
399 2215 470 2242 Psal.
491 2223 522 2247 tt,
539 2215 565 2242 7.

868 940 929 968 ριιιει
944 940 986 962 est
1004 943 1011 961 :
1028 936 1072 969 qui
1092 943 1153 963 cum
1169 936 1238 963 dixit
1256 936 1354 964 Filium
1380 938 1523 974 ἀγένητον,
1547 940 1574 966 id
1603 941 1654 968 sibi

867 981 968 1012 voluit,
984 989 1036 1007 non
1053 988 1114 1008 esse
1131 981 1232 1008 factum
1247 989 1298 1010 nec
1322 988 1454 1010 creatum.
1477 984 1578 1011 Contra
1592 985 1656 1012 Hie-

867 1033 997 1061 rnuytnus
1013 1027 1148 1059 exposuit,
1163 1035 1216 1055 non
1233 1035 1293 1055 esse
1309 1034 1418 1063 natum,
1440 1031 1518 1066 quasi
1542 1031 1656 1059 dixisset

866 1070 1031 1106 ἀγέννητον·
1053 1079 1115 1098 cum
1131 1079 1196 1100 vero
1210 1072 1308 1100 Filium
1324 1073 1393 1101 dixit
1411 1075 1525 1110 γενητὺν
1537 1095 1544 1107 ,
1565 1076 1589 1102 id
1602 1076 1653 1103 sibi

866 1115 960 1147 voluit.
977 1116 1078 1143 habere
1096 1117 1186 1151 ipsum
1209 1118 1251 1145 sui
1273 1118 1453 1153 principium:
1479 1126 1576 1148 contra
1593 1122 1656 1149 Hie-

866 1169 996 1197 ronymus
1014 1164 1163 1198 exposuit,
1185 1172 1240 1191 esse
1253 1164 1362 1199 fac/um.
1385 1165 1486 1201 Nempe
1509 1167 1548 1195 sic
1571 1169 1652 1195 verba

863 1207 987 1242 Origenis
1013 1208 1039 1236 in
1064 1210 1214 1243 pessimum
1240 1218 1352 1238 sensum
1387 1212 1497 1239 trahere
1534 1214 1652 1241 amabat.

864 1253 921 1289 (η)
941 1253 978 1281 Ita
989 1254 1155 1288 Epiphanius
1169 1256 1234 1283 haer.
1248 1264 1320 1289 thv,
1335 1265 1395 1291 cap.
1412 1257 1438 1290 8,
1455 1258 1528 1284 vocis
1543 1259 1654 1295 γενητὸς

863 1308 940 1326 usum
974 1300 1000 1327 in
1030 1301 1090 1328 aliis
1122 1302 1299 1336 probaturum
1326 1311 1355 1330 se
1378 1303 1460 1336 dicit,
1485 1305 1510 1331 in
1537 1303 1653 1339 Origene

863 1348 1004 1374 damtare.
1019 1347 1120 1375 C0ntra
1132 1356 1163 1375 ea
1175 1356 1241 1375 vero
1253 1356 1312 1383 quae
1327 1350 1412 1381 addit,
1427 1350 1496 1377 velle
1509 1350 1652 1385 Origenent

861 1393 932 1420 κατὰ
947 1393 1027 1428 χάριν
1039 1393 1084 1420 τὸν
1098 1394 1162 1420 Υὶὺν
1177 1394 1256 1421 αὐτὸν
1265 1395 1406 1422 καλεῖσθαι
1420 1404 1427 1411 ·
1447 1405 1456 1422 ι
1471 1396 1522 1423 Per
1533 1397 1650 1431 gratiam

862 1439 960 1466 Filium
978 1441 1064 1473 ipsum
1082 1439 1238 1476 (Christum)
1261 1441 1408 1475 appellari,
1428 1451 1437 1467 ι
1469 1446 1591 1476 prompta
1609 1450 1652 1470 est

861 1493 893 1513 ex
912 1486 971 1521 ipso
985 1485 1105 1521 Origene
1119 1486 1254 1518 defensio,
1270 1487 1317 1521 qui
1333 1487 1436 1515 diserte
1452 1488 1531 1515 docet
1549 1492 1614 1516 IOIII.
1631 1497 1650 1516 tt

860 1530 889 1556 in
900 1529 994 1561 Ionii,
1020 1538 1093 1557 ntnn.
1119 1529 1146 1562 6,
1167 1531 1246 1566 μόνον
1269 1531 1314 1557 τὸν
1333 1534 1461 1568 μονογενῆ
1479 1533 1558 1568 φύσει
1587 1533 1651 1560 Υἰδν

862 1575 982 1610 ἀρχῆθεν
997 1575 1157 1611 τυγχάνειν·
1172 1576 1255 1604 etlib.
1268 1584 1303 1603 vtt
1316 1577 1343 1603 in
1360 1576 1507 1610 Epistolam
1520 1579 1553 1605 ad
1564 1578 1652 1610 Rom,

864 1628 939 1647 nttnt.
954 1621 979 1651 I,
1001 1630 1010 1647 ι
1033 1622 1109 1648 Sicut
1129 1622 1200 1648 enim
1216 1622 1292 1648 ntulti
1311 1627 1374 1649 sunt
1397 1623 1442 1650 filii
1465 1624 1521 1654 Dei.
1536 1631 1562 1651 ut
1580 1624 1653 1652 Scri-

863 1671 941 1699 ptura
966 1667 1033 1694 dicit
1053 1677 1060 1695 :
1081 1667 1135 1702 Ego
1162 1668 1219 1694 dixi
1236 1676 1247 1696 :
1267 1667 1311 1694 Dii
1330 1669 1403 1700 estis,
1426 1673 1450 1696 ct
1474 1670 1524 1704 ﬁlii
1549 1670 1653 1697 Excelsr'

862 1719 951 1738 omnes
965 1713 1000 1744 ",
1019 1721 1087 1740 unus
1103 1718 1193 1740 tanten
1211 1719 1254 1740 est
1266 1719 1364 1741 natura
1377 1714 1462 1741 Filius
1476 1720 1503 1741 et
1523 1714 1652 1750 Unigeni-

863 1763 905 1785 tus
916 1759 949 1785 de
962 1758 1050 1787 Patre.
1071 1768 1080 1785 ι

898 1805 1047 1833 Commode
1062 1812 1127 1833 vero
1141 1809 1290 1839 exponetur
1303 1805 1379 1832 locus
1397 1812 1412 1831 a
1441 1805 1556 1832 Diodoro
1581 1806 1651 1833 reci-

862 1856 944 1882 tatus,
957 1851 1001 1878 ubi
1018 1851 1063 1878 lttx
1075 1859 1089 1877 a
1107 1851 1160 1877 Deo
1172 1851 1300 1885 producta
1313 1851 1411 1878 Genes.
1429 1859 1447 1884 ι,
1460 1851 1487 1884 5,
1499 1851 1581 1879 Filius
1592 1859 1651 1879 esse

864 1897 984 1927 dicitur,
999 1896 1021 1923 si
1043 1896 1258 1932 respondeamus
1284 1897 1310 1923 id
1338 1897 1482 1931 allegorice
1504 1897 1537 1923 ad
1552 1897 1650 1924 Filium

862 1941 1020 1976 abOrigene
1037 1942 1120 1969 fuisse
1136 1941 1261 1969 relatum.
1282 1941 1414 1975 Quoniam
1424 1944 1495 1970 enim
1511 1950 1650 1977 nunquam

862 1996 915 2014 non
935 1989 1002 2014 dicit
1016 1987 1097 2015 Pater
1115 1996 1122 2015 :
1142 1996 1152 2013 ‹
1168 1987 1224 2022 Ego
1238 1987 1319 2015 hodie
1332 1988 1411 2022 genui
1429 1993 1454 2015 te
1469 1988 1512 2020 3‘;
1534 1998 1543 2014 ι
1559 1989 1650 2016 induci

860 2041 967 2068 quoque
982 2038 1070 2067 potest
1081 2040 1188 2068 semper
1200 2034 1308 2061 dicens:
1327 2033 1462 2068 Gignatttr
1478 2034 1562 2061 Filius
1575 2042 1651 2061 utens

861 2080 906 2113 qui
924 2085 966 2107 est
988 2080 1035 2106 lux
1052 2087 1127 2107 vera.
1144 2079 1248 2107 Firmat
1269 2079 1340 2107 hanc
1357 2080 1559 2114 responsionem
1585 2088 1649 2112 vox,

861 2126 1029 2162 γεννηθήτω,
1053 2127 1202 2162 gignatur:
1218 2126 1258 2154 sic
1278 2126 1351 2154 enim
1369 2126 1466 2161 legitur
1490 2127 1515 2153 in
1535 2126 1649 2158 Cuiam.

862 2180 916 2199 tton
931 2177 960 2198 ttt
974 2173 1062 2207 volgo,
1077 2172 1230 2208 γενηθήτω,
1249 2172 1307 2204 ﬁat.
1325 2172 1437 2199 Penitus
1459 2181 1522 2200 vero
1538 2173 1564 2199 id
1584 2181 1650 2200 con—

64 2271 113 2308 (I2)
140 2273 181 2300 lla
205 2273 372 2308 Epiphanius
393 2273 461 2300 vocis
478 2272 604 2308 γενητὸς
640 2280 727 2305 nsum,
749 2277 803 2299 etc.

864 2272 951 2304 ιπλῶς
966 2272 1038 2308 ἀρχὴ
1047 2272 1102 2299 τῶν
1116 2272 1200 2299 ὄντων
1215 2273 1229 2299 ὁ
1243 2273 1319 2304 Θεὸς.
1337 2283 1348 2298 ‹
1365 2272 1422 2300 Νοιι
1442 2272 1561 2308 absurde
1585 2272 1647 2306 quis

36 2305 147 2345 Displicet
168 2305 319 2343 Epiphanio
343 2314 376 2345 et
393 2305 557 2345 Hieronymo
585 2308 687 2343 genitus
711 2308 779 2345 Dens
796 2316 805 2334 :

36 2341 95 2367 hient
115 2351 173 2378 esse
189 2341 294 2370 'volunt
314 2348 341 2370 et
363 2344 464 2378 factum
491 2341 523 2370 ac
546 2341 663 2369 creatum
676 2363 683 2375 ,
710 2342 805 2369 saltem

36 2377 94 2410 apud
110 2377 252 2412 Ortgettctu
264 2399 271 2411 ,
287 2379 321 2406 de
335 2377 411 2412 cujus
433 2378 589 2405 Arianismo
608 2386 660 2404 tton
681 2378 802 2411 prmttdi-

36 2411 166 2448 etiamsed
182 2414 261 2448 plane
272 2411 402 2447 judicium
417 2413 546 2440 fecerant.
568 2413 620 2440 Sed
635 2413 700 2439 illud
724 2421 804 2448 γενη-

35 2444 81 2484 ῖὸν,
98 2455 155 2484 cum
176 2444 208 2476 de
227 2444 295 2476 Filio
311 2449 411 2477 dicitur
423 2449 455 2475 ab
466 2448 597 2484 Origene,
609 2483 612 2484 ν
623 2448 665 2475 vel
683 2444 803 2482 genera-

36 2482 74 2518 tim
92 2483 226 2518 signiﬁcat
236 2485 261 2511 id
274 2485 345 2518 quod
357 2485 436 2511 habet
450 2482 558 2518 aliquod
574 2483 614 2510 sui
629 2484 802 2517 princrpintn,

36 2516 69 2541 vel
83 2516 167 2544 veram
184 2516 385 2554 generationem
402 2516 535 2553 designat.
555 2516 701 2554 Utriusque
718 2519 801 2554 inter-

36 2553 317 2589 pielaliunis’exetnpla
331 2555 430 2589 passim
448 2559 616 2586 occurrunt;
634 2553 727 2588 primae
745 2553 802 2587 qui-

35 2588 84 2612 dem
107 2595 166 2617 cum
192 2588 436 2623 Origenes’solum
462 2589 568 2616 Patroni
592 2589 741 2623 ingenitum
759 2589 802 2613 de-

35 2628 168 2656 monstrat,
183 2632 215 2651 ac
231 2624 329 2655 Filium
349 2632 410 2652 cum
425 2624 507 2651 rebus
524 2625 623 2651 creatis
637 2625 663 2650 ιιι
681 2631 713 2650 eo
728 2632 797 2650 com-

35 2662 118 2688 parare
143 2667 195 2688 non
227 2661 342 2692 dubitat,
359 2665 424 2687 tom.
452 2667 471 2686 ll
499 2660 526 2686 in
549 2659 642 2690 Joan.,
673 2666 746 2685 nunt.
774 2660 801 2689 6,

35 2693 94 2722 llllud
107 2701 120 2719 a
135 2693 214 2722 I’atre
230 2695 364 2727 acceperit
386 2701 418 2722 ut
442 2699 524 2727 esset,
545 2702 607 2721 cutn
634 2695 685 2721 ltoc
711 2699 800 2719 tamen

35 2726 188 2761 discrimine,
205 2732 274 2765 quod
291 2726 375 2757 Filius
393 2730 428 2757 ab
444 2726 546 2758 retento
562 2729 680 2765 genitus,
699 2729 801 2765 islmin

36 2765 142 2794 tetttpore
170 2764 279 2792 create.
313 2765 358 2792 Sic
383 2766 464 2792 etiarn
498 2764 571 2793 tom.
596 2772 615 2797 I,
652 2772 728 2791 num.
749 2764 801 2795 '17,

36 2801 92 2834 Dig,
104 2798 218 2834 19:01)):
234 2800 340 2832 ἀτόπως
355 2801 383 2827 δὲ
396 2801 444 2827 καὶ
457 2800 502 2826 τὸν
514 2800 568 2828 τῶν
584 2799 652 2826 ὅλων
664 2798 730 2825 Θεὸν
746 2799 804 2834 ἐρεῖ

36 2836 70 2871 τις
83 2832 175 2871 ᾇρχὴνΥ
186 2836 278 2869 σαφῶς
289 2836 449 2871 προπίπτων
459 2836 499 2861 ὅτι
511 2836 581 2871 ἀρχὴ
594 2835 659 2871 Υἱοῦ
671 2835 685 2860 ὁ
694 2832 803 2871 nestit}.

37 2866 149 2904 "5'-
166 2866 414 2906 δημίουργήμάτων
432 2872 446 2897 ό
466 2866 641 2905 δημιοῧργδς,
659 2870 705 2896 καὶ
716 2866 804 2901 ἀπάξ-

180 2919 318 2950 Pnnor.
338 2921 398 2951 Gs.
416 2920 518 2950 XVII.

860 2307 1050 2334 universorum
1077 2309 1160 2334 Deum
1191 2309 1353 2342 principiutn
1383 2308 1492 2339 dixerit,
1511 2307 1598 2341 palam
1614 2314 1648 2334 eo

859 2343 1018 2376 procidens,
1034 2347 1063 2369 ut
1079 2342 1140 2369 Filii
1155 2343 1319 2378 principium
1337 2344 1371 2370 sit
1383 2343 1479 2374 Pater,
1498 2347 1524 2369 et
1542 2342 1647 2378 princi-

857 2379 932 2412 pium
944 2383 1130 2404 creaturarum
1145 2378 1266 2409 Greator.
1282 2386 1312 2404 ac
1322 2378 1471 2411 generatim
1486 2377 1648 2412 principium

858 2413 960 2439 entinm
977 2412 1056 2440 Deus.
1075 2422 1085 2437 ι
1103 2412 1202 2439 Eodem
1215 2421 1295 2440 sensu
1306 2414 1383 2439 docet
1395 2417 1459 2439 tom.
1474 2420 1504 2444 tt,
1517 2419 1590 2438 nunt.
1600 2411 1646 2442 25,

859 2449 959 2475 multas
973 2448 1020 2474 Dei
1036 2447 1217 2482 proprietates
1231 2448 1357 2482 cognosci
1374 2455 1427 2474 non
1452 2455 1530 2481 posse
1547 2447 1581 2482 ab
1595 2450 1647 2473 tnt-

860 2490 937 2509 mana
954 2481 1061 2515 natura,
1078 2482 1148 2509 forte
1163 2483 1243 2510 etiam
1256 2481 1306 2510 nec
1317 2483 1351 2509 ab
1363 2483 1424 2509 aliis
1439 2488 1537 2517 praeter
1547 2481 1645 2508 Filium

858 2523 886 2544 et
910 2517 1039 2553 Spiritum
1072 2521 1194 2553 sanetum
1216 2518 1313 2553 genitis
1341 2516 1519 2553 ιοὺιιῂζτάχσ.
1543 2516 1572 2543 δὲ
1600 2517 1648 2543 καὶ

857 2553 960 2587 ἑτέροις
973 2552 1048 2588 παρὰ
1063 2552 1179 2588 Χριστὸν
1208 2553 1255 2580 καὶ
1278 2552 1307 2579 τὸ
1331 2552 1408 2588 ἅγιον
1432 2552 1543 2587 Πνεῦμα
1565 2559 1647 2587 γενη-

856 2590 921 2620 τοῖς.
937 2587 1108 2622 Νιιιίιίδίιιιι·
1126 2594 1259 2623 repugnat
1273 2589 1375 2622 genitus
1395 2587 1465 2614 Deus
1477 2607 1484 2617 ,
1501 2588 1524 2613 si
1546 2588 1581 2613 ita
1598 2595 1646 2613 ac-

856 2625 988 2657 cipiatur;
1005 2628 1034 2650 at
1051 2630 1105 2657 quo
1119 2630 1200 2650 sensu
1221 2623 1386 2657 Epiphanius
1413 2628 1439 2649 et
1466 2623 1647 2655 Ilieronytnus

856 2659 1005 2693 accipiunt,
1030 2665 1161 2692 nusquam
1177 2660 1249 2693 apud
1265 2659 1410 2691 Origeuem
1438 2658 1575 2693 occurrit;
1592 2657 1645 2684 nisi

858 2692 928 2721 forte
940 2693 1054 2721 velimus
1068 2695 1153 2728 ipsam
1169 2693 1259 2720 Patris
1270 2698 1394 2719 ttaturatn
1417 2699 1450 2720 ex
1469 2692 1646 2728 niltiIo_crea-
1660 2713 1663 2715 λ

858 2730 963 2764 ῑιιιιιγηὶ)
977 2726 1094 2764 Origene
1106 2728 1271 2764 existimari.
1286 2728 1353 2764 Nam
1372 2727 1538 2764 voluntatem
1557 2726 1645 2754 Patris

858 2764 884 2790 in
910 2763 979 2791 Filio
993 2762 1079 2797 nasci,
1099 2763 1240 2799 γινόμενον
1265 2763 1294 2790 ἐν
1317 2762 1355 2798 τῷ
1368 2762 1442 2799 fuit,
1460 2762 1581 2799 declarat
1593 2782 1600 2793 ,
1616 2766 1647 2788 ut

858 2806 939 2832 supra
955 2799 1079 2826 vidimus.
1098 2814 1133 2822 -υ
1154 2797 1186 2825 ι).
1211 2797 1345 2827 Prudent.
1366 2797 1461 2825 Mutari
1482 2798 1520 2828 De
1541 2797 1644 2826 dirinit.

860 2833 969 2868 Christi,
984 2834 1029 2861 lib.
1047 2842 1083 2869 tv,
1099 2843 1159 2870 cap.
1177 2834 1222 2868 i5,
1235 2841 1311 2862 num.
1327 2834 1356 2860 ἰ.

1449 2915 1489 2944 ‘25
