1904 3077
35 163 83 192 731

458 163 743 193 ORIGENIANORUM
765 163 826 191 LIB.
849 164 880 196 ll,
898 163 974 195 CAP.
997 163 1028 196 ll,
1050 162 1188 197 QUIEST.
1210 162 1240 190 ll.

1603 162 1653 189 78‘.’

36 221 239 257 nem,quodille
249 221 475 256 sitprimogenitus
484 223 568 249 omnis
577 223 822 257 creatum,ctquod
838 225 859 252 Α
876 227 904 248 ιιι
928 225 999 249 esset
1018 220 1113 254 Filius,
1131 220 1178 248 sed
1201 225 1309 255 semper
1332 218 1392 251 futit,
1418 223 1445 245 et
1461 221 1513 251 est,
1537 217 1608 244 sicut
1629 223 1655 243 ιιι

35 276 88 303 pne
99 268 208 295 naturis
224 267 335 302 reliquis
348 267 382 294 sit
395 267 570 302 τελειωτάτη,
587 273 616 294 ιιι
634 268 751 301 loquitur
761 268 819 294 Cle-

36 322 109 342 mens
131 313 333 340 Alexandrinus
348 313 394 340 lib.
416 321 451 340 \'ll
474 313 652 340 Strenui“).
669 313 819 348 ἀγιωτάτη.

35 360 80 387 καὶ
94 359 264 394 κυριωτάτη,
281 359 328 386 καὶ
343 359 578 395 ἡγεμονικωτάτη,
588 360 635 385 καὶ
641 359 820 394 βασιλικωτά-

35 414 77 441 τη,
95 405 189 440 ἡΥἰοῦ
203 405 283 439 φύσις
300 405 366 440 ὴτῷ
387 405 458 440 μόνῳ
473 405 671 441 παντοκράτορι
692 414 822 441 προσεχε-

36 450 129 485 στάτη.
149 459 160 475 ‹
179 449 392 482 Ρειΐθριὶεείιιιθ,
409 456 435 476 et
449 450 632 483 sanctissima,
655 455 681 476 et
705 451 821 478 maxime

35 496 188 527 dominans,
201 500 230 522 et
245 495 362 522 maxime
382 496 555 530 itnperatoria
571 503 604 523 ac
616 497 687 530 regia
697 496 757 524 Filii
773 504 821 523 na-

36 547 104 575 tura,
114 549 175 576 quae
187 542 238 569 soli
254 542 439 577 Omnipotenti
452 542 679 577 propinquissima
690 547 738 570 est.
748 552 757 569 ι
769 543 820 570 Sed

37 595 127 622 parum
144 587 261 615 interest
275 595 326 622 qua
342 595 406 615 voce
421 588 480 615 Filii
500 593 589 616 ortum
606 596 620 615 a
641 588 720 615 Patre
737 589 820 624 signi-

37 633 166 664 ﬁcaverit,
181 633 240 660 sive
253 632 362 659 κτιστύν
376 633 523 667 appellans,
551 633 607 660 sive
621 633 740 668 ποιητόν,
765 633 821 660 sive

36 679 174 713 γεννητόν,
189 679 334 705 dummodo
347 679 379 706 de
394 687 422 706 re
441 683 555 705 constet.
571 678 742 706 Manifestum
760 679 822 706 hinc

36 730 75 750 εει
89 724 171 750 etiam
185 732 240 757 quo
251 731 330 751 sensu
343 725 442 751 dixerit
453 728 516 751 tom.
535 732 553 751 ιι
564 725 591 751 in
603 724 696 757 Joon.,
710 732 783 751 ttutn.
793 725 820 756 ‘2,

37 769 132 796 Filium
152 778 169 796 e
187 770 329 796 divinitate
356 769 444 796 Patris
471 770 638 797 divinitatem
663 778 738 797 suam
757 771 820 797 Itan-

39 822 88 841 rtre
107 820 134 842 et
157 815 282 846 trahere,
299 815 352 841 ἀπὸ
366 814 413 840 τοῦ
430 813 497 841 Θεοῦ
519 814 668 850 ἁρύσαντα,
694 821 732 846 el,
753 814 822 841 σπά-

39 869 119 888 σαντα
132 861 181 896 τῆς
200 860 327 897 θεότητος
339 861 379 892 εἰς
393 861 498 894 ἑαυτὸν,
530 862 578 888 hoe
595 866 648 892 est,
673 862 821 896 portionem

39 907 200 937 divinitatis,
224 915 278 946 ηριι
297 907 476 934 divinitatem.
495 907 639 939 Praeterea,
658 907 783 942 quoniam
800 909 821 935 si

40 952 117 979 solem
141 958 277 979 alternum
295 959 388 986 ponas,
415 952 501 978 lucem
533 958 694 979 coaeteruatn
722 960 822 987 pottere

41 1005 144 1024 necesse
155 1003 209 1028 est,
235 997 336 1025 idcirco
347 1003 510 1024 comternum
529 997 598 1024 Filio
617 997 722 1025 Patrem
739 1006 822 1027 utrun-

40 1045 74 1070 vit
97 1049 158 1070 lout.
185 1051 192 1070 t
214 1044 243 1070 in
262 1042 354 1074 Joau..
379 1052 452 1070 tuttn.
482 1043 527 1070 5‘2.
547 1043 610 1069 Ὅτε
635 1043 663 1070 δὲ
682 1044 711 1070 τό
728 1052 734 1058 ·
759 1044 823 1076 Υἱός

38 1098 91 1123 μου
97 1087 125 1115 εἴ
129 1089 180 1120 σὺ,
189 1089 249 1121 ἐγὼ
259 1089 391 1123 σήμερον
401 1088 564 1123 γεγέννηκά
576 1096 624 1120 σε,
638 1088 744 1123 λέγεται
756 1089 823 1124 πρὸς

41 1135 109 1162 αὐτὼ
125 1135 177 1162 ὑπὸ
191 1135 241 1161 τοῦ
254 1134 331 1167 Θεοῦ,
345 1131 366 1168 ᾧ
379 1134 421 1161 ἀεί
440 1135 498 1160 ἐστι
516 1134 545 1160 τὸ
563 1135 682 1170 σήμερον
699 1143 705 1149 ·
720 1135 769 1161 οὐκ
783 1135 822 1161 ἔνι

41 1182 89 1217 γὰρ
103 1182 206 1217 ἑσπέρα
222 1181 291 1208 Θεοῦ
305 1189 311 1196 ·
327 1181 382 1215 ἐγὼ
403 1181 431 1207 δὲ
454 1181 572 1216 ἡγοῦμαι
589 1181 630 1207 ὅτι
646 1181 706 1207 οὐδὲ
720 1181 820 1216 πρωῖα,

42 1227 91 1254 ἀλλ’
105 1228 118 1253 ὁ
132 1227 377 1263 συμπαρεκτεινων
390 1229 423 1262 τῇ
440 1227 563 1262 ἀγενήτῳ
581 1227 627 1253 καὶ
645 1226 722 1262 ἀϊδίῳ
739 1226 820 1253 αὑτοῦ

43 1273 141 1307 ζωῇ,ῖν’
154 1272 244 1303 οὕτως
254 1271 333 1303 εῐπω,
349 1271 453 1306 χρόνος,
471 1271 562 1307 ἡμέρα
580 1271 653 1306 αὐτῷ
663 1271 720 1298 ἐστι
736 1272 822 1306 σήμε-

44 1326 92 1353 ρον,
106 1314 162 1354 ὲνῇ
179 1318 342 1353 γεγέννηται
356 1319 370 1343 ό
387 1318 450 1349 Υἱός
465 1326 471 1332 ·
488 1318 574 1353 ἀρχῆς
592 1318 723 1351 γενέσεως
741 1318 821 1344 αὐτοῦ

43 1363 119 1395 οὕτως
137 1365 184 1399 οὺχ
208 1364 420 1400 εὑρισκομένης,
445 1363 482 1394 ὡς
497 1363 557 1389 οὐδὲ
580 1363 630 1397 τῆς
655 1364 759 1399 ἡμέρας
773 1373 780 1379 ·
796 1369 823 1390 et

44 1409 84 1436 lib.
100 1417 108 1436 t
126 1410 202 1443 Περὶ
229 1409 343 1444 ἀρχῶν,
362 1417 422 1444 cap.
441 1409 468 1440 2,
487 1417 561 1437 nttnt.
577 1409 626 1436 10:
645 1417 654 1434 α
669 1409 720 1436 Per
735 1410 822 1436 Evan-

44 1455 133 1489 gelium
148 1456 266 1483 docetur
280 1456 344 1490 quia
358 1455 446 1482 omnia
461 1462 507 1488 per
529 1454 613 1487 ipsum
631 1455 702 1488 facta
715 1459 785 1486 sunt,
798 1459 822 1481 et

44 1502 92 1528 sine
107 1503 159 1535 ipso
174 1501 276 1536 factum
291 1506 328 1528 est
345 1500 411 1527 nihil
432 1501 466 1517 η’
484 1509 491 1526 :
517 1505 545 1528 et
560 1500 690 1535 intelligat
703 1508 737 1528 ex
760 1501 821 1531 hoc.

45 1546 99 1580 quia
120 1555 169 1573 non
200 1551 290 1582 potest
320 1546 457 1581 antiquior
491 1553 553 1573 esse
589 1545 616 1572 in
655 1546 709 1572 Deo
735 1546 857 1590 omnioc

45 1594 150 1626 potentis
164 1593 320 1628 appellatio,
339 1600 420 1628 qualn
449 1592 539 1619 Patris
553 1601 560 1618 :
578 1599 626 1626 per
641 1591 736 1618 Filium
750 1592 822 1618 enim

45 1639 204 1673 omnipotens
228 1643 273 1666 est
304 1638 399 1671 Pater;
431 1647 440 1663 ι
473 1642 501 1664 et
529 1638 619 1672 capite
646 1638 769 1672 sequenti
790 1638 823 1665 de

48 1683 72 1710 S.
91 1685 220 1712 Trinitate
242 1685 355 1719 loquens
380 1685 418 1711 ait
435 1693 509 1711 nlllll.
525 1684 542 1711 4
559 1693 566 1711 :
584 1694 593 1709 ι
616 1684 652 1710 Ea
675 1683 710 1711 de
725 1684 823 1718 quibus

51 1729 185 1764 loquimur.
202 1735 320 1769 tractatu
347 1730 457 1766 quidem
483 1730 616 1757 sermonis
639 1730 824 1764 temporaliter

49 1777 220 1810 nominantur,
249 1782 344 1804 natura
369 1781 459 1804 autetn
477 1777 518 1804 sui
543 1784 649 1804 omnem
675 1775 823 1810 intelligen-

49 1821 103 1847 tiatn
119 1830 213 1850 sensus
232 1822 390 1856 temporalis
411 1823 561 1854 excedunt;
588 1830 597 1847 ι
619 1825 646 1848 et
670 1821 716 1848 lib.
740 1829 776 1853 tv,
795 1822 822 1848 in

49 1866 266 1901 ΑηαεερὴαΙωοεὶ,
285 1876 360 1895 ηιιω.
378 1868 413 1896 28
431 1876 438 1895 :
456 1877 466 1894 ι
487 1867 574 1903 Supra
601 1874 680 1894 omne
705 1871 821 1901 tempus,

49 1916 72 1938 ct
82 1919 156 1945 supra
175 1913 266 1940 omnia
293 1914 401 1946 satcula,
422 1918 448 1940 et
465 1921 546 1948 supra
561 1920 668 1940 omnem
685 1913 821 1940 seternita~

51 1962 95 1984 tem
111 1958 280 1994 intelligenda
301 1963 364 1986 sunt
385 1966 417 1986 ea
430 1967 489 1994 quae
504 1960 536 1986 de
553 1959 642 1989 Patre.
657 1964 685 1986 et
699 1959 779 1991 Filio,
796 1963 823 1985 et

51 2002 139 2037 Spiritu
152 2009 246 2032 sancto
259 2005 396 2032 dicuntur.
410 2005 473 2032 Haec
486 2005 557 2032 enim
571 2004 626 2032 sola
645 2004 764 2032 Trinitas
780 2009 822 2031 est

50 2057 100 2083 quae
111 2058 214 2079 onmem
231 2059 342 2080 seusutn
366 2051 558 2086 intelligi-mite,
578 2060 630 2079 uon
650 2052 736 2079 solum
751 2057 821 2078 tetu-

50 2097 148 2130 poralis,
162 2106 256 2126 verum
269 2099 351 2126 etiam
362 2098 498 2126 teternalis
509 2098 625 2125 excedit.
634 2097 736 2125 Caetera
746 2105 819 2129 vero,

50 2149 100 2175 (tua:
110 2149 168 2171 sunt
184 2150 261 2172 extra
281 2144 454 2177 Trinitatem,
477 2144 503 2171 in
521 2144 625 2172 aesculis
650 2148 677 2171 et
703 2144 729 2171 itt
753 2149 820 2171 tem-

51 2188 145 2220 poribus
163 2190 298 2217 ntetienda
321 2195 393 2218 Sunt.
415 2199 424 2216 ι
445 2189 511 2223 Quae
537 2189 595 2216 loca
613 2197 673 2223 cap.
693 2189 726 2216 15
738 2194 764 2216 et
786 2189 819 2217 l9

871 266 962 293 Pater.
981 275 990 290 ι
1008 265 1187 299 Quamobrem
1207 263 1369 291 Athanasius
1397 262 1422 288 in
1448 262 1515 288 libro
1543 261 1580 287 De
1608 262 1655 287 de-

871 310 947 336 crelis
970 309 1089 336 Nicena:
1111 308 1205 343 synodi
1230 308 1268 334 sic
1281 307 1320 334 ait
1338 315 1345 334 :
1365 306 1432 342 napi.
1447 306 1475 332 δὲ
1498 305 1544 332 τοῦ
1566 305 1657 337 statu;

872 356 989 381 συνεῖναι
1001 354 1047 381 τὸν
1060 354 1144 388 Λόγον
1157 353 1196 388 τῷ
1209 353 1349 388 Πατρι.....
1369 352 1469 385 ἐξέστω
1488 352 1567 378 πάλιν
1586 352 1657 386 ὑμᾶς

870 400 985 428 ἀκοῦσαι
998 401 1044 427 καὶ
1058 399 1132 434 παρὰ
1147 398 1193 426 τοῦ
1219 398 1360 432 φιλοπόνου
1377 397 1528 433 Ὦριγένους
1545 405 1552 412 ο
1563 402 1591 424 et
1607 397 1657 424 So-

871 452 969 479 crates,
985 446 1031 473 lib.
1047 453 1096 477 vu,
1116 452 1176 479 cap.
1195 445 1227 477 (i,
1250 448 1391 479 postquam
1421 443 1537 470 lectitari
1563 442 1657 470 solitos

873 492 956 520 fuisse
969 493 1035 520 dixit
1052 492 1190 519 Platonem
1207 499 1221 518 a
1235 490 1360 524 Georgio,
1377 489 1518 524 Origene-tt
1540 496 1554 515 a
1566 488 1657 515 Timo-

873 539 934 566 theo
946 539 1055 566 Arianis
1069 537 1236 573 presbyteris
1251 546 1257 564 :
1273 535 1417 570 Θαυμάσαι
1432 532 1477 561 οὖν
1492 543 1547 570 μοι,
1558 535 1655 568 inquit,

871 585 959 612 ἔπεισι
981 585 1039 617 πῶς
1054 583 1125 612 οὗτοι
1145 585 1169 610 οἱ
1194 583 1289 618 ἄνδρες
1307 583 1341 618 τῇ
1358 582 1502 617 Ἀρειανῶν
1525 580 1658 617 Θρησχείᾳ.

873 631 1049 666 παρέμειναν,
1068 626 1105 656 ὦν
1117 629 1130 655 ὁ
1145 630 1194 664 μὲν
1209 628 1254 656 τὸν
1268 628 1398 655 Πλάτωνα
1413 628 1456 654 ἀεὶ
1475 626 1543 662 μετὰ
1564 627 1657 661 χεῖρας

872 674 943 711 εἶχεν
959 684 965 691 ⁸
978 677 992 702 ὸ
1004 676 1033 702 δὲ
1042 676 1088 702 τὸν
1100 674 1241 710 Ὠριγὲνην
1249 674 1377 700 ἀνέπνεεν
1387 682 1393 689 ·
1402 673 1462 700 οὐδὲ
1477 672 1530 707 γὰρ
1545 671 1657 698 Πλάτων

871 723 900 748 τὸ
911 722 1035 757 δεύτερον
1054 721 1101 748 καὶ
1115 721 1144 747 τὸ
1156 720 1245 756 τρίτον
1260 720 1355 751 αἴτιον,
1372 719 1409 750 ὡς
1423 718 1503 749 αὐτὸς
1515 717 1658 752 ὀνομάζειν

872 767 976 800 εἴωθεν,
994 767 1080 802 ἀρχὴν
1099 765 1240 802 ὑπάρξεως
1257 765 1395 800 εἰληφέναι
1413 764 1478 798 φησι
1495 771 1501 778 ·
1519 763 1566 790 καὶ
1586 763 1657 798 Ὤρι-

872 814 952 849 γένης
984 814 1114 840 ωναῖδιον
1141 812 1277 848 πανταχοῦ
1311 812 1435 847 ὁμολογεί
1465 811 1510 837 τὸν
1531 810 1594 837 Υἰὸν
1619 809 1657 845 τῷ

874 859 970 895 “arpi.
997 859 1081 886 Vertit
1096 859 1261 893 Epiphanius
1285 858 1468 885 Scltolasticus
1486 865 1491 880 ε
1509 866 1518 882 ι
1534 857 1605 891 Mihi.
1617 862 1657 883 ta-

839 896 863 922 Β·
874 913 933 932 men
945 905 1049 932 videtur
1061 904 1231 936 admirabile,
1243 904 1377 939 quomodo
1393 903 1459 930 tales
1479 903 1530 930 viri
1540 903 1566 930 itt
1576 902 1656 929 Aria-

874 958 967 976 norum
979 950 1035 985 lege
1055 951 1214 982 manserint,
1231 957 1343 984 quorum
1361 957 1429 976 unus
1441 949 1548 984 quidem
1564 947 1657 976 Plato-

874 1004 933 1023 nem
961 1003 1066 1025 semper
1085 996 1200 1023 habebat
1225 997 1251 1023 in
1274 995 1417 1028 manibus,
1439 996 1508 1023 alter
1536 995 1657 1029 spirabat

870 1041 970 1076 jugiter
992 1042 1135 1078 Origenem
1156 1052 1163 1068 :
1181 1050 1241 1070 cum
1260 1050 1392 1077 nusquam
1406 1042 1484 1069 Plato
1508 1042 1655 1069 secundam

873 1089 913 1114 vel
933 1089 1038 1115 tertiam
1069 1096 1178 1116 causam
1214 1088 1294 1124 (sicut
1320 1088 1379 1122 ipse
1403 1087 1545 1115 nominare
1575 1087 1654 1122 solet)

873 1134 977 1161 initittm
991 1135 1170 1162 subsistentia;
1189 1139 1293 1162 asserat
1304 1134 1468 1168 percepisse,
1480 1138 1507 1161 et
1526 1133 1656 1169 Origenes

873 1184 1035 1207 comternnm
1050 1179 1149 1213 ubique
1160 1179 1278 1207 fateatur
1293 1179 1390 1206 Filintn
1407 1178 1498 1211 Patri;
1511 1188 1520 1204 ι
1533 1178 1656 1206 etC-nido

873 1225 997 1252 Elneusis
1011 1225 1036 1251 in
1052 1224 1161 1253 Summa
1184 1227 1216 1253 de
1241 1226 1384 1253 Ιιωνεκὶὒιιι
1400 1233 1409 1252 :
1429 1234 1439 1251 ι
1460 1224 1602 1259 Origenes,
1617 1225 1656 1250 in-

873 1271 940 1305 quit,
961 1279 1040 1306 super
1070 1270 1217 1307 Epistolnm
1240 1273 1274 1298 ad
1300 1271 1377 1298 Rom.
1397 1279 1404 1298 ι
1430 1278 1482 1298 non
1494 1275 1536 1298 est
1547 1274 1658 1298 secutus

872 1324 993 1344 errorem
1017 1317 1075 1345 Arii
1091 1319 1124 1345 de
1145 1318 1303 1345 exsistentia
1319 1317 1380 1345 Filii
1401 1317 1446 1344 Dei
1464 1325 1472 1343 ε
1488 1317 1569 1344 Arius
1583 1317 1656 1344 enim

873 1363 938 1390 dicit
949 1365 1019 1397 quod
1033 1369 1092 1391 erat
1109 1368 1212 1399 tempus
1227 1364 1336 1399 quando
1351 1363 1398 1390 Dei
1418 1363 1502 1392 Filius
1516 1372 1568 1392 non
1586 1368 1656 1397 erat,

873 1409 943 1443 quod
960 1409 1085 1443 reprobat
1109 1409 1241 1443 Origenes
1253 1410 1405 1445 dupliciter,
1420 1411 1507 1445 pritno
1520 1417 1658 1444 exponens

873 1455 937 1482 illud
950 1455 1027 1483 Rom.
1045 1463 1069 1487 ι,
1085 1454 1137 1487 Qui
1152 1455 1237 1488 [actus
1251 1461 1289 1482 est
1302 1464 1334 1483 επ
1349 1457 1446 1483 semine
1461 1455 1545 1482 David
1565 1463 1658 1482 secun-

873 1501 935 1527 dum
946 1509 1062 1534 carnem,
1076 1501 1142 1529 dicit
1154 1501 1194 1528 sic
1211 1510 1217 1529 :
1235 1501 1332 1529 Factus
1343 1507 1385 1529 est
1398 1506 1488 1528 autem
1505 1501 1564 1528 sine
1576 1501 1658 1528 dubio

873 1546 899 1573 id
913 1548 982 1582 qttod
999 1548 1073 1582 prius
1091 1556 1143 1578 non
1160 1553 1220 1576 erat
1237 1542 1385 1576 secundum
1410 1556 1518 1576 carnem
1536 1556 1542 1574 :
1562 1555 1658 1574 secun-

874 1594 936 1620 dum
958 1599 1046 1621 autem
1074 1595 1209 1628 spiritum,
1235 1595 1261 1621 id
1289 1600 1330 1621 est
1350 1595 1495 1622 secundum
1515 1594 1657 1626 Deitatetu,

873 1647 925 1674 qua
943 1639 1013 1666 Deus
1024 1644 1065 1667 est
1081 1641 1202 1674 spiritus,
1226 1640 1301 1674 prius
1315 1644 1385 1673 erat,
1400 1645 1426 1667 et
1448 1647 1501 1666 nou
1512 1643 1571 1666 erat
1591 1644 1659 1666 tem-

873 1693 922 1720 pus
935 1686 1043 1720 quando
1056 1693 1108 1712 non
1136 1690 1205 1712 erat.
1235 1685 1360 1713 Secundo
1385 1684 1512 1719 reprobat
1535 1691 1657 1711 errorem

873 1731 928 1757 Arii
944 1738 1005 1757 cum
1022 1731 1061 1757 ait
1076 1739 1083 1757 :
1099 1730 1305 1758 Observandum
1319 1735 1360 1758 est
1375 1731 1447 1758 enitu
1472 1730 1535 1765 quia
1549 1737 1600 1757 non
1617 1730 1658 1756 di-

872 1777 910 1803 cit
930 1785 937 1802 :
957 1775 1009 1808 Qui
1039 1777 1240 1810 prwdestinalus
1262 1781 1298 1802 est
1325 1775 1409 1802 Filius
1431 1775 1479 1802 Dei
1510 1776 1538 1802 in
1564 1776 1658 1803 virtute

872 1822 1142 1856 secundumzspiritum
1154 1821 1382 1855 sanctiﬁcationis,
1393 1822 1439 1848 sed
1453 1822 1475 1836 “
1491 1821 1558 1848 dicit
1579 1829 1585 1847 :
1604 1820 1658 1853 Qui

873 1867 1018 1894 destinatus
1035 1872 1072 1894 est
1096 1866 1184 1894 Filius
1209 1867 1256 1894 Dei
1278 1867 1305 1894 in
1336 1868 1471 1895 uirtute...
1503 1867 1658 1895 Destinatur

872 1913 1001 1940 enimille
1019 1913 1064 1947 qui
1082 1918 1122 1940 est
1137 1922 1143 1940 :
1161 1913 1370 1947 prazdestiuatur
1385 1921 1448 1940 vero
1467 1913 1512 1939 ille
1524 1914 1567 1947 qui
1589 1921 1657 1941 non-

873 1961 935 1988 dunt
950 1964 991 1988 est
1005 1981 1012 1994 ,
1028 1960 1099 1987 sicut
1112 1962 1144 1987 de
1160 1959 1201 1986 bis
1218 1959 1283 1986 dicit
1299 1959 1443 1994 Apostolus
1459 1959 1550 1992 :Quos
1570 1965 1658 1987 autem

871 2007 1010 2039 ιιι-τινιπάνυ,
1024 2006 1084 2033 illos
1097 2011 1121 2032 et
1140 2005 1334 2040 prmdeslinavit
1350 2005 1382 2032 ³⁷.
1401 2005 1524 2032 Prtesciri
1546 2014 1611 2041 ergo
1632 2012 1659 2032 et

872 2052 1057 2087 praedestittari
1088 2057 1202 2086 possunt
1229 2051 1266 2078 illi
1290 2052 1334 2086 qui
1360 2052 1478 2078 nondum
1501 2057 1582 2084 sunt;
1614 2051 1658 2078 ille

872 2103 960 2126 autem
975 2098 1020 2133 qui
1034 2103 1086 2130 est,
1102 2103 1129 2125 et
1154 2105 1261 2132 semper
1281 2104 1333 2129 est,
1357 2105 1410 2125 non
1438 2097 1656 2131 przedestinatur,

871 2145 917 2171 sed
933 2145 1115 2172 destinatur...
1132 2144 1217 2172 Filius
1236 2150 1327 2172 autem
1347 2145 1392 2172 Dci
1422 2151 1529 2178 semper
1544 2143 1595 2170 fuit
1623 2144 1658 2169 ab

871 2193 981 2222 :clerno,
1003 2194 1031 2216 et
1050 2197 1102 2216 non
1119 2189 1168 2216 fuit
1183 2195 1286 2225 tempus
1302 2191 1409 2225 quando
1427 2197 1481 2216 non
1497 2189 1588 2216 fuerit.
1606 2188 1658 2216 Ubi

51 2239 149 2268 usurpat
170 2235 287 2269 scriptor
308 2235 398 2270 operis
417 2234 456 2261 De
474 2234 571 2261 deitote
593 2239 618 2261 et
638 2234 820 2261 incarnatione
837 2236 858 2263 D
874 2238 945 2268 patet
961 2235 1032 2269 quod
1046 2235 1176 2270 Origenes
1191 2243 1312 2263 errorem
1326 2235 1384 2262 Arii
1412 2235 1484 2262 clare
1509 2235 1628 2262 damnat.
1645 2244 1655 2260 ι

56 2276 130 2312 Verbi,
143 2282 212 2314 quod
228 2281 344 2308 habetur
356 2280 383 2308 in
394 2280 468 2308 calce
482 2280 570 2314 quarti
586 2279 650 2306 torni
664 2280 816 2314 Augustini.

52 2320 90 2350 llis
112 2325 222 2361 adjunge
247 2330 276 2353 et
301 2326 381 2353 istum
401 2332 416 2352 e
437 2325 484 2352 lib.
505 2334 513 2352 ι
532 2326 560 2352 in
582 2324 668 2358 Epist.
685 2326 718 2351 ad
730 2323 817 2356 Rom.,

51 2375 101 2402 cap.
115 2371 138 2403 l,
150 2379 223 2399 num.
235 2372 252 2399 5
275 2381 281 2398 :
303 2381 312 2398 ι
328 2371 377 2405 Qui
396 2379 531 2406 nunquatu
559 2372 765 2407 praedestinatus
779 2375 820 2398 est

80 2446 107 2461 "'
120 2447 194 2476 loan.
219 2457 238 2482 t,
266 2448 293 2476 5.
365 2449 388 2464 ³⁸
408 2449 485 2478 Rom.
500 2457 519 2482 t,
538 2449 565 2477 4.

54 2536 132 2569 Iterat;
145 2533 186 2560 isti
201 2541 275 2567 vero,
293 2534 355 2569 quia
371 2539 413 2561 est
427 2534 505 2568 Dens,
523 2533 652 2564 Verbum,
669 2532 817 2568 Sapientia,

56 2565 155 2605 istius,
173 2565 398 2605 splendor'Patris
411 2575 438 2596 et
462 2565 817 2605 ituagorabsolutissintachi

55 2600 109 2626 "ihil
132 2600 198 2638 desii.
217 2605 286 2638 quod
307 2604 415 2638 quidem
439 2605 474 2631 sit
497 2600 531 2631 ἱιῖ
543 2604 635 2630 Patre.
648 2604 716 2636 Quin
737 2604 817 2631 etiam

56 2637 184 2673 uotrsulius
199 2637 287 2666 Patris
305 2637 509 2673 omnipotentiae
528 2639 646 2666 consulit
665 2639 692 2665 in
706 2640 754 2665 hac
771 2640 817 2666 ab-

56 2671 124 2714 surda
140 2674 272 2714 opinio-tte,
301 2674 346 2700 sed
371 2671 455 2714 ipsius
478 2675 558 2714 etiam
573 2674 659 2714 “Filii.
684 2673 818 2714 Metuebat

56 2709 115 2743 gutta
127 2712 153 2733 ut
167 2709 205 2734 vel
220 2708 300 2735 Pater
316 2707 495 2743 omnipo'ens,
511 2708 552 2735 vel
573 2707 657 2735 Filius
674 2709 817 2742 aporrhma

58 2739 116 2778 Illius
128 2744 322 2776 omnipotentiae
337 2739 444 2778 sent-per
469 2744 550 2770 fuisse
576 2739 817 2778 dentonsiraretur,

59 2778 101 2812 Inst
121 2778 278 2805 exstitissent
292 2787 334 2805 res
348 2777 445 2806 creatae
459 2779 486 2805 itt
505 2777 659 2812 quasPater
677 2783 704 2805 et
722 2778 816 2810 Filius,

59 2808 139 2849 quibus
157 2819 234 2839 unam
254 2819 280 2839 et
297 2815 418 2840 eatttdetn
443 2808 664 2849 outuipotentiam
687 2808 818 2844 adhibuit,

60 2841 250 2883 dominarentur.
267 2849 328 2875 llaec
340 2849 427 2883 legere
446 2853 487 2875 est
505 2841 532 2875 iit
549 2849 594 2874 lib.
614 2855 622 2874 ι
644 2847 681 2874 De
695 2841 816 2882 ρτὶηείριξ

62 2881 108 2909 ωιι-
122 2879 288 2912 3,uutu.10.
316 2879 493 2917 Qua'ntobrent
522 2884 577 2910 haec
600 2884 633 2911 de
659 2879 817 2910 tttundorutu

301 2967 313 2985 θ

872 2281 997 2308 Pluribus
1014 2281 1039 2308 id
1055 2282 1169 2316 probare
1183 2282 1347 2316 superﬂuunt
1356 2286 1407 2314 est,
1417 2282 1487 2316 quod
1502 2289 1535 2308 ex
1551 2281 1659 2316 gemino

872 2327 997 2361 Origenis
1010 2328 1069 2355 loco
1082 2328 1149 2355 satis
1165 2329 1291 2362 probavit
1312 2327 1480 2355 Athanasius
1497 2328 1523 2354 in
1540 2327 1657 2354 Decrett's

875 2371 992 2399 Nicaeum
1019 2373 1124 2407 synodi.
1153 2372 1238 2401 Porro
1261 2380 1321 2406 quae
1345 2374 1378 2400 de
1399 2373 1459 2400 Filii
1485 2375 1660 2408 generatione

622 2449 642 2465 ³⁷
658 2448 735 2476 Rom.
771 2457 828 2482 rttt,
859 2450 905 2477 29.

873 2534 1044 2568 antiquitate,
1059 2540 1105 2562 aut
1121 2535 1143 2562 si
1158 2535 1210 2567 vis,
1225 2535 1375 2562 aeternitate
1388 2535 1493 2570 opinio,
1509 2543 1560 2562 non
1573 2536 1658 2570 magis

873 2570 945 2596 latdit
968 2570 1144 2606 aeternitatem
1160 2570 1219 2597 Filii
1234 2579 1315 2606 quant
1342 2569 1439 2597 Patris.
1462 2569 1530 2597 Hinc
1544 2569 1657 2598 Hernic-

872 2612 953 2639 genes
965 2605 1007 2638 qui
1021 2604 1107 2631 adhuc
1123 2604 1266 2632 absurdius
1281 2606 1420 2633 tuateriatu
1438 2605 1585 2632 increatam
1608 2606 1658 2632 lin.

872 2641 960 2674 gebat,
991 2640 1056 2666 nihil
1077 2640 1138 2667 novi
1166 2640 1199 2666 de
1226 2640 1292 2668 Filio
1318 2641 1376 2672 Dei,
1394 2645 1461 2666 teste
1479 2640 1655 2673 Tertulliano,

871 2674 1024 2708 elfutierat;
1040 2682 1090 2710 nec
1100 2676 1306 2702 consecutiones
1318 2683 1386 2710 quas
1401 2683 1431 2702 ex
1450 2675 1508 2710 ejus
1521 2676 1657 2702 sententia

873 2710 968 2745 tuerilo
985 2709 1054 2737 eruit
1066 2709 1263 2745 r'l‘ertullianus.
1278 2711 1363 2745 magis
1376 2711 1401 2736 itt
1415 2709 1521 2740 Filium.
1533 2717 1614 2744 quam
1629 2710 1655 2737 itt

871 2743 977 2771 Patrem
994 2744 1095 2778 injuria:
1111 2750 1182 2773 sunt.
1194 2758 1229 2764 —
1244 2745 1274 2771 D.
1291 2743 1371 2772 Prud.
1389 2745 1484 2772 MARAN
1498 2743 1656 2774 De’divinit.

872 2779 978 2811 Christi,
995 2779 1041 2806 lib.
1058 2787 1093 2810 tv,
1110 2787 1175 2814 cap.
1187 2779 1232 2814 7M,
1255 2788 1328 2807 num.
1343 2780 1368 2807 5.
1379 2781 1445 2808 Vide
1465 2781 1575 2814 insuper
1594 2780 1656 2806 Bul-

874 2813 926 2840 luttt
940 2814 1059 2857 -De[em.
1070 2813 1149 2877 (ζῑόεῖ
1166 2813 1283 2842 Nimim:
1310 2816 1342 2844 de
1370 2815 1430 2843 Filii
1454 2815 1493 2851 τῷ
1519 2813 1654 2852 ἑυναῖδίῳ,

874 2856 928 2877 uno.
940 2858 967 2877 ο.
983 2857 1055 2877 nunt.
1090 2868 1097 2876 .

870 2856 928 2883 cap.
940 2851 967 2884 5,
983 2857 1055 2877 ttunt.
1070 2851 1097 2877 6.
