1904 3077
232 137 284 166 733

865 137 894 165 P.
917 136 958 163 DA
964 136 1073 164 iiiELlS
1093 136 1209 164 llUETll

1799 132 1841 160 γει

231 196 358 229 diximus,
378 194 469 222 eadem
484 193 516 220 de
532 193 650 228 Spiritus
669 194 755 221 sancti
781 195 952 230 proccssioue
973 195 1015 222 iu-
1032 197 1053 224 Α
1068 194 1188 229 gignitur
1201 195 1235 221 ab
1252 193 1323 228 igne,
1341 197 1424 228 atque
1446 191 1616 224 diffunditur,
1634 198 1741 219 cernvus
1755 190 1788 216 illi
1798 197 1840 223 est,

229 241 371 276 telligenda
385 244 457 267 sunt.

264 286 303 314 Ne
317 285 378 321 quis
399 292 465 312 vero
483 291 533 311 nes
555 284 630 315 solis,
650 284 801 319 solarisqne
830 285 897 312 radii
922 293 1016 313 exem-

228 331 310 366 plum,
333 331 365 358 ad
392 330 569 358 declarandos
585 330 712 365 Origenis
730 338 826 358 scttsus
847 331 932 367 gratis
947 332 1017 359 asci-

227 378 297 405 visse
312 381 398 412 putet,
425 385 458 404 en
487 377 572 411 ipsius
602 378 685 405 verba
707 377 780 405 hom.
799 386 824 404 tx
853 378 881 404 in
903 377 1014 411 Jerem.,

191 438 194 443 -
225 431 299 450 num.
312 424 328 450 4
350 432 356 450 :
374 423 428 458 (l5)
451 420 568 451 Ἐὰνοῦν
584 423 723 458 ἐπιστήσω
739 431 780 449 σοι
805 423 850 449 ἐπὶ
863 424 909 450 τοῦ
926 425 1016 460 Σωτῆ-

227 477 289 504 ρος,
310 468 350 494 ὅτι
380 468 441 503 οὐχὶ
463 468 607 504 ὲγέννήσεν
628 469 642 494 ὁ
669 469 763 505 Πατὴρ
790 469 836 495 τὸν
866 470 941 502 Υῐὸν,
969 471 1016 497 καὶ

223 513 358 540 ἀπέλυσεν
375 513 456 540 αὐτὸν
475 514 489 540 ὁ
512 514 607 551 Πατὴρ
628 513 681 540 ἀπὺ
701 514 750 550 τῆς
770 515 903 549 γενέσεως
921 515 1015 548 αὐτοῦ,

222 558 280 586 ἀλλ’
293 559 337 585 ἀεὶ
352 560 434 595 γεννᾷ
442 559 522 586 αὐτόν
532 569 538 575 ⁸
548 561 716 596 παραστήσω
731 561 776 586 καὶ
790 561 835 586 ἐπὶ
849 561 895 587 τοῦ
911 561 1015 588 δικαίου

222 606 412 642 παραπλήσιον
429 614 436 620 ·
455 606 554 642 ἴδωμεν
575 606 603 633 δὲ
631 606 672 638 τίς
686 607 764 642 ἡμῶν
779 608 852 633 ἐστιν
873 608 887 634 ὁ
908 608 1013 644 Σωτήρ.

228 652 411 688 Ἀπαύγασμα
427 652 506 688 δόξης
518 661 524 667 ·
538 652 569 678 τὸ
583 652 754 688 ἀπαύγασμα
767 653 845 688 66511;
869 654 928 689 οὐχὶ
943 654 1014 688 ἅπαξ

221 696 391 732 γεγέννηται,
406 697 452 724 καὶ
466 697 525 732 οὺχὶ
538 698 665 732 γεννᾶται
677 706 684 713 ·
697 698 754 724 ἀλλ’
765 698 825 725 ὅσον
841 699 899 725 ἐστὶ
916 699 946 726 τὸ
957 699 1014 736 ῳῶς

221 743 362 779 ποιητικὸν
381 742 427 769 τοῦ
443 744 671 779 ἀπαυγάσματος,
690 744 736 770 ἐπὶ
750 744 877 771 τοσοῦτον
887 746 1013 779 γεννᾶται

220 789 251 816 τὸ
266 789 435 824 ἀπαύγασμα
451 789 500 824 τῆς
518 789 597 825 δόξης
614 790 662 816 τοῦ
683 790 750 817 Θεοῦ
762 799 768 806 ·
782 791 795 817 ὀ
822 791 916 827 Σωτὴρ
936 792 1014 827 ἡμῶν

222 834 301 868 σοφία
323 835 381 861 ἐστὶ
404 833 450 861 τοῦ
469 833 535 861 Θεοῦ
555 843 562 850 ⁸
588 835 647 861 ἐστὶ
664 834 692 861 δὲ
708 836 724 871 ὴ
744 836 825 870 σοφία
845 837 1013 871 ἀπαύγασμα

1070 244 1096 267 et
1109 244 1183 268 esset
1198 243 1361 271 coaeternus,
1377 239 1399 265 si
1420 243 1492 265 esset
1508 237 1577 273 ignis
1595 242 1725 264 auertitis.
1744 246 1753 262 ι
1766 235 1842 268 Itaque

1069 292 1102 312 eo
1117 284 1290 319 discrepabat
1303 285 1337 311 ab
1351 283 1468 319 Origene
1484 283 1576 314 Arius,
1598 284 1670 316 quod
1687 281 1733 308 ltic
1759 281 1841 308 Filiuu

1069 331 1175 358 diceret
1186 338 1247 358 esse
1263 331 1364 358 factum
1377 329 1406 363 ἐξ
1422 330 1471 356 οὐκ
1487 329 1641 360 ὅντων,1ιοε
1655 334 1697 355 est
1711 336 1744 354 ex
1763 328 1843 359 nihilo,

1069 381 1170 404 etcum
1190 381 1269 404 antea
1287 385 1340 404 tton
1361 380 1432 404 esset
1456 384 1462 402 :
1487 375 1532 402 ille
1555 379 1676 410 paterna:
1698 374 1845 402 substantiis

1069 426 1220 460 portionem
1243 430 1303 451 esse
1317 427 1344 450 et
1373 421 1507 449 eilluvinm
1534 422 1567 448 ab
1579 425 1682 448 aeterno
1697 427 1808 447 manans
1823 425 1845 447 et

1069 471 1142 499 Patri
1156 475 1334 498 coaeteruurn.
1353 468 1411 501 Quo
1426 467 1450 494 in
1466 474 1560 494 errore
1578 471 1702 494 versatos
1717 473 1777 493 esse
1790 465 1845 492 Psa-

1071 518 1213 553 tbyrianos
1229 515 1385 546 haereticos,
1401 513 1467 541 Ario
1490 517 1646 548 prognatos,
1661 518 1755 539 narrat
1770 511 1847 540 Theo-

1069 564 1180 590 doretus
1197 561 1223 588 in
1245 560 1290 587 lib.
1307 567 1333 587 tv
1350 559 1389 586 De
1403 559 1468 586 liter.
1491 558 1546 592 fab.
1571 557 1694 592 Scriptor
1714 558 1802 591 operis
1816 556 1847 584 De

1068 608 1164 634 deitate
1184 611 1209 633 et
1234 605 1414 632 incarnatione
1434 602 1523 635 Verbi,
1543 603 1577 629 ad
1607 601 1784 633 Ianuarium,
1807 602 1846 637 qui

1069 653 1102 680 ad
1127 652 1230 680 calcem
1255 651 1319 678 tom't
1346 649 1378 677 ιν
1402 649 1543 685 Augustini
1574 649 1719 684 reperitur,
1746 653 1774 675 et
1799 648 1848 676 fere

1069 699 1194 734 Origcnis
1226 697 1333 725 laciniis
1369 696 1560 724 suffarcinatus
1594 700 1660 727 est,
1699 695 1848 722 auctoribus

1068 744 1175 772 Joanne
1196 749 1224 772 et
1249 743 1333 771 Paulo
1360 743 1483 778 generari
1501 742 1617 769 Verbum
1639 741 1709 768 dixit
1735 748 1794 775 cap.
1809 741 1847 773 lit,

1067 790 1294 826 quemadmodum
1319 789 1447 825 splendor
1461 796 1474 815 a
1491 788 1549 816 luce
1563 787 1747 823 proliciscitur
1762 796 1769 814 :
1786 795 1795 812 ι
1806 786 1847 814 Est

1069 844 1196 871 namque,
1215 836 1313 870 inquit,
1337 835 1375 862 ita
1391 840 1491 862 aeterna
1511 841 1543 861 ac
1559 833 1727 868 sempiterna
1743 840 1848 867 genera-

220 880 308 914 φωτὺς
323 881 409 907 ἀϊδίου
423 888 430 895 ·
448 881 472 907 εἰ
486 878 533 907 οὖν
549 881 563 908 ὁ
586 880 681 916 Σωτὴρ
695 881 738 908 ἀεὶ
752 883 888 917 γεννᾶται,
909 883 956 909 καὶ
970 883 1002 910 διέ

1066 883 1112 915 lio,
1127 883 1197 910 sicut
1214 882 1343 917 splendor
1358 885 1504 916 generatur
1520 888 1535 907 a
1554 880 1634 913 luce;
1647 889 1667 914 ,ι
1684 884 1712 906 et
1727 887 1786 913 cap.
1800 879 1846 906 l9:

219 926 297 953 τοῦτο
322 926 395 961 λέγει
418 935 425 941 ·
449 926 510 960 Πρὸ
525 926 558 953 δὲ
574 926 696 954 πάντων
707 927 832 959 ,ϐυυνῶν
845 928 937 964 γεννᾷ
953 938 991 963 με
1003 938 1009 944 ·

218 973 278 1007 οὐχὶ
302 972 330 999 δέ
344 981 350 988 ·
364 973 424 1007 Πρὸ
439 972 473 999 δὲ
498 972 557 999 τῶν
571 972 692 1000 πάντων
704 973 828 1006 ,βουνῶν
852 975 1012 1010 γεγέννηκέ

214 1027 254 1053 με
269 1027 277 1034 ·
294 1017 362 1045 ἀλλὰ
373 1018 429 1053 πρὸ
451 1018 573 1046 πάντων
583 1019 707 1051 ﬁcum?»-
729 1019 820 1055 γεννᾷ
829 1029 877 1055 με,
902 1021 949 1048 καὶ
968 1022 1011 1049 ἀεὶ

217 1065 344 1099 γεννᾶται
366 1066 381 1092 ὁ
402 1065 498 1102 Σωτὴρ
516 1066 569 1093 ὑπὸ
588 1066 634 1093 τοῦ
650 1066 767 1103 Πατρός.
797 1065 898 1094 Eadem
927 1069 1011 1096 utitur

217 1109 397 1138 similitudine
443 1110 626 1140 Tertullianus
658 1112 810 1148 Apologet.,
851 1121 911 1148 cap.
937 1114 970 1141 21
1001 1123 1008 1141 :

219 1164 229 1181 ι
249 1155 338 1183 Etiam
363 1164 424 1183 cum
440 1157 532 1185 radius
554 1165 587 1185 ex
604 1158 661 1186 sole
687 1159 847 1194 porrigitur,
874 1160 963 1193 portio
975 1168 1008 1188 ex

216 1208 334 1229 summa.
349 1201 402 1229 Sed
417 1201 455 1229 sol
469 1203 524 1230 erit
536 1203 562 1229 in
579 1203 666 1236 radio,
679 1204 742 1238 quia
759 1204 824 1232 solis
839 1210 881 1232 est
897 1205 1006 1238 radius;

215 1254 266 1274 nec
289 1252 433 1283 separatur
459 1249 622 1280 substantia,
648 1250 694 1277 sed
727 1251 891 1279 extenditur.
919 1251 958 1279 lta
976 1253 1009 1279 de

216 1292 318 1327 Spiritu
333 1293 461 1328 Spiritus,
481 1299 508 1322 et
524 1296 557 1323 de
583 1296 637 1324 Deo
649 1296 730 1330 Dctts,
759 1302 788 1324 ut
806 1297 896 1325 lumen
918 1298 950 1326 de
968 1297 1009 1325 ln-

216 1338 288 1366 mine
302 1346 446 1368 accensum
460 1348 465 1365 ε
481 1347 572 1370 manet
587 1343 689 1379 integra
701 1349 727 1371 et
738 1343 871 1372 indefecta
887 1344 1007 1371 materiae

216 1383 326 1417 matrix,
343 1388 369 1411 et
391 1385 413 1412 si
439 1386 529 1420 plures
557 1387 620 1415 inde
636 1388 763 1416 traduces
788 1389 929 1424 qualitatis
945 1397 1005 1416 mtt-

215 1428 310 1456 tueris.
326 1428 363 1455 lta
378 1435 406 1456 et
419 1432 490 1464 qttod
507 1431 540 1458 de
556 1431 610 1460 Deo
628 1433 778 1468 profectum
795 1439 846 1465 est,
863 1434 934 1462 Deus
952 1439 1004 1468 est,

214 1478 242 1500 et
256 1473 302 1501 Dei
318 1474 413 1508 Filius,
425 1480 452 1503 et
465 1485 535 1505 unus
548 1479 638 1506 antbo.
649 1488 658 1504 t
681 1479 786 1512 Quibus
806 1480 863 1508 haec
876 1486 1005 1509 assonant

214 1518 312 1546 elibro
327 1523 419 1546 contra
437 1519 581 1553 Praxeam,
601 1530 663 1558 cap.
684 1523 719 1551 9:
738 1533 746 1550 t
763 1523 844 1552 Pater
862 1530 917 1552 tota
934 1528 998 1553 sub-

213 1563 311 1590 stantia
326 1569 369 1591 est
384 1572 391 1589 :
405 1564 489 1592 Filius
517 1573 582 1593 vero
600 1567 734 1595 derivatio
762 1568 843 1596 totius
865 1574 892 1596 et
910 1570 998 1603 portio
1016 1563 1037 1590 (ἶ

214 1608 284 1635 sicut
299 1609 357 1643 ipse
372 1609 516 1646 proﬁtetur
529 1620 536 1638 :
550 1612 619 1645 Quia
631 1612 714 1641 Pater
725 1614 811 1649 major
822 1623 862 1641 me
877 1619 915 1642 (si
931 1615 973 1642 ’7'.
990 1625 999 1642 t

213 1653 289 1682 Unde
301 1654 385 1690 liquet
397 1664 451 1691 quo
467 1664 547 1685 sensu
560 1658 660 1686 dixerit
674 1665 768 1686 eontra
785 1659 883 1692 Prae,
912 1669 971 1696 cap.
985 1661 1003 1688 2

210 1703 238 1725 et
254 1699 294 1726 ιε
313 1709 322 1726 ‹
341 1700 467 1735 Patrem,
491 1708 518 1730 et
539 1702 636 1731 Filium
654 1709 682 1732 et
716 1703 847 1740 Spiritum
876 1713 1002 1734 sanctunt

211 1745 291 1773 unius
309 1753 371 1775 esse
397 1748 567 1782 substantiae,
593 1754 621 1777 et
640 1751 719 1779 unius
744 1756 841 1784 status,
868 1757 895 1780 et
921 1753 1002 1780 unius

211 1792 362 1826 potestatis,
376 1798 403 1821 ct
417 1793 515 1821 Filium
532 1803 584 1822 non
599 1795 706 1824 aliunde
723 1797 857 1824 deducere
868 1806 908 1830 se,
920 1806 1001 1833 quam

209 1841 243 1864 de
250 1838 402 1866 substantia
415 1838 513 1867 Patris.
528 1850 537 1866 t
549 1841 713 1876 Augustinus
731 1842 788 1876 ipse
800 1844 1001 1878 comparatione

209 1883 302 1911 eadem
312 1885 511 1919 generationem
520 1886 599 1914 Verbi
607 1888 724 1923 explicat
733 1889 800 1916 libro
808 1897 833 1916 vr
844 1889 883 1916 De
892 1889 1000 1923 Trinit.,

210 1930 267 1964 ipso
277 1929 364 1963 initio,
374 1933 420 1958 sed
433 1939 486 1959 non
498 1934 591 1960 eadem
611 1933 673 1961 inde
684 1934 801 1970 colligit:
816 1945 825 1961 ι
843 1935 903 1971 lpse
911 1936 1000 1969 Arius,

209 1974 306 2010 inquit,
314 1977 414 2004 dixisse
423 1976 509 2005 fertur
519 1986 526 2005 :
536 1978 563 2005 Si
574 1978 657 2006 Filius
668 1985 721 2013 est,
731 1986 809 2008 natus
819 1987 861 2008 est
870 1990 877 2008 :
886 1983 907 2009 si
921 1988 1001 2010 natus

209 2025 261 2053 est,
277 2026 336 2048 erat
361 2027 467 2057 tempus
480 2023 588 2058 quando
605 2032 658 2052 nou
679 2030 739 2053 erat
754 2025 859 2059 Filius;
888 2034 940 2054 non
956 2028 1000 2054 in-

210 2067 331 2102 telligens
341 2069 422 2096 etiam
440 2075 531 2097 natum
548 2078 610 2098 esse
638 2071 693 2098 Deo
710 2072 903 2106 sempiternum
925 2080 997 2106 esse,

208 2118 237 2140 nt
257 2114 294 2141 sit
307 2120 458 2144 coaeternus
483 2115 557 2144 Patri
583 2116 690 2145 Filius:
706 2118 776 2145 sicut
799 2118 928 2153 splendor
952 2120 997 2155 qui

242 2191 276 2208 '7‘
287 2191 364 2220 Joan.
381 2201 436 2227 xtv,
452 2193 497 2221 9.8.
522 2189 557 2210 V“
569 2194 645 2223 Joan.
659 2195 712 2230 t,5.

1068 938 1077 954 ι
1097 929 1150 957 Sed
1169 933 1196 956 et
1223 929 1342 956 Joannes
1358 927 1461 954 indicat
1487 926 1549 961 quia
1568 926 1638 953 Deus
1652 926 1699 952 tua:
1721 931 1760 952 est
1777 925 1809 957 ³⁸,
1825 931 1848 951 et

1063 975 1162 1003 Paulus
1178 975 1303 1010 designat
1317 974 1379 1010 quia
1394 973 1479 1001 Filius
1496 972 1625 1007 Splendor
1635 972 1703 999 lucis
1718 971 1848 999 eterna”

1061 1023 1097 1049 sit
1118 1022 1199 1049 Deus.
1227 1021 1306 1049 Sicut
1331 1027 1395 1054 ergo
1419 1027 1555 1055 nunquam
1572 1019 1616 1046 lux
1637 1018 1696 1046 sine
1712 1018 1850 1052 splendore

1063 1075 1123 1096 esse
1137 1067 1237 1103 potuit,
1256 1067 1294 1094 ita
1309 1074 1360 1094 nec
1375 1065 1462 1093 Filius
1475 1065 1584 1100 quidem
1598 1064 1658 1091 sine
1672 1063 1756 1091 Patre
1778 1063 1850 1090 ittth-

1060 1112 1105 1149 ligi
1121 1117 1220 1148 potest,
1247 1112 1292 1148 qui
1304 1117 1331 1140 et
1342 1112 1428 1147 ﬁgura
1444 1119 1564 1146 expressa
1579 1111 1736 1137 oubstanliu'
1751 1110 1807 1144 ejus
1817 1110 1848 1142 ⁴⁶,

1061 1164 1087 1186 et
1112 1157 1244 1190 Verbum,
1271 1163 1299 1185 et
1330 1157 1470 1192 Sapientia
1485 1157 1593 1184 dicitur.
1611 1165 1621 1182 ›
1638 1155 1762 1190 Denique
1783 1163 1848 1190 synt-

1059 1203 1149 1232 bolutn
1166 1203 1264 1231 Filium
1278 1210 1338 1231 esse
1352 1202 1474 1231 decernit
1500 1210 1509 1228 ε
1528 1201 1612 1228 Deum
1628 1201 1662 1229 de
1678 1201 1746 1234 Deo,
1764 1201 1847 1229 lumen

1058 1251 1092 1277 de
1110 1249 1222 1277 lumine.
1245 1258 1254 1275 ι

1093 1294 1176 1322 XXV.
1197 1295 1232 1322 At
1253 1302 1306 1322 non
1320 1294 1346 1321 in
1372 1293 1406 1322 iis
1420 1293 1518 1327 solum,
1532 1293 1578 1321 sed
1598 1292 1626 1320 in
1639 1293 1701 1320 aliis
1715 1293 1801 1320 etiam
1817 1291 1846 1320 ad

1057 1341 1159 1369 Christi
1175 1341 1392 1376 generationem,
1409 1345 1436 1366 et
1458 1339 1579 1375 Spiritus
1591 1339 1680 1366 sancti
1699 1339 1846 1374 processio-

1058 1394 1119 1414 nem
1142 1386 1355 1421 pertinentibus,
1371 1390 1399 1412 et
1420 1385 1465 1412 hic
1479 1392 1558 1419 quem
1574 1385 1635 1413 dico
1650 1384 1845 1415 Tertullianus,

1055 1436 1082 1458 et
1099 1430 1143 1458 alii
1161 1430 1282 1466 plerique
1307 1437 1340 1457 ex
1357 1429 1555 1464 antiquissimis
1582 1429 1755 1460 doctoribus,
1769 1435 1796 1456 et
1807 1429 1846 1455 Ni-

1056 1483 1130 1503 etcna
1162 1475 1265 1510 synodo
1290 1474 1483 1507 anterioribus,
1522 1473 1646 1509 Origenis
1681 1474 1846 1508 impietatem

1055 1521 1144 1548 dicam
1158 1528 1190 1547 an
1205 1519 1367 1555 imperitiam
1389 1519 1431 1547 vel
1455 1524 1596 1554 aequarunt
1610 1520 1653 1546 vel
1669 1525 1846 1554 superarunt.

1060 1566 1117 1601 (l6)
1126 1565 1258 1600 Justinus,
1269 1566 1633 1601 Atltenagoras,Tlteopltilus
1647 1566 1847 1598 Antiocltettus,

1058 1613 1199 1645 Tatianus,
1227 1612 1284 1647 ipse
1303 1612 1484 1640 'l‘ertnlliattus
1518 1617 1543 1639 el
1572 1612 1745 1644 Lactantius,
1766 1612 1850 1639 Deum

1057 1659 1185 1686 dixerunt
1200 1666 1260 1685 cutn
1279 1659 1371 1686 mttttdi
1394 1656 1557 1686 creationem
1575 1658 1768 1690 meditaretur,
1787 1658 1851 1684 \‘cr-

1056 1703 1119 1730 buttt
1136 1711 1214 1730 suum
1235 1703 1388 1738 protulisse,
1404 1710 1458 1738 quo
1467 1702 1627 1730 administro
1638 1703 1665 1729 in
1681 1710 1779 1729 rerum
1791 1709 1850 1728 mo-

1057 1750 1150 1778 litione
1167 1748 1470 1783 uleretur.Gregorium
1486 1755 1593 1783 quoque
1609 1747 1850 1782 Tltaumaturgum

1057 1796 1155 1823 Filium
1176 1796 1278 1822 dixisse
1295 1799 1418 1822 creatum
1437 1799 1465 1821 et
1490 1794 1592 1822 factum
1618 1794 1703 1821 tradit
1730 1793 1853 1821 Basilius

1056 1841 1135 1876 epist.
1154 1841 1199 1869 δι.
1227 1841 1365 1876 Leguntur
1387 1846 1414 1868 et
1441 1841 1492 1868 ista
1512 1840 1631 1876 Dionysii
1655 1840 1851 1872 Alexandrini,

1055 1896 1115 1923 quae
1122 1893 1184 1915 sntit
1195 1888 1339 1922 singularis
1349 1888 1492 1917 vecordia},
1503 1887 1600 1914 Filium
1608 1886 1655 1913 Dei
1667 1894 1730 1913 esse
1742 1886 1854 1921 ποίημα

1054 1933 1102 1960 καὶ
1114 1933 1237 1968 γενητὸν,
1261 1932 1336 1965 ξένον
1356 1932 1427 1959 κατὰ
1440 1931 1533 1958 οὐσίαν
1551 1931 1597 1958 τοῦ
1616 1932 1735 1967 Πατρὸς,
1753 1932 1853 1967 ὥσπερ

1056 1979 1130 2006 ἐστὶν
1158 1980 1172 2005 ὁ
1192 1979 1314 2015 γεωργὸς
1348 1979 1416 2015 πρὸς
1440 1979 1489 2015 τὴν
1516 1978 1649 2014 ἄμπελον.
1684 1989 1695 2004 ε
1717 1979 1801 2014 Opus
1826 1986 1853 2006 et

1055 2025 1167 2058 factum,
1181 2027 1298 2053 alienum
1312 2026 1399 2060 quoad
1415 2026 1594 2053 substantiam
1607 2034 1620 2052 ι
1637 2026 1732 2059 Patre,
1752 2034 1854 2061 quem-

1053 2071 1198 2098 admodum
1224 2076 1266 2098 est
1277 2062 1402 2106 ‘agricola
1422 2072 1457 2099 ad
1487 2072 1580 2099 vitem.
1599 2082 1608 2098 t
1633 2072 1756 2100 Demutn
1788 2074 1854 2100 sub-

1049 2117 1109 2152 jicit
1124 2123 1131 2144 :
1145 2117 1201 2144 Καὶ
1219 2117 1273 2153 γὰρ
1286 2118 1324 2150 ὼς
1340 2118 1444 2154 ποίημα
1460 2118 1508 2150 ὢν,
1525 2119 1575 2145 οὐκ
1590 2116 1624 2154 ἦν
1637 2119 1704 2155 πρὶν
1720 2119 1852 2155 γένηται.

751 2196 774 2212 ³⁸
784 2196 865 2225 Hebr.
889 2205 909 2230 t,
933 2198 960 2225 5.
998 2198 1021 2215 ιθ
1039 2198 1103 2226 ibid.

242 2260 251 2304 ς
256 2260 298 2294 15)
313 2259 383 2304 Ἐὺζ
391 2258 606 2304 οιξιςὲπιςςτήσω
614 2272 663 2291 σοι
672 2264 783 2304 ἐπὶ-τοῦ
791 2264 935 2304 Σωτῆρος,
947 2272 998 2304 etc.

1066 2275 1102 2294 uer
1117 2271 1143 2304 et
1156 2267 1292 2302 splendor.
1308 2267 1432 2304 Salvator
1444 2275 1513 2304 ergo
1533 2273 1624 2294 noster
1641 2269 1687 2302 qni
1704 2269 1852 2304 Sapientia

207 2295 347 2334 @ternam
363 2295 442 2323 Verbi
455 2306 483 2334 __a
504 2295 583 2325 l‘atre
606 2301 808 2334 generationem
836 2295 934 2328 statuit
952 2303 995 2329 hic

208 2329 416 2372 Origettcs,_nee
438 2332 510 2372 aliud
539 2329 686 2372 quidquan
713 2343 745 2361 ex
772 2335 822 2363 ltuc
851 2337 911 2364 loco
934 2337 994 2364 erui

207 2369 303 2406 potest.
332 2366 395 2406 ttisi_
412 2366 579 2406 splenderent
596 2366 690 2406 tandiu
719 2372 859 2403 exsistere,
874 2373 992 2406 quandin

207 2401 319 2441 lttxipsa
339 2402 455 2441 exsistit.
472 2403 560 2441 Alium
577 2405 648 2441 enim
663 2412 772 2441 sensum
795 2401 916 2441 palinon
933 2415 997 2441 posv

203 2439 273 2475 Slllll_
286 2435 342 2463 hrec
355 2437 436 2475 verba
461 2445 469 2463 :
492 2438 560 2465 Ἀλλ’
577 2439 712 2475 aconita-.1
734 2440 764 2466 τὸ
786 2435 842 2474 eo;
859 2435 997 2475 ποιηὲιχὸν

201 2470 248 2496 τοῦ
262 2471 488 2512 ἀπαυγὰσμςιτος,
510 2474 698 2512 ἒπὶᾲτοσοῦτον
719 2465 845 2510 γεννέῖταῖ
861 2477 890 2504 τὸ
908 2465 997 2504 ἆ.παύ-

202 2513 295 2544 γασμα
315 2507 457 2544 τῆςνδόξης
479 2508 527 2535 τοῦ
551 2509 628 2536 Θεοῦ.
655 2521 663 2535 ι
683 2507 806 2543 Qttandin
832 2514 938 2540 exsistit
953 2514 997 2539 lux

201 2540 606 2582 t‘lﬁtﬁleniSlllelltlDIIlFLlalltlllt
630 2540 748 2582 gignitur
763 2548 890 2580 splendor
906 2549 997 2582 glorttc

204 2576 259 2616 Qui.
280 2586 289 2602 ι
305 2576 393 2604 Minus
408 2578 478 2606 belle
490 2576 672 2616 Hieronymus
681 2581 722 2607 sic
740 2576 857 2609 reddidit
875 2591 882 2609 :
898 2576 996 2616 «"Qno-

205 2614 363 2652 tiescunqne
388 2618 477 2652 ortu_m
507 2614 596 2652 fuerit
612 2615 703 2652 lumen
723 2624 762 2652 rex
787 2624 842 2651 quo
869 2614 997 2652 splendor

200 2647 307 2686 oritur,
317 2647 401 2686 toties
414 2649 502 2676 oritur
517 2655 543 2676 et
557 2650 685 2683 splendor
705 2647 806 2685 gloriae:
826 2662 836 2678 ›
855 2647 916 2680 Hace
939 2654 996 2686 ipsa

200 2681 324 2723 lirigenis
347 2683 428 2723 verba
452 2681 579 2723 repetere
594 2681 878 2723 videturvl’atnpltilus
898 2681 997 2723 Μικίψ-

183 2727 186 2730 ~
201 2717 380 2758 injdpolo‘qiq
397 2726 455 2751 sua,
478 2717 539 2753 cap.
557 2720 574 2747 3
591 2728 597 2746 :
614 2729 628 2758 ι-
641 2717 796 2758 Videamus
807 2729 880 2757 ergo,
899 2717 995 2758 inquit,

200 2752 264 2792 otiis.
276 2752 310 2778 sit
334 2752 458 2792 salvator
487 2752 590 2781 nostcr.
610 2752 880 2792 Splendor,rdicitiir,
902 2752 995 2792 gloria;

199 2783 294 2819 (Hebr.
317 2794 336 2817 t,
350 2787 387 2821 ὅ),
408 2789 439 2824 id
458 2794 499 2824 est
515 2783 703 2816 :clerna-z'lucts
723 2783 851 2824 splendor
867 2783 879 2819 τ’
895 2783 921 2819 δι
934 2783 993 2820 te};

201 2827 257 2845 tutu
279 2826 321 2847 est
344 2823 415 2854 quod
429 2823 566 2860 Asplettdur
588 2833 620 2850 cx
648 2823 748 2852 lumine
776 2826 991 2860 inseparabiliter

201 2861 357 2887 generatur,
378 2862 405 2883 et
419 2857 504 2884 detrec
524 2865 681 2893 permaneat
699 2860 754 2894 lux,
767 2857 908 2895 permanet
921 2871 990 2890 sent-

1049 2308 1090 2329 νει
1107 2301 1255 2337 (Sapientia
1273 2309 1361 2329 atttctn
1383 2303 1427 2329 Dei
1443 2303 1499 2337 ipsa
1523 2308 1565 2330 est
1584 2301 1714 2337 spicndor
1737 2301 1854 2333 inerme

1049 2337 1138 2372 lucis),
1159 2338 1376 2371 inseparabiliter
1389 2343 1416 2365 et
1436 2338 1618 2365 indesinenter
1639 2345 1798 2371 generatur
1819 2349 1853 2368 ex

1049 2372 1137 2400 Patre.
1154 2372 1199 2399 Sic
1212 2373 1283 2399 enim
1295 2378 1321 2400 et
1338 2373 1394 2407 ipsa
1408 2374 1442 2400 de
1459 2380 1488 2400 se
1504 2374 1640 2408 Sapientia
1654 2383 1703 2407 per
1718 2376 1853 2402 Salomo-

1050 2416 1109 2444 ttetn
1125 2408 1191 2435 dicit
1205 2417 1212 2435 :
1230 2408 1296 2434 Ante
1309 2416 1396 2444 omnes
1412 2409 1490 2434 colles
1505 2414 1609 2442 general
1621 2416 1660 2435 me
1678 2409 1778 2444 (Prae.
1792 2419 1852 2443 vui,

1048 2442 1095 2478 εδ)
1110 2451 1116 2475 ;
1135 2451 1186 2470 non
1202 2443 1273 2470 enim
1289 2443 1356 2479 dixit
1373 2452 1380 2469 :
1397 2445 1463 2470 Ante
1479 2451 1565 2470 omnes
1586 2444 1667 2470 colles
1682 2442 1783 2479 ‘genuit
1799 2456 1851 2478 me,

1049 2481 1096 2505 sed
1120 2483 1225 2513 generat
1240 2486 1291 2506 me.
1307 2478 1335 2505 In
1348 2486 1401 2513 quo
1418 2478 1599 2513 signiﬁcantia
1615 2482 1853 2514 sempiternttatts

1049 2519 1097 2540 est.
1112 2524 1120 2538 ι

1086 2549 1143 2584 (ιιι)

1050 2584 1155 2620 rhenus.
1170 2588 1221 2610 rlc.
1232 2585 1290 2617 Quo
1305 2591 1385 2611 sensu
1398 2584 1507 2620 intelligi
1520 2585 1617 2612 debeat
1628 2587 1701 2618 quod
1715 2587 1851 2613 dixerunt

1050 2619 1086 2654 illi
1099 2620 1202 2654 antiqut
1218 2621 1352 2651 doctores,
1364 2627 1432 2653 quos
1443 2619 1490 2647 ttic'
1501 2627 1529 2647 et
1544 2619 1614 2646 intra
1629 2622 1699 2647 citat
1714 2621 1850 2653 llnettus,

1050 2653 1146 2686 Deum,
1164 2663 1223 2680 cttttt
1240 2655 1330 2681 mundi
1345 2655 1508 2682 creationem
1522 2655 1712 2686 meditaretur,
1723 2656 1851 2683 Verbum

1047 2697 1124 2724 suum
1141 2690 1296 2724 protulisse,
1319 2690 1379 2716 inse
1398 2691 1509 2723 exponit
1532 2690 1649 2717 domnus
1674 2689 1852 2718 Prudentius

1047 2723 1174 2751 Μαι-υιιῖιι
1184 2732 1232 2751 stto
1240 2724 1276 2751 De
1284 2724 1419 2751 divinitate
1427 2725 1524 2752 Christi
1533 2726 1600 2752 libro
1608 2734 1644 2755 tr,
1653 2733 1717 2759 cap.
1725 2726 1756 2758 4,
1767 2735 1848 2753 nunt.

1045 2758 1079 2790 5;
1092 2767 1153 2796 cap:
1170 2760 1197 2790 6,
1222 2768 1293 2796 num.
1311 2759 1327 2786 5
1347 2765 1374 2786 et
1391 2767 1461 2795 seq.;
1477 2769 1534 2796 cap.
1548 2760 1574 2791 ’1,
1590 2769 1663 2788 nunt.
1678 2758 1713 2793 2;
1737 2769 1802 2796 cap.
1818 2764 1848 2792 δ,

1047 2802 1121 2820 mtm.
1137 2794 1192 2832 ξεί
1218 2794 1254 2832 μ
1287 2802 1347 2829 cap.
1363 2796 1413 2832 ῃ,
1430 2794 1538 2832 itum.)
1549 2801 1574 2822 et
1596 2803 1656 2830 seq.
1668 2803 1685 2832 ;»
1716 2794 1784 2832 cap.
1796 2798 1847 2828 2‘1.

1046 2837 1119 2855 num.
1144 2830 1160 2856 4
1183 2835 1208 2855 et
1223 2829 1255 2862 5;
1286 2839 1345 2865 cap.
1359 2829 1403 2863 ΞΒ,
1421 2839 1494 2859 num.
1507 2831 1543 2869 6;
1579 2829 1699 2866 capiﬂ,
1720 2829 1802 2859 utin.
1816 2833 1847 2858 ε.

1046 2864 1130 2896 Quem
1144 2865 1213 2892 vide.

1070 2871 1130 2890 ueut
1144 2871 1213 2892 νιαε.

1172 2548 1304 2580 Justinus,
1331 2549 1522 2583 Athenagoran,
1554 2548 1713 2582 Tlteoplttlm
1750 2552 1851 2577 Antio-
