1904 3077
73 146 120 176 Ἵδ¹ι

456 144 743 173 οκισεῖςιΑΝοιιωι
765 144 818 170 LIB
850 143 881 176 ll,
902 143 977 172 CAP.
998 144 1031 175 ll.
1052 143 1191 176 QUIEST.
1212 143 1242 171 ll.

1620 145 1676 173 786

66 219 76 236 ι
92 209 283 242 Etenimntpote
297 207 341 241 qui
354 207 390 234 sit
401 213 480 241 opus,
494 213 547 233 non
562 209 621 233 erat
640 210 783 240 antequam
795 205 834 230 ta—
849 206 871 234 Α
885 204 956 239 quod
964 204 1017 232 duo
1029 204 1072 232 illa
1084 203 1232 238 seraphim,
1243 210 1303 237 qua:
1315 202 1341 230 in
1354 201 1422 230 lsaia
1434 203 1506 230 senis
1513 203 1564 230 alis
1572 203 1673 232 descri-

66 262 118 283 ctus
126 258 202 281 esset.
213 262 222 279 ι
237 253 433 286 'l'heognostum
445 252 526 279 etiam
537 250 753 278 Alexandrinum
774 249 834 277 Ori-

65 303 131 336 gcn's
145 298 270 326 asseclam
290 298 357 325 lihro
382 297 582 333 Hyputypanou
604 298 720 325 secundo
733 297 833 324 dixisse

66 350 151 373 narrat
164 344 273 371 Photins
288 343 383 371 Filium
396 351 456 371 esse
470 348 590 370 creatum
604 342 832 377 quamvisipsins,

64 399 88 420 et
101 391 209 425 Dionysii
225 397 331 424 quoque
342 390 516 416 Alexandrini
533 390 696 416 auctoritate
710 390 743 415 ad
757 389 834 415 Aria-

65 444 113 464 nos
121 436 291 463 confutandos
305 435 470 462 Athanasius
484 441 549 461 usus
563 434 607 461 sit.
638 434 712 466 Quod
733 433 833 468 allego-

65 484 112 510 rice
124 483 220 509 dictum
244 481 422 508 indicavimus
437 481 471 508 ab
484 479 612 516 Origene,
643 485 698 507 tum
713 487 728 507 a
752 479 834 507 Patre

64 532 209 563 productum
234 526 342 558 Filium,
369 526 476 561 quando
500 526 579 560 jussit
606 525 665 552 ﬁeri
687 525 783 558 lucem,
807 525 833 552 id

63 574 131 608 plane
152 578 178 600 et
193 577 283 607 aperte
299 572 365 599 dixit
380 572 560 599 Tertullianus
581 577 673 599 contra
691 571 832 603 Praa'eam,

62 626 114 653 cap.
132 618 169 645 5:
194 627 203 643 t
227 617 303 644 Tunc
328 618 386 652 ipse
412 623 501 645 sermo
527 617 644 652 speciem
660 622 688 645 et
708 621 832 645 ornatum

63 671 138 691 suum.
155 662 246 695 sumit,
268 668 364 689 sonum
391 666 418 690 et
435 669 539 695 vocem.
566 670 627 689 cum
650 662 720 689 dixit
740 662 831 690 Deus:

65 708 121 735 Fiat
130 708 174 734 tua:
184 707 216 734 “.
236 718 245 734 ι
271 708 324 735 Sed
343 707 414 742 quod
431 708 458 735 in
474 707 583 735 homine
605 708 700 735 horum
728 712 832 742 tempo-

63 763 113 782 rum
127 755 230 788 aequali,
242 755 340 789 quibus
356 755 475 782 nondum
490 755 652 789 quaestiones
666 754 718 782 illa;
729 754 835 781 fuerant

62 801 390 836 rentilatm,exripicndum
398 806 441 828 est
453 802 544 829 minus
557 808 662 833 severe,
677 802 831 836 neutiquam

63 847 85 873 id
99 847 155 873 ferri
178 852 264 881 potest
288 847 313 873 in
332 846 452 881 Ruperto
466 847 506 874 sic
530 846 655 881 loquente
678 846 742 875 lib.t
755 846 832 874 Com-

63 896 131 918 ment.
147 890 171 918 in
188 890 294 924 Cenes,
321 899 379 926 cap.
395 900 411 919 Σ
433 901 440 920 :

62 943 154 968 Italum,
179 942 206 964 et
235 938 325 963 omnia
351 936 538 971 potentialiter
559 935 701 963 continens
718 935 834 963 Verbum

61 987 117 1009 tunc
128 982 203 1010 Pater
220 982 364 1009 actualiter
384 982 535 1017 generavit,
569 983 676 1016 quando
688 982 786 1010 celum
809 987 837 1009 et

62 1032 150 1054 terram
162 1027 277 1059 creavit,
295 1027 403 1062 quando
418 1027 505 1055 lucem
519 1031 546 1054 et
562 1033 659 1055 cratera
675 1027 750 1055 fecit.
765 1027 835 1054 Eru-

61 1072 129 1098 ctavit
147 1079 207 1105 ergo
218 1081 266 1099 cor
279 1072 368 1100 Patris
387 1072 496 1100 Verbum
509 1074 604 1099 bonum
616 1072 638 1088 “
651 1077 677 1100 et
696 1081 728 1100 ea:
750 1079 833 1107 utero,

62 1118 84 1144 id
102 1123 138 1144 est
162 1119 194 1145 de
207 1126 263 1146 sua:
286 1119 443 1146 substantiae
459 1125 575 1152 secreto,
598 1124 659 1146 ante
683 1118 835 1154 Luciferum

60 1164 141 1199 genuit
154 1165 216 1192 illud
231 1165 265 1197 ",
277 1165 384 1200 quando
399 1165 467 1193 dixit
482 1175 489 1193 :
505 1165 566 1193 Fiat
579 1166 636 1193 lux.
651 1175 662 1192 ι

90 1208 177 1237 XXVI.
195 1211 241 1237 Est
265 1212 335 1244 apud
358 1210 502 1246 Origettem
529 1211 604 1238 hom.
628 1211 640 1238 l
664 1212 691 1238 in
717 1210 833 1243 Isaiam.

61 1263 125 1282 nutu.
141 1256 167 1288 2,
183 1257 235 1284 duo
249 1257 386 1291 seraphim
401 1257 500 1292 quibus
516 1257 613 1286 solium
635 1257 681 1285 Dei
705 1258 833 1292 stipatum

60 1301 147 1328 vidisse
169 1310 198 1330 se
221 1303 319 1329 scribit
348 1303 479 1337 propheta
495 1303 529 1336 “,
550 1310 582 1331 ea
602 1310 661 1331 esse
684 1303 842 1342 Christum,

59 1352 83 1373 et
105 1347 227 1381 Spiritum
250 1354 388 1376 sanctum.
415 1348 487 1376 Idem
516 1349 628 1376 iteratur
661 1349 707 1376 lib.
733 1357 742 1377 ι
765 1349 834 1383 Περὶ

59 1393 157 1428 ἀρχῶν,
168 1402 226 1429 cap.
239 1395 267 1428 5,
282 1402 357 1422 nutu.
370 1395 397 1427 5,
409 1395 456 1422 ubi
467 1400 494 1423 et
508 1400 648 1422 auctorem
659 1395 835 1430 expositionis

60 1441 129 1475 hujus
157 1440 299 1468 Hehrrcum
332 1441 491 1476 magistrum
523 1442 634 1475 laudat,
666 1446 694 1469 et
721 1442 768 1470 lib.
797 1449 834 1474 tv,

60 1487 178 1515 nunt.26.
197 1487 274 1515 Unde
303 1488 445 1522 Antipater
466 1488 616 1515 Bostnnus
641 1488 783 1522 episcopus
807 1488 833 1514 in

62 1533 277 1568 Disputationibus
301 1535 426 1561 adversus
445 1534 584 1570 Origene»:
615 1543 624 1562 :
651 1535 721 1571 Περὶ
744 1535 834 1570 μέντοι

59 1579 105 1605 τῶν
118 1581 254 1616 χερουδὶμ,
269 1581 285 1617 ἦ
298 1581 352 1608 τῶν
363 1582 482 1616 σεραφὶμ.
498 1581 572 1608 οὐδὲν
584 1581 720 1617 δυνάμεθα
735 1581 835 1616 λέγειν,

59 1625 97 1652 διὰ
118 1626 146 1652 τδ
170 1627 264 1662 μαθεῖν
288 1627 334 1654 τὸν
356 1627 516 1662 συγγραφέα
531 1627 605 1663 παρὰ
624 1627 670 1655 τοῦ
698 1628 836 1663 Ἑϐραίου,

59 1671 122 1704 δπις
135 1673 178 1699 καί
188 1674 262 1700 ἐστιν
274 1675 288 1700 ὁ
305 1675 369 1710 παρ’
385 1673 467 1707 αρτοῡ
487 1674 684 1709 σημαινόμενος
702 1674 836 1710 Ἐὃραίος,

59 1716 113 1744 aut
123 1718 182 1750 Υἱὸς
193 1719 277 1746 καὶτὸ
284 1719 397 1754 Πνεῦμα
408 1719 485 1753 αγιον
501 1720 672 1755 σημαίνεται.
682 1730 692 1745 ε
700 1720 793 1754 itaque
804 1720 837 1747 de

59 1762 201 1790 cherubinis
232 1769 261 1791 et
284 1765 437 1799 seraphiuis
464 1764 532 1791 nihil
563 1772 705 1799 possumus
735 1765 836 1798 dicere,

59 1809 120 1840 quod
146 1809 271 1836 didicerit
292 1809 407 1843 scriptor
424 1809 574 1845 (Origenes)
601 1811 634 1837 ab
650 1810 773 1842 Hebraeo,
790 1811 836 1846 qui

59 1854 154 1887 quidem
171 1857 228 1891 ipse
243 1861 287 1884 est
303 1857 460 1892 designatus
473 1857 509 1884 ab
522 1865 554 1884 eo
574 1856 714 1888 Hebraeus.
728 1857 836 1888 Filium.

59 1905 82 1926 et
93 1899 216 1935 Spiritum
229 1907 355 1929 sanctum
371 1910 420 1938 per
432 1910 479 1930 eos
495 1902 654 1938 significari.
671 1912 680 1929 ι
700 1903 837 1931 Habentur

58 1952 137 1973 autent
147 1947 198 1975 illae
213 1948 354 1983 Antipatri
381 1947 574 1983 Disputationes
591 1948 616 1975 in
631 1948 738 1983 Ectogia
750 1948 834 1977 Joan-

59 1991 96 2017 nis
109 1991 276 2024 Damasceni,
303 1999 362 2026 quae
388 1992 507 2020 nondum
524 1993 603 2019 edita:
622 1993 648 2019 in
670 1992 835 2020 Bibliotheca

59 2036 257 2065 Claromontana
291 2038 437 2066 Societatis
475 2038 541 2066 Jesu
569 2043 725 2066 servantur.
749 2039 835 2068 Verba

60 2081 110 2115 ipsa
128 2083 355 2112 datJustinianus
374 2085 400 2111 in
428 2084 501 2112 calce
527 2085 642 2119 epistola
663 2085 698 2111 ad
718 2084 834 2111 Menam.

59 2126 212 2164 Hieronymo
229 2129 287 2165 (l7)
313 2129 482 2156 stomachum
508 2130 545 2156 ita
567 2130 650 2156 movit
678 2129 737 2157 haec
753 2130 836 2157 inter-

59 2174 175 2206 pretatio,
189 2179 218 2201 ut
238 2175 348 2209 impiam
374 2183 433 2202 eam
452 2179 480 2202 et
497 2175 682 2202 detestandam
708 2175 833 2210 appellet.

885 249 995 282 buntur,
1010 249 1154 276 clamantia
1171 249 1204 276 ad
1223 249 1350 280 invicem,
1361 254 1388 276 et
1403 249 1536 276 dicentia:
1547 249 1672 284 Sanctus,

883 300 1006 327 sanctus,
1019 301 1143 327 sanctus,
1161 294 1289 322 Dominus
1302 294 1373 322 Deus
1390 294 1508 322 Sabaoth
1520 295 1554 327 ‘3,
1563 295 1596 323 de
1608 295 1674 323 Uni-

884 342 974 375 genito
983 341 1052 369 Filio
1066 341 1112 368 Dei
1126 345 1152 367 et
1163 341 1264 375 Spiritu
1276 346 1371 368 sancto
1381 346 1475 369 essent
1488 341 1670 376 intelligenda.

884 387 938 415 Nos
956 395 1019 414 vero
1037 391 1163 422 putamus
1177 387 1257 413 etiam
1276 386 1339 413 illud
1355 387 1425 421 quod
1450 387 1476 414 in
1489 388 1602 415 Cantica
1619 387 1673 415 Ha-

884 434 969 462 bacnc
981 435 1079 462 dictum
1093 433 1164 461 est“
1177 443 1183 461 :
1194 433 1224 460 In
1236 434 1319 460 medio
1331 430 1371 460 vel
1385 433 1494 460 duorum
1507 435 1672 467 animalium.

885 481 925 508 vel
940 480 1052 507 duarum
1075 480 1187 506 pilarum
1215 479 1393 514 cognosceris;
1411 479 1443 505 de
1462 479 1572 507 Christo
1593 485 1622 507 et
1639 481 1673 508 de

887 526 990 561 Spiritu
1007 529 1101 553 sancto
1113 525 1205 552 sentiri
1218 525 1325 552 debere.
1345 534 1354 550 ι
1372 524 1465 552 Omnis
1478 525 1549 552 enint
1560 526 1672 554 scientia

886 572 918 599 de
936 571 1026 604 Patre,
1044 570 1179 598 revelante
1198 570 1278 603 Filio,
1294 570 1320 597 in
1342 570 1443 606 Spiritu
1463 575 1557 598 sancto
1576 579 1676 607 cogno-

885 618 978 649 scitur,
993 622 1023 644 ut
1035 617 1116 644 ambo
1131 617 1189 644 htec
1209 624 1269 651 quas
1293 617 1439 644 secundum
1457 618 1614 652 prophetarit
1633 618 1672 645 vel

885 664 1050 696 animantia,
1067 664 1109 691 vel
1130 663 1192 691 vitae
1215 664 1352 696 dicuntur,
1382 671 1463 690 causa
1485 664 1605 691 scientitc
1625 664 1672 691 Dei

886 709 972 738 Patris
983 710 1127 738 exsistant.
1144 719 1153 736 ο
1171 710 1303 737 Similiter
1317 709 1399 744 impia
1422 714 1450 737 et
1472 710 1530 737 lucc
1543 710 1676 744 interpre-

886 757 962 789 tatio,
975 763 1034 790 quae
1051 756 1128 783 olivae
1139 756 1198 783 dum
1218 755 1372 783 candelabri
1388 756 1478 788 aurei,
1493 755 1564 790 quod
1576 756 1674 783 vidisse

885 810 914 830 se
931 808 1024 830 narrat
1039 802 1187 830 Zacharias
1201 810 1261 837 cap.
1277 810 1320 835 tv,
1331 802 1416 830 Filius
1429 806 1456 829 et
1478 801 1595 835 Spiritus
1612 809 1676 830 san—

886 855 945 877 ctus
972 854 1159 884 exponuntur;
1175 849 1261 877 media
1282 856 1347 876 vero
1369 848 1482 883 lampas,
1500 849 1574 876 Deus
1594 848 1674 876 Pater

470 901 479 918 ι
498 891 567 920 νθτθ
585 892 656 919 enim
685 892 743 920 sine
767 900 832 919 V009
850 884 869 911 Β
887 898 974 933 (cuius
1000 898 1032 925 ad
1055 897 1176 925 dextram
1192 901 1218 923 et
1241 895 1379 923 sinistram
1405 902 1464 923 esse
1487 894 1622 922 Christum
1645 900 1673 923 et

887 943 1016 979 Spiritum
1040 947 1165 970 sanctum
1181 950 1234 970 non
1251 942 1309 970 sine
1333 941 1499 976 blasphemia
1520 941 1572 968 dici
1597 949 1675 975 posse

886 989 923 1016 ait
941 988 1121 1024 Hieronymus
1144 987 1172 1015 in
1186 987 1268 1014 Zath.
1286 987 1322 1022 tv)
1339 988 1406 1014 rami
1421 987 1479 1014 sive
1499 986 1580 1020 spica:
1591 986 1675 1013 oliva-

887 1040 958 1065 rum,
976 1032 1126 1059 incarnatio
1136 1031 1249 1063 Christi.
1263 1038 1290 1059 et
1305 1032 1451 1059 similitudo
1467 1031 1598 1059 columba:
1613 1031 1675 1066 Spi—

887 1076 954 1104 ritus
965 1076 1061 1104 sancti.
1080 1077 1127 1103 Sin
1140 1082 1169 1104 ut
1185 1077 1310 1103 Davidem
1323 1076 1425 1104 Christi
1448 1080 1538 1111 typum
1561 1084 1631 1110 esse,
1646 1082 1676 1104 et

886 1128 916 1150 ut
937 1123 1074 1155 animalia,
1093 1123 1133 1150 vel
1155 1123 1238 1154 vitas,
1252 1122 1293 1149 vel
1309 1122 1397 1150 olivas
1409 1122 1574 1154 candelabri,
1593 1123 1632 1149 sic
1648 1127 1676 1149 et

885 1168 1054 1203 seraphimos
1067 1167 1141 1195 Isaiae
1156 1168 1303 1202 anagogice
1316 1167 1416 1196 Christi
1426 1171 1455 1199 et
1473 1168 1590 1202 Spiritus
1608 1175 1673 1194 san-

887 1215 923 1242 cti
947 1214 1072 1250 symbols
1094 1221 1154 1241 csse
1173 1213 1257 1241 voluit
1279 1213 1419 1248 Origenes,
1434 1218 1464 1241 ut
1486 1219 1564 1241 certe
1578 1213 1675 1246 voluit,

888 1268 962 1288 vanae
976 1265 1040 1287 sunt
1053 1259 1210 1295 Hieronymi
1222 1259 1340 1295 querela:
1351 1279 1358 1286 .
1371 1259 1477 1287 Clarius
1497 1260 1522 1286 id
1538 1260 1620 1286 ctiam
1636 1266 1676 1287 se-

887 1304 995 1340 quentia
1015 1305 1223 1338 demonstrant,
1241 1305 1267 1332 in
1292 1305 1390 1340 quibus
1409 1312 1457 1340 per
1488 1305 1544 1332 haec
1567 1305 1648 1332 turba
1665 1313 1674 1332 ι

888 1360 898 1376 ι
918 1349 998 1377 Plena
1025 1355 1069 1377 est
1094 1350 1183 1377 omnis
1206 1354 1279 1377 terra
1301 1350 1385 1384 gloria
1404 1349 1480 1384 ejus,
1503 1359 1512 1375 ι
1528 1349 1672 1377 adventum

885 1395 987 1423 Christi
1000 1395 1146 1429 signiﬁcari
1162 1395 1258 1422 scribit
1269 1394 1409 1429 Origenes,
1425 1399 1528 1422 certum
1540 1399 1581 1422 est
1600 1394 1673 1421 enittt

885 1449 947 1469 eum
963 1441 1040 1476 cujus
1057 1440 1150 1476 gloria:
1161 1441 1238 1476 plena
1251 1441 1304 1468 illic
1319 1448 1380 1469 esse
1390 1441 1489 1468 dicitttr
1508 1445 1590 1473 terra,
1603 1440 1675 1467 hunc

885 1487 972 1522 ipsum
985 1494 1047 1515 esse
1061 1487 1204 1515 Dominum
1217 1487 1300 1514 Deum
1315 1486 1433 1515 Sabaoth
1447 1494 1455 1519 ;
1473 1486 1608 1513 Christum
1626 1493 1675 1512 au-

889 1537 941 1560 tem
961 1540 1022 1560 eum
1037 1539 1097 1560 esse
1113 1533 1190 1568 cujus
1204 1532 1288 1567 gloria
1303 1533 1380 1568 plena
1395 1537 1437 1560 est
1452 1531 1674 1566 terra,0rigenes

888 1578 1003 1605 censuit.
1023 1577 1161 1605 Christum
1181 1578 1262 1612 igitur
1275 1577 1485 1612 crediditipsum
1509 1583 1570 1604 esse
1584 1576 1675 1603 Denti-

887 1631 951 1650 num
975 1623 1059 1650 Deum
1081 1621 1211 1650 Sabaoth.
1233 1623 1289 1650 Hoc
1308 1623 1331 1650 si
1351 1623 1400 1655 sit,
1418 1623 1526 1650 Christo
1541 1623 1590 1657 ipsi
1613 1623 1677 1650 asti-

888 1669 952 1696 tisse
971 1669 1150 1704 seraphimos,
1167 1676 1219 1696 non
1233 1677 1316 1696 unum
1327 1677 1360 1696 ex
1377 1669 1428 1696 illis
1439 1669 1575 1696 Christum
1589 1668 1676 1696 fuisse

887 1713 1017 1749 Origenes
1036 1714 1243 1741 existimaverit.
1262 1714 1400 1741 Incassum
1419 1713 1501 1749 igitur
1513 1714 1588 1747 lingit
1604 1713 1676 1749 Hay-

887 1767 932 1786 mo
941 1759 1152 1787 Alberstatensis
1165 1759 1192 1786 in
1206 1759 1276 1786 libro
1288 1759 1325 1786 De
1341 1767 1428 1786 rerum
1440 1758 1675 1786 ecclesiasticarum

887 1806 1028 1837 memoria,
1048 1805 1220 1841 Origenianis
1238 1806 1295 1833 haec
1315 1813 1374 1833 esse
1396 1805 1522 1840 operibtts
1540 1806 1641 1832 inserta
1657 1813 1672 1832 a

888 1852 1026 1880 malevolis
1042 1861 1049 1885 ;
1066 1852 1108 1879 vel
1124 1853 1146 1880 si
1168 1852 1311 1888 Origencm
1329 1858 1469 1880 auctorem
1489 1852 1606 1886 habent,
1623 1854 1675 1879 du-

889 1899 1011 1926 bitantrr
1028 1898 1112 1926 fuisse
1124 1900 1271 1934 proposita.

923 1944 1029 1972 XXVII.
1046 1944 1159 1974 Photius
1176 1946 1237 1974 cod.
1254 1954 1312 1980 vtn,
1331 1954 1440 1980 errores
1456 1946 1575 1974 referens
1590 1940 1674 1973 libro-

888 1999 947 2018 rum
964 1992 1034 2026 Περὶ
1047 1991 1158 2026 ἀρκῶν,
1172 1993 1221 2019 hos
1246 1993 1284 2019 ait
1307 1993 1375 2020 libro
1405 1994 1493 2028 primo
1512 1993 1645 2020 contineri
1666 2002 1674 2020 :

887 2037 994 2072 Διήκειν
1012 2037 1061 2071 μὲν
1079 2037 1124 2064 τὸν
1141 2037 1249 2073 Πατέρα
1262 2037 1306 2064 διὰ
1323 2038 1431 2065 πάντων
1449 2038 1503 2064 τῶν
1519 2038 1613 2071 ὅντων,
1629 2037 1676 2064 τὸν

886 2082 914 2109 δὲ
931 2083 993 2109 Υἱδν
1006 2083 1086 2118 μέχρι
1101 2083 1156 2110 τῶν
1170 2083 1286 2117 λογικῶν
1306 2084 1404 2119 μόνων,
1419 2084 1450 2110 τὸ
1462 2084 1490 2110 δὲ
1503 2083 1613 2120 Πνεῦμα
1625 2084 1674 2120 μέ-

887 2138 931 2165 χρι
942 2130 1029 2165 μόνων
1042 2129 1095 2156 τῶν
1112 2130 1301 2165 σεσωσμένων.
1313 2140 1321 2156 t
1335 2130 1486 2158 Pervadere
1501 2131 1608 2165 quidem
1621 2130 1674 2158 Pa-

888 2180 955 2202 trem
968 2183 1134 2211 quaecunque
1153 2181 1226 2208 sunt,
1245 2175 1342 2203 Filium
1357 2183 1421 2204 vero
1434 2183 1477 2203 res
1488 2176 1618 2204 duntaxat
1629 2184 1674 2203 ra-

60 2218 133 2252 lmpia
148 2227 215 2255 ergo
230 2227 263 2247 ea
277 2227 382 2254 quoque
406 2225 459 2254 est,
476 2225 504 2247 et
523 2221 677 2248 detestanda
702 2221 835 2256 interpre-
852 2219 970 2260 Dtionis
984 2220 1141 2254 participes,
1156 2219 1289 2254 Spiritum
1310 2225 1401 2246 autem
1423 2225 1548 2246 sanctutn
1564 2226 1595 2246 ea
1615 2224 1675 2246 tan-

61 2265 116 2291 tatio
138 2265 256 2294 homiliae
286 2266 424 2301 sequentis
455 2274 530 2294 num.
558 2267 584 2299 l,
617 2275 669 2301 qtta
707 2268 834 2295 liavidem

57 2308 185 2338 Christum
206 2319 270 2339 esse
301 2312 389 2340 docet.
408 2312 492 2346 Impia
517 2312 599 2339 etiam
618 2320 649 2339 ea
674 2320 754 2346 quam
768 2313 835 2340 lib.t

58 2355 119 2388 Περὶ
134 2356 244 2391 ἀρχῶν,
261 2364 320 2392 cap.
334 2359 363 2390 5,
377 2365 452 2385 num.
471 2359 498 2390 5,
516 2357 652 2385 damnata:
681 2359 713 2385 ab
741 2357 835 2385 Hiero-

59 2407 132 2435 nymo
142 2405 281 2431 sententiae
293 2405 442 2439 subjunxit.
452 2404 527 2431 Talis
543 2409 657 2438 utraque
668 2409 710 2430 est
721 2413 728 2431 :
739 2403 834 2438 Ἔλεγε

57 2445 81 2472 δὲ
94 2448 108 2473 ό
127 2446 250 2485 Ἐϐραῖος
265 2450 298 2477 τὰ
310 2451 338 2476 ὲν
349 2450 388 2485 τῷ
404 2450 503 2486 Ἡσαΐᾳ
515 2450 561 2476 δύο
582 2449 702 2485 σεραφὶμ.
723 2449 835 2482 ἐξαπττέ-

59 2499 120 2526 ρυγα
135 2495 288 2530 κεκραγότα
311 2495 404 2530 ἕτερον
422 2496 490 2532 πρὸς
509 2495 612 2531 ἕτερον,
632 2496 679 2522 καὶ
701 2495 812 2529 λέγοντα
825 2503 834 2511 ·

58 2537 160 2573 Ἄγιος,
186 2540 280 2576 ἅγιος,
296 2541 379 2576 ᾶμυς
395 2542 503 2575 Κύριος
526 2541 658 2572 Σαϐαὼθ,
678 2541 723 2568 τὸν
750 2541 836 2567 Μονο-

57 2585 114 2620 γενῆ
129 2584 195 2612 εἶναι
206 2586 253 2613 τοῦ
264 2587 331 2613 Θεοῦ
350 2587 396 2613 καὶ
411 2586 442 2613 τὸ
456 2586 568 2622 Πνεῦμα
583 2587 613 2613 τὸ
633 2587 719 2620 ἅγιον.
738 2587 834 2621 Ἡμεῖς

56 2628 81 2655 δὲ
92 2631 200 2666 οἰόμεθα
216 2632 256 2659 ὅτι
268 2632 315 2659 καὶ
329 2633 358 2658 ὲν
370 2633 402 2667 τῇ
421 2632 474 2668 ᾠδῇ
492 2632 668 2668 Ἀμϐακούμ’
689 2633 736 2659 Ἑν
749 2633 832 2667 μέσῳ

890 2271 944 2292 ttun
961 2273 1020 2300 quae
1047 2265 1161 2292 salutem
1183 2266 1280 2300 adepta
1300 2270 1372 2292 sunt.
1394 2275 1403 2292 ι
1421 2265 1521 2293 Codice
1545 2273 1610 2293 Vero
1629 2272 1674 2294 ενι

888 2315 983 2338 narrat
1012 2311 1213 2346 Theognostum
1237 2311 1452 2339 Alexandrinum
1481 2311 1605 2345 Origenis
1627 2313 1675 2339 do-

887 2363 976 2393 gmata
1000 2363 1216 2392 propugnantem
1234 2358 1303 2384 lihro
1326 2357 1533 2393 Hypotyposeon
1554 2358 1673 2386 secundo

887 2405 986 2433 dixisse
1000 2404 1095 2431 Filium
1112 2403 1165 2431 τῶν
1180 2404 1296 2439 λογικῶν
1308 2405 1396 2440 μόνων
1409 2405 1564 2431 ἐπιστατεῖν
1576 2412 1582 2419 ·
1598 2413 1607 2430 ι
1622 2404 1675 2431 Ra-

888 2452 961 2479 tione
987 2451 1119 2478 duntaxat
1143 2451 1263 2486 pratditis
1284 2451 1364 2478 rebus
1383 2457 1509 2485 praeesse.
1523 2459 1534 2475 ι
1553 2449 1670 2476 Athana-

884 2497 940 2524 sius
960 2496 986 2523 in
1011 2495 1082 2523 libro
1103 2503 1183 2531 quem
1199 2495 1309 2531 scripsit
1333 2496 1360 2522 in
1382 2494 1478 2521 Matth.
1502 2502 1557 2526 xu,
1573 2493 1620 2524 52.
1639 2494 1672 2519 ad

883 2543 978 2570 Novati
995 2542 1121 2570 haeresim
1138 2543 1197 2570 haec
1213 2543 1345 2569 accedere
1368 2543 1456 2573 docet,
1473 2540 1673 2574 Origencmque

883 2592 910 2613 et
926 2586 985 2620 ejus
1004 2590 1168 2613 sectatorem
1186 2586 1388 2621 Theognostum
1414 2585 1541 2620 explodit.
1566 2585 1673 2612 Amaris

882 2632 964 2659 etiam
985 2630 1100 2659 defricat
1115 2631 1202 2666 ipsum
1218 2631 1350 2659 conviciis
1367 2631 1531 2666 Theophilus
1547 2631 1572 2657 in
1591 2638 1598 2657 I
1619 2630 1674 2658 Pa-

56 2674 104 2703 δὺο
127 2677 203 2708 ζώων
230 2678 403 2713 γνωσθήσῃ,
431 2679 494 2714 περὶ
528 2678 645 2714 Χριστοῦ
673 2679 719 2706 καὶ
757 2678 833 2712 ἁγίου

888 2678 982 2711 scltali,
999 2683 1027 2705 et
1041 2677 1146 2705 ratione
1156 2685 1188 2705 ac
1205 2678 1367 2706 auctoritate
1386 2683 1539 2705 commenta
1551 2678 1595 2704 illa
1607 2686 1673 2705 cou—

58 2720 218 2759 Πνεύματος.
240 2733 248 2749 ‹
268 2724 379 2752 Dicebat
396 2729 487 2751 autem
508 2729 534 2751 et
559 2724 686 2751 Hebraeus
705 2725 835 2759 magister
888 2725 972 2752 vellit.
1000 2725 1065 2758 Qua
1089 2728 1118 2752 ct
1141 2724 1236 2752 leviter
1261 2725 1419 2759 perstringit
1442 2724 1621 2759 Hieronymus
1643 2724 1673 2753 in

87 2779 106 2794 "
132 2779 229 2808 Cenes.
250 2789 269 2813 t,
289 2781 316 2809 3.
363 2782 385 2797 δ’
401 2781 472 2808 Psal.
487 2789 559 2815 xttv,
575 2781 602 2809 2.
629 2781 651 2797 ⁸³
667 2781 737 2808 Pani.
749 2790 804 2816 cn,
820 2783 842 2810 ὄλ

887 2783 909 2799 ⁸⁸
926 2783 976 2811 lsa.
1002 2791 1039 2816 vt,
1054 2781 1080 2809 2.
1136 2781 1159 2798 ⁸⁸
1176 2781 1254 2815 ibid.,
1271 2781 1297 2810 3.
1335 2782 1357 2799 ⁸⁸
1368 2781 1468 2811 Hahae.
1481 2791 1522 2816 Ill,
1536 2781 1563 2810 2.

87 2858 139 2895 (I7)
155 2860 277 2900 Hierom,
301 2862 347 2890 lib.
375 2863 402 2889 in
427 2861 540 2896 Italam,
570 2868 597 2890 et
621 2863 699 2898 epist.
721 2863 771 2898 ‘65,
794 2865 829 2891 ad
849 2863 954 2892 Pamm.
972 2868 996 2891 ιι
1015 2862 1112 2890 Otum.
