1904 3077
217 148 269 175 7517

858 142 887 169 P.
909 141 1068 168 DANIELIS
1087 139 1207 168 IlUl-LTII

1808 135 1853 161 788

216 210 292 243 epist.
305 207 340 233 ad
355 206 423 233 At-it.
439 204 500 232 Suis
521 211 585 231 vero
606 204 692 239 ipsius
712 204 802 231 verbis
822 203 945 239 coarguit
963 203 1011 230 Ju-
1027 208 1046 233 Α
1063 209 1111 236 pro
1132 201 1221 234 impiis
1232 200 1288 234 jam
1304 197 1474 232 interpellat,
1490 196 1538 224 sed
1551 205 1600 232 pro
1621 197 1737 225 sanctis.
1763 206 1773 221 1
1793 196 1854 230 Qni-

216 254 350 282 stinianus
377 253 408 278 ad
433 252 536 279 calcem
564 250 680 285 epistolae
705 251 739 277 ad
764 250 880 281 Menam,
910 249 973 276 talia
995 257 1010 276 e

217 298 277 326 lihr.
297 306 307 324 ι
320 298 386 330 Περὶ
399 295 514 330 ἀρχῶν,
532 303 591 330 cap.
609 296 635 329 5,
656 304 730 322 1111111.
745 295 771 328 5,
789 302 987 330 repraasentans
1002 302 1010 321 :

217 345 278 372 Ὂτι
294 345 307 370 ὁ
324 343 373 378 μὲν
386 343 452 374 Θεὸς
469 342 515 368 καὶ
539 342 632 378 Πατὴρ
647 342 765 377 συνέχων
784 343 818 368 τὰ
833 342 921 368 πάντα
943 341 1011 375 φθά-

191 415 202 426 .
215 400 255 418 νει
272 392 311 422 εἰς
324 389 438 416 ἕκαστον
463 389 517 415 τῶν
537 389 632 420 ὄντων,
656 388 812 424 μεταδιδοὺς
834 388 939 422 ἑκάστῳ
956 387 1010 413 ἀπὸ

215 437 260 463 τοῦ
284 437 347 463 ἰδίου
366 436 396 463 τὸ
410 434 478 462 εἶναι
493 444 499 451 ·
512 436 549 462 ὢν
571 436 625 471 γάρ
645 437 718 462 ἐστιν
731 444 737 450 ⁸
758 435 875 462 ἐλάττων
892 434 920 460 δὲ
942 434 1009 467 πρὸς

213 484 260 510 τὸν
288 483 397 518 Πατέρα
418 484 431 509 ὁ
451 483 514 514 Υἱὸς
539 482 648 516 φθάνων
670 482 717 508 ἐπὶ
744 481 811 516 μόνα
833 480 867 507 τὰ
891 481 986 515 λογικά
1000 488 1007 496 ι

215 529 338 566 δεύτερος
355 529 409 565 γάρ
425 530 481 555 ἐστι
496 529 541 555 τοῦ
556 528 677 562 Πατρός·
692 527 730 554 ἔτι
745 527 773 554 δὲ
783 525 862 563 ἦττον
879 527 910 553 τὸ
926 527 1010 552 Πνεῦ-

217 584 254 609 μα
279 575 310 601 τὸ
330 575 407 608 ἅγιον
432 574 478 600 ἐπὶ
497 573 593 609 μόνους
618 574 681 604 τοὺς
699 573 791 606 ἁγίους
813 572 1006 607 διικνούμενον.

216 623 298 648 Ὤττε
315 621 385 648 κατὰ
398 621 476 647 τοῦτο
490 621 589 656 μείζων
602 622 618 655 ἡ
630 620 743 655 δύναμις
760 618 806 645 τοῦ
816 618 922 654 Πατρὸς
934 617 1009 653 παρὰ

215 666 260 692 τὸν
275 667 336 692 Υἱὸν
353 667 400 693 καὶ
421 665 451 692 τὸ
471 666 582 701 Πνεῦμα
608 665 638 691 τὺ
659 665 735 699 ἆγιον
746 672 752 678 ·
769 663 868 690 πλείων
882 663 910 689 δὲ
924 664 939 698 ἡ
961 662 1008 689 τοῦ

217 711 282 738 Τἱοῦ
299 712 373 747 παρὰ
384 712 413 738 τὸ
424 712 536 746 Πνεῦμα
546 711 574 738 τὸ
587 711 664 745 ἅγιον
672 719 678 725 “
695 710 741 737 καὶ
753 709 833 736 πάλιν
845 708 1009 744 διαφέρουσα

218 757 318 792 μᾶλλον
327 757 374 782 τοῦ
389 757 465 790 ἁγίου
481 757 550 783 [Iusti
555 764 638 791 ματος
652 757 668 791 ἡ
681 755 795 790 δύναμις
808 755 882 790 παρὰ
897 754 931 780 τὰ
942 753 1008 781 ἄλλα

215 803 293 834 ἅγια.
310 811 320 828 1
349 802 425 835 Quod
449 802 518 829 Deus
536 802 645 836 quidem
669 806 696 828 et
713 801 793 827 Pater
810 801 900 827 omnia
918 800 1008 826 conti-

216 857 284 876 nens
303 849 335 875 ad
352 850 563 883 Itnt‘tmquodque
590 848 693 875 etttiutn
714 846 853 881 pervenit,
867 853 927 873 esse
948 846 1006 872 uni.

1063 249 1112 276 bus
1133 248 1258 275 omnibus
1279 246 1304 274 id
1328 245 1378 273 sibi
1398 245 1462 278 vult,
1477 244 1582 272 Patrem
1602 244 1629 272 in
1653 245 1786 272 omnibus
1801 253 1856 279 qua:

1061 299 1124 321 sunt
1140 293 1257 328 operari,
1268 292 1330 326 quia
1353 291 1433 318 totius
1452 290 1601 326 ὀντάτητος,
1615 291 1674 318 sive
1688 290 1856 318 exsistentiz

1062 340 1112 375 (sic
1129 340 1200 366 enim
1228 338 1298 373 loqui
1316 337 1406 372 liceat)
1421 337 1579 372 principium
1595 342 1638 364 est
1654 345 1662 368 ;
1683 336 1800 367 Filium,
1813 337 1855 370 qui

1061 390 1088 411 ct
1102 385 1190 419 λόγος,
1206 385 1257 412 hoc
1272 389 1312 411 est
1323 384 1399 418 juxta
1416 382 1539 418 Origenis
1553 383 1768 417 expositionem,
1779 382 1856 413 ratio,

1060 431 1086 458 111
1115 431 1148 458 iis
1166 430 1252 458 solum
1269 438 1331 465 qua:
1349 430 1454 457 ratione
1471 429 1580 464 praedita
1602 433 1682 461 sunt,
1699 429 1759 456 vim
1781 437 1855 456 suam

1059 478 1193 514 experiri;
1220 477 1353 512 Spiritus,
1368 478 1415 511 qui
1441 484 1455 502 a
1477 477 1621 504 sanctitate
1645 477 1791 512 proprium
1808 476 1855 504 sibi

1060 531 1207 558 cognomen
1226 524 1318 555 habet,
1332 523 1385 550 vim
1400 522 1563 558 ἀγιαστικὴν
1580 524 1612 550 ad
1629 528 1743 550 sanctos
1761 523 1855 550 duntao

1060 576 1106 596 xat
1124 570 1268 603 pertinere.

1096 613 1210 640 XXVIII.
1225 613 1281 649 (l8)
1295 613 1383 648 Atque
1402 613 1459 640 hzec
1471 613 1617 648 ἀποτόμως
1631 613 1666 640 ita
1686 619 1801 648 sumpta
1815 613 1856 640 vix

1059 667 1099 690 est
1131 667 1158 688 ut
1189 661 1427 695 reprehensionem
1454 660 1591 696 effugiant.
1612 661 1647 687 At
1671 661 1694 688 si
1731 661 1798 695 quis
1826 662 1856 688 111

1059 712 1177 735 tuentem
1192 707 1283 742 potius
1297 707 1422 743 Origeuis
1437 716 1518 743 quam
1533 710 1566 736 ad
1588 710 1671 736 verba
1694 709 1855 740 attenderit,

1059 754 1136 781 aliter
1150 754 1258 781 sentiet.
1270 752 1400 786 Quamvis
1419 754 1492 781 enim
1508 762 1560 781 una
1572 755 1727 788 eademque
1743 755 1801 781 sint
1815 763 1856 782 sa-

1058 807 1113 827 crae
1128 798 1271 827 Trinitatis
1294 804 1424 827 extranea
1442 807 1538 834 Opera,
1556 805 1584 827 et
1606 800 1744 836 quidquid
1761 800 1819 836 agit
1832 801 1856 827 in

1060 847 1141 874 rebus
1162 846 1284 873 externis
1310 845 1410 879 Pater,
1433 846 1484 874 hoc
1511 851 1572 882 agat
1587 852 1614 874 et
1633 847 1741 881 Filius,
1762 848 1816 875 hoc
1832 853 1857 876 et

216 895 313 930 cuique
336 895 493 928 impertiens
514 895 546 920 de
567 902 616 921 suo
629 915 636 926 ,
655 894 711 927 ipse
730 892 804 920 enirn
818 897 859 920 est
875 893 919 927 qui
942 896 984 920 est
1000 901 1006 919 :
1025 883 1045 913 Β
1063 891 1183 927 Spiritus
1197 898 1322 925 sanctus;
1335 894 1458 928 quaedam
1473 897 1563 921 tamen
1576 893 1648 921 Patri
1665 894 1807 929 assignari
1816 902 1857 921 so~

215 942 289 976 quod
308 949 373 968 vero
390 941 479 967 minor
504 940 584 967 Patre
602 939 686 966 Filius
709 939 742 966 ad
763 939 819 966 sola
838 937 1009 965 rationabilia

215 988 350 1023 pervenit,
367 992 408 1014 est
423 987 496 1013 enim
519 986 655 1013 secundus
675 993 689 1012 a
708 985 807 1018 Patre,
822 984 910 1011 adhuc
928 984 1010 1011 etiam

217 1032 308 1057 minor
324 1035 367 1058 est
384 1029 503 1065 Spiritus
517 1034 629 1058 sanctus
643 1031 676 1057 ad
695 1029 767 1057 solos
786 1034 895 1057 sanctos
915 1036 1011 1064 perve-

217 1078 306 1104 niens.
324 1076 363 1103 Ita
379 1084 412 1104 ex
428 1076 479 1104 hoc
491 1076 577 1110 major
590 1082 632 1103 est
646 1080 767 1110 potestas
780 1075 869 1102 Patris
878 1083 932 1110 praa
942 1075 1011 1102 Filio

216 1128 243 1150 et
254 1123 357 1158 Spiritu
369 1128 474 1153 sancto,
489 1121 660 1157 ampliorque
672 1121 731 1148 Filii
747 1128 803 1156 pra:
822 1120 924 1154 Spiritu
945 1128 1010 1146 sau-

216 1173 277 1202 cto;
291 1176 321 1196 ac
333 1177 439 1196 rursum
456 1169 629 1203 praestantior
646 1168 732 1195 sancti
753 1167 870 1203 Spiritus
894 1172 1012 1202 potestas

216 1222 272 1250 prae
294 1215 356 1242 aliis
371 1215 478 1242 entilms
496 1214 609 1243 sanctis.
624 1224 633 1240 1
647 1214 684 1241 Ex
700 1214 752 1241 hoc
775 1214 900 1248 dogmate
918 1218 1010 1247 aptum

216 1269 259 1290 ρει.
277 1263 340 1290 1111111
356 1271 370 1290 e
389 1268 454 1290 tom.
473 1270 492 1290 11
514 1261 692 1290 Commentur.
707 1262 735 1288 in
746 1261 923 1295 lllattlt.,pag.
938 1260 987 1286 441
1001 1268 1008 1286 :

215 1307 264 1341 Εἷς
274 1306 416 1344 δὲᾟτοιμὴν
424 1308 477 1335 τῶν
488 1308 604 1342 λογικῶν
614 1309 628 1334 ὁ
636 1308 720 1342 Λόγος
729 1316 735 1322 ·
745 1312 772 1334 et
785 1307 855 1334 istud
868 1314 883 1333 e
897 1311 960 1332 tom.
970 1313 1009 1337 XI,

217 1363 278 1390 pag.
295 1354 347 1382 506
361 1364 367 1381 :
381 1354 457 1390 Τάχα
473 1354 502 1380 δὲ
516 1354 563 1381 καὶ
579 1354 632 1381 τῶν
646 1354 734 1388 λόγων
757 1352 843 1389 Ἰησοῦ
868 1353 921 1378 εἰσί
938 1359 1010 1382 τινες

215 1401 293 1437 ἄρτοι
306 1401 353 1432 οὒς
368 1402 425 1432 τοῖς
439 1401 641 1437 λογικωτέροις,
652 1401 688 1432 ὡς
708 1400 823 1432 τέκνοις,
837 1399 924 1432 ἔξεστι
945 1398 1011 1425 διδό-

216 1455 260 1473 ναι
278 1447 368 1482 μόνοι·
386 1448 494 1481 etquod
511 1447 591 1474 docet
606 1452 670 1473 tom.
689 1454 714 1473 vr
734 1446 761 1472 in
772 1445 1008 1479 Joan.,pag.lO7,

216 1492 355 1520 Christum
370 1500 430 1520 esse
450 1492 646 1528 αὑτοαλήϐειαν
662 1492 711 1527 τὴν
727 1491 854 1526 οὑσιώδη,
874 1491 920 1517 καὶ
934 1499 1009 1526 πρω-

215 1538 330 1565 τότυπον
343 1538 392 1573 τῆς
413 1538 442 1564 ἐν
456 1539 515 1569 ταῖς
530 1537 652 1572 λογικαῖς
667 1537 765 1572 ψυχαῖς
778 1535 905 1572 ἀληθείας
917 1544 923 1550 ·
938 1541 963 1562 et
982 1536 1007 1562 id
1022 1558 1043 1587 α

216 1592 323 1618 quoque
340 1591 355 1611 e
375 1590 441 1611 tom.
460 1591 545 1616 xxxii,
563 1592 589 1618 p.
611 1583 662 1610 450
678 1583 782 1619 ς”Ολης
805 1583 853 1618 μὲν
867 1581 913 1609 οὖν
933 1580 1008 1617 οἶμαι

215 1630 266 1665 τῆς
279 1630 357 1663 δόξης
367 1630 414 1657 τοῦ
431 1630 498 1657 Θεοῦ
514 1629 596 1657 αὑτοῦ
611 1630 780 1664 ἀπαύγασμα
795 1626 864 1655 εἶναι
874 1629 919 1655 τὸν
933 1628 1008 1660 Υἱὺν,

216 1676 287 1703 κατὰ
302 1676 346 1703 τὸν
360 1677 473 1703 εἰπόντα
485 1675 591 1703 Παῦλον
604 1685 610 1690 ·
630 1677 683 1709 Ὃς
698 1675 741 1702 ὢν
756 1676 939 1711 ἀπαύγασμα
954 1674 1010 1708 τῆς

215 1723 308 1756 δόξης
324 1731 331 1738 '
357 1723 468 1757 φθάνειν
498 1722 621 1758 μέντοιγε
641 1722 694 1749 ἀπὸ
717 1722 765 1749 τοῦ
793 1723 1010 1758 ἀπαυγάσματος

214 1769 310 1796 τούτου
324 1770 373 1804 τῆς
390 1769 453 1805 ὅλης
466 1769 545 1804 δόξης
565 1768 665 1804 μερικὰ
681 1769 884 1804 ἀπαυγάσματα
900 1768 945 1795 ἐπὶ
961 1769 1009 1804 τὴν

214 1814 310 1850 λοιπὴν
324 1815 435 1851 λογικὴν
452 1816 539 1841 κτίσιν
550 1824 556 1830 ·
572 1820 600 1843 et
614 1816 685 1849 quod
702 1815 740 1841 ait
759 1820 823 1842 tom.
850 1823 857 1842 1
875 1815 900 1842 in
914 1815 1008 1846 Jortin,

215 1870 292 1888 1111111,
308 1861 352 1892 29,
371 1862 507 1889 Christum
536 1866 650 1888 eatenus
676 1860 764 1888 lucem
782 1868 860 1893 esse,
877 1866 1010 1895 quatenus

216 1913 321 1935 mentes
336 1907 449 1935 rationis
466 1907 612 1942 participes
628 1908 756 1935 illustrat.
784 1908 872 1941 Atque
893 1907 956 1933 item
982 1907 1010 1932 il-

215 1951 261 1979 11111
270 1953 340 1987 quod
356 1953 381 1980 in
395 1953 479 1986 ιΠερὶ
491 1953 669 1988 ἀρχῶν,οορ.
682 1954 709 1986 5,
733 1961 806 1980 nun).
819 1953 846 1983 5,
862 1953 1011 1980 liuliniame

215 1998 447 2032 interpretationis
461 1999 566 2032 reperio
580 2008 586 2026 :
599 2009 608 2024 1
623 1999 651 2026 111
669 1999 720 2026 illis
735 1999 799 2026 solis
817 1999 936 2025 arbitror
951 2006 1011 2025 esse

215 2052 282 2079 opus
300 2044 418 2079 Spiritus
442 2045 544 2076 sancti,
559 2045 604 2079 qui
621 2046 678 2079 jam
700 2053 730 2072 se
752 2045 786 2071 ad
810 2044 920 2071 meliora
945 2052 1010 2071 con-

214 2095 335 2123 vertuut,
352 2096 379 2118 et
402 2099 452 2126 per
468 2092 524 2119 vias
546 2091 609 2119 Iesu
629 2091 730 2119 Christi
758 2091 901 2122 incedunt,
923 2091 1010 2123 idest,

215 2140 279 2163 sunt
303 2137 328 2163 in
346 2136 422 2164 hortis
441 2137 563 2170 actibus,
581 2142 607 2164 et
632 2137 658 2163 in
680 2136 736 2163 Deo
760 2141 929 2170 permanent.
953 2146 962 2162 1
981 2136 1014 2163 Et

215 2182 295 2217 paulo
310 2182 421 2210 interius
439 2190 447 2209 :
466 2193 475 2208 1
494 2182 550 2210 Iloc
576 2190 642 2217 ergo
657 2187 736 2217 pacto
762 2182 886 2217 operatio
903 2182 1021 2216 virtutis

1062 939 1128 971 Ient,
1139 938 1192 966 alia
1208 939 1287 972 Filio,
1301 940 1353 967 alia
1368 940 1480 976 Spiritui
1499 945 1603 968 sancto.
1618 939 1855 974 Quemadmodum

1060 993 1124 1021 ergo
1135 985 1206 1013 Patri
1219 987 1297 1022 vulgo
1306 987 1464 1014 attribuitur
1474 988 1578 1015 creatio
1589 995 1690 1020 rerum,
1701 987 1767 1014 licet
1777 987 1855 1015 trium

1062 1040 1187 1067 peraeque
1201 1041 1379 1067 personarum
1407 1034 1456 1066 sit;
1478 1033 1516 1061 ita
1533 1034 1617 1065 Filio,
1630 1034 1675 1067 qui
1698 1039 1743 1061 est
1759 1033 1853 1068 Λόγος,

1061 1078 1182 1104 omnium
1206 1078 1321 1112 λογικῶν
1337 1086 1429 1106 curam
1446 1078 1576 1114 Origenes
1603 1080 1737 1111 ascribit;
1755 1082 1855 1107 sancti-

1062 1124 1162 1150 tudinis
1190 1131 1253 1151 vero
1278 1123 1454 1151 collationem
1476 1124 1576 1151 addicit
1604 1124 1721 1159 Spiritui
1748 1130 1852 1155 sancto,

1058 1168 1134 1202 juxta
1151 1167 1230 1196 Rom.
1246 1176 1270 1201 t,
1288 1168 1316 1201 4,
1331 1173 1358 1196 et
1379 1168 1401 1196 Il
1421 1169 1519 1196 Thess.
1537 1178 1554 1197 II
1566 1189 1573 1201 ,
1591 1170 1640 1199 15.
1655 1171 1785 1204 quamvis
1809 1170 1853 1198 loti

1063 1212 1188 1241 Trinitati
1208 1215 1349 1242 debeatur.
1373 1214 1510 1250 Scriptum
1532 1215 1590 1242 estl
1606 1215 1679 1243 Petr.
1696 1224 1718 1247 1,
1733 1215 1768 1242 2:
1785 1225 1794 1241 1
1808 1215 1851 1243 Sc-

1063 1262 1178 1289 cundum
1196 1263 1393 1296 prazscicntiam
1417 1263 1463 1291 Dei
1490 1264 1588 1297 Patris,
1612 1264 1638 1291 in
1657 1264 1853 1292 sanctiﬁcatio-

1060 1315 1123 1335 nem
1144 1307 1271 1342 Spiritus,
1288 1308 1314 1336 in
1342 1309 1523 1336 obedientiam
1550 1315 1577 1338 et
1591 1311 1779 1344 aspersionem
1794 1318 1855 1339 sane

1061 1354 1150 1387 guinis
1170 1353 1232 1381 Jesu
1258 1355 1370 1382 Christi.
1389 1365 1399 1381 1
1419 1355 1589 1384 Pracscientia
1612 1356 1700 1388 Patri,
1717 1358 1854 1385 sanctitu-

1060 1399 1131 1426 dinis
1145 1398 1246 1426 inlusio
1271 1400 1385 1435 Spiritui
1403 1406 1500 1429 sancto
1519 1401 1655 1429 tribuitur.
1677 1402 1725 1430 Sic
1740 1403 1856 1430 sonsisse

1060 1444 1203 1479 Origenem
1219 1452 1253 1472 ex
1271 1446 1304 1473 iis
1324 1445 1387 1474 licet
1409 1446 1566 1474 existimare
1581 1456 1641 1483 quae
1663 1454 1775 1476 exstant
1793 1449 1854 1477 lib.t

1060 1490 1130 1525 Περὶ
1139 1491 1250 1526 ἀρχῶν,
1262 1499 1319 1527 cap.
1337 1492 1364 1525 5,
1378 1500 1451 1519 num.
1464 1493 1480 1519 'I
1495 1501 1503 1520 :
1521 1504 1531 1519 ι
1545 1493 1628 1521 Porro
1644 1499 1737 1522 autem
1756 1496 1784 1522 in
1799 1495 1855 1522 'I‘ri-

1061 1537 1145 1565 nitate
1173 1538 1241 1565 nihil
1266 1539 1354 1574 majus
1381 1539 1504 1568 minusve
1534 1540 1678 1568 dicendum
1708 1546 1771 1574 est,
1797 1549 1855 1569 cum

1060 1583 1139 1610 utrius
1166 1584 1315 1613 divinitatis
1336 1585 1396 1614 fons
1415 1586 1504 1613 Verbo
1518 1593 1550 1614 ac
1568 1588 1674 1614 ratione
1696 1595 1746 1614 sua
1764 1593 1852 1615 teneat

1061 1630 1204 1662 universa;
1221 1630 1325 1666 Spiritu
1340 1640 1405 1660 vero
1417 1634 1473 1661 oris
1485 1633 1526 1660 sui
1543 1641 1604 1668 quae
1615 1633 1698 1668 digna
1715 1639 1782 1661 sunt
1794 1641 1854 1661 sau—

1060 1675 1226 1704 ctilicatione
1249 1678 1420 1711 sanctilicet,
1443 1679 1514 1706 sicut
1539 1679 1564 1706 111
1589 1678 1698 1706 Psalmo
1724 1681 1856 1714 scriptum

1059 1726 1102 1749 est
1120 1731 1126 1749 :
1150 1722 1234 1749 Verba
1251 1722 1357 1750 Domini
1370 1724 1427 1751 caeli
1439 1724 1543 1758 ﬁrmuti-
1555 1729 1616 1751 sunt
1628 1745 1636 1756 ,
1649 1730 1673 1751 et
1688 1725 1789 1758 spiritu
1803 1726 1855 1752 oris

1060 1767 1116 1801 eius
1136 1769 1220 1795 omnis
1239 1770 1319 1796 virtus
1342 1777 1433 1796 eorum
1446 1769 1480 1796 “‘.
1501 1769 1548 1796 Est
1567 1770 1648 1797 etiam
1670 1771 1799 1804 quaedam
1814 1771 1855 1797 in-

1060 1814 1182 1848 operatio
1205 1814 1251 1841 Dei
1274 1814 1366 1842 Patris
1389 1815 1524 1850 praecipua
1546 1821 1644 1850 praeter
1665 1816 1760 1849 illam,
1778 1823 1856 1850 quam

1060 1860 1188 1887 omnibus
1205 1865 1235 1886 ut
1254 1865 1348 1888 essent
1363 1860 1525 1888 naturaliter
1544 1862 1679 1896 praestitit.
1697 1862 1748 1890 Est
1766 1868 1794 1890 et
1808 1863 1857 1890 Do-

1061 1905 1126 1932 mini
1141 1904 1205 1933 .Iesu
1216 1904 1316 1933 Christi
1331 1906 1495 1941 praecipuum
1511 1908 1647 1942 quoddam
1661 1908 1857 1942 ministerium,

1062 1952 1089 1979 in
1111 1959 1158 1979 eos
1180 1952 1278 1987 quibus
1296 1952 1456 1980 naturaliter
1472 1958 1501 1980 ut
1520 1953 1695 1981 rationabiles
1714 1954 1782 1985 sint.
1798 1963 1859 1982 co:-

1062 1997 1112 2025 iert
1125 2017 1132 2030 ,
1147 2006 1195 2032 per
1213 1998 1284 2032 quod
1301 1998 1334 2025 ad
1351 1998 1408 2025 haec
1430 2006 1491 2033 qua:
1507 2003 1587 2032 sunt,
1600 2005 1747 2034 praestatur
1765 2001 1806 2028 eis
1830 2006 1858 2027 ut

1063 2044 1130 2071 hune
1151 2045 1217 2071 sint.
1235 2044 1282 2071 Est
1300 2049 1327 2071 et
1344 2045 1394 2071 alia
1414 2053 1522 2080 quoque
1535 2047 1616 2073 etiam
1635 2046 1754 2081 Spiritus
1769 2049 1858 2075 sancti

1063 2091 1148 2123 gratia
1163 2098 1222 2125 qua:
1238 2091 1327 2125 dignis
1339 2095 1494 2125 praestatur,
1511 2090 1663 2120 ministrata
1684 2094 1795 2128 quidem
1811 2102 1859 2129 per

1063 2135 1210 2170 Christum,
1233 2137 1372 2172 inoperata
1394 2143 1484 2165 autem
1500 2146 1514 2164 a
1531 2138 1610 2166 Patre
1626 2141 1776 2168 secundum
1803 2149 1859 2168 mc-

1065 2182 1146 2208 ritum
1166 2189 1260 2209 eorum
1287 2183 1332 2217 qui
1355 2190 1467 2216 capaces
1486 2183 1647 2212 ciliciuntur.
1671 2185 1748 2218 Quod
1770 2187 1859 2213 mani-

215 2227 264 2254 Dei
278 2220 368 2255 Patris
383 2233 410 2255 et
423 2228 484 2255 Filii
502 2229 648 2256 indiscrete
671 2235 756 2262 super
770 2235 877 2256 omnem
900 2234 1013 2263 proten-
1030 2229 1052 2256 D
1067 2226 1210 2256 festissime
1231 2229 1332 2256 indicat
1346 2231 1483 2264 apostolus
1500 2231 1608 2263 Paulus,
1625 2239 1706 2259 unam
1719 2233 1859 2261 eamdem-

216 2274 291 2301 ditur
307 2280 484 2308 creaturam;
512 2275 630 2309 Spiritus
657 2275 743 2303 sancti
773 2281 838 2302 vero
865 2274 1012 2309 participa-

216 2319 319 2346 tionem
336 2327 351 2346 a
366 2320 469 2347 sanctis
488 2320 677 2347 tantummodo
700 2319 794 2347 haberi
813 2319 976 2347 invenimus.
998 2329 1008 2346 1

216 2363 251 2392 Et
264 2364 310 2392 lib.
326 2373 362 2392 vn
376 2366 402 2392 in
417 2365 501 2400 Epist.
516 2366 550 2393 ad
565 2366 653 2398 Rom.,
668 2374 741 2393 nunt.
753 2365 771 2393 6
787 2373 795 2392 :
813 2375 821 2390 ι
841 2366 956 2393 Tantum
969 2371 1012 2393 est

216 2411 286 2445 quod
300 2411 494 2446 ille(Christus)
504 2419 553 2446 pro
568 2412 658 2447 impiis
674 2416 796 2439 mortuus
811 2417 865 2445 est;
881 2412 920 2438 sic
936 2412 1008 2438 cnim

215 2462 242 2482 ct
269 2456 327 2490 ipse
354 2456 452 2484 Paulus
476 2458 609 2489 ostendit,
629 2465 690 2485 cum
716 2458 782 2485 dicit
802 2467 808 2484 :
826 2457 918 2483 Adhuc
940 2458 1009 2484 enim

215 2500 347 2535 Christus,
360 2510 418 2529 cum
436 2502 536 2536 inﬁrmi
555 2511 681 2535 essemus,
693 2503 836 2530 secundum
849 2508 949 2535 tempus
962 2511 1009 2537 pro

214 2547 304 2582 intpiis
323 2549 545 2576 "uirtutum":
564 2555 674 2577 sanctus
698 2555 787 2577 autem
812 2549 931 2584 Spiritus
955 2557 1007 2577 non

251 2618 272 2634 ⁸⁷
288 2618 366 2646 ltom.
383 2627 409 2651 v,
425 2619 451 2647 6.
490 2621 513 2637 ⁸⁸
525 2620 597 2648 Psal.
612 2629 699 2652 xxxtt,
719 2621 745 2648 6.
784 2621 806 2637 ‘9
820 2621 827 2647 I
839 2620 903 2648 Cor.
922 2628 971 2653 xu,
985 2620 1045 2647 4-7.

252 2681 308 2713 (18)
329 2682 412 2717 {lique
423 2682 478 2709 lucc
494 2683 647 2717 ἀποτσμως
666 2684 703 2709 ita
718 2689 831 2716 sumptu,
843 2683 887 2709 vix
899 2688 947 2715 est,
959 2686 1012 2709 etc.

218 2715 246 2742 Si
260 2717 318 2742 sine
335 2715 415 2743 I‘a’tre
432 2715 602 2744 rationabili}:
622 2726 636 2744 a
654 2718 722 2745 Filio
742 2718 900 2749 illuminari,
917 2722 1009 2744 sancta

219 2750 348 2787 aSpirilu
378 2757 472 2779 saneto
492 2754 656 2780 sanctilicari
677 2754 780 2780 diceret
796 2752 936 2787 Origenes,
954 2760 1010 2779 me-

220 2786 272 2811 rito
290 2786 316 2823 in
335 2791 456 2823 sanctam
471 2787 632 2815 Trinitatem
647 2788 795 2823 injuriosus
806 2786 956 2823 videretur,
969 2793 1011 2813 at-

220 2827 272 2856 que
289 2821 357 2846 haud
374 2822 430 2848 scio
446 2830 479 2848 an
498 2823 584 2856 ipsntn
598 2823 623 2849 in
650 2821 756 2850 Patrem
777 2822 939 2855 iniuriosior.
957 2822 1009 2849 Sed

222 2855 249 2881 in
263 2862 294 2881 co
310 2855 380 2882 trulla
398 2857 476 2890 hujus
497 2855 597 2885 erroris
623 2859 740 2893 suspicio
754 2858 862 2890 residet,
880 2866 910 2885 ac
924 2858 1011 2884 Patris

1066 2281 1119 2309 que
1130 2275 1257 2302 virtutem
1274 2276 1416 2304 Trinitatis
1431 2285 1570 2312 exponens
1584 2278 1610 2305 in
1638 2285 1671 2305 eo
1692 2286 1754 2306 cum
1774 2279 1857 2307 dicit:

1066 2319 1211 2348 Diuisione:
1231 2326 1291 2348 sunt
1310 2323 1451 2357 donorum,
1468 2325 1537 2351 idem
1562 2330 1649 2351 autem
1670 2323 1788 2358 Spiritus
1805 2333 1814 2351 :
1834 2332 1858 2352 et

1064 2366 1204 2395 divisiones
1226 2374 1287 2395 sunt
1307 2369 1530 2404 ministeriorum,
1553 2371 1624 2399 idem
1649 2377 1740 2399 autem
1765 2373 1859 2401 Domi-

1064 2419 1112 2438 nus
1129 2418 1138 2437 .'
1156 2417 1179 2439 et
1204 2413 1345 2440 divisiones
1369 2416 1550 2449 operationum
1578 2422 1650 2450 sunt,
1675 2419 1746 2446 idem
1769 2425 1859 2446 autem

1063 2457 1134 2484 Deus
1145 2459 1189 2493 qui
1205 2464 1328 2492 operatur
1342 2461 1432 2488 omnia
1447 2462 1475 2489 in
1496 2462 1626 2490 omnibus.
1643 2462 1795 2500 Unicuique
1809 2475 1859 2492 uu-

1064 2507 1115 2530 tem
1139 2506 1219 2530 datur
1243 2505 1423 2540 manifestatio
1447 2506 1565 2542 Spiritus
1581 2510 1726 2536 secundum
1744 2511 1772 2537 id
1788 2512 1858 2546 quod

1063 2548 1167 2582 expedit
1190 2548 1224 2576 ".
1249 2549 1289 2577 Ex
1304 2558 1359 2585 quo
1375 2551 1596 2580 manifestissime
1612 2554 1774 2588 designatur
1788 2558 1858 2592 quod

1070 2682 1195 2719 virtutem
1211 2682 1237 2719 in
1250 2682 1300 2719 hoc
1316 2688 1418 2719 tantum
1433 2683 1533 2710 virtute
1546 2683 1606 2711 Filii
1621 2688 1649 2711 et
1662 2684 1784 2719 Spiritus
1800 2692 1857 2712 ms-

1065 2716 1151 2750 jorem
1165 2717 1230 2743 dicit
1246 2723 1272 2744 et
1295 2717 1375 2744 latinis
1391 2724 1540 2752 parentem,
1557 2720 1628 2752 quod
1643 2716 1706 2746 cuin
1737 2722 1856 2748 rationa—

1066 2752 1128 2778 bilia
1141 2761 1154 2788 a
1174 2752 1245 2788 Filio
1257 2753 1399 2788 rationem,
1416 2759 1507 2780 sancta
1528 2762 1542 2779 a
1556 2754 1659 2788 Spiritu
1682 2757 1855 2782 sanctitatem

1066 2787 1209 2820 accipiant,
1226 2787 1309 2814 Filius
1331 2798 1345 2814 a
1370 2787 1459 2816 Patre.
1478 2787 1595 2822 Spiritus
1611 2798 1624 2815 a
1648 2789 1731 2817 Patre
1741 2796 1778 2817 κει
1791 2790 1856 2817 Filio

1065 2823 1154 2847 omnia
1168 2823 1369 2855 acceperint.—
1385 2825 1413 2850 υ.
1432 2824 1601 2851 Prudentius.
1618 2824 1718 2853 Illum
1731 2825 1770 2853 Dc
1791 2825 1856 2853 diei-

1065 2858 1146 2883 nitutc
1161 2858 1269 2890 Christi,
1284 2859 1330 2886 lib.
1349 2866 1384 2891 tv,
1399 2867 1458 2894 cap.
1473 2859 1515 2892 l6,
1530 2868 1602 2886 unm.
1615 2860 1645 2886 ‘2.
