1904 3077
82 126 139 155 789
183 150 189 156 .

81 180 162 213 nulla
171 191 212 214 est
224 187 250 214 in
267 183 398 217 Trinitate
411 190 549 225 discretio,
562 194 608 221 sed
629 195 680 222 hoc
694 197 764 230 quod
779 197 875 224 donum

56 266 59 267 ν
81 230 203 266 Spiritus
214 234 325 265 dicitur,
347 236 535 265 manifestatur
557 247 605 274 per
620 241 727 274 Filium,
740 247 766 269 et
781 243 875 278 inope-

80 283 161 304 ratur
175 285 222 312 per
237 279 325 321 Deunt
336 279 451 308 Patrem.
460 282 556 310 Omnia
565 289 654 312 autem
669 291 793 321 operatur
806 295 873 314 unus

77 329 161 359 atque
175 325 242 352 idem
261 318 389 361 Spiritus,
405 329 522 357 dividens
536 331 674 365 unicuique
684 318 763 366 prout
781 333 846 360 uult.
861 341 871 359 ›
903 332 913 338 ⁹

75 369 154 402 Quin
166 372 248 398 etiam
270 373 456 401 sanctimonia:
472 375 642 403 collationem
660 377 729 404 idem
752 377 819 405 Filio
832 386 875 406 as-

77 416 188 451 signat;
205 417 344 452 sapientiae
361 427 426 447 vero
441 428 474 448 ac
496 421 617 449 scientia:
632 423 746 457 gratiam
761 423 871 458 Spiritui

75 468 176 491 sancto
188 464 278 491 itidem
292 468 321 491 ut
338 464 406 492 Filio
416 471 552 501 acceptam
570 467 662 495 refert.
679 477 689 494 ‹
706 468 790 500 Unde,
807 479 816 495 ι
834 471 874 496 in-

75 509 150 543 quit,
163 508 228 536 ibid.
244 517 319 536 num.
329 510 354 542 8,
366 519 375 535 ι
388 510 537 546 inoperalio
549 512 648 545 Patris,
661 521 721 548 quae
735 521 794 541 esse
806 523 873 549 pra:-

75 559 136 582 stat
157 555 293 588 omnibus,
315 555 413 583 clarior
438 564 469 584 ac
489 558 703 592 magniﬁcentior
725 560 869 593 invenitur,

73 608 141 628 cum
164 601 347 636 unusquisque
369 609 416 636 per
440 604 672 639 participationem
692 606 811 638 Christi,
832 614 872 634 se-

72 648 197 674 cundum
213 647 239 674 id
253 648 324 682 quod
341 648 472 682 sapientia
488 655 540 683 est,
556 656 583 678 et
596 652 741 679 secundum
759 653 785 679 id
801 654 872 687 quod

71 694 191 721 scientia
205 700 257 727 est,
275 699 302 722 et
313 695 494 723 sanctificatio
509 701 562 730 est,
577 700 693 733 proﬁcit,
705 706 732 728 et
747 701 773 728 in
792 703 871 730 altio-

71 747 121 767 res
137 740 304 775 proiectuum
319 742 418 776 gradus
431 743 549 776 venit,et
559 752 606 780 per
619 746 669 773 hoc
680 747 750 781 quod
765 749 871 782 partici-

69 785 187 819 patione
205 786 291 813 sancti
315 786 430 821 Spiritus
445 789 531 816 factus
549 794 590 817 est
605 791 665 825 quis
684 792 775 826 purior
790 798 870 828 atque

69 831 336 865 sincerior,eli'ectus
346 833 441 869 dignus
451 836 544 870 recipit
555 837 693 871 sapientia:
708 846 738 864 ac
749 839 868 867 scientia:

68 878 202 913 gratiam.
223 878 354 913 iRepetit
374 879 426 906 ista
449 887 509 915 cap.
530 881 577 914 18,
602 887 699 909 auctor
719 883 801 910 libelli
829 884 867 911 De

67 924 173 950 deitatc
190 929 214 950 et
234 924 415 951 incarnatione
434 924 520 959 Verbi,
537 926 570 954 ad
587 926 810 964 Januarium,qui
833 931 866 957 ad

67 969 176 997 calcem
209 969 329 997 tomilV
361 971 505 1006 Augustini
527 973 706 1002 subnectitur.
735 971 800 1007 Quin
832 985 866 1004 ne

67 1017 135 1052 quis
151 1024 166 1043 a
185 1016 281 1044 Ruﬁno
293 1017 445 1051 interprete
463 1018 490 1044 in
506 1017 630 1054 Origenis
651 1021 765 1054 gratiam
781 1023 865 1049 conli-

66 1069 114 1089 cta
134 1067 222 1097 putet,
239 1063 354 1090 similem
372 1063 550 1098 adjungemus
574 1064 662 1092 locum
676 1073 691 1092 e
713 1071 777 1093 tom.
799 1075 818 1094 ιι
838 1069 864 1095 in

64 1108 172 1141 101122.,
189 1117 263 1136 num.
284 1109 301 1136 6
320 1119 326 1136 :
344 1107 381 1137 Οὖ
403 1110 489 1146 (Υἱοῦ)
510 1111 619 1147 χρῄζειν
644 1112 716 1139 ἔοικε
736 1114 767 1140 τὸ
788 1115 864 1148 ἅγιον

64 1155 194 1190 Πνεῦμα,
212 1155 397 1187 διακονοῦντος
423 1156 504 1183 αὐτοῦ
515 1159 547 1193 τῇ
563 1159 723 1189 ὑποστάσει.
740 1160 770 1186 οὑ
784 1161 863 1196 μόνον

64 1201 108 1231 εἰς
128 1201 159 1226 τὸ
173 1198 251 1233 εἶναι,
263 1200 331 1228 ἀλλὰ
355 1203 400 1228 καὶ
423 1203 502 1237 σοφὸν
521 1201 600 1236 εἶναι,
615 1206 662 1231 καὶ
678 1205 795 1240 λογικὸν,
816 1208 862 1234 καὶ

63 1248 184 1280 δίκαιον,
196 1248 243 1274 καὶ
254 1249 308 1274 πᾶν
321 1249 463 1275 ὀτιποτοῦν
477 1249 528 1285 χρὴ
542 1251 608 1277 αὐτὸ
623 1252 692 1278 νοεῖν
706 1253 861 1288 τυγχάνειν,

490 132 773 164 οιιιοΕΝιΑΝοιιυΜ
794 136 857 164 LlB.
880 136 911 170 ll,
933 137 1008 168 CAP.
1032 140 1062 174 ΙΙ,
1082 141 1222 175 ρυλιιδτ.
1244 144 1277 172 ΙΙ.

1665 155 1717 182 799
1727 167 1731 173 π

891 201 914 229 Α
930 199 987 233 prie
1001 208 1127 229 vocamus
1143 205 1252 232 nomine
1272 205 1427 240 Sapientiae.
1446 208 1507 237 cum
1521 211 1556 238 sit
1571 212 1714 240 universa-

929 244 990 272 litcr
1007 251 1032 273 et
1054 246 1169 282 Spiritus
1188 256 1314 284 sanctus,
1330 258 1356 279 ct
1373 252 1453 281 Pater
1476 255 1531 289 ipsa
1558 256 1728 292 Sapientia;.

927 291 964 318 ila
982 292 1099 327 Spiritus
1127 300 1238 323 sanctus
1262 299 1370 332 proprie
1397 307 1568 336 nuncupatur
1583 305 1727 332 vocabulo.

927 338 1078 372 rharitatis,
1091 349 1151 369 cum
1167 342 1202 369 sit
1216 343 1406 374 universaliter
1421 348 1541 377 eharitas
1556 355 1584 378 et
1598 350 1677 379 Pater
1688 357 1717 379 et

926 383 1019 411 Filius.
1041 395 1050 411 ι

962 441 1022 469 Pari
1043 443 1120 471 modo
1145 445 1296 480 excipimus
1311 447 1468 482 petitionem
1484 451 1596 479 alteram
1608 473 1614 483 ,
1631 462 1713 488 supe-

925 488 1005 515 rioris
1016 489 1095 523 hujus
1109 489 1224 518 attinent.
1246 493 1376 526 Queritur
1390 497 1554 525 Athanasius
1572 500 1599 526 in
1615 500 1712 528 Matth.

925 542 974 567 xu,
986 534 1031 568 52,
1049 541 1157 570 putasse
1178 537 1322 574 Origenem
1338 547 1448 575 peccata
1464 544 1490 570 in
1509 544 1638 579 Spiritum
1651 554 1713 574 san-

924 584 996 607 ctunt
1026 588 1056 607 ea
1083 590 1144 610 esse
1166 592 1226 618 quae
1247 591 1306 620 post
1332 586 1492 622 baptismum
1524 591 1711 619 admittuntur.

923 625 1024 662 Nempe
1041 636 1101 655 cum
1116 629 1143 656 in
1159 631 1262 658 sanctis
1277 637 1305 659 et
1322 632 1484 661 Christianis
1504 636 1590 663 solum
1606 639 1711 671 operari

924 671 1053 706 Spiritum
1074 680 1198 702 sanctum
1222 677 1340 710 dixerit,
1365 680 1488 714 sequitur
1513 689 1573 708 cum
1600 689 1713 716 peccant

922 719 984 751 ipsi,
1001 724 1114 753 peccato
1135 721 1253 755 ipsorum
1278 731 1337 750 eam
1355 726 1490 760 praecipue
1505 727 1603 753 oil‘endi
1621 728 1711 755 Trini-

922 765 985 791 tatis
1001 772 1144 799 personam
1158 768 1253 801 qnariu
1265 769 1298 796 iis
1309 775 1449 805 operatur,
1465 772 1596 806 Spiritum
1613 782 1710 809 nempe

920 815 1054 837 sanctunl.
1069 811 1126 839 Non
1149 814 1261 841 Inuitum
1288 816 1349 843 inde
1373 817 1516 845 abludebat
1532 819 1709 853 Novatianus,

884 872 904 900 Β
924 855 1112 884 remissionem
1138 865 1311 892 peccatorum
1341 861 1423 896 lapsis
1454 865 1563 891 concedi
1591 873 1707 901 negans,

917 903 988 936 quod
1001 903 1219 932 Christianorum
1236 908 1355 940 peccatis
1373 907 1474 936 oifendi
1492 909 1621 944 Spiritum
1644 920 1707 939 san-

917 951 989 974 ctum
1016 948 1128 983 diceret,
1145 950 1222 984 cujus
1242 951 1406 980 oli'ensiones
1426 962 1476 981 nec
1498 955 1523 981 in
1544 956 1595 982 hoc
1610 958 1708 984 saaculu

917 999 966 1019 nec
983 993 1009 1019 in
1022 993 1113 1021 l'uturo
1131 996 1230 1023 remitti
1246 996 1371 1025 Christus
1383 998 1484 1026 docuit.
1501 1000 1553 1027 Sed
1576 1004 1707 1036 quemad-

916 1037 1023 1064 modum
1041 1039 1067 1065 in
1083 1039 1245 1068 Christianis
1260 1043 1366 1076 operari
1383 1045 1497 1072 credidit
1509 1045 1638 1081 Origenes
1654 1053 1708 1076 tres

916 1083 1058 1112 Trinitatis
1072 1093 1220 1120 personas,
1239 1087 1346 1116 etiamsi
1369 1091 1491 1123 operatio
1517 1091 1574 1120 haec
1593 1092 1706 1127 Spiritui

915 1135 1009 1158 sancto
1026 1132 1132 1166 proprie
1146 1132 1226 1160 tribui
1244 1134 1348 1167 soleat;
1361 1136 1398 1162 ita
1412 1137 1628 1165 Christianorum
1642 1146 1705 1173 pec-

915 1176 981 1203 eatis
998 1180 1058 1210 post
1077 1178 1241 1212 baptismum
1262 1180 1387 1208 admissis
1411 1181 1468 1208 hodi
1492 1184 1600 1217 proprie
1618 1184 1704 1219 ipsum

914 1222 992 1256 dixit,
1005 1224 1127 1257 quamvis
1142 1224 1240 1252 Filium
1265 1233 1373 1261 quoque
1386 1232 1413 1254 et
1431 1227 1538 1255 Patrem
1551 1229 1647 1257 iisdem
1663 1231 1703 1258 of-

913 1266 985 1295 fendi
1001 1269 1037 1295 sit
1050 1269 1211 1297 arbitratus.

64 1294 139 1320 κατὰ
153 1294 268 1329 μετοχὴν
283 1294 336 1321 τῶν
355 1296 561 1332 προειρημένων
579 1297 643 1332 ἡμῖν
658 1298 776 1333 Χριστοῦ
801 1299 861 1326 ἐπι·
892 1310 894 1313 ·

62 1340 146 1367 νοιῶν
157 1349 163 1354 ·
173 1338 250 1376 οἶμαι
265 1341 294 1368 δὲ
307 1341 337 1368 τὸ
347 1342 424 1376 ἅγιον
438 1342 547 1378 Πνεῦμα
563 1343 621 1379 τὴν,
637 1344 670 1370 ἵν’
682 1344 768 1377 οὕτως
781 1346 860 1378 εἴπω,

61 1386 133 1422 ὕλην
152 1387 208 1412 τῶν
231 1387 287 1413 ἀπὸ
307 1387 374 1414 Θεοῦ
401 1389 577 1424 χαρισμάτων
604 1390 732 1425 παρέχειν
746 1392 801 1423 τοῖς
827 1392 860 1418 δι’

61 1433 132 1459 αὐτὸ
150 1432 198 1458 καὶ
217 1433 266 1468 τὴν
286 1434 402 1469 μετοχὴν
415 1434 497 1461 αὑτοῦ
523 1435 737 1471 χρηματίζουσιν
760 1437 859 1471 ἁγίοις,

59 1479 114 1514 τῆς
140 1479 290 1514 εἰρημένης
307 1479 372 1515 ὖλης
397 1480 450 1506 τῶν
466 1481 642 1516 χαρισμάτων
663 1482 860 1519 ἐνεργουμένης

61 1526 115 1560 μὲν
127 1526 182 1552 ἀπὸ
195 1524 243 1552 τοῦ
254 1526 331 1558 Θεοῦ,
340 1526 548 1562 διακονουμένης
564 1527 592 1553 δὲ
606 1528 658 1554 ὑπὸ
668 1528 714 1554 τοῦ
730 1529 859 1564 Χριστοῦ,

60 1571 225 1607 ὑφεστώσης
233 1571 260 1597 δὲ
272 1571 340 1598 κατὰ
348 1573 378 1598 τὺ
387 1572 462 1606 ᾶγιον
469 1573 590 1609 Πνεῦμα·
600 1574 646 1600 καὶ
654 1575 724 1600 κινεῖ
735 1583 767 1610 με
779 1576 820 1606 εἰς
830 1575 860 1602 τὸ

58 1617 232 1649 ταῦθόὕτως
242 1617 313 1653 ἔχειν
323 1617 465 1645 ὑπολαϐεῖν
480 1618 585 1650 Παῦλος
598 1621 661 1655 περὶ
678 1621 857 1656 χαρισμάτων

58 1664 132 1691 οὕτω
147 1672 200 1690 που
222 1664 342 1699 γράφων·
360 1664 521 1698 Διαιρέσεις
535 1665 569 1692 δὲ
586 1667 776 1701 χαρισμάτων
787 1669 858 1702 εἰσὶ,

58 1708 92 1735 τὸ
110 1708 219 1735 δἀὐτὸ
230 1708 364 1743 Πνεῦμα·
379 1709 427 1735 καὶ
442 1709 600 1743 διαιρέσεις
616 1710 773 1738 διακονιῶν
788 1713 857 1744 εἰσὶ,

58 1755 110 1782 καὶ
125 1757 142 1782 ό
161 1755 251 1788 αὐτὸς
268 1755 375 1788 Κύριος
393 1754 460 1781 ’καὶ
479 1755 636 1790 διαιρέσεις
652 1756 859 1793 ἐνεργημάτων

57 1801 131 1833 εἰσὶ,
145 1801 196 1828 καὶ
208 1802 225 1828 ὀ
241 1802 332 1835 αὐτός
351 1802 417 1828 ἐστι
442 1801 514 1835 Θεὸς
529 1803 545 1829 ὁ
559 1802 689 1838 ἐνεργῶν
702 1803 737 1830 τὰ
757 1804 856 1832 πάντα

56 1847 97 1873 ἐν
109 1846 215 1874 πᾶσιν.
240 1846 341 1881 Purgat
353 1851 380 1874 et
396 1846 460 1874 illud
475 1846 619 1882 Origenem
639 1849 710 1883 quod
731 1850 755 1876 in
769 1850 854 1884 prima

56 1893 118 1927 ejus
134 1894 161 1919 in
177 1893 279 1920 Isaiam
296 1892 411 1921 homelia
425 1894 523 1928 legitur
540 1901 614 1920 num.
627 1893 644 1920 4
657 1903 663 1921 :
676 1904 684 1919 ι
696 1895 818 1929 Denique
827 1900 855 1922 ut

57 1939 192 1966 unitatem
204 1939 315 1967 Deitatis
328 1939 355 1966 in
370 1939 506 1967 Trinitate
520 1946 681 1974 cognoscas,
690 1940 763 1967 solus
774 1940 853 1968 Chri-

56 1989 116 2012 stus
134 1984 160 2011 in
176 1985 301 2018 presenti
317 1985 434 2013 lectione
452 1993 523 2013 nunc
538 1991 650 2020 peccata
672 1986 786 2013 dimittit
802 1995 809 2018 ;
824 1991 852 2014 et

56 2034 150 2056 tamen
176 2034 279 2056 certum
307 2034 349 2057 est
372 2038 386 2056 a
415 2029 548 2057 Trinitale
573 2036 685 2064 peccata
710 2030 819 2058 dimitti.
838 2041 847 2058 ι

54 2074 159 2110 Purgat
176 2080 203 2103 et
215 2075 376 2103 Paschasius
387 2076 526 2109 diaconus,
537 2076 583 2103 lib.
594 2084 602 2103 ι
615 2075 653 2103 De
666 2076 768 2110 Spiritu
787 2085 850 2104 san-

54 2125 98 2147 cto
114 2121 185 2156 (l9),
200 2129 258 2156 cap.
275 2121 302 2152 9,
312 2120 437 2156 Origcnis
451 2118 502 2148 sibi
523 2121 683 2148 sententiam
699 2129 846 2156 usurpans:

56 2175 66 2191 ι
85 2166 222 2199 Quantum
236 2167 261 2193 in
274 2166 422 2201 Scripturis
437 2167 549 2200 sanctis,
565 2167 668 2201 inquit,
685 2167 847 2194 manifestis-

946 1334 1043 1362 XXlX.
1062 1335 1127 1363 Illud
1146 1341 1277 1372 praeterea
1293 1339 1319 1365 in
1344 1338 1459 1374 Origene
1469 1339 1604 1374 culpatum
1620 1341 1704 1368 fui-se

911 1386 1105 1409 commemorat
1120 1390 1270 1418 anonymus
1286 1383 1330 1411 ille
1345 1392 1424 1419 quem
1442 1393 1490 1420 pro
1506 1393 1538 1412 co
1552 1386 1704 1420 Apologinm

911 1426 1052 1461 scripsisse
1076 1427 1157 1454 tradit
1174 1427 1286 1455 Photius
1313 1430 1374 1456 cod.
1393 1437 1487 1462 cxvn,
1505 1431 1577 1465 quod
1604 1431 1701 1457 Filium

911 1473 1067 1507 neutiquam
1092 1473 1272 1501 invocandum
1288 1482 1350 1502 esse
1371 1477 1599 1510 pronuntiaverit.
1621 1476 1702 1503 Mini-

913 1526 956 1546 me
973 1520 1079 1554 quidem
1095 1520 1226 1547 orandum
1242 1528 1303 1548 cum
1324 1521 1404 1549 Patre
1421 1521 1529 1555 Filium,
1546 1531 1599 1550 non
1612 1528 1702 1550 autem

913 1565 1071 1600 simpliciter
1090 1573 1142 1593 non
1162 1566 1293 1593 orandum
1308 1567 1426 1595 sensisse
1443 1568 1587 1603 Origenem
1610 1573 1702 1595 narrat

910 1611 1076 1646 Augustinus
1100 1612 1165 1640 liter.
1191 1621 1269 1644 sun,
1293 1613 1327 1640 ad
1352 1613 1576 1646 Quodvultdeum,
1601 1618 1628 1641 et
1652 1622 1700 1641 cur

911 1657 946 1684 ita
962 1659 1077 1685 senserit
1093 1666 1204 1685 causam
1222 1658 1301 1685 aﬂ'ert
1320 1668 1348 1686 τι
1364 1659 1433 1686 Dicit
1449 1666 1589 1694 praeterea,
1603 1660 1698 1694 inquit,

909 1703 966 1738 ipse
983 1703 1129 1738 Origenes,
1146 1705 1215 1738 quod
1235 1703 1319 1731 Filius
1346 1704 1393 1731 Dei
1421 1705 1521 1732 sanctis
1545 1705 1699 1731 hominibus

907 1754 1092 1784 comparatus,
1106 1751 1206 1778 veritas
1217 1751 1272 1783 sit;
1288 1745 1359 1777 Patri
1375 1751 1488 1777 collatus
1506 1751 1695 1783 mendacium;

907 1801 934 1822 et
947 1801 1075 1829 quantum
1098 1796 1200 1823 distant
1222 1796 1335 1831 apostoli
1352 1795 1587 1827 Christo,tantum
1609 1795 1696 1823 FiliUs

907 1839 990 1866 Patri.
1007 1839 1084 1867 Unde
1101 1847 1150 1868 nec
1163 1841 1283 1868 orandus
1300 1845 1342 1868 est
1360 1840 1444 1868 Filius
1459 1848 1519 1867 cum
1533 1840 1622 1874 Patre,
1632 1842 1694 1875 quia

906 1893 958 1912 non
971 1890 1065 1913 auctor
1077 1891 1118 1913 est
1135 1886 1356 1922 indulgendarum
1381 1887 1551 1922 petitionum,
1569 1888 1615 1915 scd
1630 1896 1694 1923 snp-

904 1931 1026 1965 plicator.
1050 1941 1059 1957 )
1079 1931 1225 1966 Utramque
1251 1933 1452 1960 accusationem
1476 1933 1632 1968 complexus
1654 1938 1696 1961 est

903 1975 1067 2010 Theophilus
1090 1976 1290 2004 Alexandrinus
1308 1976 1405 2004 Pasch.
1425 1985 1462 2010 ιι,
1482 1978 1528 2005 ubi
1552 1977 1694 2013 Origenem

901 2021 940 2047 ait
958 2027 1052 2047 ausum
1068 2028 1128 2048 esse
1142 2021 1240 2052 dicere,
1262 2031 1272 2047 ‹
1291 2021 1348 2048 Non
1362 2029 1422 2049 esse
1435 2023 1567 2049 orandum
1583 2022 1692 2056 Filium,

900 2073 989 2100 nequc
999 2073 1060 2094 cum
1075 2066 1143 2094 Filio
1154 2066 1276 2100 Patrem;
1288 2077 1298 2094 ι
1315 2075 1374 2102 quae
1385 2067 1492 2102 quidem
1507 2068 1621 2096 absurda
1641 2074 1692 2102 est,

899 2116 926 2138 et
942 2119 1033 2138 secum
1053 2119 1174 2147 pugnans
1190 2113 1364 2147 conquestio;
1380 2121 1442 2140 nam
1461 2114 1483 2141 si
1495 2113 1593 2140 Filium
1619 2115 1692 2141 orari

898 2162 973 2185 vetat
984 2157 1126 2192 Origenes,
1145 2165 1193 2185 cur
1215 2159 1344 2186 vetuisset
1358 2158 1464 2186 Patrem
1480 2160 1553 2186 orari
1569 2167 1629 2186 cum
1646 2159 1691 2187 Fi-

875 1547 895 1575 C

53 2213 124 2241 sitne
144 2213 365 2248 deprehenditur,
380 2214 431 2240 alia
446 2213 527 2240 Pater
542 2214 598 2248 ipse
614 2222 662 2248 per
672 2222 711 2245 se,
721 2213 772 2240 alia
786 2221 847 2248 spe-
863 2215 887 2245 D

914 2205 946 2236 io,
962 2205 1006 2238 qui
1024 2205 1178 2239 neutiquam
1195 2205 1313 2232 orandus
1326 2205 1391 2232 est?

51 2260 162 2288 cialiter
174 2269 219 2295 per
233 2260 342 2294 Filium,
358 2262 408 2288 alia
427 2268 474 2295 per
488 2261 622 2295 Spiritum
636 2265 770 2292 sanctum,
784 2260 847 2287 licet

51 2307 105 2334 sub
129 2307 269 2341 privilegio
284 2308 409 2341 potentiae
432 2307 593 2338 communis,
615 2312 753 2340 operatur.
777 2305 846 2338 Quia

50 2361 157 2385 sumus,
173 2353 205 2379 ad
230 2352 334 2380 Patrem
360 2354 467 2388 proprie
491 2353 586 2380 referri
608 2352 732 2385 videtur;
747 2353 843 2388 inquo,

50 2399 124 2426 sicut
145 2397 289 2432 Apostolus
304 2399 400 2425 dicit“
418 2407 424 2425 :
448 2398 573 2430 Vivimus,
597 2407 742 2430 movemur,
761 2404 784 2425 et
801 2407 845 2425 σιι-

50 2451 121 2471 mus.
141 2443 215 2477 Quod
240 2451 305 2471 vero
328 2445 449 2476 rationis,
465 2450 493 2471 et
511 2444 660 2479 sapientiae,
682 2449 709 2471 et
728 2443 840 2478 justitia:

50 2497 168 2525 capaces
180 2498 281 2524 sumus,
291 2490 328 2518 illi
342 2491 494 2526 specialiter
503 2491 547 2526 qui
557 2495 599 2518 est
609 2491 679 2517 ratio
692 2495 719 2516 et
733 2491 838 2525 sapien-

50 2536 100 2568 tia,
117 2535 271 2570 etjustitia,
290 2537 315 2564 id
331 2540 373 2563 est
391 2536 458 2564 Filio
479 2537 633 2571 deputatur.
651 2536 727 2570 Quod
747 2542 836 2563 autem

49 2581 140 2608 vocati
157 2588 359 2615 regeneramur,
376 2582 496 2608 innovati
511 2581 724 2612 sanctiﬁcamnr,
736 2589 783 2615 per
798 2582 837 2608 di-

49 2626 110 2652 vina
124 2626 228 2661 eloquia
245 2634 366 2661 personat
380 2627 496 2662 Spiritus
510 2627 595 2654 sancti
609 2627 746 2654 evidenter
757 2628 841 2654 ascri-

49 2673 131 2700 bitur.
147 2682 157 2698 ι
173 2672 304 2700 Prmclare
320 2678 347 2701 et
366 2673 398 2700 ad
424 2680 480 2700 rem
499 2673 665 2707 Augustinus
682 2672 728 2700 lib.
747 2681 780 2700 xv
802 2673 838 2699 De

50 2716 158 2750 Trinit.,
179 2725 240 2752 cap.
256 2718 305 2745 i7:
323 2728 332 2744 l
351 2718 426 2746 Sicut
446 2718 554 2745 urticqu
577 2717 625 2745 Dei
646 2717 761 2745 Verbum
775 2726 838 2753 pro-

83 2775 106 2792 "
120 2775 128 2801 Ι
143 2774 208 2803 Cur.
223 2785 271 2808 xn,
291 2776 333 2803 li.
370 2776 391 2791 ⁸¹
403 2776 463 2803 Act.
479 2783 544 2808 xvn,
559 2776 605 2804 28.

82 2833 138 2866 (19)
155 2832 233 2863 Tom.
256 2831 286 2858 Vl
307 2832 374 2858 Bibl.
393 2832 467 2859 Patr.

81 2868 137 2902 (ξω)
157 2867 262 2895 Πιξι-ιιν
275 2867 398 2902 μὲνγὰρ
412 2868 529 2902 δέησιν,
550 2872 603 2896 etc.
622 2868 659 2895 Ex
688 2867 738 2896 hoc
762 2867 836 2895 testi-

937 2260 1062 2288 Proiecto
1076 2261 1098 2288 si
1124 2261 1194 2288 dicta
1220 2261 1344 2295 superius
1357 2261 1390 2289 de
1406 2261 1504 2288 violata
1529 2261 1562 2288 ab
1575 2260 1692 2296 Origene

900 2306 962 2333 Filii
977 2306 1118 2340 majestate
1130 2307 1384 2342 recordemur,quid
1402 2307 1434 2334 de
1449 2308 1507 2340 ejus
1520 2307 1690 2334 invocatione

898 2353 1002 2386 opinari
1011 2353 1146 2385 debuerit,
1155 2353 1233 2380 facile
1243 2354 1481 2387 depreltendemus.
1492 2353 1557 2380 Cum
1570 2353 1640 2380 enim
1656 2353 1690 2380 ad

897 2398 956 2433 ejus
965 2399 1120 2433 dignitatem
1137 2407 1215 2434 quem
1227 2400 1352 2434 precibus
1365 2400 1688 2433 compellamus-aecum»

896 2444 1003 2471 modata
1022 2452 1083 2472 esse
1101 2445 1196 2472 debeat
1208 2446 1295 2473 oratio
1313 2451 1416 2478 nostra,
1428 2445 1565 2472 humiliori
1579 2443 1686 2471 Patrem

893 2490 1080 2517 obsecratione
1100 2493 1280 2519 venerandum
1299 2499 1360 2518 esse
1379 2498 1458 2525 quam
1479 2490 1576 2517 Filium
1594 2491 1684 2517 dicere

892 2532 985 2560 debuit
1002 2533 1145 2568 Origenes,
1162 2536 1184 2562 si
1202 2536 1331 2563 doctrina:
1350 2543 1405 2562 stne
1425 2535 1619 2562 connexionem
1640 2542 1684 2561 re-

892 2578 980 2606 tinere
1000 2579 1095 2607 voluit.
1115 2579 1208 2614 Neque
1233 2581 1386 2616 conjectura
1410 2584 1500 2608 nostra
1529 2587 1578 2606 nos
1603 2580 1682 2608 fallit.

894 2626 1036 2660 genuinam
1053 2627 1124 2654 enitn
1141 2628 1224 2655 fuisse
1245 2628 1314 2655 hanc
1328 2628 1386 2663 ejus
1408 2626 1572 2654 sententiam
1593 2626 1684 2652 decla-

895 2678 956 2700 rant
971 2673 1031 2701 libri
1044 2680 1133 2700 contra
1150 2673 1265 2707 Celsum,
1275 2682 1388 2709 quorum
1406 2673 1499 2708 quinto
1515 2680 1590 2699 num.
1609 2671 1625 2698 4
1642 2672 1682 2698 sic

894 2719 1001 2747 disserit
1015 2729 1021 2747 :
1035 2720 1128 2746 Πᾶταν
1143 2721 1191 2755 μὲν
1208 2721 1262 2756 γὰρ
1279 2721 1370 2756 δέησιν
1384 2720 1453 2756 (20),
1466 2719 1512 2746 καὶ
1526 2717 1682 2754 προσευχὴν

888 2831 988 2863 monio,
1005 2836 1030 2858 et
1047 2831 1106 2858 aliis
1129 2831 1199 2859 inira
1219 2832 1351 2863 adductis,
1368 2832 1539 2866 perspicuum
1556 2838 1616 2858 esse
1632 2838 1679 2865 pn-

893 2873 929 2894 tat
944 2866 1054 2894 lluctius
1066 2866 1126 2894 Filii
1146 2867 1312 2902 lllHjl‘SlillL‘tll
1335 2868 1368 2894 ab
1389 2866 1505 2902 Origene
1531 2866 1635 2897 violari,
1649 2871 1681 2892 ua
