1904 3077
200 127 253 156 735

834 125 864 151 Ρ.
883 122 1041 151 DANIELIS
1061 122 1179 151 HUETII

1784 126 1830 154 796

199 186 277 215 κύνα.
289 187 349 218 ταῖς
367 185 437 212 κατὰ
456 185 486 212 τὸ
512 184 623 211 δυνατὸν
639 185 705 219 ἡμῖν
720 183 834 215 ἱκεσίαις
849 183 896 210 καὶ
910 181 990 215 ἀξιὼ-

1050 181 1124 209 lem:
1142 191 1151 207 ι
1168 181 1235 215 Quia
1248 181 1330 217 igitur
1347 182 1472 210 Salvator
1486 181 1625 213 Creatoris
1638 187 1682 210 est
1699 182 1798 215 Filius,
1807 184 1830 210 in

201 240 260 260 σισι
274 233 397 267 σέϐομεν,
412 231 594 266 προσάγοντες
602 230 640 265 τῷ
655 230 715 266 Θεῷ
728 230 782 256 τῶν
794 230 862 257 ὅλων
881 229 930 261 τὰς
947 230 988 256 εὑ-

200 279 250 314 χὰς
264 278 307 304 διὰ
321 277 367 304 τοῦ
381 276 547 310 Μονογενοῦς
560 276 643 303 αὑτοῦ
650 273 672 310 ᾧ
683 276 790 312 πρῶτον
799 276 987 312 προσφέρομεν

200 324 296 355 αὑτὰς,
309 323 445 355 ἀξιοῦντες
453 323 545 354 αὑτὸν,
560 322 671 357 ἱλασμὸν
683 322 747 349 ὄντα
760 323 824 358 ’περὶ
837 322 891 349 τῶν
899 323 989 358 ἀμαρ-

200 371 265 398 τιῶν
275 369 363 405 ἡμῶν,
377 371 563 404 προσαγαγεῖν
577 370 615 401 ὡς
625 370 756 406 ἀρχιερέα
771 369 821 401 τὰς
836 368 927 404 εὐχὰς,
941 368 988 395 καὶ

199 416 248 447 τὰς
264 415 369 447 Θυσίας,
379 416 482 447 καὶτὰς
497 416 632 448 ἐντεύξεις
643 415 721 451 ἡμῶν
731 415 770 451 τῷ
778 416 823 442 ἐπὶ
837 416 904 442 πᾶσι
918 415 986 450 Θεῷ·

199 469 226 490 et
243 462 364 494 inferius,
378 471 452 490 num.
469 462 504 489 26
519 472 525 489 :
540 462 621 498 Μόνῳ
636 462 691 498 γὰρ
700 462 882 498 προσευκτέον
895 461 934 497 τῷ
942 462 989 488 ἐπὶ

199 509 254 535 πᾶν
263 508 331 544 Θεῷ,
348 508 395 535 καὶ
406 508 586 544 προσευκτέον
599 516 629 542 γε
638 506 676 542 τῷ
689 508 845 540 Μονογενεῖ,
856 507 903 533 καὶ
915 515 989 542 πρω-

199 555 302 591 τοτόκῳ
318 555 408 590 πάσης
419 554 545 587 κτίσεως,
559 553 637 589 Λόγῳ
649 554 728 585 Θεοῦ,
742 553 790 580 καὶ
804 553 932 585 ἀξιωτέον
944 553 990 579 αΰυ

198 601 254 633 τὸν,
266 601 303 633 ὡς
319 600 457 636 ἀρχιερέα,
471 599 520 635 τὴν
533 601 576 626 ἐπ’
592 600 672 627 αὑτὸν
692 599 834 633 φῡάσασαν
847 598 926 634 ἡμῶν
946 598 991 625 εὑ-

197 647 250 683 χὴν
265 647 411 682 ἀναφέρειν
425 647 471 673 ἐπὶ
492 646 536 672 τὸν
553 646 618 672 Θεὸν
631 646 725 676 αὑτοῦ,
743 646 790 672 καὶ
811 645 876 671 Θεὸν
898 644 988 680 ἡμῶν.

199 693 352 728 Aliquando
368 699 456 720 tamen
475 693 507 719 ad
523 691 639 720 Verbum
656 699 750 726 preces
765 691 876 726 allegari
890 698 988 718 conce-

200 740 252 772 dit,
268 746 320 767 non
335 739 412 775 quasi
429 740 483 767 Deo
499 739 571 766 Patri
587 739 749 771 oll'erendas,
772 739 820 767 sed
837 739 914 774 quasi
928 739 989 767 Filii

201 786 285 820 ipsius
300 787 439 821 proprias;
458 794 508 814 nec
535 791 663 820 tanquam
680 786 712 813 ad
731 786 853 821 μεσίτην,
868 786 914 812 sed
930 790 989 812 tan-

201 840 283 866 quam
298 833 330 859 ad
347 833 432 867 ipsum
460 833 528 860 bona
546 839 595 867 per
608 839 638 859 se
658 833 813 859 hominibus
830 832 921 868 largiri
940 839 988 858 va-

200 877 310 906 lentem.
329 878 365 904 Ita
379 879 424 905 lib.
439 886 464 911 ν,
483 886 558 905 num.
576 879 604 906 ll
622 887 628 905 :
655 878 714 905 Κᾶν
733 879 770 914 μὴ
784 879 943 914 τηλικοῦτος
959 878 989 905 δέ

199 931 242 954 τις
253 921 281 958 ᾖ,
293 923 367 949 οὐδὲν
376 921 455 958 ἦττον
464 923 510 949 καὶ
522 923 536 948 ὁ
545 922 666 954 τοιοῦτος
676 923 796 958 εὐχέσθω
806 922 845 958 τῷ
856 923 934 958 Λόγῳ
941 921 989 949 τοῦ

201 966 268 993 Θεοῦ
282 967 423 1003 δυναμένῳ
436 967 516 994 αὐτὸν
537 966 674 999 ἰάσασθαι,
686 968 733 994 καὶ
747 967 836 1003 πολλῴ
859 968 938 994 πλέον
951 967 989 1003 τῷ

200 1013 288 1049 Πατρὶ
305 1014 397 1046 αὐτοῦ,
422 1014 460 1046 ὡς
481 1015 528 1041 καὶ
544 1016 600 1046 τοῖς
617 1014 749 1050 πρότερον
768 1014 881 1047 δικαίοις
904 1015 988 1048 ἐξαπ-

200 1060 304 1087 έστειλε
315 1061 360 1087 τὸν
375 1061 460 1095 Λόγον
478 1061 587 1094 ἑαυτοῦ,
603 1061 650 1087 καὶ
668 1060 761 1087 ἰάσατο
781 1061 887 1092 αὐτούς.
909 1061 990 1088 Multo

200 1107 287 1141 ttiagis
304 1106 392 1140 rogari
404 1107 481 1141 jubet
499 1106 607 1133 Patrem
629 1114 710 1141 quam
725 1107 832 1139 Filium,
857 1112 884 1133 et
900 1107 988 1134 inten—

200 1152 264 1178 tiori
280 1158 311 1177 ac
323 1151 459 1178 humiliori
474 1151 607 1178 oratione.
628 1151 717 1187 Atque
730 1151 756 1179 id
772 1152 824 1179 sibi
836 1151 929 1179 volunt
941 1151 990 1178 Pa-

200 1201 267 1229 tres,
284 1204 344 1223 cum
363 1196 594 1225 clamantdixisse
608 1197 682 1224 illum
700 1205 753 1225 non
777 1205 837 1226 esse
854 1198 987 1225 orandum

200 1249 261 1268 cum
275 1241 356 1268 Patre
371 1241 487 1273 Filium;
505 1242 554 1269 hoc
573 1246 624 1274 est.
644 1250 697 1270 non
719 1249 779 1270 esse
795 1243 927 1269 orandum
943 1242 989 1270 iti-

200 1286 261 1313 dem
279 1291 308 1312 ut
327 1285 434 1313 Patrem
459 1285 568 1313 Filium.
589 1286 665 1315 Nune
686 1287 775 1315 facilis
790 1293 832 1315 est
846 1293 990 1316 sexcento-

201 1339 261 1358 rum
278 1332 397 1359 locorum
412 1332 573 1364 intellectus,
590 1333 616 1360 in
637 1333 736 1368 quibus
748 1333 856 1361 Patrem
871 1342 931 1362 eum
944 1334 989 1361 Fi-

202 1376 238 1404 lio
253 1377 324 1404 nulla
341 1378 506 1411 precationis
524 1379 645 1406 adhibita
669 1379 844 1407 distinctione
865 1380 991 1414 interpel-

201 1422 258 1450 lat:
274 1424 362 1458 qualis
375 1423 418 1451 ille
430 1429 472 1451 est
486 1432 518 1451 ex
540 1424 632 1451 homil.
646 1424 663 1451 4
689 1425 716 1452 in
732 1425 842 1458 Jerem.,
857 1433 933 1453 uuln.
949 1426 986 1454 6:

205 1478 214 1495 ι
229 1469 295 1498 Cum
312 1475 402 1497 autem
430 1470 571 1505 plenitudo
588 1471 707 1504 gentium
738 1471 873 1499 introierit
886 1491 894 1504 .
925 1477 989 1500 tunc

201 1517 291 1543 omnis
307 1515 388 1543 Israel
408 1516 500 1543 salvus
516 1516 568 1543 erit
582 1517 616 1550 ",
634 1523 657 1544 et
668 1517 713 1551 fiet
730 1525 798 1544 unus
811 1525 875 1553 grex
885 1522 908 1544 et
923 1526 990 1546 unus

204 1567 296 1597 pastor
309 1562 343 1594 ",
359 1562 458 1589 docens
477 1563 504 1589 in
522 1569 667 1590 commune
693 1562 821 1598 populum
838 1571 916 1591 suum
932 1571 990 1591 rna-

202 1609 331 1643 gnilicare
338 1609 549 1643 omnipotentem
558 1608 700 1636 Dominum
710 1616 772 1636 cum
781 1608 890 1637 Christo
897 1609 971 1643 Jesu;
978 1619 987 1636 ι

202 1657 230 1681 et
242 1655 284 1681 ille
298 1662 332 1682 ex
353 1654 446 1682 homil.
467 1654 500 1682 12
518 1655 546 1681 in
568 1653 677 1688 Ezech.,
696 1662 769 1682 num.
785 1655 802 1682 5
818 1664 825 1682 :
847 1665 856 1681 ι
872 1655 905 1682 Ut
918 1664 989 1683 lllln-

202 1709 284 1735 quam
304 1702 337 1728 ad
364 1701 468 1728 radices
497 1706 604 1729 nostras
620 1706 738 1736 ponatur
760 1703 872 1735 securis,
888 1710 948 1737 qua:
963 1703 989 1731 in

203 1747 348 1782 Evangelio
374 1747 549 1782 przedicatur,
577 1748 709 1775 attentius
734 1747 826 1775 Iesum
851 1749 989 1776 Christum

203 1793 347 1820 Dominum
363 1798 485 1831 nostrum
509 1801 570 1820 cum
595 1792 674 1820 Patre
691 1801 740 1821 suo
760 1801 919 1829 precemur;
937 1804 947 1820 ›
962 1800 990 1823 et

203 1837 247 1864 hic
258 1845 289 1864 ex
305 1837 396 1864 homil.
415 1837 449 1864 l5
465 1838 492 1864 in
505 1837 568 1864 Luc.
583 1845 592 1865 :
606 1847 616 1863 ι
631 1838 668 1866 Ut
684 1838 767 1872 igitur
783 1843 810 1865 et
822 1846 872 1866 nos
887 1844 989 1867 stantes

204 1883 231 1910 in
246 1884 357 1918 templo,
372 1889 398 1911 et
420 1889 541 1912 tenentes
555 1885 600 1911 Dei
615 1884 726 1917 Filium,
749 1884 989 1920 amplexantesque

205 1937 276 1962 eum,
293 1930 365 1964 digni
380 1930 538 1957 remissione
553 1935 580 1957 et
590 1929 759 1964 profectione
771 1930 805 1956 ad
823 1930 934 1958 meliora
951 1931 983 1958 si-

205 1983 275 2008 mus,
291 1977 616 2011 oremusomuipotentem
633 1976 847 2009 Deum,oremus
860 1982 886 2004 et
902 1978 988 2012 ipsum

206 2023 344 2056 parvulum
359 2021 461 2053 Jesum,
478 2030 559 2057 quem
579 2023 679 2057 alloqui
697 2027 725 2049 et
745 2028 836 2049 tenere
853 2023 990 2051 desidera-

206 2075 266 2095 mus
277 2069 302 2094 in
318 2068 453 2101 brachiis;
469 2077 478 2094 ι
493 2074 520 2096 et
531 2068 600 2095 alter
614 2069 664 2095 iste
680 2068 859 2095 exltorttil.18
875 2068 901 2095 in
917 2076 992 2096 eum-

245 2125 267 2147 ἰ
279 2126 356 2154 Rom.
373 2134 411 2160 χι,
427 2126 472 2158 25,
491 2126 536 2154 96.
576 2125 599 2142 "
612 2125 690 2154 Joan.
705 2134 731 2159 ι,
747 2125 791 2153 16.

207 2190 233 2213 et
248 2183 345 2210 Filium
369 2191 421 2210 non
440 2183 585 2210 arctiorem
603 2183 831 2216 conjunctionem,
854 2190 935 2217 quam
951 2183 991 2210 in-
1007 2188 1029 2216 ι)
1045 2184 1174 2216 xurianti.
1205 2185 1275 2211 hanc
1301 2183 1483 2218 conjecturam
1503 2182 1640 2218 proponit,

208 2225 248 2247 ter
263 2218 353 2244 liuleles
371 2217 496 2245 admitti?
512 2217 685 2253 Nequaquam
703 2217 835 2252 profecto,
856 2218 990 2252 siquidem

208 2253 369 2282 identitatem
392 2253 539 2280 voluntatis
562 2253 660 2280 ibidem
677 2253 704 2279 in
720 2257 835 2286 utroque
855 2253 988 2280 delendit.

208 2289 266 2316 Non
294 2288 379 2322 magis
404 2290 574 2315 inetueudum
592 2289 642 2315 hoc
660 2287 720 2314 loco
747 2293 798 2319 est,
823 2295 858 2314 ne
872 2287 991 2315 debitam

209 2323 280 2352 Filio
296 2323 478 2349 adorationem
494 2323 574 2350 liedat
588 2324 701 2357 petitum
715 2329 746 2349 ex
771 2322 838 2349 Isaia
856 2323 993 2350 adoratio-

210 2361 253 2386 nis
263 2357 425 2391 exemplum.
441 2372 471 2378 -
490 2358 518 2384 ι).
535 2357 661 2384 Prutlent.
677 2357 784 2390 Marus,
803 2357 839 2384 De
858 2357 994 2384 divinitate

211 2393 308 2420 Christi
327 2391 374 2419 lib.
389 2400 426 2423 ιν,
449 2399 508 2425 cap.
523 2392 566 2422 l6.
584 2400 658 2419 num.
674 2392 688 2417 7
712 2398 740 2419 et
752 2394 779 2418 8.
798 2392 861 2419 Vide
884 2393 994 2427 insuper

213 2433 291 2456 notas
305 2427 403 2454 eruditi
423 2427 499 2461 Anin
516 2427 542 2454 in
561 2427 657 2453 librum
671 2427 796 2459 Origenis
810 2427 847 2453 De
861 2428 993 2458 oratione.

212 2464 262 2490 sub
276 2463 355 2489 tinem
373 2463 436 2488 tomi
467 2462 551 2488 nostri
576 2462 683 2496 prioris.
703 2461 770 2488 Vide
784 2467 811 2488 et
827 2461 930 2488 Bullum
947 2462 996 2489 De-

213 2498 278 2559 gens.
293 2496 493 2559 Ῑίάεξένίιωηω,
507 2497 539 2524 de
547 2496 605 2524 Filii
617 2496 880 2532 τῷόμοουσίῳ,δει;ι.
894 2497 922 2530 2,
934 2504 995 2532 cap.

232 2553 240 2559 .
255 2541 328 2559 num.
381 2552 387 2558 .

213 2532 240 2566 9,
255 2541 328 2560 num.
344 2532 387 2559 l5.

250 2568 306 2603 (Si)
324 2566 614 2594 Prortatcommcntum
638 2565 705 2593 illud
723 2571 786 2593 tam.
804 2574 827 2603 ιι
850 2567 878 2593 in
901 2566 995 2597 Joan..

215 2602 287 2630 nunt.
302 2603 329 2629 6.
344 2603 380 2629 Eo
394 2603 450 2629 loco
464 2603 561 2637 quaerit
573 2603 702 2637 Origenes
713 2602 846 2634 quotuodo
862 2602 918 2628 lieri
935 2610 997 2636 pos—

217 2639 262 2669 sit,
271 2638 292 2665 si
306 2638 423 2672 Spiritus
439 2636 548 2664 sanctus
567 2644 615 2671 per
636 2636 734 2663 Filium
759 2637 874 2668 exsistit,
894 2642 922 2662 ut
941 2637 998 2670 ipse

217 2672 301 2699 Filius
313 2673 381 2706 apud
395 2671 489 2699 lsaiam
502 2673 613 2699 miSsutn
627 2680 655 2698 se
667 2672 737 2697 dicat
748 2679 762 2697 a
776 2671 890 2698 Domino
899 2677 926 2698 et
937 2672 998 2705 Spi-

218 2708 271 2742 ritu
289 2708 356 2742 ejus.
372 2707 520 2741 Respondet
534 2707 632 2741 primo,
649 2706 778 2733 «missum
793 2713 852 2742 esse
862 2706 998 2742 Christum

219 2749 235 2768 a
253 2741 365 2776 Spiritu,
383 2749 434 2768 non
447 2744 517 2775 quod
534 2744 556 2768 is
573 2749 667 2768 natura
682 2741 854 2775 prastantior
881 2741 926 2771 sit,
949 2741 995 2767 sed

219 2782 328 2810 propter
342 2777 518 2803 oeconomiam
535 2777 726 2803 incarnationis
741 2776 802 2802 Filii
817 2775 861 2802 Dei
876 2775 1000 2802 Salvato-

219 2812 258 2838 ris
268 2813 312 2845 qui
335 2818 365 2838 se
384 2811 452 2837 iul'ra
469 2811 598 2844 Spiritum
621 2812 766 2838 imminuit.
783 2820 791 2835 ι
808 2810 908 2836 Deinde
922 2817 997 2840 vero,

220 2850 248 2872 ut
260 2849 318 2873 erat
332 2846 438 2879 ingenio
452 2846 477 2873 iu
494 2846 626 2879 ejusmodi
641 2847 721 2874 rebus
745 2845 931 2876 excogitandis
956 2845 998 2871 lu-

1039 235 1183 255 eommune
1201 227 1307 255 Patrem
1325 227 1476 264 Filiumque
1499 228 1651 260 laudemus.
1680 228 1766 262 cujus
1781 228 1829 259 lu,

1039 273 1117 306 cujus
1130 278 1158 301 et
1173 273 1302 307 templum
1315 279 1374 307 est;
1390 283 1399 298 ι
1417 278 1444 301 et
1456 274 1551 301 homil.
1567 275 1601 301 ’57
1633 275 1659 301 in
1677 274 1810 301 eumdem
1824 283 1830 300 τ

1042 327 1052 344 ι
1072 318 1218 354 Propterea
1229 318 1334 346 Domini
1355 319 1569 346 misericordiam
1583 321 1782 354 deprecemur.
1803 327 1833 346 ne

1040 365 1117 392 nobis
1135 365 1287 392 tacentibus
1303 365 1407 400 lapides
1419 365 1570 398 clamitent,
1586 365 1633 393 sed
1645 365 1798 400 loquamur
1809 371 1833 392 et

1039 412 1179 440 laudemus
1189 413 1272 440 Deum
1287 413 1312 440 in
1329 413 1419 446 Patre,
1431 419 1457 440 et
1466 413 1543 445 Filio.
1555 418 1582 441 et
1591 413 1698 447 Spiritu
1709 418 1830 441 sancto.»

1039 459 1117 487 Orari
1135 460 1244 494 quidem
1258 460 1365 488 Patrem
1380 460 1457 495 jubet
1473 466 1500 488 et
1523 460 1632 494 Filium,
1650 461 1700 489 sed
1722 461 1833 488 diverso

1039 512 1138 540 genere
1152 505 1294 532 orationis.

1077 550 1160 577 XXX.
1174 550 1345 578 Postremum
1359 551 1411 579 hoc
1426 551 1604 586 objiciendum
1619 551 1697 578 venit
1710 550 1831 585 Origcni,

1041 597 1180 632 opinatum
1192 605 1254 624 eum
1277 597 1386 624 humani
1413 598 1626 633 redemptionem
1642 598 1760 633 generis
1775 596 1833 631 Spi-

1042 642 1123 670 ritum
1136 648 1261 670 sanctum
1273 644 1444 678 potissimum
1460 643 1600 676 decuisse;
1625 648 1712 678 atque
1736 643 1764 669 id
1780 651 1833 669 nm-

1041 696 1091 716 nus
1108 696 1168 716 cum
1182 689 1258 716 obire
1274 697 1305 717 ac
1323 690 1459 717 sustinere
1473 690 1630 724 neutiquam
1643 696 1693 724 pos
1713 694 1755 720 et,
1770 688 1833 716 Filio

1040 734 1213 769 imposuisse,
1230 740 1325 769 utpote
1349 735 1396 770 qui
1425 744 1495 763 unus
1520 742 1594 763 recte
1608 736 1702 770 quiret
1721 735 1832 769 provin-

1041 780 1109 807 ciam
1135 782 1205 808 hanc
1225 781 1428 808 administrare.
1441 781 1548 808 Prostat
1565 786 1757 808 commentum
1774 781 1833 808 iii-id

1042 831 1106 853 tom.
1132 833 1150 852 Il
1164 846 1171 858 ,
1189 826 1216 853 in
1240 825 1332 857 Joan.,
1350 833 1425 852 num.
1443 825 1459 852 6
1474 826 1530 861 (21)
1548 835 1554 852 :
1572 826 1607 852 “ll
1621 825 1695 860 τάχα
1714 825 1776 851 ἐστὶ
1789 825 1833 850 καὶ

1038 870 1117 898 τοῦτο
1138 872 1236 903 εἰπεῖν,
1249 872 1290 898 ὅτι
1306 872 1391 898 ἐδεῖτο
1404 873 1420 907 ὴ
1438 873 1525 903 κτίσις
1537 872 1605 907 ὑπὲρ
1624 871 1671 898 τοῦ
1684 871 1833 906 ἐλευθερω-

1039 916 1118 952 θῆναι
1132 918 1185 944 ἀπὸ
1194 919 1242 952 τῆς
1258 917 1379 950 δουλείας
1395 918 1444 953 τῆς
1457 918 1570 953 φθορᾶς,
1582 918 1649 944 ἀλλὰ
1666 918 1719 944 καὶ
1734 917 1766 944 τὸ
1783 917 1833 943 τῶν

1039 962 1190 998 ἀνθρώπων
1197 963 1285 997 γένος.
1301 964 1438 999 μακαρίας
1453 964 1501 990 καὶ
1515 963 1590 995 θείας
1600 963 1750 997 δυνάμεως
1764 960 1834 989 ἔναν-

1039 1007 1213 1044 Θρωπούσης,
1227 1009 1288 1044 ἥτις
1302 1008 1479 1044 διορθώσεται
1492 1009 1538 1035 καὶ
1547 1008 1582 1035 τὰ
1593 1009 1639 1034 ἐπὶ
1652 1008 1706 1043 τῆς
1719 1008 1834 1043 γῆς,κ.ι“ι

1038 1053 1158 1090 ὡσπερεὶ
1171 1055 1304 1081 ἐπέϐα),λέ
1320 1063 1378 1086 πως
1395 1055 1433 1090 τῷ
1453 1055 1523 1090 ἁγίῳ
1544 1055 1682 1089 Πνεῦματι
1699 1055 1718 1089 ἡ
1738 1053 1833 1088 πρᾶξις

1040 1099 1120 1135 αὕτη,
1130 1101 1225 1135 ἥντινα
1237 1101 1382 1136 ὑπομένειν
1395 1101 1426 1127 οὺ
1437 1101 1584 1136 δυνάμενον
1593 1099 1782 1134 προϐάλλεται
1793 1098 1834 1125 τὸν

1039 1145 1162 1180 Σωτῆρα,
1177 1145 1214 1177 ὡς
1234 1145 1264 1172 τὸ
1276 1145 1433 1181 τηλικοῦτον
1450 1143 1529 1172 ἆθλον
1551 1146 1630 1181 μόνον
1647 1146 1776 1179 ἐνεγκεῖν
1790 1144 1830 1170 δυ-

1039 1191 1164 1226 νάμενον.
1176 1190 1276 1218 Coutra
1289 1198 1349 1218 eam
1360 1191 1515 1226 opinionem
1527 1195 1694 1226 consurgunt
1711 1189 1832 1216 universi

1040 1233 1146 1266 Patres.
1165 1239 1191 1262 et
1207 1243 1262 1270 pra:
1276 1236 1389 1270 reliquis
1399 1235 1540 1263 Trinitatis
1552 1240 1653 1262 sanctae
1667 1235 1797 1269 personis
1811 1235 1833 1261 id

1039 1280 1129 1314 operis
1140 1280 1208 1307 Filio
1228 1280 1363 1316 prtecipue
1377 1280 1535 1307 convenisse
1549 1280 1756 1310 demonstrant.
1771 1286 1832 1306 cau-

1041 1319 1140 1360 sasque
1153 1324 1234 1359 huius
1253 1325 1367 1351 reddunt
1395 1324 1557 1358 multiplices
1576 1330 1604 1351 et
1630 1324 1750 1355 validas,
1769 1331 1832 1359 qua-

1041 1379 1100 1398 rum
1117 1371 1161 1399 hic
1176 1371 1330 1405 explicandi
1346 1371 1421 1398 locus
1437 1379 1490 1398 non
1508 1375 1559 1398 est.
1572 1370 1680 1398 Patrem
1696 1376 1793 1398 tamen
1805 1377 1833 1396 ac

1042 1416 1174 1452 Spiritum
1187 1422 1311 1444 sanctum
1329 1416 1424 1444 eodem
1439 1416 1528 1444 ofﬁcio
1543 1417 1615 1444 haud
1632 1424 1714 1444 secus
1735 1424 1768 1444 ac
1787 1416 1831 1443 Fi-

1040 1464 1106 1491 lium
1123 1463 1232 1498 defungi
1244 1464 1363 1498 potuisse
1373 1463 1525 1491 communis
1539 1468 1579 1490 est
1597 1463 1624 1490 Et
1634 1463 1728 1490 clesite
1741 1462 1833 1490 catho-

1042 1509 1101 1536 licae
1119 1509 1255 1541 doctrina,
1269 1516 1384 1543 eamque
1401 1512 1491 1535 tuetur
1503 1507 1622 1535 Thomas
1640 1512 1715 1542 part.
1745 1514 1787 1538 tu,
1806 1514 1832 1540 q.

1043 1555 1073 1587 3,
1086 1562 1113 1582 a.
1128 1554 1155 1582 5.
1174 1554 1258 1582 Favet
1274 1554 1450 1581 nihilominus
1464 1553 1571 1588 Origeni
1593 1553 1754 1585 Anselmus,
1768 1553 1812 1588 qui
1825 1574 1832 1584 ,

1045 1602 1097 1629 alio
1126 1601 1242 1630 fortasse
1265 1609 1413 1636 persuasus
1429 1604 1587 1636 argumento
1617 1607 1669 1627 non
1686 1600 1772 1626 aliam
1789 1593 1831 1633 p7»-

1045 1647 1130 1674 tuisse
1149 1647 1224 1674 carui
1242 1654 1298 1674 suae
1320 1646 1444 1674 humanae
1459 1646 1556 1681 illigari
1590 1652 1739 1680 personam
1756 1653 1832 1680 quam

1045 1692 1141 1720 Filium
1156 1692 1225 1720 dixit
1236 1693 1262 1720 in
1274 1700 1308 1720 eo
1322 1699 1414 1727 opere,
1425 1691 1469 1719 cui
1481 1691 1585 1718 titulum
1604 1690 1680 1723 fecit,
1691 1690 1752 1718 Cur
1768 1690 1833 1717 Dm

1044 1737 1130 1764 homo.
1151 1746 1160 1763 ι
1179 1737 1312 1770 Quoniam
1332 1744 1407 1772 ergo,
1432 1736 1530 1772 inquit,
1556 1735 1696 1770 quodlibet
1720 1743 1831 1770 parvum

1043 1782 1237 1810 inconveniens
1254 1782 1280 1809 in
1300 1782 1355 1809 Deo
1365 1787 1407 1810 est
1420 1781 1598 1816 impossibile,
1609 1789 1661 1808 non
1673 1781 1770 1808 debuit
1781 1781 1830 1807 alia

1042 1835 1158 1863 persona
1175 1828 1325 1860 incarnari,
1343 1836 1424 1863 quant
1443 1827 1539 1855 Filius.
1554 1837 1564 1853 ι

1323 1873 1485 1907 ρυΑΞδτιο
1505 1873 1548 1900 Ill.

1059 1926 1092 1945 DE
1108 1926 1231 1951 CIIRISTO.
1248 1927 1362 1951 ειυδριιε
1385 1927 1580 1947 INCARNATIONE
1591 1940 1597 1949 ,
1611 1927 1645 1946 ΕΤ
1661 1926 1818 1946 (ΣΩΟΝΟΙΙΔ.

1044 1965 1063 1992 Ι.
1084 1966 1206 1993 Plurima
1224 1967 1256 1993 de
1267 1966 1371 1993 Christo
1390 1967 1488 1992 absona
1503 1966 1626 2000 Origenes
1643 1966 1769 1997 opinatus
1785 1970 1830 1991 est.

1079 2002 1109 2028 11.
1125 2000 1218 2028 Utrum
1233 2001 1366 2028 Christum
1379 1999 1586 2028 substantiultter
1603 2002 1628 2026 in
1650 1999 1759 2035 Moyse,
1774 2007 1831 2032 pro-

1080 2037 1163 2071 pltetis
1185 2042 1209 2063 et
1235 2037 1336 2071 angelis
1361 2036 1478 2070 adfuisse
1498 2035 1616 2062 soluerit.
1641 2035 1684 2061 lll.
1699 2034 1703 2035 ⁷
1719 2034 1830 2071 Patrum

1083 2072 1224 2098 multorum
1244 2079 1351 2098 assensu
1365 2076 1389 2098 et
1406 2079 1455 2098 sua
1471 2071 1552 2105 ipsius
1571 2070 1748 2104 ﬂuctuatione
1762 2070 1818 2101 ium

1656 2181 1672 2216 ἦ
1690 2182 1764 2216 τάχα
1776 2184 1831 2209 ἐστι

1045 2189 1174 2216 xurianti,
1206 2189 1275 2211 hanc
1301 2189 1483 2218 conjecturam
1503 2189 1640 2218 proponit,
1656 2189 1672 2216 η
1690 2189 1764 2218 ταχα
1776 2189 1830 2209 εστι

1043 2221 1090 2247 καὶ
1106 2219 1184 2246 τοῦτο
1199 2220 1287 2246 εἰπεῖν
1306 2219 1346 2245 ὅτι
1361 2218 1445 2245 ἐδεῖτο
1469 2219 1485 2253 ὴ
1501 2218 1598 2250 κτίσις,
1613 2222 1666 2244 etc.
1697 2218 1830 2252 Duplicem

1044 2255 1090 2283 hic
1106 2262 1227 2282 errorem
1245 2255 1358 2288 castigat
1374 2254 1500 2281 Huetius.
1521 2253 1574 2280 Sed
1595 2253 1636 2278 vir
1653 2253 1826 2288 doctissimus

1045 2290 1133 2317 minus
1143 2287 1334 2316 animadvertit
1355 2288 1574 2324 ἱΙΙυιι-ὡσπερεὶ,
1599 2288 1668 2322 quod
1687 2287 1830 2322 Origeucm

1045 2325 1133 2360 ﬁgura
1151 2325 1266 2359 quadam
1283 2324 1413 2351 orationis
1426 2325 1464 2350 uti
1479 2324 1658 2360 demonstrat,
1682 2329 1715 2348 ac
1731 2331 1831 2360 nequa-

1046 2358 1127 2394 quam
1144 2360 1234 2387 dicere
1261 2359 1475 2386 incarnationem
1494 2358 1605 2393 Spiritui
1623 2361 1718 2384 sancto
1747 2359 1829 2391 potis-

1045 2396 1142 2422 simum
1167 2396 1337 2426 convertisse,
1365 2401 1480 2428 rumque
1498 2395 1548 2420 hoc
1565 2401 1664 2420 munus
1697 2394 1830 2419 sustinuere

1046 2438 1099 2457 non
1115 2430 1253 2464 potuisse;
1272 2431 1320 2464 sed
1335 2430 1410 2463 qttasi
1424 2438 1448 2455 et
1468 2429 1635 2464 conveniret.
1647 2435 1680 2454 ac
1696 2428 1829 2454 sustinere

1048 2473 1100 2491 non
1116 2463 1218 2499 posset,
1235 2464 1271 2490 ita
1286 2463 1421 2499 salvatori
1438 2463 1576 2490 detulisse.
1598 2463 1666 2489 Nam
1676 2470 1745 2499 _cum
1759 2468 1829 2490 certo

1048 2497 1152 2526 teneret
1161 2499 1291 2533 Origenes
1302 2498 1398 2525 Filium
1408 2498 1508 2533 Spiritu
1520 2502 1613 2524 sancto
1631 2497 1761 2531 majorem
1773 2504 1829 2524 esse

1049 2535 1154 2562 ratione
1165 2534 1287 2567 originis,
1307 2542 1356 2560 uec
1367 2534 1400 2560 ab
1415 2542 1449 2561 eo
1466 2533 1535 2560 mitti
1549 2541 1639 2567 posse,
1655 2533 1759 2567 quippe
1772 2540 1827 2558 cunt

1048 2570 1163 2604 Spiritus
1177 2574 1287 2596 sanctus
1297 2576 1345 2603 per
1358 2568 1452 2604 l-‘iliurn
1465 2569 1590 2600 exsistat,
1599 2568 1640 2594 sic
1652 2568 1728 2604 lsata:
1745 2567 1826 2604 locutu

1048 2602 1236 2639 ciplicandum
1251 2604 1370 2638 putavit.
1385 2608 1413 2630 ut
1429 2603 1512 2630 Filius
1525 2610 1578 2630 non
1594 2607 1621 2629 ut
1634 2610 1649 2629 a
1663 2602 1827 2639 majore,scd

1049 2638 1107 2666 ut'a
1124 2646 1240 2674 persona
1253 2645 1287 2665 ex
1304 2639 1363 2672 ipso
1375 2639 1538 2673 prottedente
1554 2644 1581 2664 et
1597 2639 1648 2665 hoe
1667 2644 1768 2674 munus
1784 2638 1828 2663 ho-

1049 2672 1131 2702 noris
1143 2681 1224 2700 causa
1240 2672 1381 2700 deferente
1400 2674 1498 2700 missus
1520 2674 1666 2700 diceretur.
1682 2672 1825 2699 Perahsur-

1050 2711 1112 2736 dum
1127 2716 1191 2744 ergo
1208 2710 1277 2735 l'oret
1292 2709 1316 2734 id
1331 2708 1402 2744 quod
1417 2709 1547 2744 Origenes
1561 2715 1613 2734 ase
1626 2707 1826 2744 titrtgideclarat,

1050 2749 1079 2770 ut
1094 2741 1398 2778 gerulauissiuramejus
1410 2742 1569 2778 sententiam
1599 2741 1735 2778 accipere.
1752 2741 1826 2778 -ρ,

1049 2775 1178 2840 Ριιῖιιειὶῖἰ
1194 2778 1302 2811 ΜΔΕΑΝ,
1322 2775 1361 2805 ne
1373 2778 1475 2805 diuinit.
1491 2777 1588 2805 Christi
1602 2777 1648 2805 lib.
1661 2775 1704 2810 ιν,
1718 2784 1779 2811 cap.
1791 2775 1827 2806 tti,

1051 2821 1126 2840 Ilum.
1181 2833 1187 2840 ι

1051 2821 1126 2841 ttulit.
1144 2814 1187 2840 10.
