1904 3077
88 127 144 156 797

501 134 788 166 ORIGENIANORUM
806 138 871 165 LIB.
892 138 923 170 II,
944 138 1019 167 CAP.
1041 139 1074 170 ll,
1096 139 1234 173 QU/EST.
1255 140 1310 167 III.‘

1667 143 1717 170 7418

125 189 241 234 (AurLI'V.
257 190 314 222 Qua
333 199 409 234 sensu
425 193 521 234 dixerit
539 194 640 234 Filium
654 197 719 234 D_ei,
738 203 877 234 antequam
893 201 915 229 Α
930 207 1011 231 unus.
1028 208 1038 225 ι
1059 200 1145 234 inquit
1156 208 1230 227 num.
1253 200 1280 232 5,
1299 208 1309 226 ι
1327 199 1433 227 Domini
1452 201 1505 228 mei
1526 200 1589 229 Iesu
1616 202 1716 230 Christi

126 230 196 267 esset
213 227 299 256 homo,
313 228 482 267 medietatem
506 230 597 267 fuisse.
620 232 650 259 V.
667 232 700 258 In
713 227 765 267 quo
779 227 810 260 et.
821 233 876 260 Pa-

125 265 198 300 trum
213 262 385 300 quorumdam
397 265 566 292 consensione
579 275 606 292 se
620 262 724 294 tuetur:
733 267 774 294 VI.
786 269 875 296 Excu-

127 297 233 336 tiuntur
252 297 308 330 ejus
320 305 420 324 errores
435 300 468 336 de
489 301 578 336 anima
600 301 707 329 Christi.
733 303 786 330 VII.
808 304 876 336 Qui-

127 329 281 370 bus-tanien
303 340 353 358 mm
375 334 542 364 pertinaciter
564 337 686 364 adita-sit.
712 329 776 365 VIII.
802 329 876 365 Non-

127 365 197 391 nulli
222 367 304 406 ipsius
333 374 499 406 accusatores
532 372 718 399 retundantur.
746 373 790 400 IX.
817 374 876 406 Quo

125 407 206 426 sensu
222 400 320 439 Filium
334 408 356 428 et
377 403 434 439 eius
455 405 570 431 animum
593 415 672 433 unum
691 417 746 435 esse
767 400 874 439 dixerit,

125 437 346 494 ﬂlemadniodum
373 436 453 464 Pater
480 444 503 465 et
532 439 617 467 Filius
641 451 721 468 unum
744 449 814 470 sunt.
839 436 874 470 XI

156 474 225 494 trum
242 470 373 494 Christum
388 481 491 494 mrum:
505 475 537 494 Α,
550 476 612 494 ηνιη
628 479 746 494 ιιιιυιι..Δ
765 487 859 494 ........,.

156 474 225 512 trum
242 470 491 512 Chr'istunt'carnem
505 475 537 501 de
549 476 612 512 (telo
628 479 746 504 attulisse
765 487 875 512 persua-

125 512 187 547 sum
209 506 337 547 habuerit.
366 506 409 547 XI.
432 509 473 535 An
494 511 632 547 crediderit
661 506 794 540 Christum
818 521 875 547 spe-

126 545 243 566 cta/enus
259 545 286 567 in
309 545 385 568 terris
402 546 570 575 apparuisse.
591 554 643 572 non
665 555 749 574 veram
768 545 872 575 carnem

127 581 252 616 gestasse.
266 575 321 616 _.\'ll_.
346 576 490 616 solvuntur
509 580 625 616 difficiles
644 582 725 616 ipsius
745 583 794 609 loci
811 584 872 610 duo.

127 608 199 650 xm.
212 609 286 651 (lude
309 611 336 638 in
359 611 425 651 hanc
443 614 520 651 οθιςιί
537 608 659 651 "Christo,
673 617 736 650 falsi
758 608 874 650 sese;

126 648 301 677 suspicionem
312 648 419 676 venerit.
433 649 594 681 exploratur.
611 648 678 678 XIV.
693 651 786 678 Utrum
796 648 874 679 Chri-

126 685 197 706 stum
213 688 312 707 merum
324 689 378 708 esse
394 684 523 710 hominem
545 686 743 713 existimaverit.
763 687 819 713 XV.
834 690 874 714 An

126 715 194 756 duo:
218 713 336 756 Christus
357 717 473 756 ᾕρει-Η.
498 717 567 756 XVI.
585 719 679 747 Utrunt
694 727 716 748 et
732 731 781 756 quo
794 713 873 748 sensu

126 748 220 788 {esum
236 748 362 788 induisse
377 751 474 778 Filium
496 753 541 781 Dei
560 748 777 788 pronuntiaverit.
793 757 872 784 XVII.

127 783 188 815 Quo
215 793 291 811 sensu
317 786 449 813 Christum
469 783 565 816 dixerit
591 790 727 819 deiﬁcasse
752 797 874 818 maturam

125 820 386 859 ΙιιιηιᾳηαηιελνιΗ.
404 822 461 859 Quo
477 831 555 850 sensu
573 824 705 852 Christum
720 835 774 853 esse
799 827 874 853 dixe-

125 856 160 879 rit
174 855 257 895 rirpnm
271 855 344 895 illum
356 858 481 895 sterilem,
496 860 528 884 de
539 859 729 895 qttojereiiiitts
739 870 796 895 cap.
807 869 860 888 uti

123 896 194 916 vers.
210 889 258 931 50.
272 889 338 931 XIIX;
356 884 450 931 (intrum
474 880 798 931 :corp-itstlii-isli'lit'biqzie
807 880 871 923 "e223
890 880 910 908 Β

125 924 345 965 censuerit.
365 925 419 965 fro
436 924 530 962 quibus
543 937 648 965 possunt
664 924 795 957 Christian
813 932 870 965 upi-

124 965 205 985 nntus
218 960 261 985 sit.
278 959 346 986 XXI.
361 959 660 991 Recensentur'l’atrum
676 959 871 993 criminationes

123 994 251 1033 aduersus
280 994 400 1033 Qrigenis
435 999 600 1033 sententiam.
633 999 712 1026 XXII.
747 1001 811 1033 Qutv
840 1009 872 1027 ex

122 1030 208 1062 ipsius
233 1030 314 1056 verbis
331 1032 495 1065 proponitur.
516 1032 611 1063 XXIII.
634 1034 696 1061 Non
718 1030 784 1062 satis
811 1044 872 1062 coti-

123 1068 178 1089 stat
192 1072 226 1103 an
239 1073 306 1097 stupe
321 1066 380 1099 jam
403 1075 451 1100 pro
468 1068 544 1094 rebus
567 1070 668 1096 ratione
686 1071 803 1103 prwditis
814 1091 821 1102 ,
837 1079 872 1097 an

123 1099 321 1139 semeltantum
335 1109 456 1133 possunt,
477 1104 603 1139 (inetiam
619 1099 762 1138 aliquando
779 1099 873 1139 passu-

124 1141 185 1159 rum
199 1134 330 1174 Christum
342 1138 480 1174 putauerit.
502 1137 597 1165 XXIV.
685 1148 764 1174 supra
779 1134 872 1167 allatis

124 1169 242 1209 genuina
268 1171 351 1209 ipsius
381 1172 607 1209 opiniohelicitur.
634 1169 722 1200 XXV:
746 1174 828 1209 Cujus
848 1181 872 1202 et

124 1205 199 1237 origo
227 1205 368 1244 indicatur.
515 1207 663 1244 __N0nnulla
694 1205 794 1243 faciunt
824 1219 872 1244 pro

123 1245 206 1264 causa
232 1238 362 1274 Origenis.
392 1240 496 1271 XXVII.
513 1242 607 1270 Utrum
631 1238 763 1270 Christum
778 1246 804 1271 in
819 1238 873 1272 sole

125 1280 221 1304 corpus
229 1282 305 1311 suum
320 1276 454 1311 reliquisse
462 1279 509 1304 sibi
520 1278 637 1311 ﬁnxerit.
648 1278 767 1308 XXVIII.
777 1279 873 1306 Utrum

124 1309 257 1335 censuerit
272 1309 404 1336 Christum
429 1309 558 1348 hominem
577 1321 632 1340 esse
652 1315 777 1346 desiisse,
802 1321 873 1348 post-

123 1351 212 1380 quam
227 1349 344 1371 niortuus
369 1350 416 1371 est.
440 1346 534 1374 XXIX.
554 1347 611 1380 Quo
634 1357 710 1375 sensu
737 1346 872 1376 Christum

123 1378 223 1416 dixerit
241 1381 320 1405 etiam
338 1387 406 1416 nunc
432 1381 519 1416 lugere
541 1378 647 1416 piccuta
673 1389 771 1410 nostra.
786 1385 872 1412 XXX.

127 1411 226 1439 Utrum
242 1421 350 1447 regnum
364 1411 621 1444 Cltristivdesit'urum
635 1419 784 1447 crediderit.

125 1457 147 1485 Ι.
165 1458 317 1493 Vulgatum,
335 1465 363 1487 et
377 1461 402 1487 in
412 1461 511 1489 scholis
520 1467 655 1497 receptura
665 1464 872 1499 theologicarum

87 1504 303 1538 disputatiomnn
316 1506 436 1533 ordinem
461 1507 505 1534 hic
524 1508 690 1542 deserimus,
707 1515 872 1538 assectantes

86 1548 237 1585 Origenem
250 1571 258 1582 ,
280 1552 357 1586 cujus
371 1557 399 1579 ut
414 1553 558 1581 abnortnes
576 1554 684 1582 fuerunt
704 1556 826 1591 plurima:
843 1558 874 1583 de
889 1559 910 1589 C

87 1596 173 1622 rebus
193 1596 292 1623 divinis
307 1597 447 1624 sententiae
459 1617 466 1629 .
484 1598 518 1624 ita
532 1599 672 1632 peculiari,
687 1604 714 1627 et
729 1608 744 1627 a
759 1608 874 1628 conerie-

87 1641 126 1668 tis
150 1641 240 1668 aliena
255 1642 387 1669 divisione
400 1644 547 1670 tractanda:
561 1649 634 1672 sunt.
663 1645 692 1672 In
718 1645 874 1673 inferiorem

86 1693 155 1722 ergo
169 1687 256 1714 locum
274 1688 393 1722 rejectis,
418 1695 476 1722 quae
500 1689 533 1715 ad
552 1690 662 1723 angelos
685 1696 712 1718 et
737 1692 874 1725 opiﬁcium

87 1739 139 1759 sex
154 1732 278 1766 dierum,
304 1734 412 1768 aliaque
435 1734 477 1761 his
496 1735 622 1770 deinceps
647 1737 773 1764 subnecti
796 1738 875 1765 solita

87 1777 249 1812 pertinent,
266 1779 459 1812 quieslionibns
470 1800 477 1812 ,
494 1774 619 1816 O'rigenis
642 1782 674 1808 de
698 1781 781 1809 Verbi
797 1784 876 1810 ἐναν-

88 1823 232 1859 ορωπήσει
268 1829 294 1852 et
326 1825 465 1861 οἰκονομίᾳ
490 1833 688 1860 perscrutemur
708 1829 836 1862 decreta,
851 1829 874 1856 si

88 1877 152 1904 qua:
176 1875 238 1896 sunt
264 1871 379 1897 obnoxia
411 1873 682 1906 reprehensionibus,
706 1879 732 1901 et
756 1875 874 1901 animum

87 1920 205 1951 possunt
224 1915 362 1944 olfendere
375 1918 482 1945 lectoris
495 1919 649 1946 orthodoxi.
667 1919 706 1947 Ac
718 1926 780 1947 sunt
792 1926 874 1953 certe,

89 1969 181 1996 neque
205 1969 307 1996 pauca,
326 1972 385 1997 quae
412 1964 446 1990 ab
470 1965 528 1998 ejus
544 1965 673 1992 ventilata
696 1970 725 1992 et
739 1966 876 1993 confutata

89 2008 269 2041 adversariis,
286 2014 388 2036 aeterna
408 2010 510 2037 nomini
526 2010 584 2046 ejus
599 2010 726 2046 stigmata
741 2011 877 2046 imposue-

89 2058 164 2080 runt.
249 2084 257 2090 _

126 2100 159 2128 Il.
178 2101 247 2128 Leve
265 2101 329 2128 illud
354 2105 395 2128 est
421 2109 475 2135 pra:
496 2101 607 2136 reliquis
622 2109 683 2129 mox
697 2102 875 2137 exponendis,

89 2153 117 2175 et
132 2147 248 2182 aliquant
264 2148 366 2175 habens
379 2149 595 2180 excusationem,
609 2156 662 2183 quo
676 2149 813 2177 Christum
828 2151 876 2177 do-

89 2194 157 2226 cuit,
172 2199 314 2229 antequam
339 2194 420 2221 homo
442 2195 533 2227 fieret,
559 2194 632 2221 Patri
660 2195 873 2228 ministrantem,

89 2239 118 2266 in
142 2238 244 2273 Moyse,
262 2239 398 2273 prophetis
417 2244 445 2266 ct
468 2239 571 2272 angelis
596 2239 733 2265 hominum
762 2231 912 2266 salutcm'D

89 2285 311 2319 promoventibns
328 2284 460 2316 adfuisse,
478 2288 505 2311 et
521 2284 629 2318 quidem
647 2284 870 2317 substantialiter,

90 2334 173 2364 atque
190 2331 224 2356 ita
238 2338 314 2357 suam
328 2330 526 2365 quodammodo
549 2329 703 2365 οἰκονομίαν
721 2330 872 2357 inchoasse.

90 2378 131 2405 En
151 2377 197 2404 tibi
213 2377 297 2412 ipsius
311 2378 390 2404 verba
407 2385 438 2404 ex
454 2377 546 2404 homil.
562 2376 578 2403 8
591 2377 618 2403 in
633 2375 737 2408 Genes.,
752 2385 824 2403 filllll.
837 2377 871 2404 8:

93 2433 103 2449 ι
124 2423 157 2450 Et
183 2429 272 2450 tamen
295 2422 520 2450 considerandum
545 2427 586 2449 est
603 2423 666 2457 quia
685 2422 796 2457 angelus
818 2422 876 2449 hinc

91 2470 209 2497 refertur
227 2470 260 2496 ad
270 2469 404 2496 Abraham
417 2469 536 2501 locutus,
553 2473 580 2495 et
591 2470 654 2503 quia
665 2469 691 2496 in
705 2476 873 2503 consequen-

91 2517 164 2542 tibus
191 2517 333 2543 evidenter
363 2516 406 2542 hic
431 2515 543 2550 angelus
560 2515 688 2542 Dominus
712 2515 873 2542 ostenditur.

91 2562 168 2590 Unde
181 2567 244 2595 puto
256 2561 326 2596 quod
345 2561 413 2588 sicut
432 2561 501 2588 inter
518 2567 566 2588 nos
582 2561 704 2588 homines
719 2560 811 2587 habitu
833 2567 875 2586 re-

90 2612 187 2643 pertus
199 2611 241 2634 est
255 2612 284 2633 ut
302 2607 393 2638 homo,
410 2606 446 2634 ita
461 2612 489 2633 et
508 2606 578 2632 inter
591 2605 700 2639 angelos
726 2603 818 2631 habitu
833 2610 874 2631 est

90 2657 218 2685 repertus
243 2656 272 2677 ut
296 2651 428 2686 angelus;
456 2661 465 2677 ι
485 2655 512 2678 et
539 2659 572 2677 ex
599 2650 693 2678 homil.
721 2650 733 2676 l
758 2650 784 2676 in
809 2649 873 2676 illud

89 2697 167 2724 Isaiae
181 2705 189 2725 :
209 2695 242 2723 Et
255 2705 340 2732 regem
354 2697 491 2723 Dominum
505 2697 620 2724 Sabaoth
631 2697 682 2723 uidi
695 2695 777 2722 oculis
797 2695 872 2726 meis,

89 2748 112 2769 et
127 2743 223 2770 missus
240 2747 276 2770 est
291 2745 324 2769 ad
340 2750 379 2769 me
400 2750 467 2770 unus
478 2743 509 2770 de
525 2743 654 2772 semp/tim
669 2741 692 2757 “
707 2750 713 2768 :
731 2750 740 2766 ι
757 2741 814 2768 Non
833 2746 874 2768 est

928 244 1059 271 adventus
1078 252 1132 278 quo
1147 244 1286 271 descendit
1297 244 1329 271 ad
1347 249 1448 275 terras;
1464 250 1491 272 et
1507 247 1539 272 ad
1559 245 1653 273 Isaiam
1668 253 1713 272 ve-

927 291 978 323 nit,
991 295 1018 318 et
1031 290 1063 317 ad
1080 289 1188 325 Moysen
1207 291 1290 324 venit,
1307 295 1334 317 ct
1347 291 1380 317 ad
1397 291 1525 325 populoin
1537 292 1622 323 venit,
1639 297 1667 319 et
1682 292 1715 317 ad

927 343 1147 370 unumquemque
1158 337 1349 370 prophetarum
1362 337 1435 364 venit
1449 346 1456 364 :
1470 345 1556 371 neque
1571 341 1597 364 tn
1608 338 1714 370 timeas,

927 382 1031 409 etiamsi
1044 381 1100 416 jam
1115 382 1184 410 cmlo
1203 387 1325 416 receptus
1340 387 1391 415 est,
1409 383 1506 410 iterum
1527 384 1628 410 veniet.
1645 383 1713 416 Quia

926 433 1015 456 autent
1040 433 1066 456 et
1089 432 1154 455 ante
1176 429 1347 462 praesentiam
1371 429 1506 456 carnalem
1532 429 1563 456 ad
1591 429 1714 456 homines

928 475 1050 507 venerit,
1070 474 1157 509 ipsum
1172 475 1265 509 accipe
1283 480 1378 501 testem
1404 475 1607 503 denuntiantem
1633 482 1714 510 atque

927 521 1061 548 dicentem
1077 529 1083 547 :
1097 521 1258 554 Jerusalem,
1272 520 1439 552 Jerusalem.
1458 529 1517 555 quo:
1536 522 1633 548 occidis
1650 529 1712 555 pro-

927 567 1028 602 phetas,
1039 572 1062 593 et
1078 566 1182 601 lepidas
1199 575 1242 593 eos
1263 567 1307 601 qui
1325 568 1399 593 missi
1419 572 1478 593 sunt
1497 567 1530 593 ad
1549 572 1590 599 te,
1614 568 1713 602 quoties

928 611 1002 639 uolui
1014 611 1135 646 colligere
1151 612 1222 644 ﬁlios
1244 611 1356 638 tuos"?
1373 612 1480 644 Quoties
1495 612 1574 638 volui.
1599 611 1656 640 Non
1672 613 1713 639 di-

928 657 982 683 ('il:
997 656 1056 685 Non
1073 657 1127 684 vidi
1142 662 1167 684 te
1181 656 1231 684 nisi
1247 657 1300 684 isto
1315 657 1435 684 adventu
1449 666 1455 689 ;
1469 657 1516 684 sed
1532 657 1596 684 dicit
1612 666 1619 683 ε
1641 657 1713 690 Quo-

926 702 975 729 ties
990 702 1072 729 uolui.
1094 702 1126 729 Et
1138 710 1185 736 per
1198 702 1318 738 singulos
1331 703 1523 737 prophetarum
1549 708 1712 730 convertens

925 748 1049 784 sezEgo,
1064 748 1163 782 inquit,
1190 755 1264 775 eram
1290 748 1413 776 Christus
1436 748 1480 783 qui
1512 748 1641 782 loquebar
1665 756 1713 783 per

926 794 1080 828 prophetas.
1095 793 1153 820 Dixi
1171 802 1179 821 :
1198 793 1290 828 Neque
1308 799 1335 821 tu
1353 794 1465 827 timeas,
1479 799 1506 821 et
1532 802 1602 820 nunc
1625 794 1709 820 mitti-

928 844 969 866 tur
988 839 1066 867 Jesus
1079 839 1214 867 Christus.
1232 840 1290 867 Non
1312 841 1441 868 mentitur
1458 849 1465 867 :
1483 840 1623 868 Vobiscum
1642 849 1710 873 sum,

923 885 960 912 ait
974 885 1112 918 Dominus,
1123 893 1210 912 omnes
1223 887 1278 913 dies
1292 894 1373 921 usque
1397 887 1431 913 ad
1457 888 1709 914 consummationem

924 941 1013 968 surculi
1027 941 1060 967 ".
1079 939 1135 967 Non
1157 941 1308 968 mentitur:
1333 941 1384 968 Ubi
1407 942 1460 969 duo
1475 942 1513 969 vel
1537 947 1587 968 tres
1608 942 1710 968 collecti

925 988 1019 1013 suntin
1032 988 1135 1014 nomine
1150 994 1218 1016 meo.
1231 991 1255 1013 et
1270 995 1317 1021 ego
1330 987 1429 1014 suntin
1447 988 1531 1014 medio
1547 988 1679 1014 eorum“.
1696 997 1705 1012 ι

927 1033 973 1060 llis
996 1037 1105 1060 assonat
1128 1037 1191 1058 tom.
1220 1041 1255 1059 χιι
1279 1033 1305 1059 in
1338 1032 1447 1064 Hall/L,
1469 1041 1542 1060 num.
1565 1033 1599 1060 45
1615 1042 1621 1059 :
1638 1033 1709 1068 Ηρό-

927 1086 989 1113 σχες
1001 1078 1029 1104 δὲ
1041 1079 1065 1104 εἰ
1082 1077 1193 1104 δύνασαι
1211 1079 1256 1104 καὶ
1270 1077 1356 1104 ταῦτα
1376 1079 1462 1105 εἰπεῖν
1484 1079 1547 1114 περὶ
1568 1079 1620 1104 τῶν
1639 1079 1709 1105 κατὰ

925 1123 970 1150 τὸν
982 1123 1074 1155 τόπον,
1091 1123 1131 1150 ὅτι
1155 1124 1300 1159 νοήσαντες
1323 1125 1346 1150 οἱ
1366 1124 1484 1160 μαῦηταὶ
1510 1125 1555 1151 τὸν
1578 1125 1641 1151 Υἱὺν
1661 1125 1711 1151 τοῦ

925 1169 993 1196 Θεοῦ
1007 1169 1240 1204 κεχρηματικέναι
1254 1170 1373 1200 Μωῦσεῖ,
1388 1169 1433 1196 καὶ
1445 1169 1524 1196 αὑτὸν
1539 1167 1606 1196 εἶναι
1619 1170 1663 1197 τὸν
1675 1170 1710 1196 εὶ-

927 1216 1029 1252 ρηκότα
1039 1224 1045 1231 ·
1058 1216 1088 1241 οὐ
1103 1216 1157 1251 γὰρ
1168 1215 1262 1250 ὄψεται
1275 1215 1417 1252 ἅνθρωπος
1431 1216 1461 1242 τὸ
1480 1216 1623 1251 πρόσωπόν
1646 1224 1708 1251 μου,

926 1263 973 1289 καὶ
988 1261 1115 1298 ζήσεται·
1145 1266 1172 1289 et
1195 1266 1275 1289 tract.
1298 1270 1361 1289 xxvi
1389 1262 1416 1288 in
1434 1261 1541 1294 Matt/1.,
1567 1271 1641 1288 num.
1661 1263 1708 1294 ‘28,

926 1317 986 1343 pag.
1000 1309 1062 1340 849,
1077 1316 1216 1343 exponens
1227 1308 1291 1335 illud
1305 1317 1311 1335 :
1334 1307 1442 1340 Quoties
1462 1307 1532 1335 ualui
1552 1317 1710 1342 congregare

926 1355 995 1389 ﬁlios
1010 1359 1079 1386 tuas,
1093 1356 1159 1381 sicut
1179 1354 1278 1389 gallina
1294 1355 1379 1389 pullos
1401 1363 1461 1381 suos
1484 1355 1530 1382 sub
1550 1363 1665 1387 penitus,
1684 1361 1707 1381 et

928 1401 1056 1428 noluisti?
1074 1411 1083 1426 ι
1101 1401 1249 1434 Quomodo,
1277 1401 1382 1435 inquit,
1410 1401 1454 1428 hic
1487 1401 1614 1428 Dominus
1632 1400 1709 1428 Iesus

926 1449 1003 1482 quasi
1031 1449 1075 1483 qui
1103 1447 1257 1483 frequenter
1281 1447 1369 1474 voluit
1402 1454 1567 1482 congregare
1589 1446 1707 1480 Iudaeos,

927 1503 980 1522 non
996 1499 1084 1522 autem
1109 1494 1281 1530 congregavit
1305 1499 1414 1528 propter
1437 1493 1633 1520 contumaciam
1659 1501 1707 1520 no-

927 1542 1038 1570 lentium
1052 1543 1173 1572 credere,
1191 1541 1226 1568 ita
1247 1539 1332 1567 dicit:
1350 1539 1456 1572 Quoties
1471 1539 1539 1566 volui
1560 1547 1570 1567 :
1594 1547 1654 1567 cum
1670 1540 1705 1567 sit

926 1588 1097 1615 manifestum
1111 1587 1193 1615 semel
1203 1594 1264 1614 eum
1276 1586 1398 1613 docuisse
1408 1586 1434 1612 in
1447 1593 1560 1620 corpore
1578 1585 1684 1613 Iudaeos
1695 1586 1708 1612 ἲ

926 1634 978 1661 Sed
995 1641 1047 1661 non
1059 1633 1145 1661 solum
1160 1634 1186 1660 in
1200 1632 1343 1667 praesentia
1356 1652 1363 1665 ,
1377 1639 1470 1658 verum
1483 1633 1564 1659 etiam
1579 1632 1705 1658 substan-

926 1680 1025 1707 tialiter
1036 1687 1143 1714 semper
1161 1678 1286 1706 Christus
1303 1685 1422 1712 praesens
1444 1678 1492 1704 fuit
1515 1683 1541 1704 et
1559 1678 1583 1703 iu
1608 1678 1708 1713 Moyse,

925 1729 952 1751 et
969 1724 994 1751 in
1009 1723 1164 1759 prophetia;
1184 1723 1269 1758 magis
1289 1727 1378 1749 autem
1403 1727 1431 1750 et
1459 1723 1484 1748 in
1503 1722 1605 1756 angelis
1629 1723 1709 1750 mini-

925 1769 1076 1795 strantibus
1090 1768 1170 1795 saluti
1185 1768 1320 1799 humanm,
1339 1772 1367 1794 et
1391 1774 1440 1801 per
1451 1767 1571 1802 singulas
1595 1775 1709 1802 genera-

927 1824 1013 1851 tiones
1030 1834 1035 1851 :
1054 1828 1082 1850 et
1099 1824 1138 1850 sic
1158 1823 1284 1857 impletur
1301 1831 1307 1849 ε
1330 1822 1436 1857 Quoties
1454 1822 1533 1850 volui.
1551 1823 1600 1849 l’er
1617 1824 1708 1858 singu-

926 1869 965 1896 las
982 1869 1054 1896 enim
1070 1870 1258 1904 generationes
1282 1876 1389 1903 semper
1409 1868 1492 1896 voluit
1514 1873 1542 1895 et
1570 1868 1709 1896 festinavit

927 1915 1058 1951 perﬁcere
1083 1916 1248 1943 voluntatem
1274 1915 1364 1942 Patris
1389 1916 1415 1942 in
1440 1915 1479 1943 eis
1498 1923 1504 1940 :
1524 1916 1574 1943 etsi
1603 1923 1655 1942 non
1681 1916 1706 1942 in

925 1969 1039 1996 corpore
1053 1962 1226 1993 constitutus,
1247 1961 1319 1988 sicut
1336 1968 1407 1988 nunc
1424 1960 1449 1987 in
1466 1960 1519 1987 ﬁne
1539 1961 1709 1993 satcnlnrum,

926 2012 1015 2034 tamen
1034 2015 1140 2043 semper
1165 2007 1301 2034 festinavit
1321 2014 1484 2042 congregare
1507 2007 1575 2034 ﬁlios
1598 2005 1707 2033 Jerusa—

925 2055 987 2081 lem.
1005 2054 1092 2089 Ipsius
1112 2053 1184 2081 enim
1200 2053 1314 2080 volentis
1325 2061 1490 2088 congregare
1508 2052 1576 2079 ﬁlios
1597 2052 1706 2079 Jerusa.

925 2101 976 2127 lem
993 2107 1071 2127 voces
1095 2100 1229 2126 habentur
1253 2099 1279 2126 in
1295 2099 1353 2133 lege
1367 2103 1394 2126 et
1410 2099 1436 2124 in
1454 2098 1611 2133 prophetis:
1625 2103 1652 2124 et
1675 2097 1708 2124 de

927 2146 986 2181 ipso
998 2146 1129 2180 scriptum
1144 2149 1184 2172 est
1202 2154 1209 2171 :
1226 2144 1382 2179 Expendens
1398 2144 1454 2170 alas
1467 2151 1527 2170 suas
1541 2143 1637 2176 accepit
1652 2151 1708 2175 eos,

927 2197 950 2218 et
970 2192 1082 2226 succepit
1103 2199 1145 2218 eos
1164 2198 1241 2224 super
1258 2189 1377 2224 scapulas
1390 2198 1450 2216 suos
1466 2189 1489 2205 ⁵⁸
1503 2198 1510 2217 :
1533 2193 1560 2216 et
1576 2189 1709 2223 quotidia-

927 2245 990 2264 num
1010 2244 1077 2271 opus
1093 2243 1134 2263 est
1151 2236 1251 2263 Christi
1266 2243 1430 2271 congregare
1444 2235 1515 2262 ﬁlios
1537 2234 1705 2266 Jerusalem;

926 2283 958 2310 de
974 2283 1071 2317 quibus
1086 2283 1112 2309 in
1135 2282 1201 2309 Isaia
1214 2286 1240 2309 et
1257 2283 1283 2309 in
1299 2281 1408 2316 reliquis
1424 2281 1563 2316 prophetis
1578 2281 1653 2316 plura
1669 2281 1708 2307 di-

926 2335 1032 2356 cuntur.
1055 2329 1088 2356 Et
1101 2329 1220 2363 quotidie
1240 2329 1284 2355 Dei
1302 2328 1387 2355 Filius
1401 2332 1548 2362 congregat
1568 2327 1707 2361 dispersos

927 2377 994 2404 ﬁlios
1019 2376 1082 2408 Dei,
1110 2376 1181 2402 sicut
1204 2375 1302 2409 gallina
1325 2374 1411 2408 pullos
1437 2381 1501 2401 suos
1529 2373 1578 2400 sub
1606 2380 1708 2407 pennas

925 2430 999 2450 suas.
1019 2431 1028 2447 ι
1046 2421 1072 2448 In
1087 2429 1139 2456 quo
1168 2429 1227 2448 cum
1248 2420 1286 2446 ait
1309 2419 1523 2447 subslantialiter
1546 2424 1704 2453 prtesentem

923 2465 1146 2493 fuisseChristum
1158 2465 1184 2492 in
1194 2464 1284 2499 Moyse
1295 2469 1322 2491 et
1335 2464 1360 2490 in
1373 2463 1521 2498 prophetis,
1533 2463 1705 2498 conjunctio-

925 2520 986 2540 nent
1018 2511 1142 2547 intelligit
1168 2511 1311 2546 σχετικὴν,
1339 2518 1391 2536 non
1416 2517 1481 2536 vero
1512 2509 1705 2544 ὑποστατικήν.

924 2559 1060 2586 Praeterea
1077 2563 1142 2584 tom.
1160 2565 1168 2584 ι
1184 2558 1212 2583 in
1226 2556 1321 2589 10am,
1336 2563 1409 2582 num.
1421 2555 1456 2582 54
1473 2564 1481 2582 :
1502 2555 1557 2581 Καὶ
1576 2554 1640 2590 περὶ
1657 2554 1708 2589 μὲν

927 2604 974 2631 τοῦ
985 2604 1126 2640 ἄνθρωπον
1139 2603 1219 2629 αὑτὸν
1234 2602 1373 2637 γεγονέναι
1389 2601 1475 2632 οὐδεὶς
1492 2600 1545 2627 τῶν
1563 2608 1708 2626 πεπιστευ-

929 2651 1014 2677 κότων
1032 2649 1161 2680 διστάζει.
1182 2649 1250 2684 Περὶ
1275 2648 1304 2674 δὲ
1326 2647 1373 2674 τοῦ
1399 2647 1523 2681 ἄγγελον,
1550 2645 1707 2681 πειθώμεθα

927 2696 1070 2732 τηροῦντες
1089 2695 1137 2726 τὰς
1157 2695 1210 2720 τῶν
1228 2693 1348 2728 ἀγγέλων
1365 2692 1523 2727 ἐπιφανείας
1541 2692 1587 2718 καὶ
1601 2691 1707 2725 λόγους,

928 2742 972 2769 ὅτε
985 2743 1033 2777 τῆς
1045 2742 1098 2769 τῶν
1111 2741 1234 2776 ἀγγέλων
1250 2741 1372 2774 ἐξουσίας
1386 2741 1525 2775 φαίνεται,
1543 2739 1570 2766 ἐν
1588 2747 1641 2766 τισι
1662 2739 1709 2766 τό-

123 2846 146 2862 ⁸⁸
163 2845 217 2872 Isa.
238 2853 275 2875 γε,
290 2844 316 2875 5.
331 2843 358 2871 6.
410 2842 431 2859 "
446 2842 539 2871 Matth.
554 2849 632 2874 mn,
645 2842 689 2869 37.
727 2841 750 2858 “
765 2841 857 2869 Matth.
871 2849 967 2874 xsvm,
985 2841 1030 2868 20.
1068 2841 1089 2857 ⁸⁷
1105 2840 1197 2868 Matth.
1218 2847 1294 2874 xrm,
1311 2839 1356 2868 ‘20.
1396 2840 1417 2856 "
1430 2841 1506 2868 Deut.
1524 2847 1610 2874 xxxn,
1628 2839 1672 2867 II.
