1904 3077
228 123 278 152 739

863 130 894 159 Ρ.
914 130 1074 159 DANIELIS
1092 130 1209 159 HUETil

1800 130 1850 157 800

223 189 288 212 παις
297 182 348 217 τῆς
360 183 470 219 Γρᾳφῆς
482 185 605 219 ἀγγέλων
621 186 754 220 λεγόντων
767 186 861 222 ὥσπερ
880 187 926 214 ἐπὶ
943 187 990 214 τοῦ

1065 191 1186 220 ventum,
1200 186 1332 215 mediator
1347 187 1455 222 quidem
1470 191 1530 215 erat
1543 187 1696 219 hominum,
1714 187 1764 214 sed
1785 195 1848 214 ιιοιι-

225 227 321 264 Ὠφθη
342 231 467 265 ἄγγελος
488 233 598 265 Κιιρίου
618 233 653 260 ἐν
671 235 741 269 πυρὶ
769 235 883 270 φλογὸς
902 235 1010 269 βάτου,

223 275 273 302 καὶ
288 274 384 308 εἶπεν,
405 277 462 311 ἐγὼ
482 278 556 312 Θεὸς
583 280 721 316 Ἀϐραὰμ,
746 282 796 309 καὶ
828 282 943 315 Ἰσαὰκ,
960 283 1010 310 καὶ

230 321 347 349 Ἰακώϐ·
369 322 436 350 ἀλλὰ
458 325 503 351 καὶ
524 326 539 352 ὁ
570 326 682 359 Ἡσαΐας
706 328 790 363 φησί·
814 329 955 356 Καλεῖται
976 330 1010 356 τὸ

223 366 316 402 ὄνομα
329 369 433 402 αὐτοῦ,
444 372 579 406 μεγάλης
586 373 707 409 ,ϐουλῆς
722 375 875 411 Ἄγγελος.
891 376 923 403 Et
935 376 1010 404 initio

224 411 287 438 tomi
307 415 447 447 sequentis
465 415 550 444 docet
572 417 669 446 Filium
697 419 743 447 Dei
773 421 884 449 missum
908 429 968 450 esse
993 430 1009 450 a

220 456 303 484 Patre
317 458 350 485 ad
367 460 531 495 prophetas;
550 467 577 490 et
592 471 656 490 cum
671 465 813 500 Scriptura
833 467 873 494 ait
892 476 900 494 :
914 467 1008 496 Sermo

219 502 307 537 facta:
318 509 355 531 est
369 507 403 532 ad
414 506 520 542 Oreum,
531 508 571 536 sic
583 509 650 538 illud
664 511 879 547 intelligendum,
890 514 1006 542 Verbum

220 550 267 578 Dei
294 552 406 580 missum
434 561 496 582 esse
520 555 554 583 ad
577 555 684 585 Oscam.
707 556 779 598 l'dem
807 559 889 587 habet
913 566 1008 588 auctor

219 597 338 625 hornihl
357 598 383 625 in
404 599 526 628 diversos
545 608 551 626 :
572 611 582 628 ‹
601 602 718 631 Abrahae
740 603 814 632 Patri
836 606 1006 636 credentium

219 642 306 670 tribus
320 643 395 671 horis
414 646 555 680 temporis,
569 646 632 675 licet
646 656 699 676 non
717 656 767 683 per
781 650 866 686 ipsam
882 651 1006 681 ineil’ahi-

219 687 271 715 lem
286 689 399 718 Deitatis
414 691 608 726 substantiam,
623 695 672 722 sed
687 697 776 730 potius
789 705 840 733 per
853 700 1005 734 angelicam

217 734 338 767 speciem
351 742 367 762 ι
387 737 501 765 meridie
518 740 592 767 visus
605 746 646 768 est
663 750 669 768 :
688 742 769 770 nobis
786 744 895 779 triginta
919 747 1005 775 tribus

216 779 296 807 annis
313 781 338 808 in
360 786 430 809 terra
445 785 581 818 apparuit,
597 791 626 813 et
642 795 705 815 eum
722 789 877 819 hominibus
892 799 1005 820 conver-

216 826 271 853 sari
296 824 419 860 dignatus
439 835 482 856 est
497 830 531 858 ”.
563 831 649 860 Jacob
677 835 759 862 etiam
782 837 857 865 brevi
883 843 1004 874 tempore

215 879 266 906 per
287 874 411 908 angelum
426 876 601 907 nihilontinus
623 883 748 916 apparuit
765 883 918 913 colluctans
939 893 1002 914 eum

214 926 257 949 εο,
274 928 284 945 Ι
298 925 350 949 ειε.

251 965 293 992 111.
319 967 521 1001 Reprehensum
549 970 634 1000 fuisse
657 973 684 1001 id
706 974 732 1001 in
750 974 867 1011 Origene
890 977 1003 1005 adnotat

215 1012 307 1040 Sixtus
332 1014 462 1043 Senensis
488 1016 536 1045 lib.
563 1025 596 1051 v,
617 1027 680 1047 ann.
707 1021 769 1054 105,
797 1023 845 1050 sed
859 1024 1001 1059 Augustini

213 1060 343 1096 sull'ragio
357 1062 488 1091 defendit.
509 1065 683 1095 Consimilem
707 1075 773 1096 sane
797 1070 912 1104 professi
938 1076 1001 1099 sunt

212 1107 362 1134 doctrinam
381 1108 474 1137 Patres
496 1111 601 1146 antiqui
620 1113 792 1148 complures,
810 1123 863 1143 non
883 1117 1002 1153 Origene

191 1151 196 1156 '
212 1151 299 1178 solum
313 1154 487 1187 vetustiores,
501 1156 543 1183 vel
563 1158 657 1191 coaevi,
674 1160 721 1187 sed
735 1162 903 1190 recentiores
917 1151 999 1191 etiam

211 1204 239 1226 et
258 1198 366 1228 Nicaena
390 1203 495 1237 synodo
517 1205 693 1238 posteriores.
717 1207 819 1236 llorum
840 1211 948 1238 nomina
973 1215 1000 1239 et

212 1244 272 1272 ioca
298 1246 403 1282 colligit
429 1248 565 1278 Pamelius
591 1252 618 1278 in
651 1252 803 1282 Pandosia
829 1255 998 1290 Tertulliani,

212 1298 274 1325 cap.
289 1292 323 1338 19
343 1301 349 1319 :
373 1293 541 1328 collegerunt
563 1298 679 1325 subinde
701 1304 728 1327 et
752 1300 809 1328 alii.
837 1301 875 1329 Ex
903 1303 1000 1338 quibus

211 1336 279 1365 locis
290 1337 375 1373 liquet
394 1347 551 1373 persuasum
571 1342 615 1370 his
637 1344 722 1372 fuisse
741 1344 869 1374 Patribus
895 1336 998 1376 morem

210 1383 285 1410 Patri
312 1389 451 1419 gerentem
478 1386 578 1414 Filium
607 1389 774 1423 patriarchis
805 1394 998 1427 aspectabilem

211 1437 273 1456 sese
288 1430 445 1464 ιηπιιιιίεεε,
462 1431 574 1467 Deique,
589 1434 695 1469 angeli,
709 1436 752 1463 vel
768 1436 873 1465 Domini
889 1440 996 1467 nomina

211 1475 295 1502 fuisse
309 1476 433 1504 sortitum
445 1485 452 1509 ;
468 1482 495 1504 et
508 1485 677 1514 quaecunque
692 1480 719 1507 in
733 1480 898 1511 Testamenti
915 1483 997 1512 Vete-

210 1521 248 1547 ris
264 1521 375 1548 historia
396 1530 410 1549 a
432 1522 486 1550 Deo
502 1523 572 1550 facta
589 1523 720 1559 legimus,
737 1525 834 1554 Filium
859 1534 995 1557 auctorem
1010 1535 1031 1564 ο

180 1575 182 1578 ·
211 1566 347 1594 habuisse.
364 1568 490 1596 Attamen
512 1577 566 1597 non
583 1569 611 1597 in
627 1578 658 1598 ea
682 1572 735 1600 sibi
762 1578 870 1602 constat
888 1580 997 1603 senten-

209 1611 246 1638 tia
261 1617 356 1640 noster
378 1613 525 1649 Origenes,
547 1623 609 1643 nam
634 1620 745 1646 easdem
772 1627 880 1655 quoque
905 1627 998 1656 partes

210 1664 404 1693 nonnunquam
433 1660 489 1688 Deo
513 1660 588 1689 Patri
617 1663 723 1691 videtur
748 1665 909 1698 assignare:
925 1667 998 1695 velut

213 1703 306 1730 homil.
332 1704 349 1731 5
371 1705 399 1732 in
428 1705 493 1733 Luc.
509 1714 519 1734 :
536 1715 545 1733 ‹
565 1706 660 1735 Gratia
682 1709 746 1742 Dei,
776 1710 884 1745 inquit,
900 1711 952 1740 l'uit
967 1718 997 1741 ut

207 1754 352 1782 appareret
375 1749 526 1789 Abraham,
553 1752 594 1779 vel
616 1754 725 1781 caeteris
751 1756 891 1790 prophetis
913 1764 920 1783 :
941 1765 995 1785 non

208 1795 279 1828 quod
295 1795 391 1824 oculus
406 1801 509 1824 tantum
526 1799 617 1826 cordis
630 1799 767 1828 Abraham
790 1802 815 1829 in
832 1810 914 1830 causa
935 1804 995 1832 lue-

210 1841 254 1874 rit,
273 1846 302 1868 ut
317 1848 441 1870 cerneret
461 1844 562 1877 Deum;
575 1846 625 1873 ‘sed
648 1847 720 1881 quod
734 1849 825 1882 gratia
854 1849 900 1877 Dei
925 1851 995 1879 ultro

207 1894 238 1913 se
254 1888 436 1922 aspiciendam
451 1891 603 1925 'prazhuerit
629 1893 688 1921 viro
708 1894 794 1930 justo.
822 1894 880 1924 Hoc
903 1902 994 1925 autem

207 1937 262 1957 non
282 1931 368 1959 solum
394 1941 476 1968 super
491 1934 547 1963 Deo
562 1936 644 1964 Patre
669 1938 815 1974 intelligas,
841 1941 888 1968 sed
912 1943 994 1970 etiam

206 1983 286 2010 super
300 1976 416 2006 Domino
432 1978 583 2013 Salvatore,
596 1987 624 2010 et
636 1991 719 2018 super
736 1984 838 2019 Spiritu
861 1992 967 2015 sancto.
981 1997 991 2014 ι

242 2020 287 2051 1V.
309 2022 361 2058 Qui
377 2023 474 2052 Filium
489 2023 546 2060 Dei,
562 2027 717 2063 priusquam
734 2024 881 2058 humanum
899 2032 994 2060 indue-

207 2073 249 2095 ret
265 2076 373 2104 corpus,
391 2071 417 2097 in
433 2071 547 2106 angelis,
564 2074 728 2108 patriarchis
743 2081 771 2103 et
789 2077 930 2111 prophetis
944 2079 994 2106 ad-

208 2116 291 2143 fuisse
307 2116 422 2150 dixerit;
437 2117 483 2145 Dei
496 2126 604 2155 quoque
618 2125 645 2147 et
660 2122 799 2150 hominum
816 2125 992 2153 mediatorcm

206 2165 270 2187 tunc
281 2160 375 2194 luisse,
393 2162 586 2191 internuntium
599 2185 606 2197 ,
618 2170 645 2192 et
655 2172 826 2200 sequestrum
841 2169 931 2198 dicere
946 2164 993 2198 ne-

204 2213 282 2234 resse
305 2212 356 2235 est.
382 2207 457 2236 llanc
485 2210 640 2244 dogmatum
664 2215 888 2248 consequentiam
905 2217 991 2245 tenuit
1006 2208 1032 2238 Ῑ)
1045 2213 1078 2240 ad
1099 2213 1212 2241 Pallium
1239 2214 1446 2243 S-‘IIIIOSaleIIUIII
1467 2225 1474 2244 :

205 2251 346 2289 Origenes,
361 2261 388 2282 et
402 2256 446 2290 qui
463 2257 539 2292 prius
551 2257 615 2285 illud
629 2264 776 2295 posuerat,
793 2261 907 2289 alterunt
923 2270 990 2298 quo-

208 2305 260 2331 que
275 2299 328 2326 hoc
343 2301 474 2329 decrevit.
487 2300 576 2330 Verba
599 2304 684 2338 ipsius
706 2305 836 2334 debemus
855 2307 990 2344 Apologia!

205 2343 339 2379 Pamphili
350 2354 382 2372 ex
397 2346 444 2374 lib.
459 2355 488 2374 Ill
503 2348 530 2374 in
541 2347 628 2383 Epist.
643 2351 677 2376 ad
693 2350 794 2380 Colon.
807 2361 817 2380 .'
835 2362 844 2378 ε
864 2353 928 2381 Data
949 2360 991 2383 est

206 2393 307 2422 autem,
323 2389 422 2425 inquit,
439 2391 481 2419 lex
501 2392 584 2428 Moysi
607 2402 654 2428 per
674 2395 784 2430 angelus
809 2398 834 2423 in
862 2405 942 2424 manu
962 2403 990 2426 et

203 2436 303 2464 virtute
319 2437 476 2465 mediatoris
486 2437 587 2466 Christi
602 2439 643 2473 ‘°;
656 2442 700 2474 qui
716 2449 776 2468 cum
789 2448 861 2470 esset
874 2443 900 2470 in
914 2444 989 2478 prin-

203 2482 275 2517 cipio
293 2482 409 2511 Verbum
427 2484 491 2518 Dei,
515 2490 542 2512 et
564 2486 634 2521 apud
658 2486 742 2515 Detmt
757 2494 846 2522 esset,
867 2494 895 2517 et
919 2491 989 2518 Deus

203 2535 274 2557 esset
297 2529 414 2559 Verbum
438 2532 478 2566 ",
502 2531 577 2560 Patri
602 2533 629 2560 ‘tn
651 2535 777 2563 ontnibus
815 2537 988 2565 ministravit.

205 2577 299 2605 Omnia
324 2579 395 2606 enim
413 2587 460 2614 per
482 2580 566 2613 ipsum
586 2580 658 2614 facta
684 2581 790 2614 sunt",
817 2581 843 2609 id
871 2587 910 2611 est
937 2592 988 2611 non

202 2624 287 2651 solum
300 2630 441 2659 creaturae,
452 2627 499 2654 sed
514 2631 543 2653 et
554 2627 607 2658 lex,
619 2631 647 2654 ει
663 2628 817 2662 prophetae;
832 2634 860 2656 et
875 2629 989 2664 ipsemet

201 2675 243 2696 est
258 2671 390 2698 mediator
401 2671 449 2699 Dei
466 2677 490 2699 et
504 2672 638 2700 hominum
660 2673 692 2702 ".
717 2674 795 2708 Quod
822 2675 938 2702 Verbum
963 2677 989 2703 itt

203 2714 256 2743 line
281 2718 393 2757 quidem
416 2718 577 2747 saeculorum
601 2720 683 2748 homo
719 2720 808 2749 lactus
837 2725 881 2748 est
908 2719 988 2749 Iesus

201 2760 344 2796 Christus,
361 2765 408 2790 sed
426 2769 489 2792 ante
502 2765 575 2793 hunc
590 2766 766 2794 manifestum
785 2767 812 2793 in
834 2774 915 2795 carne
935 2766 986 2794 ad-

279 2819 383 2859 Daruch
399 2829 440 2859 ιιι,
455 2822 500 2850 58.
550 2824 572 2840 ⁸ο
585 2824 674 2853 Galal.
693 2833 736 2859 ιιι,
753 2825 793 2854 19.

204 2855 227 2871 ⁸⁵
241 2855 328 2883 Calai.
344 2863 384 2890 tu,
403 2857 444 2890 l9,
460 2858 504 2886 2'0.

843 2825 863 2841 ⁶¹
882 2824 961 2855 Joan.
978 2833 986 2854 l
1001 2847 1009 2862 ,
1026 2828 1052 2856 1.

1063 233 1126 261 dum
1145 238 1204 261 erat
1216 234 1308 260 homo.
1331 233 1393 260 Erat
1407 238 1497 260 tamen
1510 238 1540 261 et
1563 239 1626 261 tunc
1642 233 1781 260 mediator
1803 233 1847 260 Dei

1061 284 1089 308 et
1103 280 1241 307 hominum
1256 288 1263 306 :
1278 279 1349 306 unde
1363 284 1390 306 et
1405 279 1467 306 data
1496 278 1538 306 lex
1562 287 1611 314 per
1637 278 1770 313 angelos,
1793 278 1848 305 sine

1062 326 1145 361 ipsius
1159 324 1315 352 mediatoris
1334 325 1459 351 manibus
1483 324 1544 351 data
1568 331 1629 352 esse
1656 332 1712 351 non
1736 323 1847 355 dicitur,

1060 377 1090 400 ut
1101 376 1173 399 esset
1186 371 1230 398 lex
1244 376 1346 401 sancta,
1354 376 1378 397 et
1389 371 1542 397 ntandatum
1551 377 1683 401 sanctam,
1695 375 1719 397 et
1733 369 1846 404 justam.

1059 422 1084 444 et
1097 416 1190 443 bonum
1199 415 1234 449 “,
1249 420 1277 443 et
1291 415 1380 443 omnia
1397 415 1454 442 hate
1467 415 1704 442 sanctiﬁcarentur
1726 423 1742 442 a
1771 414 1847 441 Chri-

1059 465 1113 488 sto.
1131 471 1140 487 )
1162 460 1220 488 Non
1233 460 1314 496 igitur
1330 460 1356 487 in
1372 467 1404 487 eo
1422 460 1501 488 modo
1519 460 1702 492 intercessor,
1723 464 1752 487 et.
1771 459 1847 495 μεσί-

1058 516 1108 543 της
1122 507 1167 535 Dei
1184 512 1210 534 et
1227 507 1367 534 hominum
1380 506 1479 533 dicitur
1491 507 1525 534 ab
1537 505 1655 541 Origene
1668 505 1757 533 fuisse
1768 505 1846 533 Ωιιτί-

1058 559 1116 583 stus
1128 575 1136 587 ,
1156 559 1300 589 antequam
1319 555 1352 581 de
1370 553 1482 588 Virgine
1501 558 1677 586 nasceretur,
1692 559 1750 587 quo
1768 552 1845 578 modo

1058 601 1155 628 deinde
1170 599 1230 631 fuit.
1245 604 1389 634 postquam
1401 603 1525 626 naturam
1542 599 1688 625 humanam
1703 598 1843 631 suscepit:

1056 653 1119 674 nam
1132 653 1181 681 per
1195 646 1336 679 utriusque
1351 649 1454 672 natura:
1466 644 1685 678 coniunctionem
1703 644 1843 670 hominem

1056 700 1116 720 cum
1135 691 1189 719 Deo
1203 690 1372 723 conciliavit,
1389 695 1470 725 atque
1484 690 1523 717 ita
1545 689 1662 717 mediutn
1686 689 1754 724 quid
1778 688 1845 715 inter

1056 743 1201 772 utrumque
1224 737 1285 768 fuit,
1311 743 1373 764 cum
1397 740 1543 770 utrumque
1563 740 1653 768 esset,
1674 739 1704 762 et
1725 734 1800 762 Deus
1819 740 1845 761 et

1055 783 1145 811 homo.
1166 783 1295 817 Quamvis
1314 787 1403 810 autem
1426 782 1626 809 communionis
1649 781 1742 813 illius,
1760 785 1789 808 et
1805 780 1844 807 l'u-

1057 829 1109 856 turi
1124 828 1272 863 aliquando
1284 828 1427 860 consortii,
1443 834 1589 861 rerumque
1601 833 1650 862 per
1665 826 1732 854 illud
1748 833 1844 859 geren-

1019 863 1040 891 Β
1055 875 1150 903 darum
1167 875 1277 907 intuitu,
1297 875 1323 902 in
1344 873 1451 901 Veteris
1477 873 1646 901 Testameuti
1670 873 1843 907 patriarchas

1053 926 1081 948 et
1095 921 1242 956 prophetas
1259 921 1329 948 Deus
1348 919 1477 947 bonitatis
1496 927 1551 948 suae
1571 924 1598 946 et
1617 919 1714 954 gratia:
1733 919 1843 946 divitias

1053 966 1215 1001 profuderit,
1226 971 1254 993 et
1267 970 1330 993 tunc
1340 965 1422 993 etiam
1447 965 1562 1001 μεσίτης
1574 964 1703 992 Christus
1716 965 1844 999 quodam-

1053 1013 1132 1040 modo
1152 1012 1250 1045 fuerit,
1267 1019 1300 1040 eo
1317 1017 1407 1039 tamen
1420 1019 1473 1038 non
1492 1011 1613 1049 respexit
1625 1011 1761 1046 Origenes
1773 1032 1780 1043 ,
1796 1010 1842 1037 sed

1052 1059 1204 1086 additiones
1219 1058 1278 1086 illas
1293 1063 1321 1086 et
1350 1058 1494 1085 reditioues
1515 1059 1628 1086 crebras
1651 1058 1684 1085 ad
1704 1057 1841 1087 homines.

1051 1112 1112 1132 cum
1136 1105 1218 1132 variis
1236 1105 1347 1132 indutus
1367 1104 1476 1137 formis,
1500 1109 1528 1132 et
1555 1111 1603 1140 per
1622 1104 1714 1130 varias
1729 1104 1842 1138 loquens

1051 1157 1181 1186 personas
1196 1151 1322 1178 mandata
1338 1151 1390 1178 illis
1406 1151 1453 1179 Dei
1478 1151 1599 1186 parentis
1622 1149 1753 1178 Christus
1768 1150 1841 1177 dcte-

1050 1198 1144 1230 rebat;
1169 1197 1306 1232 prarcipue
1323 1205 1405 1230 vero,
1425 1204 1485 1224 cum
1505 1196 1591 1231 legem
1613 1195 1698 1231 Moysi
1720 1196 1841 1228 tradidit,

1047 1243 1123 1278 juxta
1150 1243 1215 1270 illud
1231 1243 1354 1278 Apostoli
1371 1252 1379 1270 ι
1399 1253 1409 1270 t
1431 1243 1502 1277 Quid
1528 1243 1609 1278 igitur
1635 1243 1701 1270 lex?
1727 1243 1841 1278 Propter

1051 1288 1284 1324 transgressiones
1298 1289 1385 1324 posita
1401 1293 1453 1323 est,
1469 1289 1555 1317 donec
1569 1289 1674 1316 veniret
1684 1296 1781 1316 semen
1799 1291 1840 1317 cui

1049 1335 1225 1370 promiserat,
1239 1335 1362 1363 ordinata
1380 1343 1427 1370 per
1438 1336 1549 1371 angelos
1562 1335 1589 1363 in
1610 1343 1690 1362 manu
1708 1335 1839 1363 Mediato-

1050 1381 1097 1409 ris.
1122 1381 1256 1414 Mediator
1278 1386 1369 1409 autem
1395 1382 1475 1410 unius
1496 1390 1549 1410 non
1573 1387 1631 1416 est;
1656 1383 1731 1411 Deus
1750 1388 1839 1411 autem

1049 1435 1118 1455 unus
1134 1432 1176 1455 est
1190 1427 1224 1454 ".
1244 1437 1254 1454 ι

1083 1471 1115 1500 V.
1134 1471 1315 1501 Relerendnm
1328 1473 1353 1501 id
1369 1480 1431 1502 esse
1443 1474 1477 1501 ad
1490 1473 1607 1510 Moysem
1623 1474 1688 1502 licet
1714 1475 1838 1502 arbitrati

1049 1518 1104 1546 sint
1114 1519 1248 1552 nonnulli,
1261 1519 1371 1547 Christo
1384 1524 1472 1547 tamen
1490 1522 1698 1548 accommodant
1723 1522 1840 1556 Chryso-

1048 1570 1153 1593 slomus
1170 1571 1199 1593 ot
1223 1565 1423 1602 Hieronymus,
1448 1567 1494 1601 qui
1522 1571 1604 1594 totam
1629 1572 1655 1595 et
1678 1568 1755 1603 ipse,
1777 1569 1838 1595 illud

1047 1611 1123 1639 Pauli
1151 1611 1354 1647 interpretans,
1379 1612 1505 1647 Origenis
1526 1613 1678 1641 doctrinam
1696 1614 1838 1649 autplexus

1047 1662 1099 1685 est.
1117 1656 1163 1685 Sic
1175 1658 1246 1685 enim
1264 1660 1324 1686 ait:
1345 1668 1354 1684 ι
1374 1657 1521 1694 Postquam
1534 1661 1569 1687 ob
1587 1665 1707 1687 nostram
1723 1661 1837 1688 salutem

1046 1703 1080 1732 de
1094 1702 1211 1740 Virginis
1226 1710 1303 1733 utero
1318 1705 1445 1740 dignatus
1464 1710 1506 1732 est
1519 1706 1593 1733 nasci
1606 1725 1614 1738 ,
1634 1706 1680 1733 Dei
1701 1712 1730 1733 et
1752 1706 1837 1734 limiti-

1047 1760 1110 1780 num
1129 1753 1210 1781 homo
1226 1753 1350 1781 Christus
1363 1753 1443 1781 Jesus
1456 1758 1597 1788 sequester
1610 1758 1652 1781 est
1666 1754 1768 1782 dictus.
1782 1754 1836 1781 Au-

1047 1802 1155 1833 tequam
1168 1804 1234 1826 vero
1251 1799 1399 1826 humanum
1418 1806 1516 1834 corpus
1535 1803 1706 1832 assumeret,
1723 1804 1750 1826 et
1768 1804 1838 1827 esset

1046 1845 1117 1879 apud
1133 1843 1242 1872 Patrem
1255 1845 1281 1871 in
1300 1845 1432 1879 principio
1446 1845 1517 1872 Deus
1537 1844 1674 1877 Verbum,
1688 1845 1723 1872 ad
1742 1852 1838 1872 omnes

1046 1895 1166 1924 sanctos,
1185 1891 1217 1918 ad
1235 1898 1301 1925 quos
1317 1890 1405 1919 factus
1417 1896 1458 1919 est
1471 1899 1561 1919 sermo
1573 1891 1632 1923 Dei,
1648 1891 1742 1918 Enoch
1765 1892 1838 1919 vide—

1045 1936 1119 1970 licet,
1136 1936 1203 1969 Noe,
1218 1937 1368 1970 Abraham,
1381 1938 1454 1966 Isaac
1466 1943 1494 1966 et
1504 1937 1599 1970 Jacob,
1614 1944 1641 1966 et
1652 1943 1747 1973 postea
1761 1939 1837 1974 Moy-

1045 1989 1101 2010 sem
1117 1986 1145 2009 et
1159 1987 1273 2010 cunctus
1285 1984 1446 2018 prophetas,
1465 1992 1535 2020 quos
1554 1984 1695 2021 Scriptura
1713 1994 1837 2014 comme-

1045 2033 1151 2061 morat,
1165 2029 1224 2056 sine
1243 2030 1428 2058 additamenta
1452 2031 1590 2065 hominis,
1611 2041 1690 2066 quem
1721 2034 1835 2060 necdum

1045 2079 1241 2110 assumpserat,
1260 2075 1392 2104 Mediator
1417 2079 1602 2105 tantummodo
1620 2084 1805 2113 nuncupatur.
1823 2090 1832 2106 ι

1045 2119 1100 2148 Sed
1116 2125 1143 2148 et
1162 2122 1281 2157 episcopi
1300 2122 1338 2150 illi
1357 2131 1404 2151 sex
1421 2124 1564 2152 orthodoxi
1586 2125 1767 2154 Antiocheute
1789 2136 1834 2162 sy-

1048 2168 1108 2194 nodi
1126 2166 1252 2202 Origenis
1265 2169 1461 2205 expositionem
1477 2171 1563 2198 secuti
1582 2176 1646 2199 sunt
1670 2173 1696 2199 in
1719 2173 1833 2207 epistola

1506 2216 1586 2243 Ἀλλὰ
1608 2217 1662 2253 μὴν
1671 2238 1678 2250 ,
1696 2219 1831 2254 inquiunt,

1044 2259 1147 2285 καὶτὸν
1160 2260 1240 2294 νόμον
1256 2261 1356 2297 ὁμοίως
1370 2262 1474 2299 Μωῡσῇ
1487 2272 1574 2299 φαμεν
1591 2264 1728 2299 δεδόσθαι,
1743 2265 1833 2294 Stator

1044 2307 1151 2340 νοῦντος
1166 2307 1212 2334 τοῦ
1221 2307 1286 2334 Υἱοῦ
1303 2308 1349 2335 τοῦ
1362 2307 1441 2343 Θεοῦ,
1459 2310 1496 2342 ὡς
1505 2311 1519 2337 ό
1539 2311 1697 2343 Ἀπόπῦλος
1711 2312 1832 2340 διδάσκει

1044 2355 1147 2390 λέγων·
1169 2356 1199 2383 Tl
1209 2353 1266 2384 οὖν
1279 2357 1296 2384 ὁ
1313 2357 1424 2391 νόμυς;
1449 2357 1509 2384 τῶν
1530 2356 1728 2391 παραϐάσεων
1742 2358 1832 2392 χάριν

1043 2402 1219 2437 προσετέθη,
1236 2403 1322 2438 ἄχρις
1336 2401 1371 2431 οὗ
1382 2403 1456 2438 ἔλθῃ
1471 2403 1504 2431 τὸ
1517 2404 1636 2439 σπέρμα
1645 2401 1669 2437 ᾧ
1680 2404 1827 2439 ἐπήγγελ-

1044 2458 1090 2484 τᾳι
1101 2470 1109 2483 ,
1126 2449 1336 2487 διαταγεὶς-δι’
1362 2450 1497 2486 ἀγγέλων
1523 2451 1558 2477 ἐν
1580 2451 1666 2486 χερσὶ
1682 2451 1829 2479 Μεσιτου.

1045 2495 1167 2531 Madqu
1182 2495 1236 2531 γὰρ
1253 2495 1331 2523 ἄλλον
1345 2496 1394 2523 οὐκ
1411 2496 1490 2532 ἴσμεν
1510 2494 1577 2523 Θεοῦ
1599 2496 1646 2522 καὶ
1666 2496 1829 2533 ἀνθρώπων,

1042 2542 1059 2578 ἢ
1073 2542 1166 2569 τοῦτον
1180 2550 1187 2557 ·
1208 2542 1389 2578 διδασκόμεθα
1411 2543 1439 2570 δὲ
1453 2544 1499 2571 καὶ
1514 2545 1601 2572 ταῦτα.
1622 2545 1667 2572 διὰ
1681 2545 1729 2571 τοῦ
1746 2546 1830 2572 Matii-

1044 2587 1122 2620 σέως.
1141 2588 1230 2624 Ὠφθη
1244 2588 1273 2615 δὲ
1285 2589 1359 2625 αὐτῷ
1375 2589 1489 2624 ἄγγελος
1507 2591 1536 2617 ὲν
1547 2590 1625 2625 φλογὶ
1637 2590 1724 2626 πυρὸς
1736 2592 1770 2618 ὲκ
1782 2591 1828 2618 τοῦ

1042 2632 1137 2668 βάτου,
1152 2639 1205 2662 etc.
1225 2645 1234 2661 ι
1249 2635 1317 2668 Quin
1343 2636 1424 2664 etiam
1442 2642 1468 2664 et
1495 2637 1580 2671 legem
1603 2637 1727 2665 similiter
1746 2638 1827 2674 Moysi

1045 2680 1160 2708 diciutus
1175 2681 1259 2709 fuisse
1270 2682 1372 2716 datam,
1388 2683 1559 2711 ministrante
1571 2682 1639 2711 Filio
1652 2684 1698 2712 Dei
1710 2705 1717 2717 ,
1734 2693 1827 2720 quem-

1043 2725 1188 2754 admodum
1202 2728 1277 2755 docel
1292 2729 1435 2763 Apostolus
1450 2729 1544 2758 dicens
1562 2737 1570 2758 :
1589 2731 1659 2764 Quid
1674 2732 1757 2765 igitur
1767 2732 1827 2759 lex?

1047 2770 1294 2807 Tramgreuionum
1314 2776 1400 2809 gratia
1419 2777 1502 2810 posita
1514 2782 1563 2810 est,
1577 2777 1666 2811 [donec
1684 2779 1770 2806 veniat
1786 2787 1825 2806 ιε-

1100 2831 1122 2847 ⁶⁸
1134 2830 1200 2859 ibid.
1215 2831 1242 2859 2.
1281 2833 1316 2871 ,⁸³
1332 2832 1342 2860 1
1358 2833 1427 2862 Tim.
1441 2842 1473 2869 ιι,
1489 2835 1518 2863 5.
1574 2835 1598 2852 “
1615 2835 1696 2864 Rom.
1713 2843 1761 2869 vn,
1781 2836 1821 2864 η.
