  <div class='ocr_page' id='page_1' title='image "/cluster/home/n/w/nwhite01/storage/ocr_20150623/17/njp.32101010944583/566.png"; bbox 0 0 1904 3077; ppageno 0'>
   <div class='ocr_carea' id='block_1_1' title="bbox 86 138 151 166">
    <p class='ocr_par' dir='ltr' id='par_1_1' title="bbox 86 138 151 166">
     <span class='ocr_line' id='line_1_1' title="bbox 86 138 151 166; baseline 0 0"><span class='ocrx_word' id='word_1_1' title='bbox 86 138 151 166; x_wconf 75' lang='lat'><strong>805</strong></span> 
     </span>
    </p>
   </div>
   <div class='ocr_carea' id='block_1_2' title="bbox 508 132 1308 168">
    <p class='ocr_par' dir='ltr' id='par_1_2' title="bbox 508 132 1308 168">
     <span class='ocr_line' id='line_1_2' title="bbox 508 132 1308 168; baseline -0.006 -3"><span class='ocrx_word' id='word_1_2' title='bbox 508 135 792 165; x_wconf 72' lang='lat' dir='ltr'><strong>ORIGENIANORUM</strong></span> <span class='ocrx_word' id='word_1_3' title='bbox 814 136 878 164; x_wconf 82' lang='lat' dir='ltr'><strong>LIB.</strong></span> <span class='ocrx_word' id='word_1_4' title='bbox 901 135 932 168; x_wconf 86' lang='lat' dir='ltr'><strong>ll,</strong></span> <span class='ocrx_word' id='word_1_5' title='bbox 954 135 1029 163; x_wconf 86' lang='lat' dir='ltr'><strong>CAP.</strong></span> <span class='ocrx_word' id='word_1_6' title='bbox 1050 133 1082 167; x_wconf 90' lang='lat' dir='ltr'><strong>ll,</strong></span> <span class='ocrx_word' id='word_1_7' title='bbox 1103 133 1243 168; x_wconf 68' lang='lat' dir='ltr'><strong>QUASST.</strong></span> <span class='ocrx_word' id='word_1_8' title='bbox 1266 132 1308 160; x_wconf 90' lang='lat' dir='ltr'><strong>Ill.</strong></span> 
     </span>
    </p>
   </div>
   <div class='ocr_carea' id='block_1_3' title="bbox 1681 132 1734 161">
    <p class='ocr_par' dir='ltr' id='par_1_3' title="bbox 1681 132 1734 161">
     <span class='ocr_line' id='line_1_3' title="bbox 1681 132 1734 161; baseline 0.019 -1"><span class='ocrx_word' id='word_1_9' title='bbox 1681 132 1734 161; x_wconf 83' lang='lat'><strong>806</strong></span> 
     </span>
    </p>
   </div>
   <div class='ocr_carea' id='block_1_4' title="bbox 87 189 1736 232">
    <p class='ocr_par' dir='ltr' id='par_1_4' title="bbox 87 189 1736 232">
     <span class='ocr_line' id='line_1_4' title="bbox 87 189 1736 232; baseline -0.007 -6"><span class='ocrx_word' id='word_1_10' title='bbox 87 198 179 226; x_wconf 85' lang='lat' dir='ltr'><strong>odisti</strong></span> <span class='ocrx_word' id='word_1_11' title='bbox 205 197 376 232; x_wconf 77' lang='lat' dir='ltr'><strong>iniquitatem</strong></span> <span class='ocrx_word' id='word_1_12' title='bbox 393 207 399 224; x_wconf 83' lang='lat'><strong>:</strong></span> <span class='ocrx_word' id='word_1_13' title='bbox 416 201 558 232; x_wconf 73' lang='lat' dir='ltr'><strong>propterea</strong></span> <span class='ocrx_word' id='word_1_14' title='bbox 575 197 654 223; x_wconf 75' lang='lat' dir='ltr'><strong>unxit</strong></span> <span class='ocrx_word' id='word_1_15' title='bbox 669 201 694 224; x_wconf 90' lang='lat' dir='ltr'><strong>tc</strong></span> <span class='ocrx_word' id='word_1_16' title='bbox 717 197 798 228; x_wconf 88' lang='lat' dir='ltr'><strong>Deus,</strong></span> <span class='ocrx_word' id='word_1_17' title='bbox 821 196 890 223; x_wconf 89' lang='lat' dir='ltr'><strong>Deus</strong></span> <span class='ocrx_word' id='word_1_18' title='bbox 905 198 927 226; x_wconf 77' lang='grc' dir='ltr'><strong>Α</strong></span> <span class='ocrx_word' id='word_1_19' title='bbox 942 192 1124 228; x_wconf 79' lang='lat' dir='ltr'><strong>proferemus,</strong></span> <span class='ocrx_word' id='word_1_20' title='bbox 1149 191 1318 227; x_wconf 79' lang='lat' dir='ltr'><strong>suspiciones</strong></span> <span class='ocrx_word' id='word_1_21' title='bbox 1334 189 1424 224; x_wconf 79' lang='lat' dir='ltr'><strong>potius</strong></span> <span class='ocrx_word' id='word_1_22' title='bbox 1447 194 1566 222; x_wconf 82' lang='lat' dir='ltr'><strong>nostras,</strong></span> <span class='ocrx_word' id='word_1_23' title='bbox 1580 197 1660 224; x_wconf 86' lang='lat' dir='ltr'><strong>quam</strong></span> <span class='ocrx_word' id='word_1_24' title='bbox 1679 198 1736 218; x_wconf 67' lang='lat' dir='ltr'><strong>ms-</strong></span> 
     </span>
    </p>
   </div>
   <div class='ocr_carea' id='block_1_5' title="bbox 90 240 885 277">
    <p class='ocr_par' dir='ltr' id='par_1_5' title="bbox 90 240 885 277">
     <span class='ocr_line' id='line_1_5' title="bbox 90 240 885 277; baseline -0.004 -6"><span class='ocrx_word' id='word_1_25' title='bbox 90 249 172 277; x_wconf 81' lang='lat' dir='ltr'><strong>tuus,</strong></span> <span class='ocrx_word' id='word_1_26' title='bbox 192 244 253 271; x_wconf 89' lang='lat' dir='ltr'><strong>oleo</strong></span> <span class='ocrx_word' id='word_1_27' title='bbox 270 242 369 271; x_wconf 59' lang='lat' dir='ltr'><strong>laetitiae</strong></span> <span class='ocrx_word' id='word_1_28' title='bbox 395 249 451 277; x_wconf 77' lang='lat' dir='ltr'><strong>pra:</strong></span> <span class='ocrx_word' id='word_1_29' title='bbox 476 242 648 269; x_wconf 81' lang='lat' dir='ltr'><strong>consortibus</strong></span> <span class='ocrx_word' id='word_1_30' title='bbox 672 242 736 269; x_wconf 90' lang='lat' dir='ltr'><strong>tuis.</strong></span> <span class='ocrx_word' id='word_1_31' title='bbox 751 251 760 268; x_wconf 73' lang='grc' dir='ltr'>ι</span> <span class='ocrx_word' id='word_1_32' title='bbox 789 240 885 268; x_wconf 85' lang='lat' dir='ltr'><strong>Totam</strong></span> 
     </span>
    </p>
   </div>
   <div class='ocr_carea' id='block_1_6' title="bbox 88 288 888 324">
    <p class='ocr_par' dir='ltr' id='par_1_6' title="bbox 88 288 888 324">
     <span class='ocr_line' id='line_1_6' title="bbox 88 288 888 324; baseline -0.003 -7"><span class='ocrx_word' id='word_1_33' title='bbox 88 297 180 324; x_wconf 79' lang='lat' dir='ltr'><strong>porro</strong></span> <span class='ocrx_word' id='word_1_34' title='bbox 196 290 276 317; x_wconf 88' lang='lat' dir='ltr'><strong>istaut</strong></span> <span class='ocrx_word' id='word_1_35' title='bbox 291 289 416 324; x_wconf 77' lang='lat' dir='ltr'><strong>Origenis</strong></span> <span class='ocrx_word' id='word_1_36' title='bbox 435 289 653 316; x_wconf 89' lang='lat' dir='ltr'><strong>dissertationem</strong></span> <span class='ocrx_word' id='word_1_37' title='bbox 678 288 772 315; x_wconf 86' lang='lat' dir='ltr'><strong>iisdem</strong></span> <span class='ocrx_word' id='word_1_38' title='bbox 789 295 888 323; x_wconf 87' lang='lat' dir='ltr'><strong>prope-</strong></span> 
     </span>
    </p>
   </div>
   <div class='ocr_carea' id='block_1_7' title="bbox 91 335 888 370">
    <p class='ocr_par' dir='ltr' id='par_1_7' title="bbox 91 335 888 370">
     <span class='ocr_line' id='line_1_7' title="bbox 91 335 888 370; baseline -0.003 -8"><span class='ocrx_word' id='word_1_39' title='bbox 91 337 210 363; x_wconf 82' lang='lat' dir='ltr'><strong>modum</strong></span> <span class='ocrx_word' id='word_1_40' title='bbox 229 336 372 370; x_wconf 77' lang='lat' dir='ltr'><strong>repetitam</strong></span> <span class='ocrx_word' id='word_1_41' title='bbox 388 335 479 363; x_wconf 82' lang='lat' dir='ltr'><strong>verbis</strong></span> <span class='ocrx_word' id='word_1_42' title='bbox 497 335 618 369; x_wconf 85' lang='lat' dir='ltr'><strong>reperias</strong></span> <span class='ocrx_word' id='word_1_43' title='bbox 641 335 667 361; x_wconf 91' lang='lat' dir='ltr'><strong>in</strong></span> <span class='ocrx_word' id='word_1_44' title='bbox 687 339 823 369; x_wconf 88' lang='lat' dir='ltr'><strong>postremo</strong></span> <span class='ocrx_word' id='word_1_45' title='bbox 841 342 888 361; x_wconf 80' lang='lat' dir='ltr'><strong>ca-</strong></span> 
     </span>
    </p>
   </div>
   <div class='ocr_carea' id='block_1_8' title="bbox 88 379 888 416">
    <p class='ocr_par' dir='ltr' id='par_1_8' title="bbox 88 379 888 416">
     <span class='ocr_line' id='line_1_8' title="bbox 88 379 888 416; baseline -0.001 -8"><span class='ocrx_word' id='word_1_46' title='bbox 88 381 155 416; x_wconf 82' lang='lat' dir='ltr'><strong>pite</strong></span> <span class='ocrx_word' id='word_1_47' title='bbox 180 381 263 410; x_wconf 83' lang='lat' dir='ltr'><strong>libelli</strong></span> <span class='ocrx_word' id='word_1_48' title='bbox 292 381 330 409; x_wconf 84' lang='lat' dir='ltr'><strong>De</strong></span> <span class='ocrx_word' id='word_1_49' title='bbox 357 381 454 409; x_wconf 82' lang='lat' dir='ltr'><strong>deitatc</strong></span> <span class='ocrx_word' id='word_1_50' title='bbox 478 385 502 408; x_wconf 76' lang='lat' dir='ltr'><strong>et</strong></span> <span class='ocrx_word' id='word_1_51' title='bbox 522 381 706 408; x_wconf 79' lang='lat' dir='ltr'><strong>incarnatione</strong></span> <span class='ocrx_word' id='word_1_52' title='bbox 737 379 831 412; x_wconf 80' lang='lat' dir='ltr'><strong>Verbi,</strong></span> <span class='ocrx_word' id='word_1_53' title='bbox 855 380 888 408; x_wconf 91' lang='lat' dir='ltr'><strong>ad</strong></span> 
     </span>
    </p>
   </div>
   <div class='ocr_carea' id='block_1_9' title="bbox 88 426 888 462">
    <p class='ocr_par' dir='ltr' id='par_1_9' title="bbox 88 426 888 462">
     <span class='ocr_line' id='line_1_9' title="bbox 88 426 888 462; baseline -0.001 -8"><span class='ocrx_word' id='word_1_54' title='bbox 88 427 276 460; x_wconf 65' lang='lat' dir='ltr'><strong>Ianuarium;</strong></span> <span class='ocrx_word' id='word_1_55' title='bbox 290 428 337 462; x_wconf 89' lang='lat' dir='ltr'><strong>qui</strong></span> <span class='ocrx_word' id='word_1_56' title='bbox 350 427 455 454; x_wconf 74' lang='lat' dir='ltr'><strong>libellus</strong></span> <span class='ocrx_word' id='word_1_57' title='bbox 470 427 644 462; x_wconf 79' lang='lat' dir='ltr'><strong>Origenianis</strong></span> <span class='ocrx_word' id='word_1_58' title='bbox 658 426 818 461; x_wconf 72' lang='lat' dir='ltr'><strong>fragmentis</strong></span> <span class='ocrx_word' id='word_1_59' title='bbox 831 426 888 454; x_wconf 87' lang='lat' dir='ltr'><strong>fere</strong></span> 
     </span>
    </p>
   </div>
   <div class='ocr_carea' id='block_1_10' title="bbox 90 472 890 507">
    <p class='ocr_par' dir='ltr' id='par_1_10' title="bbox 90 472 890 507">
     <span class='ocr_line' id='line_1_10' title="bbox 90 472 890 507; baseline -0.004 -6"><span class='ocrx_word' id='word_1_60' title='bbox 90 478 221 506; x_wconf 87' lang='lat' dir='ltr'><strong>constat,</strong></span> <span class='ocrx_word' id='word_1_61' title='bbox 242 478 270 501; x_wconf 89' lang='lat' dir='ltr'><strong>et</strong></span> <span class='ocrx_word' id='word_1_62' title='bbox 292 473 324 500; x_wconf 88' lang='lat' dir='ltr'><strong>ad</strong></span> <span class='ocrx_word' id='word_1_63' title='bbox 341 473 443 501; x_wconf 86' lang='lat' dir='ltr'><strong>calcem</strong></span> <span class='ocrx_word' id='word_1_64' title='bbox 469 472 557 507; x_wconf 81' lang='lat' dir='ltr'><strong>quarti</strong></span> <span class='ocrx_word' id='word_1_65' title='bbox 584 473 649 499; x_wconf 91' lang='lat' dir='ltr'><strong>tomi</strong></span> <span class='ocrx_word' id='word_1_66' title='bbox 675 472 817 506; x_wconf 78' lang='lat' dir='ltr'><strong>Augustini</strong></span> <span class='ocrx_word' id='word_1_67' title='bbox 842 473 890 498; x_wconf 90' lang='lat' dir='ltr'><strong>ad-</strong></span> 
     </span>
    </p>
   </div>
   <div class='ocr_carea' id='block_1_11' title="bbox 88 518 889 556">
    <p class='ocr_par' dir='ltr' id='par_1_11' title="bbox 88 518 889 556">
     <span class='ocr_line' id='line_1_11' title="bbox 88 518 889 556; baseline -0.002 -10"><span class='ocrx_word' id='word_1_68' title='bbox 88 518 174 556; x_wconf 68' lang='lat' dir='ltr'><strong>iungi</strong></span> <span class='ocrx_word' id='word_1_69' title='bbox 203 519 283 548; x_wconf 85' lang='lat' dir='ltr'><strong>soiet.</strong></span> <span class='ocrx_word' id='word_1_70' title='bbox 306 520 394 554; x_wconf 80' lang='lat' dir='ltr'><strong>Atque</strong></span> <span class='ocrx_word' id='word_1_71' title='bbox 423 519 492 546; x_wconf 88' lang='lat' dir='ltr'><strong>Itane</strong></span> <span class='ocrx_word' id='word_1_72' title='bbox 517 519 689 550; x_wconf 87' lang='lat' dir='ltr'><strong>doctrinam,</strong></span> <span class='ocrx_word' id='word_1_73' title='bbox 715 518 889 553; x_wconf 82' lang='lat' dir='ltr'><strong>quantumvis</strong></span> 
     </span>
    </p>
   </div>
   <div class='ocr_carea' id='block_1_12' title="bbox 95 565 890 601">
    <p class='ocr_par' dir='ltr' id='par_1_12' title="bbox 95 565 890 601">
     <span class='ocr_line' id='line_1_12' title="bbox 95 565 890 601; baseline -0.004 -6"><span class='ocrx_word' id='word_1_74' title='bbox 95 567 244 600; x_wconf 84' lang='lat' dir='ltr'><strong>absonam,</strong></span> <span class='ocrx_word' id='word_1_75' title='bbox 259 566 338 594; x_wconf 85' lang='lat' dir='ltr'><strong>avide</strong></span> <span class='ocrx_word' id='word_1_76' title='bbox 352 566 525 601; x_wconf 85' lang='lat' dir='ltr'><strong>arripuerunt</strong></span> <span class='ocrx_word' id='word_1_77' title='bbox 539 565 679 600; x_wconf 78' lang='lat' dir='ltr'><strong>Pelagiani</strong></span> <span class='ocrx_word' id='word_1_78' title='bbox 693 570 719 592; x_wconf 90' lang='lat' dir='ltr'><strong>et</strong></span> <span class='ocrx_word' id='word_1_79' title='bbox 739 572 890 600; x_wconf 73' lang='lat' dir='ltr'><strong>propugna-</strong></span> 
     </span>
    </p>
   </div>
   <div class='ocr_carea' id='block_1_13' title="bbox 97 612 889 648">
    <p class='ocr_par' dir='ltr' id='par_1_13' title="bbox 97 612 889 648">
     <span class='ocr_line' id='line_1_13' title="bbox 97 612 889 648; baseline -0.005 -7"><span class='ocrx_word' id='word_1_80' title='bbox 97 619 177 641; x_wconf 90' lang='lat' dir='ltr'><strong>runt.</strong></span> <span class='ocrx_word' id='word_1_81' title='bbox 204 613 338 641; x_wconf 87' lang='lat' dir='ltr'><strong>Locorum</strong></span> <span class='ocrx_word' id='word_1_82' title='bbox 364 613 506 648; x_wconf 75' lang='lat' dir='ltr'><strong>Origenis,</strong></span> <span class='ocrx_word' id='word_1_83' title='bbox 534 612 632 646; x_wconf 86' lang='lat' dir='ltr'><strong>quibus</strong></span> <span class='ocrx_word' id='word_1_84' title='bbox 665 618 696 638; x_wconf 85' lang='lat' dir='ltr'><strong>ea</strong></span> <span class='ocrx_word' id='word_1_85' title='bbox 725 612 889 642; x_wconf 82' lang='lat' dir='ltr'><strong>continetur,</strong></span> 
     </span>
    </p>
   </div>
   <div class='ocr_carea' id='block_1_14' title="bbox 93 657 891 695">
    <p class='ocr_par' dir='ltr' id='par_1_14' title="bbox 93 657 891 695">
     <span class='ocr_line' id='line_1_14' title="bbox 93 657 891 695; baseline -0.004 -8"><span class='ocrx_word' id='word_1_86' title='bbox 93 660 205 695; x_wconf 88' lang='lat' dir='ltr'><strong>primus</strong></span> <span class='ocrx_word' id='word_1_87' title='bbox 233 664 322 688; x_wconf 82' lang='lat' dir='ltr'><strong>exstat</strong></span> <span class='ocrx_word' id='word_1_88' title='bbox 343 664 407 687; x_wconf 89' lang='lat' dir='ltr'><strong>tom.</strong></span> <span class='ocrx_word' id='word_1_89' title='bbox 430 667 439 686; x_wconf 91' lang='grc' dir='ltr'>ι</span> <span class='ocrx_word' id='word_1_90' title='bbox 463 659 490 686; x_wconf 83' lang='lat' dir='ltr'><strong>in</strong></span> <span class='ocrx_word' id='word_1_91' title='bbox 513 658 607 689; x_wconf 82' lang='lat' dir='ltr'><strong>Joan..</strong></span> <span class='ocrx_word' id='word_1_92' title='bbox 632 665 707 684; x_wconf 89' lang='lat' dir='ltr'><strong>num.</strong></span> <span class='ocrx_word' id='word_1_93' title='bbox 731 657 788 684; x_wconf 79' lang='lat'><strong>37:</strong></span> <span class='ocrx_word' id='word_1_94' title='bbox 811 657 891 684; x_wconf 77' lang='grc' dir='ltr'><strong>Ἀλλὰ</strong></span> 
     </span>
    </p>
   </div>
   <div class='ocr_carea' id='block_1_15' title="bbox 92 703 890 742">
    <p class='ocr_par' dir='ltr' id='par_1_15' title="bbox 92 703 890 742">
     <span class='ocr_line' id='line_1_15' title="bbox 92 703 890 742; baseline -0.003 -10"><span class='ocrx_word' id='word_1_95' title='bbox 92 706 148 734; x_wconf 65' lang='grc' dir='ltr'><strong>καὶ</strong></span> <span class='ocrx_word' id='word_1_96' title='bbox 162 706 232 742; x_wconf 74' lang='grc' dir='ltr'>ἀνὴρ</span> <span class='ocrx_word' id='word_1_97' title='bbox 249 705 317 739; x_wconf 80' lang='grc' dir='ltr'>πρὸς</span> <span class='ocrx_word' id='word_1_98' title='bbox 333 706 438 736; x_wconf 78' lang='grc' dir='ltr'><strong>τούτοις</strong></span> <span class='ocrx_word' id='word_1_99' title='bbox 452 704 559 738; x_wconf 81' lang='grc' dir='ltr'><strong>λέγεται</strong></span> <span class='ocrx_word' id='word_1_100' title='bbox 573 703 659 731; x_wconf 81' lang='grc' dir='ltr'><strong>ὀπίσω</strong></span> <span class='ocrx_word' id='word_1_101' title='bbox 676 703 799 730; x_wconf 81' lang='grc' dir='ltr'><strong>Ἰωάννου</strong></span> <span class='ocrx_word' id='word_1_102' title='bbox 813 703 890 740; x_wconf 79' lang='grc' dir='ltr'><strong>ἐρχό-</strong></span> 
     </span>
    </p>
   </div>
   <div class='ocr_carea' id='block_1_16' title="bbox 92 749 890 788">
    <p class='ocr_par' dir='ltr' id='par_1_16' title="bbox 92 749 890 788">
     <span class='ocr_line' id='line_1_16' title="bbox 92 749 890 788; baseline -0.004 -9"><span class='ocrx_word' id='word_1_103' title='bbox 92 761 192 788; x_wconf 77' lang='grc' dir='ltr'><strong>μενος,</strong></span> <span class='ocrx_word' id='word_1_104' title='bbox 206 751 358 788; x_wconf 73' lang='grc' dir='ltr'><strong>ἔμπρυσθεν</strong></span> <span class='ocrx_word' id='word_1_105' title='bbox 371 751 454 778; x_wconf 72' lang='grc' dir='ltr'>αὑτοῦ</span> <span class='ocrx_word' id='word_1_106' title='bbox 469 751 660 787; x_wconf 77' lang='grc' dir='ltr'><strong>γεγενημένος,</strong></span> <span class='ocrx_word' id='word_1_107' title='bbox 676 752 722 779; x_wconf 80' lang='grc' dir='ltr'><strong>καὶ</strong></span> <span class='ocrx_word' id='word_1_108' title='bbox 739 750 792 786; x_wconf 74' lang='grc' dir='ltr'><strong>πρὸ</strong></span> <span class='ocrx_word' id='word_1_109' title='bbox 808 749 890 776; x_wconf 79' lang='grc' dir='ltr'>αὑτοῦ</span> 
     </span>
    </p>
   </div>
   <div class='ocr_carea' id='block_1_17' title="bbox 93 796 890 834">
    <p class='ocr_par' dir='ltr' id='par_1_17' title="bbox 93 796 890 834">
     <span class='ocr_line' id='line_1_17' title="bbox 93 796 890 834; baseline -0.005 -8"><span class='ocrx_word' id='word_1_110' title='bbox 93 799 148 831; x_wconf 80' lang='grc' dir='ltr'><strong>ὢν,</strong></span> <span class='ocrx_word' id='word_1_111' title='bbox 164 798 207 825; x_wconf 77' lang='grc' dir='ltr'><strong>ἵνα</strong></span> <span class='ocrx_word' id='word_1_112' title='bbox 223 797 390 834; x_wconf 76' lang='grc' dir='ltr'><strong>διδαχθῶμεν</strong></span> <span class='ocrx_word' id='word_1_113' title='bbox 409 797 455 823; x_wconf 73' lang='grc' dir='ltr'><strong>καὶ</strong></span> <span class='ocrx_word' id='word_1_114' title='bbox 469 797 514 824; x_wconf 78' lang='grc' dir='ltr'><strong>τὸν</strong></span> <span class='ocrx_word' id='word_1_115' title='bbox 528 797 672 833; x_wconf 77' lang='grc' dir='ltr'><strong>ἄνθρωπον</strong></span> <span class='ocrx_word' id='word_1_116' title='bbox 693 798 740 825; x_wconf 79' lang='grc' dir='ltr'><strong>τοῦ</strong></span> <span class='ocrx_word' id='word_1_117' title='bbox 758 797 825 824; x_wconf 85' lang='grc' dir='ltr'><strong>Υἱοῦ</strong></span> <span class='ocrx_word' id='word_1_118' title='bbox 843 796 890 823; x_wconf 78' lang='grc' dir='ltr'><strong>τοῦ</strong></span> 
     </span>
    </p>
   </div>
   <div class='ocr_carea' id='block_1_18' title="bbox 93 844 892 881">
    <p class='ocr_par' dir='ltr' id='par_1_18' title="bbox 93 844 892 881">
     <span class='ocr_line' id='line_1_18' title="bbox 93 844 892 881; baseline -0.003 -10"><span class='ocrx_word' id='word_1_119' title='bbox 93 845 180 877; x_wconf 74' lang='grc' dir='ltr'><strong>Θεοῦ,</strong></span> <span class='ocrx_word' id='word_1_120' title='bbox 197 845 243 872; x_wconf 80' lang='grc' dir='ltr'><strong>τὸν</strong></span> <span class='ocrx_word' id='word_1_121' title='bbox 264 846 297 881; x_wconf 83' lang='grc' dir='ltr'><strong>τῇ</strong></span> <span class='ocrx_word' id='word_1_122' title='bbox 320 845 428 880; x_wconf 77' lang='grc' dir='ltr'><strong>Θεότητι</strong></span> <span class='ocrx_word' id='word_1_123' title='bbox 451 844 534 872; x_wconf 70' lang='grc' dir='ltr'>αὑτοῦ</span> <span class='ocrx_word' id='word_1_124' title='bbox 561 845 807 881; x_wconf 80' lang='grc' dir='ltr'><strong>ἀνακεκραμμὲνον</strong></span> <span class='ocrx_word' id='word_1_125' title='bbox 829 852 892 879; x_wconf 84' lang='grc' dir='ltr'>πρε-</span> 
     </span>
    </p>
   </div>
   <div class='ocr_carea' id='block_1_19' title="bbox 942 236 1731 272">
    <p class='ocr_par' dir='ltr' id='par_1_19' title="bbox 942 236 1731 272">
     <span class='ocr_line' id='line_1_19' title="bbox 942 236 1731 272; baseline -0.004 -6"><span class='ocrx_word' id='word_1_126' title='bbox 942 239 1068 266; x_wconf 89' lang='lat' dir='ltr'><strong>ttifestius</strong></span> <span class='ocrx_word' id='word_1_127' title='bbox 1098 238 1291 265; x_wconf 87' lang='lat' dir='ltr'><strong>allirmationes</strong></span> <span class='ocrx_word' id='word_1_128' title='bbox 1319 237 1345 263; x_wconf 88' lang='lat' dir='ltr'><strong>itt</strong></span> <span class='ocrx_word' id='word_1_129' title='bbox 1381 236 1498 263; x_wconf 88' lang='lat' dir='ltr'><strong>medium</strong></span> <span class='ocrx_word' id='word_1_130' title='bbox 1525 236 1703 272; x_wconf 83' lang='lat' dir='ltr'><strong>proferentes.</strong></span> <span class='ocrx_word' id='word_1_131' title='bbox 1721 246 1731 263; x_wconf 75' lang='grc' dir='ltr'>ι</span> 
     </span>
    </p>
   </div>
   <div class='ocr_carea' id='block_1_20' title="bbox 941 282 1736 319">
    <p class='ocr_par' dir='ltr' id='par_1_20' title="bbox 941 282 1736 319">
     <span class='ocr_line' id='line_1_20' title="bbox 941 282 1736 319; baseline -0.001 -8"><span class='ocrx_word' id='word_1_132' title='bbox 941 285 1007 319; x_wconf 73' lang='lat' dir='ltr'><strong>Qua:</strong></span> <span class='ocrx_word' id='word_1_133' title='bbox 1034 293 1049 312; x_wconf 89' lang='lat' dir='ltr'><strong>a</strong></span> <span class='ocrx_word' id='word_1_134' title='bbox 1077 284 1175 311; x_wconf 77' lang='lat' dir='ltr'><strong>Rufino</strong></span> <span class='ocrx_word' id='word_1_135' title='bbox 1197 284 1305 311; x_wconf 81' lang='lat' dir='ltr'><strong>adtexta</strong></span> <span class='ocrx_word' id='word_1_136' title='bbox 1320 282 1483 317; x_wconf 84' lang='lat' dir='ltr'><strong>suspicarer,</strong></span> <span class='ocrx_word' id='word_1_137' title='bbox 1498 282 1520 309; x_wconf 91' lang='lat' dir='ltr'><strong>si</strong></span> <span class='ocrx_word' id='word_1_138' title='bbox 1535 290 1587 309; x_wconf 89' lang='lat' dir='ltr'><strong>non</strong></span> <span class='ocrx_word' id='word_1_139' title='bbox 1606 284 1639 310; x_wconf 86' lang='lat' dir='ltr'><strong>de</strong></span> <span class='ocrx_word' id='word_1_140' title='bbox 1653 283 1736 310; x_wconf 86' lang='lat' dir='ltr'><strong>rebus</strong></span> 
     </span>
    </p>
   </div>
   <div class='ocr_carea' id='block_1_21' title="bbox 940 328 1734 365">
    <p class='ocr_par' dir='ltr' id='par_1_21' title="bbox 940 328 1734 365">
     <span class='ocr_line' id='line_1_21' title="bbox 940 328 1734 365; baseline -0.003 -7"><span class='ocrx_word' id='word_1_141' title='bbox 940 330 1066 358; x_wconf 87' lang='lat' dir='ltr'><strong>obscuris</strong></span> <span class='ocrx_word' id='word_1_142' title='bbox 1096 330 1283 365; x_wconf 84' lang='lat' dir='ltr'><strong>disputaturus</strong></span> <span class='ocrx_word' id='word_1_143' title='bbox 1313 328 1443 364; x_wconf 78' lang='lat' dir='ltr'><strong>Origenes</strong></span> <span class='ocrx_word' id='word_1_144' title='bbox 1475 328 1510 355; x_wconf 88' lang='lat' dir='ltr'><strong>ita</strong></span> <span class='ocrx_word' id='word_1_145' title='bbox 1545 328 1652 363; x_wconf 64' lang='lat' dir='ltr'><strong>praefari</strong></span> <span class='ocrx_word' id='word_1_146' title='bbox 1687 335 1734 356; x_wconf 91' lang='lat' dir='ltr'><strong>so-</strong></span> 
     </span>
    </p>
   </div>
   <div class='ocr_carea' id='block_1_22' title="bbox 941 377 1019 405">
    <p class='ocr_par' dir='ltr' id='par_1_22' title="bbox 941 377 1019 405">
     <span class='ocr_line' id='line_1_22' title="bbox 941 377 1019 405; baseline 0 -1"><span class='ocrx_word' id='word_1_147' title='bbox 941 377 1019 405; x_wconf 90' lang='lat' dir='ltr'><strong>leret.</strong></span> 
     </span>
    </p>
   </div>
   <div class='ocr_carea' id='block_1_23' title="bbox 976 421 1735 456">
    <p class='ocr_par' dir='ltr' id='par_1_23' title="bbox 976 421 1735 456">
     <span class='ocr_line' id='line_1_23' title="bbox 976 421 1735 456; baseline 0 -7"><span class='ocrx_word' id='word_1_148' title='bbox 976 423 1043 451; x_wconf 82' lang='lat' dir='ltr'>VIII.</span> <span class='ocrx_word' id='word_1_149' title='bbox 1063 422 1244 450; x_wconf 87' lang='lat' dir='ltr'><strong>Nihilominus</strong></span> <span class='ocrx_word' id='word_1_150' title='bbox 1270 427 1360 449; x_wconf 90' lang='lat' dir='ltr'><strong>tamen</strong></span> <span class='ocrx_word' id='word_1_151' title='bbox 1388 429 1421 449; x_wconf 92' lang='lat' dir='ltr'><strong>ne</strong></span> <span class='ocrx_word' id='word_1_152' title='bbox 1441 421 1480 449; x_wconf 87' lang='lat' dir='ltr'><strong>sic</strong></span> <span class='ocrx_word' id='word_1_153' title='bbox 1498 421 1606 456; x_wconf 87' lang='lat' dir='ltr'><strong>quidem</strong></span> <span class='ocrx_word' id='word_1_154' title='bbox 1635 421 1735 449; x_wconf 85' lang='lat' dir='ltr'><strong>multo-</strong></span> 
     </span>
    </p>
   </div>
   <div class='ocr_carea' id='block_1_24' title="bbox 942 468 1735 502">
    <p class='ocr_par' dir='ltr' id='par_1_24' title="bbox 942 468 1735 502">
     <span class='ocr_line' id='line_1_24' title="bbox 942 468 1735 502; baseline 0 -6"><span class='ocrx_word' id='word_1_155' title='bbox 942 478 1000 497; x_wconf 92' lang='lat' dir='ltr'><strong>rum</strong></span> <span class='ocrx_word' id='word_1_156' title='bbox 1026 469 1262 497; x_wconf 80' lang='lat' dir='ltr'><strong>criminationibus</strong></span> <span class='ocrx_word' id='word_1_157' title='bbox 1283 468 1334 496; x_wconf 87' lang='lat' dir='ltr'><strong>fuit</strong></span> <span class='ocrx_word' id='word_1_158' title='bbox 1359 468 1496 496; x_wconf 90' lang='lat' dir='ltr'><strong>immunis.</strong></span> <span class='ocrx_word' id='word_1_159' title='bbox 1521 468 1616 502; x_wconf 86' lang='lat' dir='ltr'><strong>Carpit</strong></span> <span class='ocrx_word' id='word_1_160' title='bbox 1647 468 1735 502; x_wconf 90' lang='lat' dir='ltr'><strong>ipsum</strong></span> 
     </span>
    </p>
   </div>
   <div class='ocr_carea' id='block_1_25' title="bbox 941 514 1734 551">
    <p class='ocr_par' dir='ltr' id='par_1_25' title="bbox 941 514 1734 551">
     <span class='ocr_line' id='line_1_25' title="bbox 941 514 1734 551; baseline -0.003 -8"><span class='ocrx_word' id='word_1_161' title='bbox 941 516 1108 551; x_wconf 85' lang='lat' dir='ltr'><strong>Theophilus</strong></span> <span class='ocrx_word' id='word_1_162' title='bbox 1132 516 1184 543; x_wconf 89' lang='lat' dir='ltr'><strong>int</strong></span> <span class='ocrx_word' id='word_1_163' title='bbox 1208 515 1306 542; x_wconf 76' lang='lat' dir='ltr'><strong>Pasch.</strong></span> <span class='ocrx_word' id='word_1_164' title='bbox 1334 517 1430 550; x_wconf 58' lang='lat' dir='ltr'><strong>opim,</strong></span> <span class='ocrx_word' id='word_1_165' title='bbox 1456 514 1527 549; x_wconf 91' lang='lat' dir='ltr'><strong>quod</strong></span> <span class='ocrx_word' id='word_1_166' title='bbox 1555 515 1588 541; x_wconf 87' lang='lat' dir='ltr'><strong>ad</strong></span> <span class='ocrx_word' id='word_1_167' title='bbox 1615 515 1734 541; x_wconf 84' lang='lat' dir='ltr'><strong>animam</strong></span> 
     </span>
    </p>
   </div>
   <div class='ocr_carea' id='block_1_26' title="bbox 940 560 1734 594">
    <p class='ocr_par' dir='ltr' id='par_1_26' title="bbox 940 560 1734 594">
     <span class='ocr_line' id='line_1_26' title="bbox 940 560 1734 594; baseline 0 -6"><span class='ocrx_word' id='word_1_168' title='bbox 940 560 1041 589; x_wconf 87' lang='lat' dir='ltr'><strong>Christi</strong></span> <span class='ocrx_word' id='word_1_169' title='bbox 1068 561 1190 588; x_wconf 82' lang='lat' dir='ltr'><strong>retulerit</strong></span> <span class='ocrx_word' id='word_1_170' title='bbox 1213 561 1284 588; x_wconf 89' lang='lat' dir='ltr'><strong>istttd</strong></span> <span class='ocrx_word' id='word_1_171' title='bbox 1311 561 1386 588; x_wconf 84' lang='lat' dir='ltr'><strong>Pauli</strong></span> <span class='ocrx_word' id='word_1_172' title='bbox 1409 561 1525 594; x_wconf 83' lang='lat' dir='ltr'><strong>Philipp.</strong></span> <span class='ocrx_word' id='word_1_173' title='bbox 1540 567 1576 592; x_wconf 86' lang='lat' dir='ltr'><strong>rt,</strong></span> <span class='ocrx_word' id='word_1_174' title='bbox 1592 561 1628 587; x_wconf 84' lang='lat'><strong>7:</strong></span> <span class='ocrx_word' id='word_1_175' title='bbox 1651 570 1661 587; x_wconf 78' lang='grc' dir='ltr'>ι</span> <span class='ocrx_word' id='word_1_176' title='bbox 1676 561 1734 588; x_wconf 84' lang='lat' dir='ltr'><strong>Non</strong></span> 
     </span>
    </p>
   </div>
   <div class='ocr_carea' id='block_1_27' title="bbox 942 606 1736 642">
    <p class='ocr_par' dir='ltr' id='par_1_27' title="bbox 942 606 1736 642">
     <span class='ocr_line' id='line_1_27' title="bbox 942 606 1736 642; baseline 0.003 -9"><span class='ocrx_word' id='word_1_177' title='bbox 942 608 1064 642; x_wconf 86' lang='lat' dir='ltr'><strong>rapinam</strong></span> <span class='ocrx_word' id='word_1_178' title='bbox 1088 606 1237 634; x_wconf 79' lang='lat' dir='ltr'><strong>arbitratus</strong></span> <span class='ocrx_word' id='word_1_179' title='bbox 1256 611 1297 634; x_wconf 90' lang='lat' dir='ltr'><strong>est</strong></span> <span class='ocrx_word' id='word_1_180' title='bbox 1317 614 1378 634; x_wconf 85' lang='lat' dir='ltr'><strong>esse</strong></span> <span class='ocrx_word' id='word_1_181' title='bbox 1402 614 1431 634; x_wconf 91' lang='lat' dir='ltr'><strong>se</strong></span> <span class='ocrx_word' id='word_1_182' title='bbox 1451 606 1582 640; x_wconf 78' lang='lat' dir='ltr'><strong>:equalem</strong></span> <span class='ocrx_word' id='word_1_183' title='bbox 1603 606 1667 640; x_wconf 88' lang='lat' dir='ltr'><strong>Deo,</strong></span> <span class='ocrx_word' id='word_1_184' title='bbox 1688 607 1736 635; x_wconf 88' lang='lat' dir='ltr'><strong>sed</strong></span> 
     </span>
    </p>
   </div>
   <div class='ocr_carea' id='block_1_28' title="bbox 942 652 1732 688">
    <p class='ocr_par' dir='ltr' id='par_1_28' title="bbox 942 652 1732 688">
     <span class='ocr_line' id='line_1_28' title="bbox 942 652 1732 688; baseline 0 -8"><span class='ocrx_word' id='word_1_185' title='bbox 942 653 1118 688; x_wconf 83' lang='lat' dir='ltr'><strong>semetipsum</strong></span> <span class='ocrx_word' id='word_1_186' title='bbox 1144 652 1295 680; x_wconf 82' lang='lat' dir='ltr'><strong>exinanivit</strong></span> <span class='ocrx_word' id='word_1_187' title='bbox 1320 653 1434 680; x_wconf 88' lang='lat' dir='ltr'><strong>formam</strong></span> <span class='ocrx_word' id='word_1_188' title='bbox 1455 653 1526 680; x_wconf 87' lang='lat' dir='ltr'><strong>servi</strong></span> <span class='ocrx_word' id='word_1_189' title='bbox 1553 653 1706 688; x_wconf 84' lang='lat' dir='ltr'><strong>accipiens;</strong></span> <span class='ocrx_word' id='word_1_190' title='bbox 1722 663 1732 680; x_wconf 71' lang='grc' dir='ltr'>ι</span> 
     </span>
    </p>
   </div>
   <div class='ocr_carea' id='block_1_29' title="bbox 943 698 1735 733">
    <p class='ocr_par' dir='ltr' id='par_1_29' title="bbox 943 698 1735 733">
     <span class='ocr_line' id='line_1_29' title="bbox 943 698 1735 733; baseline 0 -7"><span class='ocrx_word' id='word_1_191' title='bbox 943 699 1013 726; x_wconf 88' lang='lat' dir='ltr'><strong>unde</strong></span> <span class='ocrx_word' id='word_1_192' title='bbox 1035 698 1173 726; x_wconf 82' lang='lat' dir='ltr'><strong>concludit</strong></span> <span class='ocrx_word' id='word_1_193' title='bbox 1189 699 1290 726; x_wconf 88' lang='lat' dir='ltr'><strong>Christi</strong></span> <span class='ocrx_word' id='word_1_194' title='bbox 1308 699 1426 726; x_wconf 90' lang='lat' dir='ltr'><strong>animant</strong></span> <span class='ocrx_word' id='word_1_195' title='bbox 1452 698 1581 733; x_wconf 75' lang='lat' dir='ltr'><strong>:Pqualetu</strong></span> <span class='ocrx_word' id='word_1_196' title='bbox 1600 699 1654 725; x_wconf 85' lang='lat' dir='ltr'><strong>Deo</strong></span> <span class='ocrx_word' id='word_1_197' title='bbox 1672 698 1735 726; x_wconf 91' lang='lat' dir='ltr'><strong>Ori-</strong></span> 
     </span>
    </p>
   </div>
   <div class='ocr_carea' id='block_1_30' title="bbox 942 744 1736 781">
    <p class='ocr_par' dir='ltr' id='par_1_30' title="bbox 942 744 1736 781">
     <span class='ocr_line' id='line_1_30' title="bbox 942 744 1736 781; baseline -0.004 -8"><span class='ocrx_word' id='word_1_198' title='bbox 942 753 1037 781; x_wconf 78' lang='lat' dir='ltr'><strong>genem</strong></span> <span class='ocrx_word' id='word_1_199' title='bbox 1065 745 1231 779; x_wconf 81' lang='lat' dir='ltr'><strong>credidisse,</strong></span> <span class='ocrx_word' id='word_1_200' title='bbox 1257 753 1287 772; x_wconf 85' lang='lat' dir='ltr'><strong>ac</strong></span> <span class='ocrx_word' id='word_1_201' title='bbox 1310 745 1427 780; x_wconf 64' lang='lat' dir='ltr'><strong>aquales</strong></span> <span class='ocrx_word' id='word_1_202' title='bbox 1454 744 1568 779; x_wconf 89' lang='lat' dir='ltr'><strong>proinde</strong></span> <span class='ocrx_word' id='word_1_203' title='bbox 1593 744 1736 771; x_wconf 90' lang='lat' dir='ltr'><strong>hominum</strong></span> 
     </span>
    </p>
   </div>
   <div class='ocr_carea' id='block_1_31' title="bbox 943 791 1735 826">
    <p class='ocr_par' dir='ltr' id='par_1_31' title="bbox 943 791 1735 826">
     <span class='ocr_line' id='line_1_31' title="bbox 943 791 1735 826; baseline -0.001 -8"><span class='ocrx_word' id='word_1_204' title='bbox 943 792 1058 824; x_wconf 87' lang='lat' dir='ltr'><strong>animas,</strong></span> <span class='ocrx_word' id='word_1_205' title='bbox 1086 799 1146 826; x_wconf 68' lang='lat' dir='ltr'><strong>qua:</strong></span> <span class='ocrx_word' id='word_1_206' title='bbox 1173 791 1294 826; x_wconf 88' lang='lat' dir='ltr'><strong>ejusdem</strong></span> <span class='ocrx_word' id='word_1_207' title='bbox 1321 796 1384 818; x_wconf 87' lang='lat' dir='ltr'><strong>sunt</strong></span> <span class='ocrx_word' id='word_1_208' title='bbox 1408 791 1568 818; x_wconf 68' lang='lat' dir='ltr'><strong>substantia:</strong></span> <span class='ocrx_word' id='word_1_209' title='bbox 1592 798 1624 818; x_wconf 90' lang='lat' dir='ltr'><strong>ac</strong></span> <span class='ocrx_word' id='word_1_210' title='bbox 1646 791 1735 818; x_wconf 88' lang='lat' dir='ltr'><strong>anima</strong></span> 
     </span>
    </p>
   </div>
   <div class='ocr_carea' id='block_1_32' title="bbox 943 836 1735 872">
    <p class='ocr_par' dir='ltr' id='par_1_32' title="bbox 943 836 1735 872">
     <span class='ocr_line' id='line_1_32' title="bbox 943 836 1735 872; baseline -0.001 -8"><span class='ocrx_word' id='word_1_211' title='bbox 943 837 1062 869; x_wconf 91' lang='lat' dir='ltr'><strong>Christi,</strong></span> <span class='ocrx_word' id='word_1_212' title='bbox 1088 837 1230 872; x_wconf 85' lang='lat' dir='ltr'><strong>ipsumque</strong></span> <span class='ocrx_word' id='word_1_213' title='bbox 1256 836 1373 864; x_wconf 75' lang='lat' dir='ltr'><strong>Verbum</strong></span> <span class='ocrx_word' id='word_1_214' title='bbox 1394 838 1550 872; x_wconf 82' lang='lat' dir='ltr'><strong>neutiquam</strong></span> <span class='ocrx_word' id='word_1_215' title='bbox 1565 837 1598 864; x_wconf 87' lang='lat' dir='ltr'><strong>ad</strong></span> <span class='ocrx_word' id='word_1_216' title='bbox 1616 841 1735 870; x_wconf 82' lang='lat' dir='ltr'><strong>terrena,</strong></span> 
     </span>
    </p>
   </div>
   <div class='ocr_carea' id='block_1_33' title="bbox 94 883 892 927">
    <p class='ocr_par' dir='ltr' id='par_1_33' title="bbox 94 888 892 927">
     <span class='ocr_line' id='line_1_33' title="bbox 94 888 892 927; baseline -0.003 -9"><span class='ocrx_word' id='word_1_217' title='bbox 94 891 233 927; x_wconf 78' lang='grc' dir='ltr'><strong>υϐύτερον</strong></span> <span class='ocrx_word' id='word_1_218' title='bbox 245 888 313 918; x_wconf 79' lang='grc' dir='ltr'><strong>εἶναι</strong></span> <span class='ocrx_word' id='word_1_219' title='bbox 326 891 374 926; x_wconf 80' lang='grc' dir='ltr'><strong>τῆς</strong></span> <span class='ocrx_word' id='word_1_220' title='bbox 386 892 418 918; x_wconf 85' lang='grc' dir='ltr'>ἐκ</span> <span class='ocrx_word' id='word_1_221' title='bbox 430 891 541 927; x_wconf 81' lang='grc' dir='ltr'><strong>Μαρίας</strong></span> <span class='ocrx_word' id='word_1_222' title='bbox 553 891 694 925; x_wconf 77' lang='grc' dir='ltr'><strong>γενέσεως.</strong></span> <span class='ocrx_word' id='word_1_223' title='bbox 705 890 779 918; x_wconf 82' lang='lat' dir='ltr'><strong>Alter</strong></span> <span class='ocrx_word' id='word_1_224' title='bbox 787 890 892 917; x_wconf 82' lang='lat' dir='ltr'><strong>habetut</strong></span> 
     </span>
    </p>
   </div>
   <div class='ocr_carea' id='block_1_34' title="bbox 945 883 1735 927">
    <p class='ocr_par' dir='ltr' id='par_1_34' title="bbox 950 883 1735 917">
     <span class='ocr_line' id='line_1_34' title="bbox 950 883 1735 917; baseline -0.003 -6"><span class='ocrx_word' id='word_1_225' title='bbox 950 884 996 911; x_wconf 92' lang='lat' dir='ltr'><strong>sed</strong></span> <span class='ocrx_word' id='word_1_226' title='bbox 1015 883 1099 911; x_wconf 86' lang='lat' dir='ltr'><strong>solam</strong></span> <span class='ocrx_word' id='word_1_227' title='bbox 1117 883 1176 917; x_wconf 86' lang='lat' dir='ltr'><strong>ejus</strong></span> <span class='ocrx_word' id='word_1_228' title='bbox 1192 884 1308 910; x_wconf 87' lang='lat' dir='ltr'><strong>animant</strong></span> <span class='ocrx_word' id='word_1_229' title='bbox 1326 883 1442 910; x_wconf 78' lang='lat' dir='ltr'><strong>venisse.</strong></span> <span class='ocrx_word' id='word_1_230' title='bbox 1456 883 1544 917; x_wconf 88' lang='lat' dir='ltr'><strong>Atqtte</strong></span> <span class='ocrx_word' id='word_1_231' title='bbox 1568 883 1669 910; x_wconf 87' lang='lat' dir='ltr'><strong>utinam</strong></span> <span class='ocrx_word' id='word_1_232' title='bbox 1694 884 1735 910; x_wconf 84' lang='lat' dir='ltr'><strong>vel</strong></span> 
     </span>
    </p>
   </div>
   <div class='ocr_carea' id='block_1_35' title="bbox 95 935 888 973">
    <p class='ocr_par' dir='ltr' id='par_1_35' title="bbox 95 935 888 973">
     <span class='ocr_line' id='line_1_35' title="bbox 95 935 888 973; baseline -0.003 -8"><span class='ocrx_word' id='word_1_233' title='bbox 95 943 175 965; x_wconf 85' lang='lat' dir='ltr'><strong>tomo</strong></span> <span class='ocrx_word' id='word_1_234' title='bbox 196 945 231 964; x_wconf 88' lang='lat' dir='ltr'><strong>xx</strong></span> <span class='ocrx_word' id='word_1_235' title='bbox 248 943 385 970; x_wconf 86' lang='lat' dir='ltr'><strong>sequentt,</strong></span> <span class='ocrx_word' id='word_1_236' title='bbox 403 945 477 964; x_wconf 87' lang='lat' dir='ltr'><strong>nunt.</strong></span> <span class='ocrx_word' id='word_1_237' title='bbox 494 938 546 964; x_wconf 81' lang='lat' dir='ltr'><strong>l7:</strong></span> <span class='ocrx_word' id='word_1_238' title='bbox 567 938 624 964; x_wconf 74' lang='grc' dir='ltr'>Οὐκ</span> <span class='ocrx_word' id='word_1_239' title='bbox 646 937 780 973; x_wconf 77' lang='grc' dir='ltr'><strong>ἀζήτητον</strong></span> <span class='ocrx_word' id='word_1_240' title='bbox 799 935 827 962; x_wconf 74' lang='grc' dir='ltr'><strong>δὲ</strong></span> <span class='ocrx_word' id='word_1_241' title='bbox 844 937 888 963; x_wconf 79' lang='grc' dir='ltr'><strong>ἐα-</strong></span> 
     </span>
    </p>
   </div>
   <div class='ocr_carea' id='block_1_36' title="bbox 94 982 890 1019">
    <p class='ocr_par' dir='ltr' id='par_1_36' title="bbox 94 982 890 1019">
     <span class='ocr_line' id='line_1_36' title="bbox 94 982 890 1019; baseline -0.003 -9"><span class='ocrx_word' id='word_1_242' title='bbox 94 983 160 1010; x_wconf 74' lang='grc' dir='ltr'><strong>τέον</strong></span> <span class='ocrx_word' id='word_1_243' title='bbox 175 983 220 1010; x_wconf 81' lang='grc' dir='ltr'>τὸν</span> <span class='ocrx_word' id='word_1_244' title='bbox 234 982 326 1015; x_wconf 80' lang='grc' dir='ltr'>τόπον,</span> <span class='ocrx_word' id='word_1_245' title='bbox 340 983 386 1010; x_wconf 74' lang='grc' dir='ltr'><strong>καὶ</strong></span> <span class='ocrx_word' id='word_1_246' title='bbox 407 983 447 1014; x_wconf 72' lang='grc' dir='ltr'><strong>εἰς</strong></span> <span class='ocrx_word' id='word_1_247' title='bbox 465 982 511 1009; x_wconf 71' lang='grc' dir='ltr'><strong>τὸν</strong></span> <span class='ocrx_word' id='word_1_248' title='bbox 525 983 589 1019; x_wconf 79' lang='grc' dir='ltr'>περὶ</span> <span class='ocrx_word' id='word_1_249' title='bbox 605 983 692 1018; x_wconf 77' lang='grc' dir='ltr'>ψυχῆς</span> <span class='ocrx_word' id='word_1_250' title='bbox 708 982 797 1016; x_wconf 82' lang='grc' dir='ltr'>λόγον.</span> <span class='ocrx_word' id='word_1_251' title='bbox 814 982 890 1017; x_wconf 83' lang='grc' dir='ltr'><strong>Τάχα</strong></span> 
     </span>
    </p>
   </div>
   <div class='ocr_carea' id='block_1_37' title="bbox 95 1028 891 1065">
    <p class='ocr_par' dir='ltr' id='par_1_37' title="bbox 95 1028 891 1065">
     <span class='ocr_line' id='line_1_37' title="bbox 95 1028 891 1065; baseline 0 -10"><span class='ocrx_word' id='word_1_252' title='bbox 95 1028 154 1064; x_wconf 79' lang='grc' dir='ltr'><strong>γὰρ</strong></span> <span class='ocrx_word' id='word_1_253' title='bbox 170 1030 188 1065; x_wconf 82' lang='grc' dir='ltr'><strong>ἡ</strong></span> <span class='ocrx_word' id='word_1_254' title='bbox 210 1028 258 1064; x_wconf 80' lang='grc' dir='ltr'><strong>μὲν</strong></span> <span class='ocrx_word' id='word_1_255' title='bbox 271 1028 318 1055; x_wconf 64' lang='grc' dir='ltr'><strong>τοῦ</strong></span> <span class='ocrx_word' id='word_1_256' title='bbox 334 1028 398 1055; x_wconf 82' lang='grc' dir='ltr'><strong>Υἱοῦ</strong></span> <span class='ocrx_word' id='word_1_257' title='bbox 416 1028 488 1064; x_wconf 74' lang='grc' dir='ltr'><strong>ψυχὴ</strong></span> <span class='ocrx_word' id='word_1_258' title='bbox 507 1028 536 1056; x_wconf 80' lang='grc' dir='ltr'><strong>ὲν</strong></span> <span class='ocrx_word' id='word_1_259' title='bbox 552 1030 585 1064; x_wconf 81' lang='grc' dir='ltr'><strong>τῇ</strong></span> <span class='ocrx_word' id='word_1_260' title='bbox 607 1028 705 1063; x_wconf 80' lang='grc' dir='ltr'><strong>ἑαυτῆς</strong></span> <span class='ocrx_word' id='word_1_261' title='bbox 721 1028 891 1063; x_wconf 77' lang='grc' dir='ltr'><strong>τυγχάνουσα</strong></span> 
     </span>
    </p>
   </div>
   <div class='ocr_carea' id='block_1_38' title="bbox 95 1072 891 1110">
    <p class='ocr_par' dir='ltr' id='par_1_38' title="bbox 95 1072 891 1110">
     <span class='ocr_line' id='line_1_38' title="bbox 95 1072 891 1110; baseline 0 -9"><span class='ocrx_word' id='word_1_262' title='bbox 95 1074 260 1110; x_wconf 75' lang='grc' dir='ltr'><strong>τελειότητι,</strong></span> <span class='ocrx_word' id='word_1_263' title='bbox 274 1075 304 1100; x_wconf 82' lang='grc' dir='ltr'><strong>ὲν</strong></span> <span class='ocrx_word' id='word_1_264' title='bbox 319 1073 378 1110; x_wconf 78' lang='grc' dir='ltr'><strong>θεῷ</strong></span> <span class='ocrx_word' id='word_1_265' title='bbox 397 1075 443 1101; x_wconf 77' lang='grc' dir='ltr'><strong>καὶ</strong></span> <span class='ocrx_word' id='word_1_266' title='bbox 463 1074 501 1110; x_wconf 78' lang='grc' dir='ltr'><strong>τῷ</strong></span> <span class='ocrx_word' id='word_1_267' title='bbox 514 1074 678 1110; x_wconf 79' lang='grc' dir='ltr'><strong>πληρώματι</strong></span> <span class='ocrx_word' id='word_1_268' title='bbox 693 1072 736 1110; x_wconf 79' lang='grc' dir='ltr'><strong>ἦν,</strong></span> <span class='ocrx_word' id='word_1_269' title='bbox 753 1074 798 1101; x_wconf 70' lang='grc' dir='ltr'><strong>καὶ</strong></span> <span class='ocrx_word' id='word_1_270' title='bbox 820 1075 891 1101; x_wconf 79' lang='grc' dir='ltr'><strong>ἐκεῖ·</strong></span> 
     </span>
    </p>
   </div>
   <div class='ocr_carea' id='block_1_39' title="bbox 96 1118 889 1155">
    <p class='ocr_par' dir='ltr' id='par_1_39' title="bbox 96 1118 889 1155">
     <span class='ocr_line' id='line_1_39' title="bbox 96 1118 889 1155; baseline -0.001 -9"><span class='ocrx_word' id='word_1_271' title='bbox 96 1120 146 1147; x_wconf 79' lang='grc' dir='ltr'><strong>Θεν</strong></span> <span class='ocrx_word' id='word_1_272' title='bbox 170 1119 362 1155; x_wconf 74' lang='grc' dir='ltr'><strong>ἐξεληλυθυῖα,</strong></span> <span class='ocrx_word' id='word_1_273' title='bbox 379 1118 418 1155; x_wconf 78' lang='grc' dir='ltr'><strong>τῷ</strong></span> <span class='ocrx_word' id='word_1_274' title='bbox 442 1119 610 1146; x_wconf 72' lang='grc' dir='ltr'><strong>ἀπεστάλθαι</strong></span> <span class='ocrx_word' id='word_1_275' title='bbox 633 1119 687 1146; x_wconf 78' lang='grc' dir='ltr'><strong>ἀπὸ</strong></span> <span class='ocrx_word' id='word_1_276' title='bbox 706 1118 752 1146; x_wconf 73' lang='grc' dir='ltr'><strong>τοῦ</strong></span> <span class='ocrx_word' id='word_1_277' title='bbox 769 1119 889 1154; x_wconf 73' lang='grc' dir='ltr'><strong>Ἡατρδς,</strong></span> 
     </span>
    </p>
   </div>
   <div class='ocr_carea' id='block_1_40' title="bbox 96 1164 891 1201">
    <p class='ocr_par' dir='ltr' id='par_1_40' title="bbox 96 1164 891 1201">
     <span class='ocr_line' id='line_1_40' title="bbox 96 1164 891 1201; baseline -0.004 -8"><span class='ocrx_word' id='word_1_278' title='bbox 96 1165 217 1193; x_wconf 75' lang='grc' dir='ltr'><strong>ἀνέλαϐε</strong></span> <span class='ocrx_word' id='word_1_279' title='bbox 236 1166 266 1192; x_wconf 85' lang='grc' dir='ltr'><strong>τὸ</strong></span> <span class='ocrx_word' id='word_1_280' title='bbox 285 1166 317 1192; x_wconf 84' lang='grc' dir='ltr'><strong>ὲκ</strong></span> <span class='ocrx_word' id='word_1_281' title='bbox 332 1165 381 1200; x_wconf 80' lang='grc' dir='ltr'><strong>τῆς</strong></span> <span class='ocrx_word' id='word_1_282' title='bbox 396 1165 507 1201; x_wconf 76' lang='grc' dir='ltr'><strong>Μαρίας</strong></span> <span class='ocrx_word' id='word_1_283' title='bbox 527 1165 616 1200; x_wconf 83' lang='grc' dir='ltr'><strong>σῶμα.</strong></span> <span class='ocrx_word' id='word_1_284' title='bbox 633 1164 714 1192; x_wconf 86' lang='lat' dir='ltr'><strong>Libro</strong></span> <span class='ocrx_word' id='word_1_285' title='bbox 737 1172 800 1192; x_wconf 81' lang='lat' dir='ltr'><strong>vero</strong></span> <span class='ocrx_word' id='word_1_286' title='bbox 815 1172 832 1191; x_wconf 90' lang='lat' dir='ltr'><strong>ll</strong></span> <span class='ocrx_word' id='word_1_287' title='bbox 855 1164 891 1191; x_wconf 80' lang='lat' dir='ltr'><strong>De</strong></span> 
     </span>
    </p>
   </div>
   <div class='ocr_carea' id='block_1_41' title="bbox 97 1210 891 1249">
    <p class='ocr_par' dir='ltr' id='par_1_41' title="bbox 97 1210 891 1249">
     <span class='ocr_line' id='line_1_41' title="bbox 97 1210 891 1249; baseline -0.001 -10"><span class='ocrx_word' id='word_1_288' title='bbox 97 1213 228 1249; x_wconf 80' lang='lat' dir='ltr'><strong>princip.,</strong></span> <span class='ocrx_word' id='word_1_289' title='bbox 246 1219 306 1246; x_wconf 85' lang='lat' dir='ltr'><strong>cap.</strong></span> <span class='ocrx_word' id='word_1_290' title='bbox 318 1212 346 1242; x_wconf 83' lang='grc' dir='ltr'><strong>ϐ,</strong></span> <span class='ocrx_word' id='word_1_291' title='bbox 363 1219 436 1238; x_wconf 86' lang='lat' dir='ltr'><strong>nunt.</strong></span> <span class='ocrx_word' id='word_1_292' title='bbox 451 1212 468 1239; x_wconf 82' lang='grc'><strong>5</strong></span> <span class='ocrx_word' id='word_1_293' title='bbox 483 1216 509 1239; x_wconf 89' lang='lat' dir='ltr'><strong>et</strong></span> <span class='ocrx_word' id='word_1_294' title='bbox 531 1211 564 1243; x_wconf 69' lang='grc'><strong>4,</strong></span> <span class='ocrx_word' id='word_1_295' title='bbox 586 1215 613 1238; x_wconf 84' lang='lat' dir='ltr'><strong>et</strong></span> <span class='ocrx_word' id='word_1_296' title='bbox 630 1211 676 1238; x_wconf 91' lang='lat' dir='ltr'><strong>lib.</strong></span> <span class='ocrx_word' id='word_1_297' title='bbox 699 1218 707 1237; x_wconf 92' lang='grc' dir='ltr'>ι</span> <span class='ocrx_word' id='word_1_298' title='bbox 726 1217 818 1238; x_wconf 82' lang='lat' dir='ltr'><strong>contra</strong></span> <span class='ocrx_word' id='word_1_299' title='bbox 837 1210 891 1238; x_wconf 81' lang='lat' dir='ltr'><strong>Cel-</strong></span> 
     </span>
    </p>
   </div>
   <div class='ocr_carea' id='block_1_42' title="bbox 98 1257 892 1290">
    <p class='ocr_par' dir='ltr' id='par_1_42' title="bbox 98 1257 892 1290">
     <span class='ocr_line' id='line_1_42' title="bbox 98 1257 892 1290; baseline -0.004 -5"><span class='ocrx_word' id='word_1_300' title='bbox 98 1267 173 1290; x_wconf 75' lang='lat' dir='ltr'><strong>sum,</strong></span> <span class='ocrx_word' id='word_1_301' title='bbox 187 1266 263 1285; x_wconf 86' lang='lat' dir='ltr'><strong>nunt.</strong></span> <span class='ocrx_word' id='word_1_302' title='bbox 278 1258 314 1285; x_wconf 71' lang='grc'><strong>52</strong></span> <span class='ocrx_word' id='word_1_303' title='bbox 326 1263 353 1286; x_wconf 89' lang='lat' dir='ltr'><strong>et</strong></span> <span class='ocrx_word' id='word_1_304' title='bbox 369 1258 414 1290; x_wconf 75' lang='lat'><strong>53,</strong></span> <span class='ocrx_word' id='word_1_305' title='bbox 434 1257 520 1285; x_wconf 81' lang='lat' dir='ltr'><strong>fusius</strong></span> <span class='ocrx_word' id='word_1_306' title='bbox 536 1257 606 1284; x_wconf 76' lang='lat' dir='ltr'><strong>idem</strong></span> <span class='ocrx_word' id='word_1_307' title='bbox 631 1261 730 1284; x_wconf 84' lang='lat' dir='ltr'><strong>tractat</strong></span> <span class='ocrx_word' id='word_1_308' title='bbox 749 1264 892 1290; x_wconf 68' lang='lat' dir='ltr'><strong>argumen-</strong></span> 
     </span>
    </p>
   </div>
   <div class='ocr_carea' id='block_1_43' title="bbox 99 1302 891 1338">
    <p class='ocr_par' dir='ltr' id='par_1_43' title="bbox 99 1302 891 1338">
     <span class='ocr_line' id='line_1_43' title="bbox 99 1302 891 1338; baseline -0.004 -7"><span class='ocrx_word' id='word_1_309' title='bbox 99 1310 172 1336; x_wconf 90' lang='lat' dir='ltr'><strong>tum,</strong></span> <span class='ocrx_word' id='word_1_310' title='bbox 188 1308 360 1338; x_wconf 91' lang='lat' dir='ltr'><strong>mentemque</strong></span> <span class='ocrx_word' id='word_1_311' title='bbox 376 1311 452 1330; x_wconf 89' lang='lat' dir='ltr'><strong>suam</strong></span> <span class='ocrx_word' id='word_1_312' title='bbox 469 1303 572 1330; x_wconf 84' lang='lat' dir='ltr'><strong>diserte</strong></span> <span class='ocrx_word' id='word_1_313' title='bbox 594 1302 735 1337; x_wconf 87' lang='lat' dir='ltr'><strong>proponit;</strong></span> <span class='ocrx_word' id='word_1_314' title='bbox 753 1309 811 1336; x_wconf 67' lang='lat' dir='ltr'><strong>qua:</strong></span> <span class='ocrx_word' id='word_1_315' title='bbox 825 1309 891 1336; x_wconf 88' lang='lat' dir='ltr'><strong>quo-</strong></span> 
     </span>
    </p>
   </div>
   <div class='ocr_carea' id='block_1_44' title="bbox 98 1348 892 1384">
    <p class='ocr_par' dir='ltr' id='par_1_44' title="bbox 98 1348 892 1384">
     <span class='ocr_line' id='line_1_44' title="bbox 98 1348 892 1384; baseline -0.005 -7"><span class='ocrx_word' id='word_1_316' title='bbox 98 1350 176 1378; x_wconf 84' lang='lat' dir='ltr'><strong>niam</strong></span> <span class='ocrx_word' id='word_1_317' title='bbox 190 1357 268 1384; x_wconf 60' lang='lat' dir='ltr'><strong>aequo</strong></span> <span class='ocrx_word' id='word_1_318' title='bbox 283 1349 428 1384; x_wconf 82' lang='lat' dir='ltr'><strong>prolixiora</strong></span> <span class='ocrx_word' id='word_1_319' title='bbox 443 1353 516 1380; x_wconf 87' lang='lat' dir='ltr'><strong>sunt,</strong></span> <span class='ocrx_word' id='word_1_320' title='bbox 533 1353 559 1374; x_wconf 88' lang='lat' dir='ltr'><strong>ut</strong></span> <span class='ocrx_word' id='word_1_321' title='bbox 581 1348 713 1376; x_wconf 87' lang='lat' dir='ltr'><strong>lectorum</strong></span> <span class='ocrx_word' id='word_1_322' title='bbox 730 1351 892 1375; x_wconf 84' lang='lat' dir='ltr'><strong>occurratur</strong></span> 
     </span>
    </p>
   </div>
   <div class='ocr_carea' id='block_1_45' title="bbox 98 1393 890 1429">
    <p class='ocr_par' dir='ltr' id='par_1_45' title="bbox 98 1393 890 1429">
     <span class='ocr_line' id='line_1_45' title="bbox 98 1393 890 1429; baseline -0.005 -6"><span class='ocrx_word' id='word_1_323' title='bbox 98 1396 224 1427; x_wconf 83' lang='lat' dir='ltr'><strong>fastidio,</strong></span> <span class='ocrx_word' id='word_1_324' title='bbox 250 1395 353 1423; x_wconf 87' lang='lat' dir='ltr'><strong>referre</strong></span> <span class='ocrx_word' id='word_1_325' title='bbox 379 1394 553 1429; x_wconf 81' lang='lat' dir='ltr'><strong>supersedeo.</strong></span> <span class='ocrx_word' id='word_1_326' title='bbox 567 1394 740 1422; x_wconf 87' lang='lat' dir='ltr'><strong>Adducemus</strong></span> <span class='ocrx_word' id='word_1_327' title='bbox 755 1401 785 1421; x_wconf 93' lang='lat' dir='ltr'><strong>ea</strong></span> <span class='ocrx_word' id='word_1_328' title='bbox 803 1393 890 1421; x_wconf 85' lang='lat' dir='ltr'><strong>solum</strong></span> 
     </span>
    </p>
   </div>
   <div class='ocr_carea' id='block_1_46' title="bbox 99 1439 891 1477">
    <p class='ocr_par' dir='ltr' id='par_1_46' title="bbox 99 1439 891 1477">
     <span class='ocr_line' id='line_1_46' title="bbox 99 1439 891 1477; baseline -0.001 -10"><span class='ocrx_word' id='word_1_329' title='bbox 99 1451 164 1477; x_wconf 72' lang='lat' dir='ltr'><strong>qua:</strong></span> <span class='ocrx_word' id='word_1_330' title='bbox 180 1451 195 1469; x_wconf 90' lang='lat' dir='ltr'><strong>e</strong></span> <span class='ocrx_word' id='word_1_331' title='bbox 211 1442 280 1469; x_wconf 87' lang='lat' dir='ltr'><strong>libro</strong></span> <span class='ocrx_word' id='word_1_332' title='bbox 304 1441 398 1469; x_wconf 89' lang='lat' dir='ltr'><strong>eodeut</strong></span> <span class='ocrx_word' id='word_1_333' title='bbox 423 1440 494 1475; x_wconf 79' lang='grc' dir='ltr'><strong>Περὶ</strong></span> <span class='ocrx_word' id='word_1_334' title='bbox 515 1439 627 1475; x_wconf 83' lang='grc' dir='ltr'><strong>ἀρχῶν,</strong></span> <span class='ocrx_word' id='word_1_335' title='bbox 645 1447 705 1474; x_wconf 82' lang='lat' dir='ltr'><strong>cap.</strong></span> <span class='ocrx_word' id='word_1_336' title='bbox 720 1439 748 1471; x_wconf 82' lang='lat'><strong>6,</strong></span> <span class='ocrx_word' id='word_1_337' title='bbox 772 1447 847 1466; x_wconf 89' lang='lat' dir='ltr'><strong>num.</strong></span> <span class='ocrx_word' id='word_1_338' title='bbox 862 1439 891 1471; x_wconf 76' lang='grc'><strong>4.</strong></span> 
     </span>
    </p>
   </div>
   <div class='ocr_carea' id='block_1_47' title="bbox 98 1485 890 1524">
    <p class='ocr_par' dir='ltr' id='par_1_47' title="bbox 98 1485 890 1524">
     <span class='ocr_line' id='line_1_47' title="bbox 98 1485 890 1524; baseline -0.004 -8"><span class='ocrx_word' id='word_1_339' title='bbox 98 1488 272 1524; x_wconf 83' lang='lat' dir='ltr'><strong>deprompsit</strong></span> <span class='ocrx_word' id='word_1_340' title='bbox 288 1487 456 1515; x_wconf 85' lang='lat' dir='ltr'><strong>Justinianus</strong></span> <span class='ocrx_word' id='word_1_341' title='bbox 478 1486 511 1513; x_wconf 88' lang='lat' dir='ltr'><strong>ad</strong></span> <span class='ocrx_word' id='word_1_342' title='bbox 530 1487 632 1514; x_wconf 87' lang='lat' dir='ltr'><strong>calcent</strong></span> <span class='ocrx_word' id='word_1_343' title='bbox 649 1486 772 1521; x_wconf 63' lang='lat' dir='ltr'><strong>epistolae</strong></span> <span class='ocrx_word' id='word_1_344' title='bbox 785 1486 817 1512; x_wconf 85' lang='lat' dir='ltr'><strong>ad</strong></span> <span class='ocrx_word' id='word_1_345' title='bbox 836 1485 890 1513; x_wconf 76' lang='lat' dir='ltr'><strong>llIc~</strong></span> 
     </span>
    </p>
   </div>
   <div class='ocr_carea' id='block_1_48' title="bbox 99 1531 892 1569">
    <p class='ocr_par' dir='ltr' id='par_1_48' title="bbox 99 1531 892 1569">
     <span class='ocr_line' id='line_1_48' title="bbox 99 1531 892 1569; baseline -0.005 -8"><span class='ocrx_word' id='word_1_346' title='bbox 99 1542 186 1562; x_wconf 76' lang='lat' dir='ltr'><strong>nam:</strong></span> <span class='ocrx_word' id='word_1_347' title='bbox 205 1534 253 1560; x_wconf 73' lang='grc' dir='ltr'><strong>Διὰ</strong></span> <span class='ocrx_word' id='word_1_348' title='bbox 268 1533 347 1560; x_wconf 76' lang='grc' dir='ltr'>τοῦτο</span> <span class='ocrx_word' id='word_1_349' title='bbox 371 1533 417 1560; x_wconf 68' lang='grc' dir='ltr'><strong>καὶ</strong></span> <span class='ocrx_word' id='word_1_350' title='bbox 439 1532 580 1569; x_wconf 79' lang='grc' dir='ltr'><strong>ἄνθρωπος</strong></span> <span class='ocrx_word' id='word_1_351' title='bbox 600 1532 694 1567; x_wconf 77' lang='grc' dir='ltr'><strong>γέγονε</strong></span> <span class='ocrx_word' id='word_1_352' title='bbox 717 1531 844 1568; x_wconf 76' lang='grc' dir='ltr'><strong>Χριστὸς,</strong></span> <span class='ocrx_word' id='word_1_353' title='bbox 862 1531 892 1564; x_wconf 78' lang='grc' dir='ltr'><strong>ἐξ</strong></span> 
     </span>
    </p>
   </div>
   <div class='ocr_carea' id='block_1_49' title="bbox 945 929 1735 966">
    <p class='ocr_par' dir='ltr' id='par_1_49' title="bbox 945 929 1735 966">
     <span class='ocr_line' id='line_1_49' title="bbox 945 929 1735 966; baseline -0.001 -8"><span class='ocrx_word' id='word_1_354' title='bbox 945 931 1001 966; x_wconf 86' lang='lat' dir='ltr'><strong>ipsa</strong></span> <span class='ocrx_word' id='word_1_355' title='bbox 1018 929 1144 965; x_wconf 83' lang='lat' dir='ltr'><strong>Origenis</strong></span> <span class='ocrx_word' id='word_1_356' title='bbox 1162 930 1242 957; x_wconf 83' lang='lat' dir='ltr'><strong>verba</strong></span> <span class='ocrx_word' id='word_1_357' title='bbox 1259 934 1483 965; x_wconf 70' lang='lat' dir='ltr'><strong>repra&#39;sentasset</strong></span> <span class='ocrx_word' id='word_1_358' title='bbox 1499 929 1674 963; x_wconf 80' lang='lat' dir='ltr'><strong>Theophilus,</strong></span> <span class='ocrx_word' id='word_1_359' title='bbox 1691 930 1735 957; x_wconf 90' lang='lat' dir='ltr'><strong>vel</strong></span> 
     </span>
    </p>
   </div>
   <div class='ocr_carea' id='block_1_50' title="bbox 944 976 1737 1012">
    <p class='ocr_par' dir='ltr' id='par_1_50' title="bbox 944 976 1737 1012">
     <span class='ocr_line' id='line_1_50' title="bbox 944 976 1737 1012; baseline -0.001 -8"><span class='ocrx_word' id='word_1_360' title='bbox 944 977 978 1004; x_wconf 88' lang='lat' dir='ltr'><strong>ad</strong></span> <span class='ocrx_word' id='word_1_361' title='bbox 999 977 1055 1012; x_wconf 89' lang='lat' dir='ltr'><strong>ipsa</strong></span> <span class='ocrx_word' id='word_1_362' title='bbox 1073 977 1131 1004; x_wconf 85' lang='lat' dir='ltr'><strong>loca</strong></span> <span class='ocrx_word' id='word_1_363' title='bbox 1153 977 1225 1004; x_wconf 90' lang='lat' dir='ltr'><strong>unde</strong></span> <span class='ocrx_word' id='word_1_364' title='bbox 1247 977 1305 1004; x_wconf 78' lang='lat' dir='ltr'><strong>lucc</strong></span> <span class='ocrx_word' id='word_1_365' title='bbox 1331 980 1443 1012; x_wconf 79' lang='lat' dir='ltr'><strong>excepta</strong></span> <span class='ocrx_word' id='word_1_366' title='bbox 1462 980 1542 1008; x_wconf 89' lang='lat' dir='ltr'><strong>sunt,</strong></span> <span class='ocrx_word' id='word_1_367' title='bbox 1559 976 1670 1011; x_wconf 76' lang='lat' dir='ltr'><strong>digitum</strong></span> <span class='ocrx_word' id='word_1_368' title='bbox 1695 977 1737 1003; x_wconf 91' lang='lat' dir='ltr'><strong>in-</strong></span> 
     </span>
    </p>
   </div>
   <div class='ocr_carea' id='block_1_51' title="bbox 946 1022 1738 1058">
    <p class='ocr_par' dir='ltr' id='par_1_51' title="bbox 946 1022 1738 1058">
     <span class='ocr_line' id='line_1_51' title="bbox 946 1022 1738 1058; baseline -0.003 -7"><span class='ocrx_word' id='word_1_369' title='bbox 946 1024 1094 1057; x_wconf 87' lang='lat' dir='ltr'><strong>tendisset;</strong></span> <span class='ocrx_word' id='word_1_370' title='bbox 1114 1022 1221 1051; x_wconf 77' lang='lat' dir='ltr'><strong>facilius</strong></span> <span class='ocrx_word' id='word_1_371' title='bbox 1242 1023 1349 1058; x_wconf 78' lang='lat' dir='ltr'><strong>quidem</strong></span> <span class='ocrx_word' id='word_1_372' title='bbox 1365 1027 1392 1050; x_wconf 90' lang='lat' dir='ltr'><strong>et</strong></span> <span class='ocrx_word' id='word_1_373' title='bbox 1410 1023 1511 1050; x_wconf 84' lang='lat' dir='ltr'><strong>certius</strong></span> <span class='ocrx_word' id='word_1_374' title='bbox 1526 1022 1651 1057; x_wconf 80' lang='lat' dir='ltr'><strong>Origenis</strong></span> <span class='ocrx_word' id='word_1_375' title='bbox 1674 1029 1738 1050; x_wconf 88' lang='lat' dir='ltr'><strong>sen-</strong></span> 
     </span>
    </p>
   </div>
   <div class='ocr_carea' id='block_1_52' title="bbox 945 1068 1737 1103">
    <p class='ocr_par' dir='ltr' id='par_1_52' title="bbox 945 1068 1737 1103">
     <span class='ocr_line' id='line_1_52' title="bbox 945 1068 1737 1103; baseline -0.001 -7"><span class='ocrx_word' id='word_1_376' title='bbox 945 1077 1003 1096; x_wconf 88' lang='lat' dir='ltr'><strong>sum</strong></span> <span class='ocrx_word' id='word_1_377' title='bbox 1020 1068 1240 1103; x_wconf 86' lang='lat' dir='ltr'><strong>pervideremus;</strong></span> <span class='ocrx_word' id='word_1_378' title='bbox 1257 1075 1352 1096; x_wconf 85' lang='lat' dir='ltr'><strong>vereor</strong></span> <span class='ocrx_word' id='word_1_379' title='bbox 1366 1069 1437 1096; x_wconf 90' lang='lat' dir='ltr'><strong>enim</strong></span> <span class='ocrx_word' id='word_1_380' title='bbox 1456 1074 1483 1095; x_wconf 93' lang='lat' dir='ltr'><strong>ut</strong></span> <span class='ocrx_word' id='word_1_381' title='bbox 1501 1069 1653 1096; x_wconf 75' lang='lat' dir='ltr'><strong>vehementi</strong></span> <span class='ocrx_word' id='word_1_382' title='bbox 1672 1076 1737 1096; x_wconf 84' lang='lat' dir='ltr'><strong>con-</strong></span> 
     </span>
    </p>
   </div>
   <div class='ocr_carea' id='block_1_53' title="bbox 944 1114 1736 1148">
    <p class='ocr_par' dir='ltr' id='par_1_53' title="bbox 944 1114 1736 1148">
     <span class='ocr_line' id='line_1_53' title="bbox 944 1114 1736 1148; baseline 0.001 -7"><span class='ocrx_word' id='word_1_383' title='bbox 944 1115 1044 1142; x_wconf 87' lang='lat' dir='ltr'><strong>citatus</strong></span> <span class='ocrx_word' id='word_1_384' title='bbox 1072 1114 1145 1147; x_wconf 79' lang='lat' dir='ltr'><strong>odio,</strong></span> <span class='ocrx_word' id='word_1_385' title='bbox 1160 1115 1200 1142; x_wconf 80' lang='lat' dir='ltr'><strong>sic</strong></span> <span class='ocrx_word' id='word_1_386' title='bbox 1224 1115 1295 1142; x_wconf 89' lang='lat' dir='ltr'><strong>enim</strong></span> <span class='ocrx_word' id='word_1_387' title='bbox 1313 1120 1389 1148; x_wconf 87' lang='lat' dir='ltr'><strong>erat,</strong></span> <span class='ocrx_word' id='word_1_388' title='bbox 1413 1115 1480 1142; x_wconf 86' lang='lat' dir='ltr'><strong>satis</strong></span> <span class='ocrx_word' id='word_1_389' title='bbox 1505 1115 1574 1142; x_wconf 89' lang='lat' dir='ltr'><strong>bona</strong></span> <span class='ocrx_word' id='word_1_390' title='bbox 1600 1115 1651 1143; x_wconf 87' lang='lat' dir='ltr'><strong>fide</strong></span> <span class='ocrx_word' id='word_1_391' title='bbox 1675 1123 1736 1142; x_wconf 91' lang='lat' dir='ltr'><strong>cum</strong></span> 
     </span>
    </p>
   </div>
   <div class='ocr_carea' id='block_1_54' title="bbox 944 1160 1735 1196">
    <p class='ocr_par' dir='ltr' id='par_1_54' title="bbox 944 1160 1735 1196">
     <span class='ocr_line' id='line_1_54' title="bbox 944 1160 1735 1196; baseline 0.003 -9"><span class='ocrx_word' id='word_1_392' title='bbox 944 1160 1106 1188; x_wconf 86' lang='lat' dir='ltr'><strong>Adamantio</strong></span> <span class='ocrx_word' id='word_1_393' title='bbox 1129 1160 1225 1194; x_wconf 75' lang='lat' dir='ltr'><strong>egerit.</strong></span> <span class='ocrx_word' id='word_1_394' title='bbox 1245 1160 1355 1188; x_wconf 90' lang='lat' dir='ltr'><strong>Certum</strong></span> <span class='ocrx_word' id='word_1_395' title='bbox 1373 1168 1431 1194; x_wconf 86' lang='lat' dir='ltr'><strong>est,</strong></span> <span class='ocrx_word' id='word_1_396' title='bbox 1454 1169 1515 1189; x_wconf 92' lang='lat' dir='ltr'><strong>cum</strong></span> <span class='ocrx_word' id='word_1_397' title='bbox 1536 1171 1545 1187; x_wconf 76' lang='grc' dir='ltr'>ι</span> <span class='ocrx_word' id='word_1_398' title='bbox 1560 1162 1735 1196; x_wconf 75' lang='lat' dir='ltr'><strong>semetipsum</strong></span> 
     </span>
    </p>
   </div>
   <div class='ocr_carea' id='block_1_55' title="bbox 945 1206 1736 1242">
    <p class='ocr_par' dir='ltr' id='par_1_55' title="bbox 945 1206 1736 1242">
     <span class='ocr_line' id='line_1_55' title="bbox 945 1206 1736 1242; baseline 0 -8"><span class='ocrx_word' id='word_1_399' title='bbox 945 1206 1098 1234; x_wconf 79' lang='lat' dir='ltr'><strong>exinanire!</strong></span> <span class='ocrx_word' id='word_1_400' title='bbox 1113 1216 1122 1233; x_wconf 73' lang='grc' dir='ltr'>ι</span> <span class='ocrx_word' id='word_1_401' title='bbox 1141 1207 1279 1239; x_wconf 88' lang='lat' dir='ltr'><strong>Christus,</strong></span> <span class='ocrx_word' id='word_1_402' title='bbox 1293 1207 1362 1234; x_wconf 84' lang='lat' dir='ltr'><strong>nih‘il</strong></span> <span class='ocrx_word' id='word_1_403' title='bbox 1384 1208 1537 1235; x_wconf 87' lang='lat' dir='ltr'><strong>detrimenti</strong></span> <span class='ocrx_word' id='word_1_404' title='bbox 1554 1215 1660 1242; x_wconf 80' lang='lat' dir='ltr'><strong>passam</strong></span> <span class='ocrx_word' id='word_1_405' title='bbox 1676 1208 1736 1242; x_wconf 86' lang='lat' dir='ltr'><strong>ejus</strong></span> 
     </span>
    </p>
   </div>
   <div class='ocr_carea' id='block_1_56' title="bbox 944 1254 1736 1285">
    <p class='ocr_par' dir='ltr' id='par_1_56' title="bbox 944 1254 1736 1285">
     <span class='ocr_line' id='line_1_56' title="bbox 944 1254 1736 1285; baseline 0.003 -4"><span class='ocrx_word' id='word_1_406' title='bbox 944 1254 1130 1285; x_wconf 88' lang='lat' dir='ltr'><strong>divinitatem,</strong></span> <span class='ocrx_word' id='word_1_407' title='bbox 1165 1255 1211 1281; x_wconf 86' lang='lat' dir='ltr'><strong>sed</strong></span> <span class='ocrx_word' id='word_1_408' title='bbox 1248 1254 1332 1281; x_wconf 89' lang='lat' dir='ltr'><strong>solam</strong></span> <span class='ocrx_word' id='word_1_409' title='bbox 1369 1255 1562 1282; x_wconf 81' lang='lat' dir='ltr'><strong>humanitatem</strong></span> <span class='ocrx_word' id='word_1_410' title='bbox 1598 1255 1736 1283; x_wconf 80' lang='lat' dir='ltr'><strong>laboribus</strong></span> 
     </span>
    </p>
   </div>
   <div class='ocr_carea' id='block_1_57' title="bbox 946 1300 1735 1335">
    <p class='ocr_par' dir='ltr' id='par_1_57' title="bbox 946 1300 1735 1335">
     <span class='ocr_line' id='line_1_57' title="bbox 946 1300 1735 1335; baseline 0 -9"><span class='ocrx_word' id='word_1_411' title='bbox 946 1300 1029 1327; x_wconf 86' lang='lat' dir='ltr'><strong>fuisse</strong></span> <span class='ocrx_word' id='word_1_412' title='bbox 1052 1300 1215 1334; x_wconf 79' lang='lat' dir='ltr'><strong>obnoxiam;</strong></span> <span class='ocrx_word' id='word_1_413' title='bbox 1233 1300 1308 1335; x_wconf 82' lang='lat' dir='ltr'><strong>cujus</strong></span> <span class='ocrx_word' id='word_1_414' title='bbox 1330 1309 1391 1327; x_wconf 83' lang='lat' dir='ltr'><strong>cum</strong></span> <span class='ocrx_word' id='word_1_415' title='bbox 1409 1300 1544 1335; x_wconf 68' lang='lat' dir='ltr'><strong>praecipua</strong></span> <span class='ocrx_word' id='word_1_416' title='bbox 1569 1308 1632 1334; x_wconf 81' lang='lat' dir='ltr'><strong>pars</strong></span> <span class='ocrx_word' id='word_1_417' title='bbox 1646 1301 1735 1328; x_wconf 85' lang='lat' dir='ltr'><strong>anima</strong></span> 
     </span>
    </p>
   </div>
   <div class='ocr_carea' id='block_1_58' title="bbox 945 1345 1732 1380">
    <p class='ocr_par' dir='ltr' id='par_1_58' title="bbox 945 1345 1732 1380">
     <span class='ocr_line' id='line_1_58' title="bbox 945 1345 1732 1380; baseline 0.001 -8"><span class='ocrx_word' id='word_1_418' title='bbox 945 1345 990 1379; x_wconf 86' lang='lat' dir='ltr'><strong>sit,</strong></span> <span class='ocrx_word' id='word_1_419' title='bbox 1004 1346 1141 1380; x_wconf 81' lang='lat' dir='ltr'><strong>angustias</strong></span> <span class='ocrx_word' id='word_1_420' title='bbox 1154 1345 1198 1373; x_wconf 92' lang='lat' dir='ltr'><strong>illa</strong></span> <span class='ocrx_word' id='word_1_421' title='bbox 1212 1346 1339 1373; x_wconf 86' lang='lat' dir='ltr'><strong>sustinuit</strong></span> <span class='ocrx_word' id='word_1_422' title='bbox 1349 1352 1375 1374; x_wconf 86' lang='lat' dir='ltr'><strong>et</strong></span> <span class='ocrx_word' id='word_1_423' title='bbox 1385 1346 1503 1379; x_wconf 82' lang='lat' dir='ltr'><strong>dolores,</strong></span> <span class='ocrx_word' id='word_1_424' title='bbox 1513 1354 1546 1374; x_wconf 85' lang='lat' dir='ltr'><strong>ac</strong></span> <span class='ocrx_word' id='word_1_425' title='bbox 1557 1357 1566 1372; x_wconf 87' lang='lat' dir='ltr'><strong>I</strong></span> <span class='ocrx_word' id='word_1_426' title='bbox 1577 1346 1710 1373; x_wconf 85' lang='lat' dir='ltr'><strong>exinanita</strong></span> <span class='ocrx_word' id='word_1_427' title='bbox 1722 1357 1732 1373; x_wconf 71' lang='grc' dir='ltr'><strong><em>ι</em></strong></span> 
     </span>
    </p>
   </div>
   <div class='ocr_carea' id='block_1_59' title="bbox 945 1392 1736 1427">
    <p class='ocr_par' dir='ltr' id='par_1_59' title="bbox 945 1392 1736 1427">
     <span class='ocr_line' id='line_1_59' title="bbox 945 1392 1736 1427; baseline -0.001 -7"><span class='ocrx_word' id='word_1_428' title='bbox 945 1393 1058 1427; x_wconf 86' lang='lat' dir='ltr'><strong>proinde</strong></span> <span class='ocrx_word' id='word_1_429' title='bbox 1074 1393 1125 1420; x_wconf 87' lang='lat' dir='ltr'><strong>hoc</strong></span> <span class='ocrx_word' id='word_1_430' title='bbox 1140 1400 1220 1421; x_wconf 91' lang='lat' dir='ltr'><strong>sensu</strong></span> <span class='ocrx_word' id='word_1_431' title='bbox 1237 1393 1289 1420; x_wconf 88' lang='lat' dir='ltr'><strong>dici</strong></span> <span class='ocrx_word' id='word_1_432' title='bbox 1310 1398 1408 1427; x_wconf 88' lang='lat' dir='ltr'><strong>potest,</strong></span> <span class='ocrx_word' id='word_1_433' title='bbox 1425 1398 1453 1420; x_wconf 90' lang='lat' dir='ltr'><strong>et</strong></span> <span class='ocrx_word' id='word_1_434' title='bbox 1467 1401 1482 1420; x_wconf 91' lang='lat' dir='ltr'><strong>e</strong></span> <span class='ocrx_word' id='word_1_435' title='bbox 1497 1401 1604 1420; x_wconf 86' lang='lat' dir='ltr'><strong>summo</strong></span> <span class='ocrx_word' id='word_1_436' title='bbox 1627 1392 1671 1419; x_wconf 94' lang='lat' dir='ltr'><strong>illo</strong></span> <span class='ocrx_word' id='word_1_437' title='bbox 1697 1392 1736 1420; x_wconf 86' lang='lat' dir='ltr'><strong>fe-</strong></span> 
     </span>
    </p>
   </div>
   <div class='ocr_carea' id='block_1_60' title="bbox 945 1434 1735 1474">
    <p class='ocr_par' dir='ltr' id='par_1_60' title="bbox 945 1434 1735 1474">
     <span class='ocr_line' id='line_1_60' title="bbox 945 1434 1735 1474; baseline 0 -8"><span class='ocrx_word' id='word_1_438' title='bbox 945 1439 1054 1466; x_wconf 86' lang='lat' dir='ltr'><strong>licitatis</strong></span> <span class='ocrx_word' id='word_1_439' title='bbox 1077 1439 1160 1474; x_wconf 77' lang='lat' dir='ltr'><strong>gradu</strong></span> <span class='ocrx_word' id='word_1_440' title='bbox 1189 1439 1309 1474; x_wconf 88' lang='lat' dir='ltr'><strong>dejecla,</strong></span> <span class='ocrx_word' id='word_1_441' title='bbox 1333 1447 1387 1474; x_wconf 84' lang='lat' dir='ltr'><strong>quo</strong></span> <span class='ocrx_word' id='word_1_442' title='bbox 1412 1439 1524 1474; x_wconf 89' lang='lat' dir='ltr'><strong>potitant</strong></span> <span class='ocrx_word' id='word_1_443' title='bbox 1551 1438 1635 1466; x_wconf 89' lang='lat' dir='ltr'><strong>fuisse</strong></span> <span class='ocrx_word' id='word_1_444' title='bbox 1655 1434 1735 1466; x_wconf 79' lang='lat' dir='ltr'><strong>illam</strong></span> 
     </span>
    </p>
   </div>
   <div class='ocr_carea' id='block_1_61' title="bbox 945 1485 1736 1522">
    <p class='ocr_par' dir='ltr' id='par_1_61' title="bbox 945 1485 1736 1522">
     <span class='ocr_line' id='line_1_61' title="bbox 945 1485 1736 1522; baseline -0.001 -9"><span class='ocrx_word' id='word_1_445' title='bbox 945 1487 1049 1514; x_wconf 85' lang='lat' dir='ltr'><strong>censuit</strong></span> <span class='ocrx_word' id='word_1_446' title='bbox 1073 1486 1221 1522; x_wconf 84' lang='lat' dir='ltr'><strong>Origenes,</strong></span> <span class='ocrx_word' id='word_1_447' title='bbox 1242 1494 1305 1513; x_wconf 92' lang='lat' dir='ltr'><strong>cum</strong></span> <span class='ocrx_word' id='word_1_448' title='bbox 1329 1487 1433 1521; x_wconf 90' lang='lat' dir='ltr'><strong>irrupto</strong></span> <span class='ocrx_word' id='word_1_449' title='bbox 1455 1486 1556 1514; x_wconf 88' lang='lat' dir='ltr'><strong>amoris</strong></span> <span class='ocrx_word' id='word_1_450' title='bbox 1587 1493 1656 1513; x_wconf 83' lang='lat' dir='ltr'><strong>nexu</strong></span> <span class='ocrx_word' id='word_1_451' title='bbox 1683 1485 1736 1513; x_wconf 88' lang='lat' dir='ltr'><strong>Deo</strong></span> 
     </span>
    </p>
   </div>
   <div class='ocr_carea' id='block_1_62' title="bbox 945 1532 1736 1567">
    <p class='ocr_par' dir='ltr' id='par_1_62' title="bbox 945 1532 1736 1567">
     <span class='ocr_line' id='line_1_62' title="bbox 945 1532 1736 1567; baseline -0.003 -7"><span class='ocrx_word' id='word_1_452' title='bbox 945 1532 1098 1567; x_wconf 77' lang='lat' dir='ltr'><strong>conjuncta,</strong></span> <span class='ocrx_word' id='word_1_453' title='bbox 1120 1533 1237 1560; x_wconf 91' lang='lat' dir='ltr'><strong>nondum</strong></span> <span class='ocrx_word' id='word_1_454' title='bbox 1265 1533 1383 1560; x_wconf 87' lang='lat' dir='ltr'><strong>humano</strong></span> <span class='ocrx_word' id='word_1_455' title='bbox 1406 1532 1512 1567; x_wconf 84' lang='lat' dir='ltr'><strong>corpOt-i</strong></span> <span class='ocrx_word' id='word_1_456' title='bbox 1537 1540 1598 1560; x_wconf 85' lang='lat' dir='ltr'><strong>sese</strong></span> <span class='ocrx_word' id='word_1_457' title='bbox 1622 1532 1736 1559; x_wconf 70' lang='lat' dir='ltr'><strong>immer-</strong></span> 
     </span>
    </p>
   </div>
   <div class='ocr_carea' id='block_1_63' title="bbox 99 1577 892 1614">
    <p class='ocr_par' dir='ltr' id='par_1_63' title="bbox 99 1577 892 1614">
     <span class='ocr_line' id='line_1_63' title="bbox 99 1577 892 1614; baseline -0.003 -9"><span class='ocrx_word' id='word_1_458' title='bbox 99 1578 346 1614; x_wconf 72' lang='grc' dir='ltr'><strong>ἀνδραγαθήματος</strong></span> <span class='ocrx_word' id='word_1_459' title='bbox 364 1578 457 1604; x_wconf 72' lang='grc' dir='ltr'><strong>τούτου</strong></span> <span class='ocrx_word' id='word_1_460' title='bbox 474 1577 574 1614; x_wconf 77' lang='grc' dir='ltr'><strong>τυχὼν,</strong></span> <span class='ocrx_word' id='word_1_461' title='bbox 592 1577 630 1609; x_wconf 83' lang='grc' dir='ltr'><strong>ὡς</strong></span> <span class='ocrx_word' id='word_1_462' title='bbox 646 1578 783 1613; x_wconf 76' lang='grc' dir='ltr'><strong>μαρτυρεῖ</strong></span> <span class='ocrx_word' id='word_1_463' title='bbox 800 1577 814 1603; x_wconf 83' lang='grc' dir='ltr'><strong>ὁ</strong></span> <span class='ocrx_word' id='word_1_464' title='bbox 825 1577 892 1613; x_wconf 66' lang='grc' dir='ltr'><strong>ΙῘρο⁴</strong></span> 
     </span>
    </p>
   </div>
   <div class='ocr_carea' id='block_1_64' title="bbox 945 1577 1738 1614">
    <p class='ocr_par' dir='ltr' id='par_1_64' title="bbox 948 1577 1738 1614">
     <span class='ocr_line' id='line_1_64' title="bbox 948 1577 1738 1614; baseline -0.001 -9"><span class='ocrx_word' id='word_1_465' title='bbox 948 1579 1040 1607; x_wconf 87' lang='lat' dir='ltr'><strong>sisset.</strong></span> <span class='ocrx_word' id='word_1_466' title='bbox 1061 1579 1140 1612; x_wconf 85' lang='lat' dir='ltr'><strong>Quod</strong></span> <span class='ocrx_word' id='word_1_467' title='bbox 1163 1578 1201 1605; x_wconf 86' lang='lat' dir='ltr'><strong>ait</strong></span> <span class='ocrx_word' id='word_1_468' title='bbox 1222 1586 1286 1613; x_wconf 78' lang='lat' dir='ltr'><strong>ergo</strong></span> <span class='ocrx_word' id='word_1_469' title='bbox 1309 1579 1455 1614; x_wconf 87' lang='lat' dir='ltr'><strong>Apostolus</strong></span> <span class='ocrx_word' id='word_1_470' title='bbox 1475 1588 1482 1606; x_wconf 89' lang='lat'>:</span> <span class='ocrx_word' id='word_1_471' title='bbox 1502 1588 1511 1604; x_wconf 77' lang='grc' dir='ltr'><strong><em>ι</em></strong></span> <span class='ocrx_word' id='word_1_472' title='bbox 1528 1578 1584 1605; x_wconf 84' lang='lat' dir='ltr'><strong>Hoc</strong></span> <span class='ocrx_word' id='word_1_473' title='bbox 1607 1577 1738 1612; x_wconf 75' lang='lat' dir='ltr'><strong>intelligat</strong></span> 
     </span>
    </p>
   </div>
   <div class='ocr_carea' id='block_1_65' title="bbox 100 1621 895 1659">
    <p class='ocr_par' dir='ltr' id='par_1_65' title="bbox 100 1621 895 1659">
     <span class='ocr_line' id='line_1_65' title="bbox 100 1621 895 1659; baseline -0.003 -10"><span class='ocrx_word' id='word_1_474' title='bbox 100 1624 192 1659; x_wconf 69' lang='grc' dir='ltr'><strong>φήτης</strong></span> <span class='ocrx_word' id='word_1_475' title='bbox 213 1623 314 1658; x_wconf 75' lang='grc' dir='ltr'><strong>λέγων’</strong></span> <span class='ocrx_word' id='word_1_476' title='bbox 335 1622 508 1657; x_wconf 78' lang='grc' dir='ltr'><strong>Ἠγάπησας</strong></span> <span class='ocrx_word' id='word_1_477' title='bbox 531 1622 739 1655; x_wconf 80' lang='grc' dir='ltr'><strong>δικαιοσύνην,</strong></span> <span class='ocrx_word' id='word_1_478' title='bbox 767 1621 815 1648; x_wconf 75' lang='grc' dir='ltr'><strong>καὶ</strong></span> <span class='ocrx_word' id='word_1_479' title='bbox 837 1621 895 1656; x_wconf 80' lang='grc' dir='ltr'><strong>ἐμί-</strong></span> 
     </span>
    </p>
   </div>
   <div class='ocr_carea' id='block_1_66' title="bbox 99 1667 896 1704">
    <p class='ocr_par' dir='ltr' id='par_1_66' title="bbox 99 1667 896 1704">
     <span class='ocr_line' id='line_1_66' title="bbox 99 1667 896 1704; baseline -0.004 -7"><span class='ocrx_word' id='word_1_480' title='bbox 99 1678 204 1704; x_wconf 84' lang='grc' dir='ltr'><strong>σησας</strong></span> <span class='ocrx_word' id='word_1_481' title='bbox 225 1669 361 1704; x_wconf 78' lang='grc' dir='ltr'><strong>ἀνομίαν,</strong></span> <span class='ocrx_word' id='word_1_482' title='bbox 376 1668 424 1695; x_wconf 78' lang='grc' dir='ltr'><strong>διὰ</strong></span> <span class='ocrx_word' id='word_1_483' title='bbox 443 1669 531 1695; x_wconf 82' lang='grc' dir='ltr'><em>τοῦτο</em></span> <span class='ocrx_word' id='word_1_484' title='bbox 556 1667 659 1703; x_wconf 77' lang='grc' dir='ltr'><strong>ἔχρισέ</strong></span> <span class='ocrx_word' id='word_1_485' title='bbox 684 1676 721 1694; x_wconf 82' lang='grc' dir='ltr'><strong>σε</strong></span> <span class='ocrx_word' id='word_1_486' title='bbox 740 1669 756 1695; x_wconf 81' lang='grc' dir='ltr'><em>ό</em></span> <span class='ocrx_word' id='word_1_487' title='bbox 781 1667 862 1700; x_wconf 83' lang='grc' dir='ltr'><strong>Θεὸς,</strong></span> <span class='ocrx_word' id='word_1_488' title='bbox 879 1669 896 1695; x_wconf 82' lang='grc' dir='ltr'><em>ό</em></span> 
     </span>
    </p>
   </div>
   <div class='ocr_carea' id='block_1_67' title="bbox 101 1713 895 1750">
    <p class='ocr_par' dir='ltr' id='par_1_67' title="bbox 101 1713 895 1750">
     <span class='ocr_line' id='line_1_67' title="bbox 101 1713 895 1750; baseline -0.006 -6"><span class='ocrx_word' id='word_1_489' title='bbox 101 1717 178 1750; x_wconf 81' lang='grc' dir='ltr'><strong>θεός</strong></span> <span class='ocrx_word' id='word_1_490' title='bbox 186 1724 244 1744; x_wconf 84' lang='grc' dir='ltr'><strong>σου</strong></span> <span class='ocrx_word' id='word_1_491' title='bbox 254 1716 356 1743; x_wconf 81' lang='grc' dir='ltr'><strong><em>ἔλαιον</em></strong></span> <span class='ocrx_word' id='word_1_492' title='bbox 365 1714 572 1749; x_wconf 67' lang='grc' dir='ltr'><strong>ἀγαλλιάσεως</strong></span> <span class='ocrx_word' id='word_1_493' title='bbox 583 1713 660 1748; x_wconf 73' lang='grc' dir='ltr'><strong>παρὰ</strong></span> <span class='ocrx_word' id='word_1_494' title='bbox 670 1713 740 1746; x_wconf 81' lang='grc' dir='ltr'><em>τοὺς</em></span> <span class='ocrx_word' id='word_1_495' title='bbox 749 1713 895 1747; x_wconf 83' lang='grc' dir='ltr'><strong>μετόχους</strong></span> 
     </span>
    </p>
   </div>
   <div class='ocr_carea' id='block_1_68' title="bbox 101 1758 894 1797">
    <p class='ocr_par' dir='ltr' id='par_1_68' title="bbox 101 1758 894 1797">
     <span class='ocr_line' id='line_1_68' title="bbox 101 1758 894 1797; baseline -0.006 -7"><span class='ocrx_word' id='word_1_496' title='bbox 101 1771 172 1790; x_wconf 81' lang='grc' dir='ltr'><strong>σου.</strong></span> <span class='ocrx_word' id='word_1_497' title='bbox 193 1763 316 1797; x_wconf 78' lang='grc' dir='ltr'><strong>Ἕπρξπε</strong></span> <span class='ocrx_word' id='word_1_498' title='bbox 340 1761 368 1789; x_wconf 73' lang='grc' dir='ltr'><strong>δὲ</strong></span> <span class='ocrx_word' id='word_1_499' title='bbox 392 1762 436 1787; x_wconf 71' lang='grc' dir='ltr'><strong>τὸν</strong></span> <span class='ocrx_word' id='word_1_500' title='bbox 462 1761 593 1797; x_wconf 76' lang='grc' dir='ltr'><strong>μηδέποτε</strong></span> <span class='ocrx_word' id='word_1_501' title='bbox 618 1759 819 1796; x_wconf 72' lang='grc' dir='ltr'><strong>κεχωρισμένον</strong></span> <span class='ocrx_word' id='word_1_502' title='bbox 846 1758 894 1786; x_wconf 78' lang='grc' dir='ltr'><strong>τοῦ</strong></span> 
     </span>
    </p>
   </div>
   <div class='ocr_carea' id='block_1_69' title="bbox 101 1804 895 1842">
    <p class='ocr_par' dir='ltr' id='par_1_69' title="bbox 101 1804 895 1842">
     <span class='ocr_line' id='line_1_69' title="bbox 101 1804 895 1842; baseline -0.005 -8"><span class='ocrx_word' id='word_1_503' title='bbox 101 1807 273 1841; x_wconf 50' lang='lat' dir='ltr'><strong>Morava/05;</strong></span> <span class='ocrx_word' id='word_1_504' title='bbox 287 1805 507 1842; x_wconf 76' lang='grc' dir='ltr'><strong>συγχρηματξσαι</strong></span> <span class='ocrx_word' id='word_1_505' title='bbox 523 1804 562 1840; x_wconf 80' lang='grc' dir='ltr'><strong>τῷ</strong></span> <span class='ocrx_word' id='word_1_506' title='bbox 576 1805 722 1839; x_wconf 78' lang='grc' dir='ltr'>Μονογενεῐ</span> <span class='ocrx_word' id='word_1_507' title='bbox 738 1804 784 1831; x_wconf 69' lang='grc' dir='ltr'><strong>καὶ</strong></span> <span class='ocrx_word' id='word_1_508' title='bbox 805 1804 895 1831; x_wconf 82' lang='grc' dir='ltr'><strong>συνδο-</strong></span> 
     </span>
    </p>
   </div>
   <div class='ocr_carea' id='block_1_70' title="bbox 102 1851 896 1889">
    <p class='ocr_par' dir='ltr' id='par_1_70' title="bbox 102 1851 896 1889">
     <span class='ocr_line' id='line_1_70' title="bbox 102 1851 896 1889; baseline -0.004 -9"><span class='ocrx_word' id='word_1_509' title='bbox 102 1854 235 1889; x_wconf 69' lang='grc' dir='ltr'><strong>ξασθῆναι</strong></span> <span class='ocrx_word' id='word_1_510' title='bbox 260 1853 345 1888; x_wconf 63' lang='grc' dir='ltr'>αὐτῷ.</span> <span class='ocrx_word' id='word_1_511' title='bbox 367 1863 375 1877; x_wconf 76' lang='grc'><strong>1</strong></span> <span class='ocrx_word' id='word_1_512' title='bbox 393 1853 494 1880; x_wconf 86' lang='lat' dir='ltr'><strong>l-lcirco</strong></span> <span class='ocrx_word' id='word_1_513' title='bbox 510 1856 536 1878; x_wconf 90' lang='lat' dir='ltr'><strong>et</strong></span> <span class='ocrx_word' id='word_1_514' title='bbox 553 1852 634 1879; x_wconf 91' lang='lat' dir='ltr'><strong>honto</strong></span> <span class='ocrx_word' id='word_1_515' title='bbox 655 1852 742 1879; x_wconf 86' lang='lat' dir='ltr'><strong>factus</strong></span> <span class='ocrx_word' id='word_1_516' title='bbox 758 1856 800 1878; x_wconf 91' lang='lat' dir='ltr'><strong>est</strong></span> <span class='ocrx_word' id='word_1_517' title='bbox 820 1851 896 1878; x_wconf 89' lang='lat' dir='ltr'><strong>Chri-</strong></span> 
     </span>
    </p>
   </div>
   <div class='ocr_carea' id='block_1_71' title="bbox 101 1897 892 1931">
    <p class='ocr_par' dir='ltr' id='par_1_71' title="bbox 101 1897 892 1931">
     <span class='ocr_line' id='line_1_71' title="bbox 101 1897 892 1931; baseline -0.003 -6"><span class='ocrx_word' id='word_1_518' title='bbox 101 1906 173 1930; x_wconf 80' lang='lat' dir='ltr'><strong>stus,</strong></span> <span class='ocrx_word' id='word_1_519' title='bbox 189 1906 237 1925; x_wconf 87' lang='lat' dir='ltr'><strong>suo</strong></span> <span class='ocrx_word' id='word_1_520' title='bbox 255 1899 350 1924; x_wconf 85' lang='lat' dir='ltr'><strong>merito</strong></span> <span class='ocrx_word' id='word_1_521' title='bbox 365 1899 414 1924; x_wconf 92' lang='lat' dir='ltr'><strong>hoc</strong></span> <span class='ocrx_word' id='word_1_522' title='bbox 431 1897 554 1929; x_wconf 84' lang='lat' dir='ltr'><strong>sortitus,</strong></span> <span class='ocrx_word' id='word_1_523' title='bbox 571 1903 599 1923; x_wconf 93' lang='lat' dir='ltr'><strong>ttt</strong></span> <span class='ocrx_word' id='word_1_524' title='bbox 617 1897 750 1931; x_wconf 80' lang='lat' dir='ltr'><strong>Propheta</strong></span> <span class='ocrx_word' id='word_1_525' title='bbox 769 1902 892 1929; x_wconf 89' lang='lat' dir='ltr'><strong>testatur,</strong></span> 
     </span>
    </p>
   </div>
   <div class='ocr_carea' id='block_1_72' title="bbox 103 1943 893 1979">
    <p class='ocr_par' dir='ltr' id='par_1_72' title="bbox 103 1943 893 1979">
     <span class='ocr_line' id='line_1_72' title="bbox 103 1943 893 1979; baseline -0.003 -7"><span class='ocrx_word' id='word_1_526' title='bbox 103 1945 231 1979; x_wconf 82' lang='lat' dir='ltr'><strong>inquiens</strong></span> <span class='ocrx_word' id='word_1_527' title='bbox 246 1955 252 1972; x_wconf 87' lang='lat'><strong>:</strong></span> <span class='ocrx_word' id='word_1_528' title='bbox 269 1943 390 1971; x_wconf 71' lang='lat' dir='ltr'><strong>Dilezisli</strong></span> <span class='ocrx_word' id='word_1_529' title='bbox 403 1944 554 1978; x_wconf 84' lang='lat' dir='ltr'><strong>justitiam.</strong></span> <span class='ocrx_word' id='word_1_530' title='bbox 575 1948 598 1970; x_wconf 87' lang='lat' dir='ltr'><strong>et</strong></span> <span class='ocrx_word' id='word_1_531' title='bbox 613 1944 696 1970; x_wconf 76' lang='lat' dir='ltr'><strong>odisti</strong></span> <span class='ocrx_word' id='word_1_532' title='bbox 718 1944 893 1978; x_wconf 76' lang='lat' dir='ltr'><strong>iniquitatem,</strong></span> 
     </span>
    </p>
   </div>
   <div class='ocr_carea' id='block_1_73' title="bbox 102 1988 894 2024">
    <p class='ocr_par' dir='ltr' id='par_1_73' title="bbox 102 1988 894 2024">
     <span class='ocr_line' id='line_1_73' title="bbox 102 1988 894 2024; baseline -0.001 -8"><span class='ocrx_word' id='word_1_533' title='bbox 102 1995 242 2024; x_wconf 78' lang='lat' dir='ltr'><strong>propterea</strong></span> <span class='ocrx_word' id='word_1_534' title='bbox 257 1991 331 2017; x_wconf 74' lang='lat' dir='ltr'><strong>unxit</strong></span> <span class='ocrx_word' id='word_1_535' title='bbox 343 1994 368 2016; x_wconf 77' lang='lat' dir='ltr'><strong>te</strong></span> <span class='ocrx_word' id='word_1_536' title='bbox 383 1989 463 2022; x_wconf 74' lang='lat' dir='ltr'><strong>Deus,</strong></span> <span class='ocrx_word' id='word_1_537' title='bbox 480 1989 550 2016; x_wconf 78' lang='lat' dir='ltr'><strong>Deus</strong></span> <span class='ocrx_word' id='word_1_538' title='bbox 567 1994 637 2020; x_wconf 75' lang='lat' dir='ltr'><strong>tuus,</strong></span> <span class='ocrx_word' id='word_1_539' title='bbox 655 1988 711 2015; x_wconf 84' lang='lat' dir='ltr'><strong>oleo</strong></span> <span class='ocrx_word' id='word_1_540' title='bbox 728 1988 825 2015; x_wconf 61' lang='lat' dir='ltr'><strong>latitia!</strong></span> <span class='ocrx_word' id='word_1_541' title='bbox 839 1996 894 2022; x_wconf 74' lang='lat' dir='ltr'><strong>prie</strong></span> 
     </span>
    </p>
   </div>
   <div class='ocr_carea' id='block_1_74' title="bbox 101 2033 895 2070">
    <p class='ocr_par' dir='ltr' id='par_1_74' title="bbox 101 2033 895 2070">
     <span class='ocr_line' id='line_1_74' title="bbox 101 2033 895 2070; baseline -0.004 -7"><span class='ocrx_word' id='word_1_542' title='bbox 101 2036 274 2070; x_wconf 76' lang='lat' dir='ltr'><strong>participibus</strong></span> <span class='ocrx_word' id='word_1_543' title='bbox 288 2037 339 2063; x_wconf 78' lang='lat' dir='ltr'><strong>luis</strong></span> <span class='ocrx_word' id='word_1_544' title='bbox 352 2036 385 2062; x_wconf 77' lang='grc'><strong>⁸⁷.</strong></span> <span class='ocrx_word' id='word_1_545' title='bbox 398 2034 514 2062; x_wconf 78' lang='lat' dir='ltr'><strong>Docebat</strong></span> <span class='ocrx_word' id='word_1_546' title='bbox 527 2034 658 2068; x_wconf 79' lang='lat' dir='ltr'><strong>siquidem</strong></span> <span class='ocrx_word' id='word_1_547' title='bbox 677 2033 750 2061; x_wconf 89' lang='lat' dir='ltr'><strong>illttm</strong></span> <span class='ocrx_word' id='word_1_548' title='bbox 765 2034 810 2068; x_wconf 91' lang='lat' dir='ltr'><strong>qui</strong></span> <span class='ocrx_word' id='word_1_549' title='bbox 827 2041 895 2060; x_wconf 88' lang='lat' dir='ltr'><strong>nuu—</strong></span> 
     </span>
    </p>
   </div>
   <div class='ocr_carea' id='block_1_75' title="bbox 101 2079 894 2118">
    <p class='ocr_par' dir='ltr' id='par_1_75' title="bbox 101 2079 894 2118">
     <span class='ocr_line' id='line_1_75' title="bbox 101 2079 894 2118; baseline -0.003 -8"><span class='ocrx_word' id='word_1_550' title='bbox 101 2091 185 2118; x_wconf 84' lang='lat' dir='ltr'><strong>quam</strong></span> <span class='ocrx_word' id='word_1_551' title='bbox 203 2085 236 2110; x_wconf 89' lang='lat' dir='ltr'><strong>ab</strong></span> <span class='ocrx_word' id='word_1_552' title='bbox 249 2082 392 2118; x_wconf 74' lang='lat' dir='ltr'><strong>Unigenito</strong></span> <span class='ocrx_word' id='word_1_553' title='bbox 404 2086 544 2116; x_wconf 81' lang='lat' dir='ltr'><strong>separatus</strong></span> <span class='ocrx_word' id='word_1_554' title='bbox 556 2085 606 2112; x_wconf 87' lang='lat' dir='ltr'><strong>est,</strong></span> <span class='ocrx_word' id='word_1_555' title='bbox 617 2080 782 2108; x_wconf 83' lang='lat' dir='ltr'><strong>coexsistere</strong></span> <span class='ocrx_word' id='word_1_556' title='bbox 795 2079 894 2115; x_wconf 67' lang='lat' dir='ltr'><strong>Uuige—</strong></span> 
     </span>
    </p>
   </div>
   <div class='ocr_carea' id='block_1_76' title="bbox 103 2127 680 2162">
    <p class='ocr_par' dir='ltr' id='par_1_76' title="bbox 103 2127 680 2162">
     <span class='ocr_line' id='line_1_76' title="bbox 103 2127 680 2162; baseline -0.007 -5"><span class='ocrx_word' id='word_1_557' title='bbox 103 2130 176 2159; x_wconf 79' lang='lat' dir='ltr'><strong>nilo.</strong></span> <span class='ocrx_word' id='word_1_558' title='bbox 188 2134 213 2156; x_wconf 87' lang='lat' dir='ltr'><strong>et</strong></span> <span class='ocrx_word' id='word_1_559' title='bbox 230 2137 281 2156; x_wconf 88' lang='lat' dir='ltr'><strong>una</strong></span> <span class='ocrx_word' id='word_1_560' title='bbox 299 2137 360 2156; x_wconf 89' lang='lat' dir='ltr'><strong>cttnt</strong></span> <span class='ocrx_word' id='word_1_561' title='bbox 380 2128 438 2162; x_wconf 85' lang='lat' dir='ltr'><strong>ipso</strong></span> <span class='ocrx_word' id='word_1_562' title='bbox 455 2127 661 2162; x_wconf 75' lang='lat' dir='ltr'><strong>conglorilicari.</strong></span> <span class='ocrx_word' id='word_1_563' title='bbox 672 2137 680 2152; x_wconf 78' lang='grc' dir='ltr'><strong><em>ι</em></strong></span> 
     </span>
    </p>
   </div>
   <div class='ocr_carea' id='block_1_77' title="bbox 141 2172 894 2209">
    <p class='ocr_par' dir='ltr' id='par_1_77' title="bbox 141 2172 894 2209">
     <span class='ocr_line' id='line_1_77' title="bbox 141 2172 894 2209; baseline -0.003 -7"><span class='ocrx_word' id='word_1_564' title='bbox 141 2175 196 2202; x_wconf 76' lang='lat' dir='ltr'><strong>VII.</strong></span> <span class='ocrx_word' id='word_1_565' title='bbox 218 2175 294 2208; x_wconf 89' lang='lat' dir='ltr'><strong>Quod</strong></span> <span class='ocrx_word' id='word_1_566' title='bbox 314 2175 336 2201; x_wconf 89' lang='lat' dir='ltr'><strong>si</strong></span> <span class='ocrx_word' id='word_1_567' title='bbox 362 2175 423 2209; x_wconf 83' lang='lat' dir='ltr'><strong>quis</strong></span> <span class='ocrx_word' id='word_1_568' title='bbox 449 2173 524 2201; x_wconf 81' lang='lat' dir='ltr'><strong>falsis</strong></span> <span class='ocrx_word' id='word_1_569' title='bbox 545 2173 597 2201; x_wconf 91' lang='lat' dir='ltr'><strong>illis</strong></span> <span class='ocrx_word' id='word_1_570' title='bbox 614 2173 740 2208; x_wconf 73' lang='lat' dir='ltr'><strong>Origenis</strong></span> <span class='ocrx_word' id='word_1_571' title='bbox 765 2172 894 2200; x_wconf 81' lang='lat' dir='ltr'><strong>assertio-</strong></span> 
     </span>
    </p>
   </div>
   <div class='ocr_carea' id='block_1_78' title="bbox 103 2220 893 2254">
    <p class='ocr_par' dir='ltr' id='par_1_78' title="bbox 103 2220 893 2254">
     <span class='ocr_line' id='line_1_78' title="bbox 103 2220 893 2254; baseline -0.004 -5"><span class='ocrx_word' id='word_1_572' title='bbox 103 2223 186 2250; x_wconf 92' lang='lat' dir='ltr'><strong>nihus</strong></span> <span class='ocrx_word' id='word_1_573' title='bbox 200 2226 385 2249; x_wconf 86' lang='lat' dir='ltr'><strong>commovetur</strong></span> <span class='ocrx_word' id='word_1_574' title='bbox 405 2220 601 2252; x_wconf 78' lang='lat' dir='ltr'><strong>vehementius,</strong></span> <span class='ocrx_word' id='word_1_575' title='bbox 616 2220 655 2247; x_wconf 90' lang='lat' dir='ltr'><strong>sic</strong></span> <span class='ocrx_word' id='word_1_576' title='bbox 673 2220 813 2254; x_wconf 78' lang='lat' dir='ltr'><strong>pra&gt;fatum</strong></span> <span class='ocrx_word' id='word_1_577' title='bbox 832 2226 893 2246; x_wconf 89' lang='lat' dir='ltr'><strong>eum</strong></span> 
     </span>
    </p>
   </div>
   <div class='ocr_carea' id='block_1_79' title="bbox 946 1623 1736 1659">
    <p class='ocr_par' dir='ltr' id='par_1_79' title="bbox 946 1623 1736 1659">
     <span class='ocr_line' id='line_1_79' title="bbox 946 1623 1736 1659; baseline 0 -8"><span class='ocrx_word' id='word_1_578' title='bbox 946 1625 1131 1659; x_wconf 86' lang='lat' dir='ltr'><strong>unusquisque</strong></span> <span class='ocrx_word' id='word_1_579' title='bbox 1148 1625 1173 1651; x_wconf 92' lang='lat' dir='ltr'><strong>in</strong></span> <span class='ocrx_word' id='word_1_580' title='bbox 1192 1625 1281 1657; x_wconf 90' lang='lat' dir='ltr'><strong>nobis,</strong></span> <span class='ocrx_word' id='word_1_581' title='bbox 1300 1626 1370 1659; x_wconf 88' lang='lat' dir='ltr'><strong>qttod</strong></span> <span class='ocrx_word' id='word_1_582' title='bbox 1384 1630 1411 1652; x_wconf 93' lang='lat' dir='ltr'><strong>et</strong></span> <span class='ocrx_word' id='word_1_583' title='bbox 1428 1625 1453 1652; x_wconf 92' lang='lat' dir='ltr'><strong>in</strong></span> <span class='ocrx_word' id='word_1_584' title='bbox 1469 1624 1579 1651; x_wconf 88' lang='lat' dir='ltr'><strong>Christo</strong></span> <span class='ocrx_word' id='word_1_585' title='bbox 1588 1623 1668 1656; x_wconf 83' lang='lat' dir='ltr'><strong>Jcsu;</strong></span> <span class='ocrx_word' id='word_1_586' title='bbox 1689 1623 1736 1658; x_wconf 91' lang='lat' dir='ltr'><strong>qui</strong></span> 
     </span>
    </p>
   </div>
   <div class='ocr_carea' id='block_1_80' title="bbox 945 1670 1737 1705">
    <p class='ocr_par' dir='ltr' id='par_1_80' title="bbox 945 1670 1737 1705">
     <span class='ocr_line' id='line_1_80' title="bbox 945 1670 1737 1705; baseline 0 -8"><span class='ocrx_word' id='word_1_587' title='bbox 945 1678 1006 1697; x_wconf 92' lang='lat' dir='ltr'><strong>cum</strong></span> <span class='ocrx_word' id='word_1_588' title='bbox 1029 1671 1055 1697; x_wconf 91' lang='lat' dir='ltr'><strong>in</strong></span> <span class='ocrx_word' id='word_1_589' title='bbox 1075 1670 1162 1697; x_wconf 90' lang='lat' dir='ltr'><strong>fornta</strong></span> <span class='ocrx_word' id='word_1_590' title='bbox 1180 1670 1227 1697; x_wconf 92' lang='lat' dir='ltr'><strong>Dei</strong></span> <span class='ocrx_word' id='word_1_591' title='bbox 1252 1675 1342 1703; x_wconf 89' lang='lat' dir='ltr'><strong>esset,</strong></span> <span class='ocrx_word' id='word_1_592' title='bbox 1367 1678 1419 1698; x_wconf 89' lang='lat' dir='ltr'><strong>non</strong></span> <span class='ocrx_word' id='word_1_593' title='bbox 1441 1671 1564 1705; x_wconf 83' lang='lat' dir='ltr'><strong>rapinam</strong></span> <span class='ocrx_word' id='word_1_594' title='bbox 1589 1671 1737 1697; x_wconf 82' lang='lat' dir='ltr'><strong>arbitratus</strong></span> 
     </span>
    </p>
   </div>
   <div class='ocr_carea' id='block_1_81' title="bbox 945 1715 1737 1752">
    <p class='ocr_par' dir='ltr' id='par_1_81' title="bbox 945 1715 1737 1752">
     <span class='ocr_line' id='line_1_81' title="bbox 945 1715 1737 1752; baseline -0.001 -9"><span class='ocrx_word' id='word_1_595' title='bbox 945 1721 988 1744; x_wconf 89' lang='lat' dir='ltr'><strong>est</strong></span> <span class='ocrx_word' id='word_1_596' title='bbox 1004 1724 1064 1744; x_wconf 87' lang='lat' dir='ltr'><strong>esse</strong></span> <span class='ocrx_word' id='word_1_597' title='bbox 1078 1724 1108 1744; x_wconf 83' lang='lat' dir='ltr'><strong>se</strong></span> <span class='ocrx_word' id='word_1_598' title='bbox 1122 1716 1255 1752; x_wconf 71' lang='lat' dir='ltr'><strong>azqualent</strong></span> <span class='ocrx_word' id='word_1_599' title='bbox 1280 1715 1346 1749; x_wconf 86' lang='lat' dir='ltr'><strong>Deo,</strong></span> <span class='ocrx_word' id='word_1_600' title='bbox 1368 1717 1416 1743; x_wconf 86' lang='lat' dir='ltr'><strong>sed</strong></span> <span class='ocrx_word' id='word_1_601' title='bbox 1443 1716 1618 1750; x_wconf 84' lang='lat' dir='ltr'><strong>semetipsum</strong></span> <span class='ocrx_word' id='word_1_602' title='bbox 1641 1715 1737 1742; x_wconf 78' lang='lat' dir='ltr'><strong>exina-</strong></span> 
     </span>
    </p>
   </div>
   <div class='ocr_carea' id='block_1_82' title="bbox 946 1754 1736 1797">
    <p class='ocr_par' dir='ltr' id='par_1_82' title="bbox 946 1754 1736 1797">
     <span class='ocr_line' id='line_1_82' title="bbox 946 1754 1736 1797; baseline -0.001 -8"><span class='ocrx_word' id='word_1_603' title='bbox 946 1754 1016 1789; x_wconf 86' lang='lat' dir='ltr'><strong>nivit</strong></span> <span class='ocrx_word' id='word_1_604' title='bbox 1032 1761 1147 1789; x_wconf 86' lang='lat' dir='ltr'><strong>formam</strong></span> <span class='ocrx_word' id='word_1_605' title='bbox 1162 1762 1234 1789; x_wconf 82' lang='lat' dir='ltr'><strong>servi</strong></span> <span class='ocrx_word' id='word_1_606' title='bbox 1259 1762 1432 1797; x_wconf 80' lang='lat' dir='ltr'><strong>accipiens,t</strong></span> <span class='ocrx_word' id='word_1_607' title='bbox 1459 1761 1531 1789; x_wconf 82' lang='lat' dir='ltr'><strong>facili</strong></span> <span class='ocrx_word' id='word_1_608' title='bbox 1555 1761 1664 1796; x_wconf 71' lang='lat' dir='ltr'><strong>negotio</strong></span> <span class='ocrx_word' id='word_1_609' title='bbox 1688 1769 1736 1789; x_wconf 89' lang='lat' dir='ltr'><strong>ex-</strong></span> 
     </span>
    </p>
   </div>
   <div class='ocr_carea' id='block_1_83' title="bbox 945 1806 1736 1843">
    <p class='ocr_par' dir='ltr' id='par_1_83' title="bbox 945 1806 1736 1843">
     <span class='ocr_line' id='line_1_83' title="bbox 945 1806 1736 1843; baseline 0 -9"><span class='ocrx_word' id='word_1_610' title='bbox 945 1808 1060 1843; x_wconf 78' lang='lat' dir='ltr'><strong>plicatur</strong></span> <span class='ocrx_word' id='word_1_611' title='bbox 1082 1808 1115 1834; x_wconf 85' lang='lat' dir='ltr'><strong>ad</strong></span> <span class='ocrx_word' id='word_1_612' title='bbox 1134 1813 1251 1835; x_wconf 87' lang='lat' dir='ltr'><strong>mentem</strong></span> <span class='ocrx_word' id='word_1_613' title='bbox 1266 1806 1403 1843; x_wconf 71' lang='lat' dir='ltr'><strong>Origenis.</strong></span> <span class='ocrx_word' id='word_1_614' title='bbox 1418 1807 1554 1835; x_wconf 83' lang='lat' dir='ltr'><strong>Christum</strong></span> <span class='ocrx_word' id='word_1_615' title='bbox 1578 1807 1616 1834; x_wconf 87' lang='lat' dir='ltr'><strong>ait</strong></span> <span class='ocrx_word' id='word_1_616' title='bbox 1638 1807 1736 1835; x_wconf 82' lang='lat' dir='ltr'><strong>Paulus</strong></span> 
     </span>
    </p>
   </div>
   <div class='ocr_carea' id='block_1_84' title="bbox 910 1853 1735 1889">
    <p class='ocr_par' dir='ltr' id='par_1_84' title="bbox 910 1853 1735 1889">
     <span class='ocr_line' id='line_1_84' title="bbox 910 1853 1735 1889; baseline -0.001 -8"><span class='ocrx_word' id='word_1_617' title='bbox 910 1880 915 1885; x_wconf 88' lang='lat'>_</span> <span class='ocrx_word' id='word_1_618' title='bbox 945 1862 1005 1881; x_wconf 92' lang='lat' dir='ltr'><strong>cunt</strong></span> <span class='ocrx_word' id='word_1_619' title='bbox 1020 1854 1046 1880; x_wconf 92' lang='lat' dir='ltr'><strong>in</strong></span> <span class='ocrx_word' id='word_1_620' title='bbox 1063 1853 1150 1880; x_wconf 88' lang='lat' dir='ltr'><strong>forma</strong></span> <span class='ocrx_word' id='word_1_621' title='bbox 1169 1854 1215 1881; x_wconf 92' lang='lat' dir='ltr'><strong>Dei</strong></span> <span class='ocrx_word' id='word_1_622' title='bbox 1232 1859 1314 1887; x_wconf 89' lang='lat' dir='ltr'><strong>esset,</strong></span> <span class='ocrx_word' id='word_1_623' title='bbox 1328 1853 1436 1889; x_wconf 89' lang='lat' dir='ltr'><strong>Deoque</strong></span> <span class='ocrx_word' id='word_1_624' title='bbox 1453 1853 1576 1889; x_wconf 70' lang='lat' dir='ltr'><strong>aequalis.</strong></span> <span class='ocrx_word' id='word_1_625' title='bbox 1592 1861 1644 1880; x_wconf 91' lang='lat' dir='ltr'><strong>non</strong></span> <span class='ocrx_word' id='word_1_626' title='bbox 1657 1853 1735 1888; x_wconf 84' lang='lat' dir='ltr'><strong>juxta</strong></span> 
     </span>
    </p>
   </div>
   <div class='ocr_carea' id='block_1_85' title="bbox 945 1899 1736 1934">
    <p class='ocr_par' dir='ltr' id='par_1_85' title="bbox 945 1899 1736 1934">
     <span class='ocr_line' id='line_1_85' title="bbox 945 1899 1736 1934; baseline 0.001 -8"><span class='ocrx_word' id='word_1_627' title='bbox 945 1899 1156 1932; x_wconf 87' lang='lat' dir='ltr'><strong>humanitatem,</strong></span> <span class='ocrx_word' id='word_1_628' title='bbox 1170 1900 1218 1927; x_wconf 87' lang='lat' dir='ltr'><strong>sed</strong></span> <span class='ocrx_word' id='word_1_629' title='bbox 1229 1899 1305 1934; x_wconf 83' lang='lat' dir='ltr'><strong>juxta</strong></span> <span class='ocrx_word' id='word_1_630' title='bbox 1321 1906 1445 1927; x_wconf 87' lang='lat' dir='ltr'><strong>naturam</strong></span> <span class='ocrx_word' id='word_1_631' title='bbox 1460 1908 1536 1927; x_wconf 87' lang='lat' dir='ltr'><strong>suam</strong></span> <span class='ocrx_word' id='word_1_632' title='bbox 1548 1900 1678 1933; x_wconf 83' lang='lat' dir='ltr'><strong>divinant,</strong></span> <span class='ocrx_word' id='word_1_633' title='bbox 1692 1907 1736 1928; x_wconf 88' lang='lat' dir='ltr'><strong>se-</strong></span> 
     </span>
    </p>
   </div>
   <div class='ocr_carea' id='block_1_86' title="bbox 946 1945 1736 1981">
    <p class='ocr_par' dir='ltr' id='par_1_86' title="bbox 946 1945 1736 1981">
     <span class='ocr_line' id='line_1_86' title="bbox 946 1945 1736 1981; baseline 0.004 -10"><span class='ocrx_word' id='word_1_634' title='bbox 946 1945 1030 1980; x_wconf 86' lang='lat' dir='ltr'><strong>ipsum</strong></span> <span class='ocrx_word' id='word_1_635' title='bbox 1045 1945 1237 1979; x_wconf 84' lang='lat' dir='ltr'><strong>exinanivisse,</strong></span> <span class='ocrx_word' id='word_1_636' title='bbox 1251 1951 1278 1974; x_wconf 87' lang='lat' dir='ltr'><strong>et</strong></span> <span class='ocrx_word' id='word_1_637' title='bbox 1293 1947 1364 1974; x_wconf 79' lang='lat' dir='ltr'><strong>servi</strong></span> <span class='ocrx_word' id='word_1_638' title='bbox 1382 1946 1497 1973; x_wconf 87' lang='lat' dir='ltr'><strong>formam</strong></span> <span class='ocrx_word' id='word_1_639' title='bbox 1516 1947 1664 1981; x_wconf 80' lang='lat' dir='ltr'><strong>accepisse,</strong></span> <span class='ocrx_word' id='word_1_640' title='bbox 1681 1953 1736 1974; x_wconf 88' lang='lat' dir='ltr'><strong>non</strong></span> 
     </span>
    </p>
   </div>
   <div class='ocr_carea' id='block_1_87' title="bbox 943 1992 1735 2028">
    <p class='ocr_par' dir='ltr' id='par_1_87' title="bbox 943 1992 1735 2028">
     <span class='ocr_line' id='line_1_87' title="bbox 943 1992 1735 2028; baseline 0.001 -10"><span class='ocrx_word' id='word_1_641' title='bbox 943 1992 1019 2028; x_wconf 76' lang='lat' dir='ltr'><strong>juxta</strong></span> <span class='ocrx_word' id='word_1_642' title='bbox 1037 1992 1206 2020; x_wconf 87' lang='lat' dir='ltr'><strong>divinitatem</strong></span> <span class='ocrx_word' id='word_1_643' title='bbox 1224 2000 1312 2026; x_wconf 86' lang='lat' dir='ltr'><strong>suam,</strong></span> <span class='ocrx_word' id='word_1_644' title='bbox 1333 1993 1381 2020; x_wconf 90' lang='lat' dir='ltr'><strong>sed</strong></span> <span class='ocrx_word' id='word_1_645' title='bbox 1402 1993 1479 2027; x_wconf 86' lang='lat' dir='ltr'><strong>juxta</strong></span> <span class='ocrx_word' id='word_1_646' title='bbox 1496 1993 1641 2020; x_wconf 89' lang='lat' dir='ltr'><strong>humanam</strong></span> <span class='ocrx_word' id='word_1_647' title='bbox 1657 1997 1735 2020; x_wconf 91' lang='lat' dir='ltr'><strong>natu-</strong></span> 
     </span>
    </p>
   </div>
   <div class='ocr_carea' id='block_1_88' title="bbox 945 2037 1735 2074">
    <p class='ocr_par' dir='ltr' id='par_1_88' title="bbox 945 2037 1735 2074">
     <span class='ocr_line' id='line_1_88' title="bbox 945 2037 1735 2074; baseline 0.001 -9"><span class='ocrx_word' id='word_1_648' title='bbox 945 2046 1015 2072; x_wconf 87' lang='lat' dir='ltr'><strong>rant,</strong></span> <span class='ocrx_word' id='word_1_649' title='bbox 1028 2037 1105 2073; x_wconf 87' lang='lat' dir='ltr'><strong>cujus</strong></span> <span class='ocrx_word' id='word_1_650' title='bbox 1126 2039 1242 2074; x_wconf 87' lang='lat' dir='ltr'><strong>priorem</strong></span> <span class='ocrx_word' id='word_1_651' title='bbox 1265 2039 1354 2066; x_wconf 89' lang='lat' dir='ltr'><strong>attima</strong></span> <span class='ocrx_word' id='word_1_652' title='bbox 1372 2039 1460 2066; x_wconf 87' lang='lat' dir='ltr'><strong>loetttn</strong></span> <span class='ocrx_word' id='word_1_653' title='bbox 1484 2043 1566 2066; x_wconf 90' lang='lat' dir='ltr'><strong>tenet.</strong></span> <span class='ocrx_word' id='word_1_654' title='bbox 1586 2038 1644 2072; x_wconf 85' lang='lat' dir='ltr'><strong>Quo</strong></span> <span class='ocrx_word' id='word_1_655' title='bbox 1664 2039 1735 2066; x_wconf 86' lang='lat' dir='ltr'><strong>refe-</strong></span> 
     </span>
    </p>
   </div>
   <div class='ocr_carea' id='block_1_89' title="bbox 945 2084 1735 2113">
    <p class='ocr_par' dir='ltr' id='par_1_89' title="bbox 945 2084 1735 2113">
     <span class='ocr_line' id='line_1_89' title="bbox 945 2084 1735 2113; baseline 0 -1"><span class='ocrx_word' id='word_1_656' title='bbox 945 2085 1057 2112; x_wconf 87' lang='lat' dir='ltr'><strong>rendum</strong></span> <span class='ocrx_word' id='word_1_657' title='bbox 1074 2085 1138 2112; x_wconf 92' lang='lat' dir='ltr'><strong>illud</strong></span> <span class='ocrx_word' id='word_1_658' title='bbox 1155 2084 1255 2113; x_wconf 91' lang='lat' dir='ltr'><strong>Cltristi</strong></span> <span class='ocrx_word' id='word_1_659' title='bbox 1270 2093 1277 2112; x_wconf 88' lang='lat'><strong>:</strong></span> <span class='ocrx_word' id='word_1_660' title='bbox 1300 2094 1310 2111; x_wconf 69' lang='grc' dir='ltr'>ι</span> <span class='ocrx_word' id='word_1_661' title='bbox 1327 2084 1424 2112; x_wconf 89' lang='lat' dir='ltr'><strong>Tristis</strong></span> <span class='ocrx_word' id='word_1_662' title='bbox 1440 2089 1483 2112; x_wconf 92' lang='lat' dir='ltr'><strong>est</strong></span> <span class='ocrx_word' id='word_1_663' title='bbox 1501 2084 1591 2111; x_wconf 77' lang='lat' dir='ltr'><strong>anima</strong></span> <span class='ocrx_word' id='word_1_664' title='bbox 1613 2091 1672 2111; x_wconf 88' lang='lat' dir='ltr'><strong>utea</strong></span> <span class='ocrx_word' id='word_1_665' title='bbox 1690 2092 1735 2112; x_wconf 89' lang='lat' dir='ltr'><strong>us-</strong></span> 
     </span>
    </p>
   </div>
   <div class='ocr_carea' id='block_1_90' title="bbox 944 2131 1733 2166">
    <p class='ocr_par' dir='ltr' id='par_1_90' title="bbox 944 2131 1733 2166">
     <span class='ocr_line' id='line_1_90' title="bbox 944 2131 1733 2166; baseline -0.001 -8"><span class='ocrx_word' id='word_1_666' title='bbox 944 2139 997 2166; x_wconf 91' lang='lat' dir='ltr'><strong>que</strong></span> <span class='ocrx_word' id='word_1_667' title='bbox 1011 2132 1043 2158; x_wconf 92' lang='lat' dir='ltr'><strong>ad</strong></span> <span class='ocrx_word' id='word_1_668' title='bbox 1068 2136 1183 2159; x_wconf 90' lang='lat' dir='ltr'><strong>mortem</strong></span> <span class='ocrx_word' id='word_1_669' title='bbox 1195 2131 1229 2158; x_wconf 78' lang='grc'><strong>⁸⁸.</strong></span> <span class='ocrx_word' id='word_1_670' title='bbox 1243 2141 1253 2158; x_wconf 77' lang='grc' dir='ltr'><strong>ι</strong></span> <span class='ocrx_word' id='word_1_671' title='bbox 1275 2131 1323 2159; x_wconf 86' lang='lat' dir='ltr'><strong>His</strong></span> <span class='ocrx_word' id='word_1_672' title='bbox 1343 2132 1370 2159; x_wconf 94' lang='lat' dir='ltr'><strong>in</strong></span> <span class='ocrx_word' id='word_1_673' title='bbox 1394 2131 1598 2158; x_wconf 87' lang='lat' dir='ltr'><strong>accommodum</strong></span> <span class='ocrx_word' id='word_1_674' title='bbox 1622 2138 1733 2158; x_wconf 87' lang='lat' dir='ltr'><strong>sensum</strong></span> 
     </span>
    </p>
   </div>
   <div class='ocr_carea' id='block_1_91' title="bbox 945 2177 1733 2213">
    <p class='ocr_par' dir='ltr' id='par_1_91' title="bbox 945 2177 1733 2213">
     <span class='ocr_line' id='line_1_91' title="bbox 945 2177 1733 2213; baseline -0.001 -7"><span class='ocrx_word' id='word_1_675' title='bbox 945 2179 983 2206; x_wconf 83' lang='lat' dir='ltr'><strong>ita</strong></span> <span class='ocrx_word' id='word_1_676' title='bbox 1001 2179 1113 2206; x_wconf 83' lang='lat' dir='ltr'><strong>deﬂexis</strong></span> <span class='ocrx_word' id='word_1_677' title='bbox 1137 2179 1292 2206; x_wconf 90' lang='lat' dir='ltr'><strong>retunditur</strong></span> <span class='ocrx_word' id='word_1_678' title='bbox 1314 2177 1456 2213; x_wconf 89' lang='lat' dir='ltr'><strong>Theophili</strong></span> <span class='ocrx_word' id='word_1_679' title='bbox 1475 2177 1649 2212; x_wconf 80' lang='lat' dir='ltr'><strong>oppugnatio.</strong></span> <span class='ocrx_word' id='word_1_680' title='bbox 1671 2185 1733 2205; x_wconf 81' lang='lat' dir='ltr'><strong>cum</strong></span> 
     </span>
    </p>
   </div>
   <div class='ocr_carea' id='block_1_92' title="bbox 945 2223 1734 2258">
    <p class='ocr_par' dir='ltr' id='par_1_92' title="bbox 945 2223 1734 2258">
     <span class='ocr_line' id='line_1_92' title="bbox 945 2223 1734 2258; baseline -0.001 -6"><span class='ocrx_word' id='word_1_681' title='bbox 945 2225 1097 2258; x_wconf 72' lang='lat' dir='ltr'><strong>praesertim</strong></span> <span class='ocrx_word' id='word_1_682' title='bbox 1111 2226 1176 2252; x_wconf 81' lang='lat' dir='ltr'><strong>satis</strong></span> <span class='ocrx_word' id='word_1_683' title='bbox 1194 2225 1302 2252; x_wconf 89' lang='lat' dir='ltr'><strong>aliunde</strong></span> <span class='ocrx_word' id='word_1_684' title='bbox 1315 2229 1421 2251; x_wconf 84' lang='lat' dir='ltr'><strong>constet</strong></span> <span class='ocrx_word' id='word_1_685' title='bbox 1443 2231 1492 2258; x_wconf 91' lang='lat' dir='ltr'><strong>pro</strong></span> <span class='ocrx_word' id='word_1_686' title='bbox 1506 2229 1582 2250; x_wconf 86' lang='lat' dir='ltr'><strong>certo</strong></span> <span class='ocrx_word' id='word_1_687' title='bbox 1606 2223 1734 2251; x_wconf 84' lang='lat' dir='ltr'><strong>habuisse</strong></span> 
     </span>
    </p>
   </div>
   <div class='ocr_carea' id='block_1_93' title="bbox 103 2264 1734 2305">
    <p class='ocr_par' dir='ltr' id='par_1_93' title="bbox 103 2264 1734 2305">
     <span class='ocr_line' id='line_1_93' title="bbox 103 2264 1734 2305; baseline -0.002 -10"><span class='ocrx_word' id='word_1_688' title='bbox 103 2269 189 2296; x_wconf 79' lang='lat' dir='ltr'><strong>fuisse</strong></span> <span class='ocrx_word' id='word_1_689' title='bbox 204 2268 271 2294; x_wconf 83' lang='lat' dir='ltr'><strong>sciat</strong></span> <span class='ocrx_word' id='word_1_690' title='bbox 288 2267 333 2294; x_wconf 84' lang='lat' dir='ltr'><strong>lib.</strong></span> <span class='ocrx_word' id='word_1_691' title='bbox 347 2275 365 2294; x_wconf 92' lang='lat' dir='ltr'><strong>tt</strong></span> <span class='ocrx_word' id='word_1_692' title='bbox 380 2267 447 2301; x_wconf 72' lang='grc' dir='ltr'><strong>Περὶ</strong></span> <span class='ocrx_word' id='word_1_693' title='bbox 466 2266 576 2301; x_wconf 79' lang='grc' dir='ltr'><strong>ἀρχῶν,</strong></span> <span class='ocrx_word' id='word_1_694' title='bbox 593 2273 653 2300; x_wconf 84' lang='lat' dir='ltr'><strong>cap.</strong></span> <span class='ocrx_word' id='word_1_695' title='bbox 668 2266 694 2299; x_wconf 82' lang='lat'><strong>6,</strong></span> <span class='ocrx_word' id='word_1_696' title='bbox 713 2273 788 2292; x_wconf 83' lang='lat' dir='ltr'><strong>num.</strong></span> <span class='ocrx_word' id='word_1_697' title='bbox 799 2265 828 2296; x_wconf 72' lang='grc' dir='ltr'><strong>Ξ,</strong></span> <span class='ocrx_word' id='word_1_698' title='bbox 844 2273 893 2292; x_wconf 88' lang='lat' dir='ltr'><strong>an-</strong></span> <span class='ocrx_word' id='word_1_699' title='bbox 908 2264 931 2294; x_wconf 78' lang='grc' dir='ltr'><strong>ο</strong></span> <span class='ocrx_word' id='word_1_700' title='bbox 944 2271 1089 2305; x_wconf 70' lang='lat' dir='ltr'><strong>Origenem</strong></span> <span class='ocrx_word' id='word_1_701' title='bbox 1115 2270 1236 2299; x_wconf 73' lang='lat' dir='ltr'><strong>Verbum</strong></span> <span class='ocrx_word' id='word_1_702' title='bbox 1261 2271 1309 2298; x_wconf 79' lang='lat' dir='ltr'><strong>Dei</strong></span> <span class='ocrx_word' id='word_1_703' title='bbox 1336 2277 1446 2298; x_wconf 77' lang='lat' dir='ltr'><strong>carnem</strong></span> <span class='ocrx_word' id='word_1_704' title='bbox 1469 2270 1495 2296; x_wconf 87' lang='lat' dir='ltr'><strong>in</strong></span> <span class='ocrx_word' id='word_1_705' title='bbox 1518 2268 1627 2296; x_wconf 82' lang='lat' dir='ltr'><strong>Christo</strong></span> <span class='ocrx_word' id='word_1_706' title='bbox 1651 2269 1734 2296; x_wconf 80' lang='lat' dir='ltr'><strong>fuisse</strong></span> 
     </span>
    </p>
   </div>
   <div class='ocr_carea' id='block_1_94' title="bbox 103 2311 892 2348">
    <p class='ocr_par' dir='ltr' id='par_1_94' title="bbox 103 2311 892 2348">
     <span class='ocr_line' id='line_1_94' title="bbox 103 2311 892 2348; baseline -0.003 -8"><span class='ocrx_word' id='word_1_707' title='bbox 103 2319 213 2348; x_wconf 88' lang='lat' dir='ltr'><strong>tequant</strong></span> <span class='ocrx_word' id='word_1_708' title='bbox 240 2313 273 2340; x_wconf 90' lang='lat' dir='ltr'><strong>ad</strong></span> <span class='ocrx_word' id='word_1_709' title='bbox 298 2312 486 2346; x_wconf 81' lang='lat' dir='ltr'><strong>explicandum</strong></span> <span class='ocrx_word' id='word_1_710' title='bbox 514 2312 708 2339; x_wconf 83' lang='lat' dir='ltr'><strong>lncarnatiouis</strong></span> <span class='ocrx_word' id='word_1_711' title='bbox 734 2311 892 2346; x_wconf 79' lang='lat' dir='ltr'><strong>mysterium</strong></span> 
     </span>
    </p>
   </div>
   <div class='ocr_carea' id='block_1_95' title="bbox 103 2357 892 2393">
    <p class='ocr_par' dir='ltr' id='par_1_95' title="bbox 103 2357 892 2393">
     <span class='ocr_line' id='line_1_95' title="bbox 103 2357 892 2393; baseline -0.003 -7"><span class='ocrx_word' id='word_1_712' title='bbox 103 2360 267 2387; x_wconf 82' lang='lat' dir='ltr'><strong>accederet:</strong></span> <span class='ocrx_word' id='word_1_713' title='bbox 284 2368 293 2385; x_wconf 77' lang='grc' dir='ltr'>ι</span> <span class='ocrx_word' id='word_1_714' title='bbox 307 2359 371 2392; x_wconf 80' lang='lat' dir='ltr'><strong>Qua:</strong></span> <span class='ocrx_word' id='word_1_715' title='bbox 394 2358 503 2393; x_wconf 89' lang='lat' dir='ltr'><strong>quidem</strong></span> <span class='ocrx_word' id='word_1_716' title='bbox 529 2358 554 2384; x_wconf 94' lang='lat' dir='ltr'><strong>in</strong></span> <span class='ocrx_word' id='word_1_717' title='bbox 573 2364 652 2384; x_wconf 84' lang='lat' dir='ltr'><strong>aures</strong></span> <span class='ocrx_word' id='word_1_718' title='bbox 673 2357 806 2384; x_wconf 89' lang='lat' dir='ltr'><strong>humanas</strong></span> <span class='ocrx_word' id='word_1_719' title='bbox 828 2364 892 2391; x_wconf 78' lang='lat' dir='ltr'><strong>pro-</strong></span> 
     </span>
    </p>
   </div>
   <div class='ocr_carea' id='block_1_96' title="bbox 103 2402 893 2439">
    <p class='ocr_par' dir='ltr' id='par_1_96' title="bbox 103 2402 893 2439">
     <span class='ocr_line' id='line_1_96' title="bbox 103 2402 893 2439; baseline -0.005 -6"><span class='ocrx_word' id='word_1_720' title='bbox 103 2406 189 2438; x_wconf 86' lang='lat' dir='ltr'><strong>ferre,</strong></span> <span class='ocrx_word' id='word_1_721' title='bbox 203 2411 231 2432; x_wconf 88' lang='lat' dir='ltr'><strong>et</strong></span> <span class='ocrx_word' id='word_1_722' title='bbox 250 2405 418 2432; x_wconf 89' lang='lat' dir='ltr'><strong>sermonibus</strong></span> <span class='ocrx_word' id='word_1_723' title='bbox 437 2403 584 2439; x_wconf 82' lang='lat' dir='ltr'><strong>explicare,</strong></span> <span class='ocrx_word' id='word_1_724' title='bbox 600 2402 677 2435; x_wconf 61' lang='lat' dir='ltr'><strong>longe</strong></span> <span class='ocrx_word' id='word_1_725' title='bbox 693 2403 765 2430; x_wconf 86' lang='lat' dir='ltr'><strong>vires</strong></span> <span class='ocrx_word' id='word_1_726' title='bbox 780 2403 821 2430; x_wconf 89' lang='lat' dir='ltr'><strong>vel</strong></span> <span class='ocrx_word' id='word_1_727' title='bbox 837 2411 893 2430; x_wconf 87' lang='lat' dir='ltr'><strong>me-</strong></span> 
     </span>
    </p>
   </div>
   <div class='ocr_carea' id='block_1_97' title="bbox 103 2449 893 2487">
    <p class='ocr_par' dir='ltr' id='par_1_97' title="bbox 103 2449 893 2487">
     <span class='ocr_line' id='line_1_97' title="bbox 103 2449 893 2487; baseline -0.004 -8"><span class='ocrx_word' id='word_1_728' title='bbox 103 2452 150 2480; x_wconf 84' lang='lat' dir='ltr'><strong>riti</strong></span> <span class='ocrx_word' id='word_1_729' title='bbox 167 2452 263 2484; x_wconf 88' lang='lat' dir='ltr'><strong>nostri,</strong></span> <span class='ocrx_word' id='word_1_730' title='bbox 276 2451 317 2479; x_wconf 88' lang='lat' dir='ltr'><strong>vel</strong></span> <span class='ocrx_word' id='word_1_731' title='bbox 335 2451 433 2487; x_wconf 78' lang='lat' dir='ltr'><strong>ingenii</strong></span> <span class='ocrx_word' id='word_1_732' title='bbox 449 2457 481 2478; x_wconf 91' lang='lat' dir='ltr'><strong>ae</strong></span> <span class='ocrx_word' id='word_1_733' title='bbox 496 2449 628 2477; x_wconf 80' lang='lat' dir='ltr'><strong>sermonis</strong></span> <span class='ocrx_word' id='word_1_734' title='bbox 640 2449 755 2477; x_wconf 77' lang='lat' dir='ltr'><strong>excedit.</strong></span> <span class='ocrx_word' id='word_1_735' title='bbox 769 2449 893 2476; x_wconf 89' lang='lat' dir='ltr'><strong>Arbitror</strong></span> 
     </span>
    </p>
   </div>
   <div class='ocr_carea' id='block_1_98' title="bbox 104 2495 890 2532">
    <p class='ocr_par' dir='ltr' id='par_1_98' title="bbox 104 2495 890 2532">
     <span class='ocr_line' id='line_1_98' title="bbox 104 2495 890 2532; baseline -0.005 -7"><span class='ocrx_word' id='word_1_736' title='bbox 104 2505 198 2526; x_wconf 82' lang='lat' dir='ltr'><strong>autent</strong></span> <span class='ocrx_word' id='word_1_737' title='bbox 222 2499 284 2532; x_wconf 89' lang='lat' dir='ltr'><strong>quia</strong></span> <span class='ocrx_word' id='word_1_738' title='bbox 307 2497 388 2525; x_wconf 85' lang='lat' dir='ltr'><strong>etiam</strong></span> <span class='ocrx_word' id='word_1_739' title='bbox 413 2501 569 2524; x_wconf 88' lang='lat' dir='ltr'><strong>sanctorum</strong></span> <span class='ocrx_word' id='word_1_740' title='bbox 586 2495 768 2531; x_wconf 89' lang='lat' dir='ltr'><strong>apostolorum</strong></span> <span class='ocrx_word' id='word_1_741' title='bbox 793 2502 890 2530; x_wconf 87' lang='lat' dir='ltr'><strong>super-</strong></span> 
     </span>
    </p>
   </div>
   <div class='ocr_carea' id='block_1_99' title="bbox 104 2541 890 2581">
    <p class='ocr_par' dir='ltr' id='par_1_99' title="bbox 104 2541 890 2581">
     <span class='ocr_line' id='line_1_99' title="bbox 104 2541 890 2581; baseline -0.006 -9"><span class='ocrx_word' id='word_1_742' title='bbox 104 2546 246 2581; x_wconf 78' lang='lat' dir='ltr'><strong>grediatur</strong></span> <span class='ocrx_word' id='word_1_743' title='bbox 269 2550 422 2571; x_wconf 86' lang='lat' dir='ltr'><strong>mensuram</strong></span> <span class='ocrx_word' id='word_1_744' title='bbox 437 2553 443 2570; x_wconf 89' lang='lat'><strong>:</strong></span> <span class='ocrx_word' id='word_1_745' title='bbox 461 2542 582 2577; x_wconf 90' lang='lat' dir='ltr'><strong>qninimo</strong></span> <span class='ocrx_word' id='word_1_746' title='bbox 600 2542 680 2568; x_wconf 85' lang='lat' dir='ltr'><strong>etiam</strong></span> <span class='ocrx_word' id='word_1_747' title='bbox 700 2541 823 2568; x_wconf 88' lang='lat' dir='ltr'><strong>fortassis</strong></span> <span class='ocrx_word' id='word_1_748' title='bbox 847 2545 890 2568; x_wconf 88' lang='lat' dir='ltr'><strong>to-</strong></span> 
     </span>
    </p>
   </div>
   <div class='ocr_carea' id='block_1_100' title="bbox 107 2587 893 2619">
    <p class='ocr_par' dir='ltr' id='par_1_100' title="bbox 107 2587 893 2619">
     <span class='ocr_line' id='line_1_100' title="bbox 107 2587 893 2619; baseline -0.006 0"><span class='ocrx_word' id='word_1_749' title='bbox 107 2593 162 2619; x_wconf 88' lang='lat' dir='ltr'><strong>tius</strong></span> <span class='ocrx_word' id='word_1_750' title='bbox 186 2595 319 2619; x_wconf 68' lang='lat' dir='ltr'><strong>creaturre</strong></span> <span class='ocrx_word' id='word_1_751' title='bbox 335 2589 486 2617; x_wconf 61' lang='lat' dir='ltr'><strong>caelestium</strong></span> <span class='ocrx_word' id='word_1_752' title='bbox 514 2589 641 2615; x_wconf 77' lang='lat' dir='ltr'><strong>virtutum</strong></span> <span class='ocrx_word' id='word_1_753' title='bbox 668 2587 829 2615; x_wconf 84' lang='lat' dir='ltr'><strong>eminentior</strong></span> <span class='ocrx_word' id='word_1_754' title='bbox 850 2591 893 2615; x_wconf 88' lang='lat' dir='ltr'><strong>est</strong></span> 
     </span>
    </p>
   </div>
   <div class='ocr_carea' id='block_1_101' title="bbox 106 2633 893 2671">
    <p class='ocr_par' dir='ltr' id='par_1_101' title="bbox 106 2633 893 2671">
     <span class='ocr_line' id='line_1_101' title="bbox 106 2633 893 2671; baseline -0.009 -5"><span class='ocrx_word' id='word_1_755' title='bbox 106 2638 270 2666; x_wconf 83' lang='lat' dir='ltr'><strong>sacramenti</strong></span> <span class='ocrx_word' id='word_1_756' title='bbox 289 2637 366 2664; x_wconf 90' lang='lat' dir='ltr'><strong>istius</strong></span> <span class='ocrx_word' id='word_1_757' title='bbox 381 2634 542 2671; x_wconf 74' lang='lat' dir='ltr'><strong>explanatio.</strong></span> <span class='ocrx_word' id='word_1_758' title='bbox 560 2633 597 2661; x_wconf 92' lang='lat' dir='ltr'><strong>De</strong></span> <span class='ocrx_word' id='word_1_759' title='bbox 609 2641 663 2668; x_wconf 88' lang='lat' dir='ltr'><strong>qtto</strong></span> <span class='ocrx_word' id='word_1_760' title='bbox 677 2641 725 2660; x_wconf 90' lang='lat' dir='ltr'><strong>nos</strong></span> <span class='ocrx_word' id='word_1_761' title='bbox 741 2641 792 2660; x_wconf 92' lang='lat' dir='ltr'><strong>non</strong></span> <span class='ocrx_word' id='word_1_762' title='bbox 808 2638 893 2660; x_wconf 79' lang='lat' dir='ltr'><strong>teme-</strong></span> 
     </span>
    </p>
   </div>
   <div class='ocr_carea' id='block_1_102' title="bbox 107 2679 891 2719">
    <p class='ocr_par' dir='ltr' id='par_1_102' title="bbox 107 2679 891 2719">
     <span class='ocr_line' id='line_1_102' title="bbox 107 2679 891 2719; baseline -0.006 -7"><span class='ocrx_word' id='word_1_763' title='bbox 107 2685 188 2712; x_wconf 83' lang='lat' dir='ltr'><strong>ritate</strong></span> <span class='ocrx_word' id='word_1_764' title='bbox 203 2684 303 2719; x_wconf 83' lang='lat' dir='ltr'><strong>aliqua.</strong></span> <span class='ocrx_word' id='word_1_765' title='bbox 328 2683 373 2710; x_wconf 76' lang='lat' dir='ltr'><strong>sed</strong></span> <span class='ocrx_word' id='word_1_766' title='bbox 396 2682 530 2717; x_wconf 83' lang='lat' dir='ltr'><strong>quomodo</strong></span> <span class='ocrx_word' id='word_1_767' title='bbox 548 2681 615 2707; x_wconf 89' lang='lat' dir='ltr'><strong>ordo</strong></span> <span class='ocrx_word' id='word_1_768' title='bbox 632 2680 682 2708; x_wconf 90' lang='lat' dir='ltr'><strong>loci</strong></span> <span class='ocrx_word' id='word_1_769' title='bbox 706 2679 844 2714; x_wconf 84' lang='lat' dir='ltr'><strong>deposcit.</strong></span> <span class='ocrx_word' id='word_1_770' title='bbox 859 2687 891 2707; x_wconf 91' lang='lat' dir='ltr'><strong>ea</strong></span> 
     </span>
    </p>
   </div>
   <div class='ocr_carea' id='block_1_103' title="bbox 107 2726 892 2765">
    <p class='ocr_par' dir='ltr' id='par_1_103' title="bbox 107 2726 892 2765">
     <span class='ocr_line' id='line_1_103' title="bbox 107 2726 892 2765; baseline -0.006 -8"><span class='ocrx_word' id='word_1_771' title='bbox 107 2731 194 2765; x_wconf 75' lang='lat' dir='ltr'><strong>magis</strong></span> <span class='ocrx_word' id='word_1_772' title='bbox 216 2737 276 2765; x_wconf 61' lang='lat' dir='ltr'><strong>quae</strong></span> <span class='ocrx_word' id='word_1_773' title='bbox 296 2729 362 2756; x_wconf 86' lang='lat' dir='ltr'><strong>fides</strong></span> <span class='ocrx_word' id='word_1_774' title='bbox 386 2733 478 2755; x_wconf 90' lang='lat' dir='ltr'><strong>nostra</strong></span> <span class='ocrx_word' id='word_1_775' title='bbox 503 2728 640 2758; x_wconf 86' lang='lat' dir='ltr'><strong>continet,</strong></span> <span class='ocrx_word' id='word_1_776' title='bbox 664 2734 743 2760; x_wconf 87' lang='lat' dir='ltr'><strong>quant</strong></span> <span class='ocrx_word' id='word_1_777' title='bbox 769 2726 892 2753; x_wconf 71' lang='lat' dir='ltr'><strong>humante</strong></span> 
     </span>
    </p>
   </div>
   <div class='ocr_carea' id='block_1_104' title="bbox 107 2772 891 2808">
    <p class='ocr_par' dir='ltr' id='par_1_104' title="bbox 107 2772 891 2808">
     <span class='ocr_line' id='line_1_104' title="bbox 107 2772 891 2808; baseline -0.005 -5"><span class='ocrx_word' id='word_1_778' title='bbox 107 2777 223 2805; x_wconf 83' lang='lat' dir='ltr'><strong>rationis</strong></span> <span class='ocrx_word' id='word_1_779' title='bbox 238 2775 353 2803; x_wconf 88' lang='lat' dir='ltr'><strong>assertio</strong></span> <span class='ocrx_word' id='word_1_780' title='bbox 374 2775 511 2802; x_wconf 88' lang='lat' dir='ltr'><strong>vindicare</strong></span> <span class='ocrx_word' id='word_1_781' title='bbox 528 2774 604 2806; x_wconf 88' lang='lat' dir='ltr'><strong>solet,</strong></span> <span class='ocrx_word' id='word_1_782' title='bbox 624 2781 704 2808; x_wconf 87' lang='lat' dir='ltr'><strong>quant</strong></span> <span class='ocrx_word' id='word_1_783' title='bbox 720 2772 891 2807; x_wconf 78' lang='lat' dir='ltr'><strong>paucissimis</strong></span> 
     </span>
    </p>
   </div>
   <div class='ocr_carea' id='block_1_105' title="bbox 143 2861 705 2897">
    <p class='ocr_par' dir='ltr' id='par_1_105' title="bbox 143 2861 705 2897">
     <span class='ocr_line' id='line_1_105' title="bbox 143 2861 705 2897; baseline -0.004 -5"><span class='ocrx_word' id='word_1_784' title='bbox 143 2866 164 2882; x_wconf 85' lang='lat'><strong>&quot;</strong></span> <span class='ocrx_word' id='word_1_785' title='bbox 187 2864 256 2892; x_wconf 74' lang='lat' dir='ltr'><strong>Psal.</strong></span> <span class='ocrx_word' id='word_1_786' title='bbox 285 2873 356 2897; x_wconf 72' lang='lat' dir='ltr'><strong>XLtV,</strong></span> <span class='ocrx_word' id='word_1_787' title='bbox 381 2864 406 2891; x_wconf 87' lang='lat'><strong>8.</strong></span> <span class='ocrx_word' id='word_1_788' title='bbox 445 2864 467 2879; x_wconf 69' lang='grc'><strong>⁸⁸</strong></span> <span class='ocrx_word' id='word_1_789' title='bbox 488 2863 568 2890; x_wconf 76' lang='lat' dir='ltr'><strong>Marc.</strong></span> <span class='ocrx_word' id='word_1_790' title='bbox 593 2861 705 2895; x_wconf 61' lang='lat' dir='ltr'><strong>“v.34.</strong></span> 
     </span>
    </p>
   </div>
   <div class='ocr_carea' id='block_1_106' title="bbox 943 2315 1733 2350">
    <p class='ocr_par' dir='ltr' id='par_1_106' title="bbox 943 2315 1733 2350">
     <span class='ocr_line' id='line_1_106' title="bbox 943 2315 1733 2350; baseline -0.001 -7"><span class='ocrx_word' id='word_1_791' title='bbox 943 2316 1055 2345; x_wconf 83' lang='lat' dir='ltr'><strong>factum.</strong></span> <span class='ocrx_word' id='word_1_792' title='bbox 1071 2317 1184 2344; x_wconf 78' lang='lat' dir='ltr'><strong>Millium</strong></span> <span class='ocrx_word' id='word_1_793' title='bbox 1202 2318 1287 2345; x_wconf 87' lang='lat' dir='ltr'><strong>instar</strong></span> <span class='ocrx_word' id='word_1_794' title='bbox 1301 2317 1354 2344; x_wconf 88' lang='lat' dir='ltr'><strong>erit</strong></span> <span class='ocrx_word' id='word_1_795' title='bbox 1377 2324 1460 2344; x_wconf 92' lang='lat' dir='ltr'><strong>unum</strong></span> <span class='ocrx_word' id='word_1_796' title='bbox 1478 2316 1504 2343; x_wconf 90' lang='lat' dir='ltr'><strong>id</strong></span> <span class='ocrx_word' id='word_1_797' title='bbox 1527 2316 1586 2350; x_wconf 91' lang='lat' dir='ltr'><strong>ejus</strong></span> <span class='ocrx_word' id='word_1_798' title='bbox 1610 2315 1733 2342; x_wconf 86' lang='lat' dir='ltr'><strong>testimo-</strong></span> 
     </span>
    </p>
   </div>
   <div class='ocr_carea' id='block_1_107' title="bbox 943 2362 1734 2398">
    <p class='ocr_par' dir='ltr' id='par_1_107' title="bbox 943 2362 1734 2398">
     <span class='ocr_line' id='line_1_107' title="bbox 943 2362 1734 2398; baseline 0.001 -10"><span class='ocrx_word' id='word_1_799' title='bbox 943 2363 1015 2389; x_wconf 88' lang='lat' dir='ltr'><strong>niuttt</strong></span> <span class='ocrx_word' id='word_1_800' title='bbox 1029 2371 1044 2389; x_wconf 89' lang='lat' dir='ltr'><strong>e</strong></span> <span class='ocrx_word' id='word_1_801' title='bbox 1057 2364 1190 2397; x_wconf 60' lang='lat' dir='ltr'><strong>prooemio</strong></span> <span class='ocrx_word' id='word_1_802' title='bbox 1203 2364 1229 2390; x_wconf 90' lang='lat' dir='ltr'><strong>in</strong></span> <span class='ocrx_word' id='word_1_803' title='bbox 1246 2363 1292 2391; x_wconf 90' lang='lat' dir='ltr'><strong>lib.</strong></span> <span class='ocrx_word' id='word_1_804' title='bbox 1309 2362 1345 2390; x_wconf 80' lang='lat' dir='ltr'><strong>De</strong></span> <span class='ocrx_word' id='word_1_805' title='bbox 1357 2363 1482 2398; x_wconf 78' lang='lat' dir='ltr'><strong>princip.,</strong></span> <span class='ocrx_word' id='word_1_806' title='bbox 1497 2370 1572 2390; x_wconf 92' lang='lat' dir='ltr'><strong>num.</strong></span> <span class='ocrx_word' id='word_1_807' title='bbox 1584 2362 1602 2389; x_wconf 80' lang='grc'><strong>4</strong></span> <span class='ocrx_word' id='word_1_808' title='bbox 1619 2373 1624 2390; x_wconf 91' lang='lat'><strong>:</strong></span> <span class='ocrx_word' id='word_1_809' title='bbox 1645 2371 1655 2388; x_wconf 84' lang='grc'><strong><em>‹</em></strong></span> <span class='ocrx_word' id='word_1_810' title='bbox 1669 2362 1734 2398; x_wconf 82' lang='lat' dir='ltr'><strong>Spe-</strong></span> 
     </span>
    </p>
   </div>
   <div class='ocr_carea' id='block_1_108' title="bbox 946 2408 1734 2444">
    <p class='ocr_par' dir='ltr' id='par_1_108' title="bbox 946 2408 1734 2444">
     <span class='ocr_line' id='line_1_108' title="bbox 946 2408 1734 2444; baseline -0.003 -8"><span class='ocrx_word' id='word_1_811' title='bbox 946 2409 1003 2436; x_wconf 79' lang='lat' dir='ltr'><strong>cies</strong></span> <span class='ocrx_word' id='word_1_812' title='bbox 1021 2416 1086 2436; x_wconf 89' lang='lat' dir='ltr'><strong>vero</strong></span> <span class='ocrx_word' id='word_1_813' title='bbox 1109 2416 1205 2437; x_wconf 92' lang='lat' dir='ltr'><strong>eorum</strong></span> <span class='ocrx_word' id='word_1_814' title='bbox 1219 2416 1279 2444; x_wconf 67' lang='lat' dir='ltr'><strong>qum</strong></span> <span class='ocrx_word' id='word_1_815' title='bbox 1301 2416 1350 2444; x_wconf 90' lang='lat' dir='ltr'><strong>per</strong></span> <span class='ocrx_word' id='word_1_816' title='bbox 1366 2408 1584 2444; x_wconf 63' lang='lat' dir='ltr'><strong>prmdicationem</strong></span> <span class='ocrx_word' id='word_1_817' title='bbox 1606 2408 1734 2442; x_wconf 84' lang='lat' dir='ltr'><strong>apostoli-</strong></span> 
     </span>
    </p>
   </div>
   <div class='ocr_carea' id='block_1_109' title="bbox 942 2452 1733 2488">
    <p class='ocr_par' dir='ltr' id='par_1_109' title="bbox 942 2452 1733 2488">
     <span class='ocr_line' id='line_1_109' title="bbox 942 2452 1733 2488; baseline 0 -8"><span class='ocrx_word' id='word_1_818' title='bbox 942 2461 1000 2481; x_wconf 81' lang='lat' dir='ltr'><strong>cam</strong></span> <span class='ocrx_word' id='word_1_819' title='bbox 1019 2455 1161 2483; x_wconf 82' lang='lat' dir='ltr'><strong>manifeste</strong></span> <span class='ocrx_word' id='word_1_820' title='bbox 1181 2456 1334 2487; x_wconf 81' lang='lat' dir='ltr'><strong>traduntur.</strong></span> <span class='ocrx_word' id='word_1_821' title='bbox 1351 2456 1409 2483; x_wconf 60' lang='lat' dir='ltr'><strong>ista:</strong></span> <span class='ocrx_word' id='word_1_822' title='bbox 1429 2458 1502 2482; x_wconf 90' lang='lat' dir='ltr'><strong>sunt.</strong></span> <span class='ocrx_word' id='word_1_823' title='bbox 1514 2474 1521 2481; x_wconf 91' lang='lat'><strong>.</strong></span> <span class='ocrx_word' id='word_1_824' title='bbox 1533 2474 1540 2481; x_wconf 93' lang='lat'><strong>.</strong></span> <span class='ocrx_word' id='word_1_825' title='bbox 1551 2473 1557 2480; x_wconf 94' lang='lat'><strong>.</strong></span> <span class='ocrx_word' id='word_1_826' title='bbox 1572 2454 1635 2488; x_wconf 80' lang='lat' dir='ltr'><strong>quia</strong></span> <span class='ocrx_word' id='word_1_827' title='bbox 1655 2452 1733 2481; x_wconf 87' lang='lat' dir='ltr'><strong>Jesus</strong></span> 
     </span>
    </p>
   </div>
   <div class='ocr_carea' id='block_1_110' title="bbox 942 2500 1732 2536">
    <p class='ocr_par' dir='ltr' id='par_1_110' title="bbox 942 2500 1732 2536">
     <span class='ocr_line' id='line_1_110' title="bbox 942 2500 1732 2536; baseline -0.005 -8"><span class='ocrx_word' id='word_1_828' title='bbox 942 2500 1065 2528; x_wconf 84' lang='lat' dir='ltr'><strong>Christus</strong></span> <span class='ocrx_word' id='word_1_829' title='bbox 1092 2501 1148 2536; x_wconf 90' lang='lat' dir='ltr'><strong>ipse</strong></span> <span class='ocrx_word' id='word_1_830' title='bbox 1175 2501 1219 2536; x_wconf 88' lang='lat' dir='ltr'><strong>qui</strong></span> <span class='ocrx_word' id='word_1_831' title='bbox 1240 2502 1330 2534; x_wconf 84' lang='lat' dir='ltr'><strong>venit,</strong></span> <span class='ocrx_word' id='word_1_832' title='bbox 1355 2505 1418 2528; x_wconf 90' lang='lat' dir='ltr'><strong>ante</strong></span> <span class='ocrx_word' id='word_1_833' title='bbox 1442 2507 1551 2527; x_wconf 93' lang='lat' dir='ltr'><strong>omnem</strong></span> <span class='ocrx_word' id='word_1_834' title='bbox 1576 2503 1732 2525; x_wconf 80' lang='lat' dir='ltr'><strong>creaturam</strong></span> 
     </span>
    </p>
   </div>
   <div class='ocr_carea' id='block_1_111' title="bbox 943 2545 1733 2581">
    <p class='ocr_par' dir='ltr' id='par_1_111' title="bbox 943 2545 1733 2581">
     <span class='ocr_line' id='line_1_111' title="bbox 943 2545 1733 2581; baseline -0.001 -8"><span class='ocrx_word' id='word_1_835' title='bbox 943 2551 1024 2573; x_wconf 72' lang='lat' dir='ltr'><strong>natus</strong></span> <span class='ocrx_word' id='word_1_836' title='bbox 1039 2555 1071 2574; x_wconf 89' lang='lat' dir='ltr'><strong>ex</strong></span> <span class='ocrx_word' id='word_1_837' title='bbox 1089 2547 1168 2575; x_wconf 85' lang='lat' dir='ltr'><strong>Patre</strong></span> <span class='ocrx_word' id='word_1_838' title='bbox 1183 2552 1235 2576; x_wconf 85' lang='lat' dir='ltr'><strong>est.</strong></span> <span class='ocrx_word' id='word_1_839' title='bbox 1249 2547 1299 2581; x_wconf 85' lang='lat' dir='ltr'><strong>Qui</strong></span> <span class='ocrx_word' id='word_1_840' title='bbox 1317 2555 1378 2575; x_wconf 87' lang='lat' dir='ltr'><strong>cuttt</strong></span> <span class='ocrx_word' id='word_1_841' title='bbox 1393 2547 1420 2574; x_wconf 92' lang='lat' dir='ltr'><strong>in</strong></span> <span class='ocrx_word' id='word_1_842' title='bbox 1436 2547 1556 2573; x_wconf 89' lang='lat' dir='ltr'><strong>omnium</strong></span> <span class='ocrx_word' id='word_1_843' title='bbox 1578 2545 1733 2572; x_wconf 85' lang='lat' dir='ltr'><strong>conditione</strong></span> 
     </span>
    </p>
   </div>
   <div class='ocr_carea' id='block_1_112' title="bbox 943 2589 1733 2628">
    <p class='ocr_par' dir='ltr' id='par_1_112' title="bbox 943 2589 1733 2628">
     <span class='ocr_line' id='line_1_112' title="bbox 943 2589 1733 2628; baseline -0.004 -9"><span class='ocrx_word' id='word_1_844' title='bbox 943 2591 1016 2619; x_wconf 83' lang='lat' dir='ltr'><strong>Patri</strong></span> <span class='ocrx_word' id='word_1_845' title='bbox 1036 2594 1216 2621; x_wconf 87' lang='lat' dir='ltr'><strong>ministrasset</strong></span> <span class='ocrx_word' id='word_1_846' title='bbox 1247 2595 1310 2628; x_wconf 83' lang='lat' dir='ltr'><strong>(per</strong></span> <span class='ocrx_word' id='word_1_847' title='bbox 1332 2594 1418 2628; x_wconf 73' lang='lat' dir='ltr'><strong>ipsum</strong></span> <span class='ocrx_word' id='word_1_848' title='bbox 1445 2592 1515 2618; x_wconf 91' lang='lat' dir='ltr'><strong>enim</strong></span> <span class='ocrx_word' id='word_1_849' title='bbox 1548 2591 1636 2617; x_wconf 87' lang='lat' dir='ltr'><strong>omnia</strong></span> <span class='ocrx_word' id='word_1_850' title='bbox 1661 2589 1733 2624; x_wconf 77' lang='lat' dir='ltr'><strong>facta</strong></span> 
     </span>
    </p>
   </div>
   <div class='ocr_carea' id='block_1_113' title="bbox 943 2637 1731 2675">
    <p class='ocr_par' dir='ltr' id='par_1_113' title="bbox 943 2637 1731 2675">
     <span class='ocr_line' id='line_1_113' title="bbox 943 2637 1731 2675; baseline -0.005 -10"><span class='ocrx_word' id='word_1_851' title='bbox 943 2643 1003 2665; x_wconf 66' lang='lat' dir='ltr'><strong>sunt</strong></span> <span class='ocrx_word' id='word_1_852' title='bbox 1017 2639 1061 2672; x_wconf 85' lang='lat'><strong>&quot;),</strong></span> <span class='ocrx_word' id='word_1_853' title='bbox 1074 2640 1227 2667; x_wconf 87' lang='lat' dir='ltr'><strong>novissimis</strong></span> <span class='ocrx_word' id='word_1_854' title='bbox 1244 2639 1407 2675; x_wconf 87' lang='lat' dir='ltr'><strong>temporibus</strong></span> <span class='ocrx_word' id='word_1_855' title='bbox 1421 2638 1539 2673; x_wconf 89' lang='lat' dir='ltr'><strong>seipsum</strong></span> <span class='ocrx_word' id='word_1_856' title='bbox 1562 2637 1731 2668; x_wconf 77' lang='lat' dir='ltr'><strong>exinaniens,</strong></span> 
     </span>
    </p>
   </div>
   <div class='ocr_carea' id='block_1_114' title="bbox 944 2684 1734 2715">
    <p class='ocr_par' dir='ltr' id='par_1_114' title="bbox 944 2684 1734 2715">
     <span class='ocr_line' id='line_1_114' title="bbox 944 2684 1734 2715; baseline -0.003 -4"><span class='ocrx_word' id='word_1_857' title='bbox 944 2685 1027 2712; x_wconf 88' lang='lat' dir='ltr'><strong>itomo</strong></span> <span class='ocrx_word' id='word_1_858' title='bbox 1047 2684 1135 2712; x_wconf 84' lang='lat' dir='ltr'><strong>factus</strong></span> <span class='ocrx_word' id='word_1_859' title='bbox 1163 2686 1319 2713; x_wconf 84' lang='lat' dir='ltr'><strong>incarnatus</strong></span> <span class='ocrx_word' id='word_1_860' title='bbox 1351 2690 1393 2713; x_wconf 89' lang='lat' dir='ltr'><strong>est</strong></span> <span class='ocrx_word' id='word_1_861' title='bbox 1418 2692 1478 2712; x_wconf 91' lang='lat' dir='ltr'><strong>cum</strong></span> <span class='ocrx_word' id='word_1_862' title='bbox 1504 2684 1572 2711; x_wconf 84' lang='lat' dir='ltr'><strong>Deus</strong></span> <span class='ocrx_word' id='word_1_863' title='bbox 1597 2688 1683 2715; x_wconf 89' lang='lat' dir='ltr'><strong>esset,</strong></span> <span class='ocrx_word' id='word_1_864' title='bbox 1705 2687 1734 2709; x_wconf 83' lang='lat' dir='ltr'><strong>et</strong></span> 
     </span>
    </p>
   </div>
   <div class='ocr_carea' id='block_1_115' title="bbox 944 2727 1732 2765">
    <p class='ocr_par' dir='ltr' id='par_1_115' title="bbox 944 2727 1732 2765">
     <span class='ocr_line' id='line_1_115' title="bbox 944 2727 1732 2765; baseline -0.003 -9"><span class='ocrx_word' id='word_1_865' title='bbox 944 2730 1024 2757; x_wconf 90' lang='lat' dir='ltr'><strong>homo</strong></span> <span class='ocrx_word' id='word_1_866' title='bbox 1050 2731 1136 2757; x_wconf 83' lang='lat' dir='ltr'><strong>factus</strong></span> <span class='ocrx_word' id='word_1_867' title='bbox 1155 2732 1256 2758; x_wconf 81' lang='lat' dir='ltr'><strong>mansit</strong></span> <span class='ocrx_word' id='word_1_868' title='bbox 1282 2732 1352 2765; x_wconf 89' lang='lat' dir='ltr'><strong>quod</strong></span> <span class='ocrx_word' id='word_1_869' title='bbox 1379 2734 1438 2758; x_wconf 88' lang='lat' dir='ltr'><strong>erat</strong></span> <span class='ocrx_word' id='word_1_870' title='bbox 1467 2730 1554 2760; x_wconf 84' lang='lat' dir='ltr'><strong>Deus,</strong></span> <span class='ocrx_word' id='word_1_871' title='bbox 1568 2737 1577 2753; x_wconf 74' lang='grc' dir='ltr'><strong>ι</strong></span> <span class='ocrx_word' id='word_1_872' title='bbox 1594 2732 1660 2760; x_wconf 83' lang='lat' dir='ltr'><strong>etc.;</strong></span> <span class='ocrx_word' id='word_1_873' title='bbox 1679 2727 1732 2754; x_wconf 79' lang='lat' dir='ltr'><strong>nisi</strong></span> 
     </span>
    </p>
   </div>
   <div class='ocr_carea' id='block_1_116' title="bbox 943 2772 1733 2811">
    <p class='ocr_par' dir='ltr' id='par_1_116' title="bbox 943 2772 1733 2811">
     <span class='ocr_line' id='line_1_116' title="bbox 943 2772 1733 2811; baseline -0.005 -8"><span class='ocrx_word' id='word_1_874' title='bbox 943 2777 1003 2810; x_wconf 89' lang='lat' dir='ltr'><strong>quis</strong></span> <span class='ocrx_word' id='word_1_875' title='bbox 1028 2776 1096 2804; x_wconf 88' lang='lat' dir='ltr'><strong>forte</strong></span> <span class='ocrx_word' id='word_1_876' title='bbox 1119 2777 1175 2804; x_wconf 79' lang='lat' dir='ltr'><strong>lucc</strong></span> <span class='ocrx_word' id='word_1_877' title='bbox 1198 2784 1212 2803; x_wconf 88' lang='lat' dir='ltr'><strong>a</strong></span> <span class='ocrx_word' id='word_1_878' title='bbox 1240 2775 1337 2804; x_wconf 75' lang='lat' dir='ltr'><strong>Rufino</strong></span> <span class='ocrx_word' id='word_1_879' title='bbox 1360 2776 1504 2811; x_wconf 88' lang='lat' dir='ltr'><strong>depravata</strong></span> <span class='ocrx_word' id='word_1_880' title='bbox 1529 2779 1667 2810; x_wconf 76' lang='lat' dir='ltr'><strong>causetur.</strong></span> <span class='ocrx_word' id='word_1_881' title='bbox 1686 2772 1733 2800; x_wconf 87' lang='lat' dir='ltr'><strong>His</strong></span> 
     </span>
    </p>
   </div>
   <div class='ocr_carea' id='block_1_117' title="bbox 752 2862 956 2897">
    <p class='ocr_par' dir='ltr' id='par_1_117' title="bbox 752 2862 956 2897">
     <span class='ocr_line' id='line_1_117' title="bbox 752 2862 956 2897; baseline 0 -7"><span class='ocrx_word' id='word_1_882' title='bbox 752 2863 774 2879; x_wconf 65' lang='grc'><strong>⁸⁸³</strong></span> <span class='ocrx_word' id='word_1_883' title='bbox 794 2862 872 2891; x_wconf 84' lang='lat' dir='ltr'><strong>Joau.</strong></span> <span class='ocrx_word' id='word_1_884' title='bbox 893 2862 956 2897; x_wconf 80' lang='lat' dir='ltr'><strong>t,3.</strong></span> 
     </span>
    </p>
   </div>
  </div>
