1904 3077
60 119 114 147 809

471 117 762 147 ()ﬂIGENIANORUM
782 116 846 145 LIB.
869 116 900 148 ιι,
922 115 998 144 CAP.
1020 115 1052 147 II,
1071 115 1213 150 QUA-IS'I‘.
1234 116 1278 144 Ill.

1643 119 1697 147 810

62 186 122 207 ιιιιιι
134 199 143 211 ,
158 178 379 207 contradicturus
397 179 517 213 alioquin
540 180 592 206 hoc
616 186 723 214 quoque
738 178 815 211 loco,
830 178 852 205 si
870 180 891 208 Α
906 177 966 210 hat,
983 184 1015 204 ac
1038 184 1085 211 per
1101 175 1213 202 Mariam
1230 175 1303 202 velut
1328 182 1378 209 per
1395 176 1519 204 canalem
1545 176 1699 208 trsnsiisse.

61 224 164 252 falsum
179 232 279 259 corpus
297 224 406 252 Christo
418 224 579 258 ascripsisse
595 224 684 259 ipsum
697 223 854 252 existimas-

61 275 118 298 set.
133 270 229 297 Simile
241 270 381 305 quidpiam
399 270 431 297 de
443 270 582 297 Marciane
599 269 730 304 scriptum
747 269 857 304 reliquit

60 314 179 351 Vigilius
195 315 241 343 lib.
257 324 286 343 ιιι
300 320 393 342 contra
405 314 570 350 Eutychem:
588 325 598 341 ‹
619 315 786 351 Entychiana
802 315 857 342 hae-

60 361 134 388 resis
151 362 177 388 in
194 361 221 388 id
239 361 387 396 impietatis
412 361 539 396 prolapsa
563 367 605 389 est
627 368 733 394 errore,
759 366 788 387 ut
804 369 855 389 non

59 409 153 435 solum
168 408 248 436 Verbi
271 413 300 436 et
320 409 413 436 carnis
428 416 509 435 unam
525 408 620 436 credat
639 415 701 436 esse
718 413 854 440 naturam,

59 461 159 481 verum
176 454 256 482 etiam
281 454 351 482 hanc
368 455 491 482 eamdem
508 461 619 482 carnem
648 462 700 482 non
726 456 759 482 de
779 463 857 483 sacro

62 498 157 527 Mariae
171 499 291 535 Virginis
309 507 423 534 corpore
443 504 629 534 assumptam,
654 500 702 527 sed
726 500 760 528 de
786 500 858 527 ccelo

62 546 153 579 dicat,
174 546 252 582 juxta
267 546 408 574 infandum
425 546 559 574 Valentini
575 552 603 574 et
619 546 764 574 Marcionis
779 555 856 575 erro-

62 600 136 626 rem,
154 593 235 620 fuisse
247 593 402 620 deductam.
416 593 456 619 Ita
468 592 643 626 pertinaciter
659 592 779 620 Verbum
794 600 856 620 car-

62 646 130 665 nem
146 646 272 666 asserens
288 638 400 670 l'actum,
422 644 450 666 ut
464 646 511 673 per
528 639 666 674 Virginem
677 659 685 670 ,
699 646 730 666 ac
746 639 768 666 si
784 647 855 674 aqua

62 691 116 718 per
134 683 252 711 ﬁstulam
271 684 404 712 transisse
425 684 568 717 videatur;
589 693 641 712 non
668 690 756 712 tamen
782 691 810 713 ut
823 686 857 713 de

64 729 181 764 Virgine
188 729 291 764 aliquid
306 730 376 764 quod
391 729 478 757 nostri
493 730 528 757 sit
540 731 660 766 generis.
677 731 858 765 assumpsisse

62 776 202 802 videatur.
222 785 234 802 ι
252 776 287 803 At
300 776 397 803 falsum
409 783 469 803 esse
483 783 592 804 carnem
605 777 719 805 solidam
734 777 760 804 in
776 777 856 805 Chri-

63 826 110 848 sto
136 821 302 850 Marciouem
332 815 477 858 agnovisse
510 822 651 851 declarant
674 823 857 851 Tertullianus

63 865 115 892 lib.
131 873 163 893 ιιι
179 871 270 893 contra
286 866 390 900 illam,
403 874 464 901 cap.
483 866 513 894 II
526 887 532 898 ,
545 872 573 894 et
588 872 643 894 toto
665 867 712 896 lib.
727 867 766 894 De
779 876 858 894 carne

63 912 189 944 Christi,
209 917 237 940 et
261 913 382 951 passim,
413 918 440 940 et
473 913 633 941 Philastrius
651 914 717 941 harr.
738 921 799 941 xuv
831 918 858 941 et

64 966 137 992 xu;
152 959 319 993 Epiphanius
327 960 394 987 haer.
407 968 463 993 xu,
476 968 535 995 cap.
549 960 574 993 I,
591 966 619 988 et
633 960 699 988 hair.
714 968 779 992 ιιιι,
796 968 856 996 cap.

63 1005 83 1032 2
94 1025 103 1038 ,
120 1005 148 1031 et
163 1005 351 1033 Theudor-etus
375 1005 450 1032 Ilwr.
472 1006 528 1039 fab.
543 1006 603 1038 tlib.
623 1014 653 1040 1,
665 1013 726 1040 cap.
742 1006 788 1034 2L
802 1006 858 1034 Nec

64 1052 160 1079 verius
173 1056 215 1079 est
232 1059 391 1086 persuasum
415 1047 580 1079 illud‘fuisse
597 1051 706 1086 Origeni
718 1073 725 1085 ,
741 1052 813 1087 quod
833 1053 856 1079 ei

65 1098 172 1133 aﬂlngit
195 1097 371 1130 Gennadius;
396 1098 478 1125 verba
497 1098 630 1133 siquidem
645 1098 705 1133 ejus
722 1099 780 1126 haec
794 1104 859 1126 sunt

64 1144 162 1174 homil.
179 1144 213 1171 M
227 1145 253 1171 in
271 1144 335 1171 Luc.
349 1151 359 1170 :
378 1153 387 1170 ι
405 1143 481 1177 Quod
498 1144 606 1178 quidem
622 1149 650 1171 et
664 1145 795 1172 adversus
811 1152 859 1173 eos

65 1190 145 1222 facit,
162 1190 208 1225 qui
226 1195 322 1225 negant
346 1189 491 1217 Dominum
508 1195 630 1217 nostrum
644 1191 791 1218 humanum
811 1192 859 1219 ha-

65 1236 162 1263 buisse
175 1243 283 1271 corpus,
293 1235 341 1263 sed
356 1235 526 1268 caelestibus,
536 1241 563 1262 et
576 1236 760 1270 spiritualibus
774 1236 858 1264 fuisse

64 1287 236 1310 contextum.
256 1282 284 1309 Si
304 1282 377 1309 enim
400 1282 433 1310 de
455 1282 620 1315 coelestibus,
638 1288 665 1310 et
681 1287 711 1310 ut
728 1283 765 1310 illi
790 1283 858 1312 falso

66 1332 216 1360 asserunt,
231 1328 264 1355 de
277 1328 423 1360 sideribus,
446 1333 474 1356 et
486 1328 539 1355 alia
554 1329 672 1363 quadam
696 1328 857 1363 sublimiori,

66 1374 239 1410 spiritalique
255 1380 351 1401 natura
369 1382 467 1409 corpus
482 1374 539 1408 ejus
554 1374 652 1406 fuerit,
677 1376 859 1410 respondeant

66 1426 165 1454 quare,
184 1429 194 1445 ι
211 1424 265 1447 etc.
281 1414 396 1447 H'omilia
413 1427 523 1455 quoque
539 1420 571 1447 I7
587 1420 614 1447 in
638 1421 762 1448 eumdem
777 1429 861 1448 evan-

64 1465 209 1501 gelistam,
221 1466 255 1493 ad
270 1466 296 1494 id
310 1466 382 1501 quod
397 1466 512 1494 habetur
524 1474 585 1502 cap.
601 1476 637 1500 ιι,
656 1475 728 1496 vers.
743 1468 778 1496 54
798 1479 804 1496 :
824 1467 858 1495 Et

65 1512 95 1538 in
115 1511 219 1546 signum
235 1512 278 1538 cui
296 1512 514 1539 contrudit-stur:
530 1521 539 1538 ‹
556 1512 690 1541 Omnibus
713 1521 773 1549 qua:
795 1522 855 1541 nar-

67 1562 112 1584 rat
124 1557 239 1586 historia
253 1558 286 1586 de
296 1557 447 1591 Salvatore,
458 1559 668 1587 contradicitur.
681 1559 764 1595 Virgo
772 1565 859 1588 mater

67 1609 130 1636 est;
146 1604 250 1639 signum
262 1609 304 1632 est
319 1605 361 1632 cui
373 1605 578 1633 contradicitur.
595 1605 776 1634 Marcionistae
795 1614 859 1634 con-

68 1650 210 1677 tradicuut
227 1650 291 1677 huic
306 1650 384 1684 signo
398 1670 405 1682 ,
421 1654 448 1678 et
465 1651 541 1679 aiunt
555 1652 664 1687 penitus
678 1660 738 1680 eum
754 1652 787 1680 de
799 1661 860 1680 mu-

66 1695 137 1723 liere
165 1703 218 1722 non
244 1703 304 1723 esse
321 1701 499 1731 generatum:
519 1697 650 1726 Ebionitae
671 1699 860 1726 contradicunt

67 1742 149 1778 signo
161 1762 169 1775 ,
188 1742 308 1770 dicentes
329 1749 362 1770 ex
379 1742 437 1770 viro
452 1747 480 1770 et
502 1743 615 1772 muliere
632 1745 667 1771 ita
682 1750 774 1771 natum
787 1752 858 1777 esse,

67 1793 99 1816 ιιι
115 1795 165 1815 nos
178 1795 284 1827 quoque
296 1788 444 1816 nascimur.
461 1789 562 1816 Habuit
574 1797 674 1825 corpus
689 1791 857 1823 humanum;

67 1838 97 1860 et
112 1833 165 1860 hoc
178 1834 283 1868 signum
307 1837 349 1860 est
363 1833 405 1860 cui
421 1833 634 1866 contradicitur,
653 1834 699 1860 alii
726 1834 798 1861 enim
817 1834 858 1860 di-

67 1883 134 1905 cunt
147 1886 209 1905 eum
226 1879 332 1906 venisse
351 1878 384 1906 de
396 1879 483 1906 caelis.
501 1887 510 1904 ι
527 1878 583 1906 lloc
604 1887 667 1906 vero
677 1886 770 1907 errore
784 1879 859 1914 peni—

68 1929 113 1952 tus
131 1924 298 1959 implicatum
316 1925 400 1953 fuisse
419 1925 567 1961 Eutychem
583 1925 726 1953 conﬁrmat
741 1925 858 1957 Fulgen-

69 1971 124 1997 tius
142 1978 265 2005 respons.
280 1971 297 1997 lt
318 1971 351 1998 ad
365 1971 534 1998 Ferrandum
554 1971 662 1999 diacon.
679 1971 748 1999 Huic
763 1972 860 2007 praelu-

67 2019 144 2043 serat
159 2015 276 2049 Apelles,
287 2015 363 2049 cujus
376 2017 510 2044 insaniam
529 2017 603 2043 illam
616 2017 728 2052 exponit
740 2017 860 2052 Epipha-

69 2063 133 2090 nius
146 2063 211 2100 haer.
231 2071 308 2095 xLIv,
324 2071 385 2097 cap.
399 2063 416 2090 ἓ
427 2082 435 2095 ,
457 2068 485 2090 et
500 2063 686 2091 Theodoretus
702 2062 749 2090 lib.
763 2071 771 2090 ι
789 2062 857 2090 Fab.

68 2110 137 2136 Itwr.
151 2130 159 2142 ,
173 2117 233 2144 cap.
251 2109 297 2137 ‘25.
314 2110 442 2144 Apellitas
468 2114 559 2137 autem
576 2116 681 2137 veneno
695 2116 745 2136 suo
763 2108 860 2136 Orien-

70 2161 124 2183 tem
143 2156 293 2184 inﬁcientes
306 2158 427 2184 coercuit
446 2157 593 2192 Origenes,
611 2157 649 2184 uti
673 2156 700 2184 in
725 2155 783 2191 ejus
805 2157 859 2184 vita

68 2202 290 2234 declaravimus,
310 2205 409 2231 nedum
439 2205 467 2232 in
487 2211 581 2231 eorum
607 2202 763 2231 vecordiam
793 2210 859 2230 con-
877 2219 897 2246 Ι)

69 2249 166 2276 sensit.

104 2295 152 2323 XI.
167 2295 277 2331 Origeni
294 2304 401 2332 quoque
417 2297 552 2332 objectum
569 2300 628 2328 est,
646 2295 731 2323 fuisse
746 2302 859 2330 persua-

69 2349 129 2369 sum
144 2342 183 2369 illi
201 2343 362 2370 ementitum
379 2350 478 2378 corpus
495 2348 522 2370 et
536 2343 626 2378 specie
639 2347 716 2370 tenus
727 2349 860 2377 apparens

70 2393 193 2424 gestasse
205 2389 355 2422 Christum,
371 2397 423 2417 non
436 2397 530 2417 verum
544 2399 551 2423 ;
564 2395 591 2417 et
604 2389 680 2417 falsis
696 2390 860 2425 imaginibus

70 2433 230 2462 illudentem
246 2435 343 2468 oculis,
357 2435 483 2463 inanibus
501 2435 704 2467 miraculorum.
720 2435 858 2467 laborum,

71 2485 325 2515 tormentorumque
332 2481 436 2508 umbris
443 2482 566 2508 credulos
578 2481 702 2508 homines
713 2481 860 2508 inescasse.

70 2526 214 2560 Proprium
233 2526 260 2553 id
275 2526 328 2554 fuit
348 2522 538 2554 haereticorum
559 2527 665 2555 illorum
684 2527 797 2562 dogma,
815 2527 861 2561 qui

71 2581 105 2600 ex
122 2581 155 2600 eo
169 2573 368 2608 φαντασιασταὶ
382 2579 409 2601 et
421 2573 534 2609 δοκηταὶ
548 2574 599 2601 dici
612 2578 786 2601 meruerunt:
803 2578 863 2608 post

70 2626 188 2652 quorum
213 2618 374 2653 signiferum
393 2619 532 2647 Simonem
562 2619 669 2655 Magum
695 2619 775 2655 primi
800 2627 862 2654 pro-

71 2667 227 2698 pugnarunt
242 2663 308 2690 illud
324 2663 456 2690 Basilides
466 2683 473 2695 ,
489 2663 662 2696 Valentinus,
678 2663 776 2695 Cerdo,
793 2663 865 2694 Mar:

71 2709 114 2736 cio
136 2713 166 2736 et
195 2708 370 2738 Manichteus.
391 2708 463 2736 Inter
482 2717 550 2744 quos
568 2708 728 2737 Valentinus
742 2708 864 2744 spiritale

72 2756 208 2790 quoddam
227 2762 328 2791 corpus
350 2763 367 2783 e
389 2756 460 2784 coelo
481 2755 619 2783 Christum
641 2755 771 2784 detulisse
788 2755 861 2783 vole-

125 2846 149 2862 "
177 2845 186 2873 I
211 2846 274 2874 Cor.
293 2853 327 2872 xv
340 2866 347 2876 ,
363 2845 407 2872 47.
447 2846 469 2861 τ’
484 2844 570 2872 Zach.
585 2852 626 2877 ιιι,
639 2844 666 2873 5.

277 2894 413 2925 Paxaea.
431 2893 488 2924 Gtt.
506 2892 608 2924 XVII.

908 222 974 250 nihil
991 223 1052 249 inde
1067 226 1228 248 sumentem.
1253 220 1333 248 Falsa
1348 228 1412 254 eos,
1438 222 1460 248 si
1482 222 1546 256 quid
1570 221 1699 256 conjicio,

907 266 959 296 loci
977 267 1057 302 hujus
1073 267 1265 302 interpretatio
1278 266 1397 294 delusit:
1419 276 1428 292 ι
1447 267 1555 295 Primus
1569 267 1652 296 homo
1666 268 1698 295 de

909 319 991 346 terra,
1009 319 1155 347 terrenus;
1178 312 1314 341 secundus
1339 313 1421 340 homo
1441 314 1475 341 de
1502 313 1589 345 caelo,
1616 314 1699 341 cwle-

908 360 958 387 stis
968 360 1004 387 “.
1022 369 1031 385 ι
1049 359 1155 394 Apelles
1171 363 1260 386 autem
1280 368 1290 384 ‹
1309 358 1446 386 Christum
1465 368 1552 395 neque
1568 360 1700 399 iur-phan-

909 410 1025 432 tasmate
1037 405 1199 432 dicitIuisse
1219 405 1289 432 sicut
1315 404 1454 438 Marcion,
1475 413 1562 441 neque
1587 407 1614 434 in
1635 400 1718 434 sub:

907 451 1005 478 stantia
1023 451 1078 478 veri
1096 451 1219 485 corporis
1231 470 1238 481 ,
1256 455 1285 477 ut
1302 450 1477 484 Evangelium
1492 452 1589 480 docet:
1606 453 1653 480 sed
1672 453 1699 480 iu

899 505 940 541 ’ρο
956 498 1029 533 quod
1044 505 1059 525 e
1075 498 1261 532 superioribus
1283 498 1406 533 partibus
1428 498 1623 532 descenderet,
1641 499 1700 534 ipso

908 544 1040 571 descensu
1069 544 1203 571 sideream
1236 544 1287 571 sibi
1309 551 1419 571 carnem
1446 549 1474 571 et
1498 552 1604 571 aeream
1632 553 1698 572 cou-

909 590 1036 618 texuisse.
1049 599 1058 616 ι
1071 589 1159 618 Verba
1176 594 1238 617 sunt
1252 589 1410 618 Tertulliani
1428 590 1476 617 lib.
1489 589 1526 617 De
1538 592 1699 625 prwscript.,

908 644 969 670 cap.
985 636 1031 663 5|.
1049 635 1121 663 Idem
1135 643 1244 671 quoque
1263 636 1296 663 de
1315 636 1463 670 Apollinari
1481 636 1594 664 adnotat
1609 636 1697 664 Theo—

908 683 1050 718 phylactus
1064 683 1089 709 in
1106 690 1138 710 ιιι
1152 682 1232 709 Joan.
1245 680 1321 709 Unde
1332 690 1346 709 a
1359 681 1500 710 Valentino
1515 690 1566 709 non
1585 683 1698 710 multum

909 727 1042 755 altlusisse
1057 731 1205 762 utrumque
1215 727 1323 762 planum
1339 732 1391 756 est.
1405 728 1473 756 Tres
1485 728 1521 756 illi
1540 733 1628 756 tamen
1644 731 1700 762 τοῖς

909 773 1122 807 φαντασιασταῖς
1136 772 1275 800 accenscri
1293 777 1422 807 possunt,
1437 773 1478 800 ὃτι
1495 773 1526 800 τὸ
1548 773 1614 800 αὐτό
1630 774 1699 806 ἐστι,

910 818 996 853 inquit
1010 818 1127 845 Irenteus
1136 837 1143 850 ,
1157 817 1266 853 δοκήσει
1279 817 1368 852 λέγειν
1381 819 1546 854 πεφηνέναι,
1564 820 1610 846 καὶ
1625 820 1701 847 οὐδὲν

875 855 894 882 Β
909 866 941 891 ὲκ
953 864 1003 900 τῆς
1013 864 1121 900 Μαρίας
1136 863 1284 900 εἰληφέναι.
1299 864 1365 891 Οὐδὲ
1375 864 1430 900 γὰρ
1442 862 1476 900 ἦν
1491 865 1597 901 ἀληθῶς
1612 866 1701 901 σάρκα

911 911 957 938 καὶ
972 908 1041 946 αἷμα
1055 909 1189 946 ἐσχηκὼς,
1207 910 1239 936 δι’
1263 907 1300 937 ὧν
1314 911 1389 946 ἡμᾶς
1406 910 1606 946 ὲξηγοράςατο,
1620 912 1644 938 εἰ
1662 912 1700 948 μὴ

908 958 958 994 τὴν
974 956 1090 993 ἀρχαίαν
1114 956 1211 984 πλάσιν
1226 957 1272 984 τοῦ
1296 957 1383 993 Ἀδὰμ.
1397 958 1438 990 εἰς
1453 958 1548 984 ἑαυτὸν
1564 958 1699 993 ἀνεκεφα-

910 1003 1054 1030 λαιώσατο.
1074 1011 1084 1028 ε
1103 1000 1170 1036 Quia
1190 1003 1261 1030 idem
1274 1008 1316 1031 est
1329 1003 1420 1031 dicere
1436 1003 1525 1038 Specie
1541 1011 1602 1031 eum
1615 1012 1700 1040 appa-

910 1049 1008 1082 ruisse,
1024 1053 1052 1076 et
1074 1048 1141 1076 nihil
1160 1048 1193 1076 dc
1218 1048 1301 1076 Maria
1328 1049 1487 1084 sumpsisse.
1512 1049 1606 1084 Neque
1626 1051 1699 1078 enim

910 1103 975 1123 vere
989 1102 1101 1123 carnem
1115 1099 1143 1122 et
1160 1096 1320 1130 sanguinem
1337 1095 1493 1128 habuiSsct,
1515 1104 1564 1129 per
1577 1104 1638 1131 qtue
1650 1105 1701 1124 nos

911 1143 1037 1174 redemit,
1054 1142 1106 1169 nisi
1123 1147 1202 1170 vetus
1214 1141 1312 1169 Adami
1327 1141 1485 1177 Ilgtnentum
1500 1142 1528 1170 in
1543 1149 1602 1170 sese
1614 1142 1700 1170 colle-

910 1189 1004 1223 gisset.
1029 1198 1038 1215 ι
1062 1188 1257 1216 [hereticorum
1281 1196 1362 1223 porro
1385 1189 1493 1216 illorum
1523 1189 1700 1224 nequissimis

910 1242 1028 1262 consona
1040 1234 1141 1262 dixisse
1155 1234 1300 1270 Origenem
1315 1235 1464 1262 adversarii
1478 1236 1537 1268 eius
1549 1235 1701 1263 calumnia—

909 1281 1018 1308 bantur.
1032 1290 1041 1307 ι
1057 1281 1157 1314 Quarta
1171 1281 1351 1317 (criminatio)
1362 1288 1421 1316 post
1438 1282 1503 1309 istas
1517 1286 1569 1314 est,
1581 1291 1590 1308 ι
1610 1282 1698 1317 inquit

910 1327 1068 1362 Pamphilus
1083 1327 1109 1354 in
1124 1326 1268 1363 Apologia,
1287 1337 1296 1353 ι
1313 1335 1373 1362 quae
1388 1328 1449 1356 istis
1462 1329 1587 1356 omnibus
1601 1329 1699 1356 adver-

910 1378 984 1401 satur
997 1372 1078 1408 (caaca
1092 1373 1164 1401 enim
1179 1378 1220 1401 est
1238 1373 1362 1409 malitia),
1377 1374 1449 1408 quod
1465 1375 1557 1402 dicunt
1569 1382 1631 1402 eum
1656 1375 1700 1402 di-

910 1427 972 1448 cere
987 1420 1107 1455 δοκήσει,
1122 1420 1148 1447 id
1164 1424 1216 1452 est,
1230 1420 1350 1454 putative
1367 1424 1483 1453 tantum,
1498 1426 1525 1448 et
1540 1428 1588 1456 per
1602 1420 1700 1456 allego-

910 1466 979 1494 riam
991 1487 999 1499 ,
1025 1475 1077 1494 non
1096 1467 1177 1494 etiam
1193 1467 1342 1494 secundum
1358 1474 1390 1493 ea
1414 1474 1473 1501 qua:
1491 1473 1540 1501 per
1556 1466 1699 1494 historiam

912 1511 1076 1543 referuntur.
1086 1517 1162 1547 gesta
1178 1519 1238 1539 esse
1253 1512 1343 1539 omnia
1358 1520 1418 1547 qua:
1433 1521 1447 1539 a
1465 1512 1607 1540 Salvatore
1623 1518 1700 1548 gesta

910 1562 983 1586 sunt.
1009 1568 1018 1584 ι
1046 1558 1166 1586 Zonaras
1185 1566 1294 1594 quoque
1319 1559 1365 1586 lib.
1391 1566 1410 1586 ιι
1434 1557 1578 1593 Origenem
1603 1559 1699 1586 e‘tisti-

910 1612 1000 1632 masse
1025 1609 1105 1639 negat
1128 1604 1267 1632 Christum
1295 1605 1328 1632 de
1353 1605 1458 1640 virgine
1478 1604 1563 1632 Maria
1591 1612 1701 1633 carnem

910 1650 1068 1684 sumpsisse.
1080 1650 1156 1678 Hanc
1167 1655 1258 1678 autem
1270 1650 1436 1678 calumniam
1451 1651 1508 1685 ipse
1522 1658 1535 1678 a
1550 1658 1579 1678 se
1593 1651 1702 1686 egregie

910 1696 1019 1730 depellit
1034 1695 1167 1731 Origenes
1185 1696 1218 1724 iis
1235 1697 1326 1724 verbis
1339 1704 1399 1732 qua
1413 1697 1439 1724 in
1456 1697 1550 1724 eodem
1566 1697 1702 1732 Apologitc

911 1741 970 1769 loco
985 1742 1145 1775 recitantur,
1160 1743 1312 1778 probatque
1328 1751 1361 1770 ex
1384 1743 1534 1778 Scripturis
1550 1743 1652 1770 sanctis
1667 1743 1703 1770 de

910 1788 1014 1815 semine
1028 1788 1164 1815 Abraham
1179 1793 1206 1815 et
1220 1788 1304 1816 David
1325 1796 1388 1816 vere
1411 1794 1503 1816 natum
1521 1789 1603 1817 fuisse
1618 1788 1701 1817 Chri-

910 1839 981 1860 stmn
994 1853 1002 1866 ,
1026 1841 1112 1868 neque
1129 1844 1139 1860 ‹
1159 1835 1279 1869 putative
1291 1855 1299 1867 ,
1321 1840 1347 1863 et
1363 1843 1411 1870 per
1429 1836 1598 1870 phantasiam
1619 1845 1628 1862 ι
1658 1843 1702 1863 res

911 1887 974 1908 suas
986 1881 1122 1915 gessisse;
1138 1888 1226 1916 neque
1243 1881 1365 1916 spiritale
1378 1889 1490 1915 corpus,
1505 1881 1553 1909 sed
1572 1889 1700 1909 carneum

910 1932 937 1953 et
958 1931 1095 1954 terrenum
1121 1927 1344 1961 circumtulisse;
1372 1934 1422 1955 nec
1446 1927 1547 1954 factum
1566 1935 1628 1954 cum
1654 1935 1702 1962 per

912 1971 1063 2006 mulierem,
1079 1972 1126 2000 sed
1143 1980 1177 2000 ex
1192 1973 1316 2000 muliere.
1333 1972 1448 2000 Faciunt
1463 1977 1491 2000 et
1512 1981 1544 2000 ea
1571 1980 1619 2007 pro
1642 1974 1701 2008 ipso

911 2027 971 2054 qure
984 2020 1094 2055 scripsit
1115 2021 1209 2048 homil.
1223 2021 1236 2048 1
1252 2021 1280 2048 in
1293 2020 1402 2053 Ezech.,
1418 2029 1480 2047 num
1496 2021 1513 2048 4
1527 2031 1533 2048 :
1555 2030 1564 2046 ι
1581 2021 1702 2055 Respon-

911 2065 992 2093 deant
1006 2066 1072 2093 mihi
1089 2066 1222 2099 haeretici,
1237 2067 1282 2102 qui
1305 2067 1473 2094 nativitatem
1491 2066 1562 2094 illius
1576 2066 1701 2103 (Christi)

911 2117 941 2139 ut
955 2112 1116 2147 phantasma
1128 2113 1251 2146 eludunt,
1267 2121 1352 2148 quare
1368 2113 1494 2140 Christus
1510 2112 1594 2140 Filius
1611 2111 1701 2139 homi-

911 2159 953 2185 nis
967 2159 1135 2193 appellatur;
1152 2169 1161 2185 ι
1177 2163 1278 2192 etquae
1293 2164 1372 2186 tract.
1387 2167 1461 2186 xxxv
1472 2159 1499 2186 in
1509 2158 1616 2190 Matt/5.,
1626 2166 1700 2185 num.

911 2205 956 2238 9i,
970 2212 1031 2240 pag.
1040 2205 1107 2240 902,:
1126 2214 1135 2231 ι
1153 2205 1311 2240 Suscipiens
1326 2206 1398 2233 enim
1413 2205 1559 2241 (Christus)
1575 2210 1700 2232 naturam

912 2251 1001 2278 carnis
1013 2251 1146 2284 humanm,
1156 2259 1250 2279 omnes
1265 2252 1445 2287 proprietates
1459 2251 1590 2285 implevit,
1602 2257 1631 2278 ut
1648 2257 1701 2278 ncu

914 2296 940 2323 in
958 2297 1100 2331 phantasia
1117 2297 1245 2324 habuisse
1267 2305 1381 2325 carnem
1410 2299 1628 2330 existimaretur,
1654 2297 1701 2324 sed

913 2343 940 2369 in
954 2342 1089 2376 veritate;
1108 2352 1118 2368 ι
1135 2349 1162 2370 ει
1176 2343 1271 2370 homil.
1287 2344 1321 2371 M
1344 2345 1371 2370 in
1383 2343 1470 2371 Luc.:
1492 2344 1570 2371 Iesus
1585 2348 1640 2370 erat
1660 2343 1702 2368 in-

912 2389 992 2415 dutu:
1005 2389 1115 2415 uestibus
1129 2389 1245 2416 sordidis
1261 2389 1296 2417 ".
1316 2399 1326 2416 ‹
1344 2389 1422 2423 Quod
1436 2390 1546 2425 quidem
1563 2396 1589 2417 et
1603 2390 1701 2416 adver-

912 2441 958 2461 sus
971 2441 1018 2462 eos
1032 2433 1098 2461 facit
1111 2435 1157 2469 qui
1179 2439 1278 2470 negant
1293 2435 1436 2463 Dominum
1462 2441 1584 2464 nostrum
1608 2435 1702 2462 Imma-

913 2487 977 2506 num
992 2479 1119 2507 habuisse
1132 2488 1241 2515 corpus,
1257 2481 1304 2508 sed
1321 2482 1479 2509 cmlestibus
1494 2486 1521 2508 et
1534 2481 1702 2516 spiritalibus

913 2525 995 2553 fuisse
1008 2530 1175 2555 contextum.
1191 2525 1219 2553 Si
1242 2527 1313 2553 enim
1329 2527 1363 2554 de
1376 2526 1544 2559 caelestibus,
1560 2530 1588 2553 et
1614 2530 1644 2552 ut
1661 2525 1698 2552 illi

913 2570 980 2599 falso
993 2576 1130 2603 asserunt,
1149 2571 1183 2599 de
1200 2572 1345 2605 sideribus,
1361 2577 1390 2600 et
1406 2572 1460 2599 alia
1474 2572 1591 2607 quadam
1616 2570 1701 2598 subli-

914 2617 991 2645 miori
1005 2617 1175 2653 spiritalique
1192 2622 1289 2645 natura
1304 2625 1402 2652 corpus
1412 2617 1473 2652 ejus
1488 2617 1579 2648 fuerit,
1591 2624 1703 2651 respon-

916 2664 998 2691 deant
1005 2670 1090 2698 quare
1099 2663 1218 2698 potuerit
1229 2663 1350 2698 spiritale
1361 2671 1463 2699 corpus
1471 2670 1533 2690 esse
1545 2662 1682 2690 sordidum
1693 2669 1700 2693 ;

916 2714 963 2736 aut
981 2708 1117 2744 quomodo
1139 2709 1193 2737 hoc
1205 2709 1419 2744 interpretentur
1433 2708 1504 2744 quod
1530 2707 1673 2743 posuimus
1693 2715 1701 2734 :

916 2754 1058 2791 λοιπε-εισι
1075 2755 1184 2784 indutus
1196 2755 1307 2783 vestibus
1326 2755 1460 2784 sordidis?
1474 2764 1485 2782 ι
1495 2759 1521 2783 et
1536 2754 1584 2782 lib.
1600 2762 1618 2782 ιι
1635 2753 1703 2789 Περὶ

1506 2888 1545 2918 Ξβ
