1904 3077
196 127 244 155 8H

828 123 858 151 P.
881 123 1038 152 DANIELIS
1057 123 1175 152 HUETII

1793 139 1825 153 l3

195 186 307 222 ἀρχῶν,
323 192 381 220 cap.
396 184 425 217 6,
442 191 515 211 num.
531 182 567 209 2:
587 191 596 208 ι
613 181 725 217 Propter
740 183 812 218 quod
829 191 890 211 cum
907 184 980 211 omni
996 188 1019 216 Α
1068 184 1151 212 Trahi
1166 190 1272 219 quoque
1285 183 1349 211 illud
1363 188 1449 219 potest
1465 184 1492 211 in
1506 184 1670 212 calumniam
1685 184 1758 218 quod
1772 186 1823 211 ba-

195 238 268 260 ...eiu
284 236 310 259 et
333 230 482 259 reverentia
504 228 739 263 contemplandum
760 233 818 263 est,
836 234 866 256 ut
887 229 912 256 in
929 237 982 257 uno

194 279 343 312 eodemque
356 276 550 310 ita-utriusque
570 279 673 302 natura:
686 275 788 302 veritas
812 276 982 303 demonstre-

194 330 240 353 tur
251 345 259 357 ,
278 328 308 351 ut
326 329 412 357 neque
429 321 530 356 aliquid
552 321 691 356 indignum
705 325 733 349 et
754 321 882 349 indecens
897 322 924 348 in
941 322 981 348 di-

193 371 255 398 vina
283 369 329 397 illa
353 373 381 396 et
402 366 530 395 ineffabili
554 366 704 394 subsrnntia
729 367 872 401 sentiatur,
895 374 982 402 neque

194 423 301 443 rursum
314 422 374 449 qua:
387 418 461 449 gesta
479 417 543 440 sunt
559 412 635 440 falsis
650 412 727 439 illusa
745 413 910 447 imaginibus
923 413 982 440 exi-

194 463 357 494 stimentur;
380 469 390 487 ι
407 465 434 488 et
449 460 497 487 lib.
514 467 529 485 v
546 459 574 485 in
590 458 674 493 Epist.
689 460 725 486 ad
740 458 828 492 Rom.,
852 467 928 487 num.
942 459 980 486 9:

196 518 207 534 ε
225 509 278 536 Sed
300 507 352 535 hoc
370 514 423 534 nou
443 506 623 541 intelligentes
642 505 753 540 quidam
781 505 980 537 hereticorum,

192 555 282 584 conati
307 559 372 582 sunt
392 561 425 581 ex
452 553 505 581 hoc
525 552 646 586 Apostoli
671 552 730 579 loco
745 551 838 586 (Rom.
855 558 891 584 vt,
909 551 937 584 5,
953 551 981 586 6)

192 609 317 630 asserere
340 600 411 636 quod
434 599 559 628 Christus
582 606 635 626 non
655 605 720 626 vere
736 601 859 625 mortuus
872 597 918 631 sit,
934 597 981 624 sed

191 647 399 676 similitudinem
423 645 519 673 mortis
535 645 671 677 habuerit,
695 649 722 672 et
737 644 813 671 visus
831 644 868 671 sit
893 643 981 678 magis

192 695 283 727 mori,
297 701 378 729 quam
395 700 458 720 vere
477 697 600 720 mortuus
625 692 669 718 sit.
691 690 795 724 Quibus
819 690 982 725 resp0ndere

193 741 322 776 quoniam
337 738 464 774 perfacile
477 743 529 769 est,
540 745 592 766 non
604 742 668 773 puto
682 737 866 765 necessarium
880 743 912 764 ex
930 743 983 763 cm-

193 788 261 815 teris
268 787 308 814 vel
324 786 458 820 Apostoli,
470 786 512 813 vel
525 785 735 820 Evangeliorum
748 783 842 814 dictis,
855 782 900 809 ubi
916 782 981 810 sim-

192 833 297 869 pliciter
313 839 385 859 mors
402 831 469 865 eius,
487 836 515 858 et
532 838 585 858 non
603 829 752 857 similitudo
766 829 864 855 mortis
881 827 979 855 scribi-

193 884 248 910 tur,
264 875 479 904 testimoniorum
496 876 601 910 pondus
616 873 754 905 adhibere,
769 880 830 900 cum
846 873 980 907 possimus

192 923 225 950 ad
237 931 284 950 eos
298 922 388 950 dicere
402 931 409 949 :
424 922 453 949 Si
466 921 614 949 similitudo
629 921 727 948 mortis
736 920 836 953 iuit,‘et
850 927 902 947 non
917 927 978 947 vera

192 969 368 1002 resurrectio,
380 973 407 996 et
423 976 472 995 nos
481 975 546 1003 ergo
557 967 709 994 videbimur
724 973 875 1002 resurgere,
888 971 915 993 et
927 973 979 993 non

192 1022 378 1050 msurgemus:
393 1018 420 1041 et
430 1014 582 1040 videbimur
596 1013 663 1040 mori
675 1016 796 1047 peccato,
809 1016 836 1039 et
851 1018 904 1038 non
917 1018 980 1038 vere

193 1062 360 1089 moriemur:
374 1065 402 1088 et
414 1067 496 1088 omne
507 1067 572 1094 ergo
586 1059 657 1094 quod
672 1063 776 1093 gestum
792 1063 846 1091 est,
863 1062 890 1085 et
905 1057 980 1092 geri-

193 1113 248 1140 tur,
262 1108 348 1135 visum
365 1112 407 1135 est
420 1106 495 1142 geri,
511 1105 558 1133 sed
583 1113 636 1132 non
657 1109 698 1132 est
715 1109 830 1139 gestum.
851 1102 981 1137 Superest

192 1154 275 1189 igitur
288 1159 317 1180 ut
332 1158 359 1180 et
371 1153 442 1188 qttod
463 1152 559 1180 salvati
583 1158 688 1183 sumus,
703 1151 755 1178 visi
771 1150 856 1177 simus
869 1148 978 1182 salvari,

191 1200 240 1227 sed
253 1207 304 1227 nou
319 1206 382 1226 rere
399 1198 493 1225 salvati
508 1197 600 1224 simus.
614 1195 690 1223 Unde
704 1195 830 1230 quoniam
849 1195 906 1222 hac
926 1199 980 1221 tam

192 1246 308 1274 absurda
329 1249 403 1279 sunt,
422 1249 450 1272 ut
463 1252 515 1271 non
539 1244 678 1279 indigeant
701 1241 915 1278 probationibus,
932 1247 981 1267 nos

191 1293 225 1320 :rd
239 1291 456 1326 explanationem
469 1297 564 1318 eorum
578 1297 638 1324 qua:
652 1289 786 1316 habentur
800 1288 825 1315 in
844 1286 982 1321 sequenti-

191 1347 242 1367 t.us
255 1343 463 1370 convertamur;
483 1347 494 1363 υ
509 1341 536 1364 et
566 1337 614 1364 lib.
631 1344 650 1363 lt
673 1340 762 1362 contra
788 1333 876 1364 Cela,
905 1341 978 1360 num.

193 1385 238 1419 :6,
262 1392 322 1419 pag.
340 1383 413 1411 402:
437 1382 536 1409 Ἐλαθε
553 1382 582 1408 δὲ
602 1381 682 1408 αὑτὸν
705 1381 735 1407 τὸ
758 1379 897 1416 εἰρηκέναι
919 1378 981 1406 τινὰ

191 1432 246 1459 κῶν
259 1432 288 1458 ὲν
299 1431 358 1462 ταῖς
372 1429 503 1465 αἱρέσεσι,
518 1429 627 1464 δοκήσει
648 1427 693 1454 τὸν
713 1425 817 1462 Ἰησοῦν
828 1425 914 1452 ταῦτα
931 1434 981 1452 πε-

192 1477 330 1509 πονθέναι,
345 1476 374 1503 οὐ
392 1474 553 1502 πεπονθότα.
572 1474 609 1501 Οὑ
625 1473 679 1509 γὰρ
711 1472 838 1507 ἐγνωκὼς
851 1469 909 1498 εἷπε
930 1471 962 1497 τό
972 1479 979 1486 ·

193 1524 254 1551 ιὺδὲ
266 1523 320 1559 γὰρ
331 1523 410 1549 τοῦτο
429 1521 519 1548 εἷπε-,τε
529 1541 536 1554 ,
549 1521 590 1547 ὃτι
604 1519 689 1546 ἐδόκει
716 1519 764 1554 μὲν
779 1520 836 1551 τοῖς
858 1518 982 1545 ἀσεϐέσιν

193 1568 346 1604 ἀνθρώποις
361 1567 448 1594 ταῦτα
465 1566 589 1601 πάσχειν,
602 1566 651 1592 οὐκ
662 1565 764 1600 ἔπασχε
778 1564 820 1591 δέ·
836 1563 893 1591 ἀλλ’
907 1564 980 1590 ἄντι-

193 1624 262 1651 λρυς
277 1615 374 1642 παθεῖν
393 1613 582 1650 ὁμολογεῖται·
600 1611 659 1638 ἀλλ’
679 1612 761 1647 ἡμεῖς
782 1610 814 1637 τὸ
832 1610 920 1637 ὼκεῖν
936 1609 982 1636 ἐπὶ

193 1661 239 1688 τοῦ
256 1661 350 1687 παθεῖν
363 1659 393 1686 οὐ
407 1660 558 1694 τάσσομεν,
577 1658 620 1685 ἴνα
640 1657 675 1694 μὴ
693 1657 792 1692 ψευδὴς
810 1655 893 1682 αὐτοῦ
905 1656 951 1682 καὶ
963 1657 980 1691 ἡ

193 1706 340 1738 ἀνάστασις
355 1703 383 1741 ᾗ,
396 1704 453 1732 ἀλλ’
469 1704 582 1740 ἀληθής.
600 1703 629 1730 '0
644 1702 698 1738 γὰρ
709 1701 817 1738 ἀληθῶς
829 1700 980 1733 ἀποθανὼν,

193 1753 218 1779 ιι
238 1752 336 1787 ἀνέστη
347 1771 354 1783 ,
369 1750 475 1787 ἀληθῶς
486 1750 597 1786 ἀνέστη.
621 1749 650 1776 '0
663 1749 691 1775 δὲ
706 1747 793 1775 δοκῶν
812 1747 980 1782 τεθνηκέναι,

192 1798 244 1825 οὐκ
261 1796 372 1833 ἀληθῶς
385 1797 495 1832 ἀνέστη.
511 1796 579 1824 Hinc
594 1795 666 1822 illius
682 1795 708 1822 in
730 1793 910 1821 Marcionistis
923 1793 982 1827 opi-

194 1844 283 1870 nionis
299 1843 458 1870 damnanda:
479 1850 511 1870 ac
525 1840 694 1869 confutandre
708 1844 798 1874 partes
820 1839 982 1866 Adamantio

193 1893 268 1916 recte
286 1888 380 1915 tribuit
395 1892 491 1915 auctor
507 1886 606 1922 dialogi
629 1885 667 1912 De
687 1889 758 1912 recta
776 1885 804 1911 in
817 1883 901 1911 Deum
917 1883 981 1918 ﬁde,

194 1939 260 1962 sect.
274 1934 300 1960 4.

230 1979 285 2008 XII.
304 1980 369 2013 Qua:
385 1987 446 2006 cum
463 1979 497 2005 ita
511 1979 583 2010 sint,
601 1978 700 2004 mirum
713 1976 797 2004 videri
810 1976 904 2011 possit,
918 1975 981 2010 quid

194 2025 230 2052 sit
253 2033 301 2052 cur
324 2024 416 2052 homil.
435 2024 465 2050 17
484 2024 510 2050 in
528 2022 591 2049 Luc.
613 2023 649 2049 ita
673 2022 815 2056 scripserit
832 2021 981 2056 Origenes:

196 2079 206 2096 ι
227 2070 324 2098 llubuit
340 2077 438 2105 corpus
450 2070 596 2097 humanum
605 2068 754 2104 (Christus)
771 2068 863 2095 ethoc
877 2067 981 2102 signum

194 2121 236 2143 est
252 2117 293 2143 cui
312 2115 517 2142 contradicitur.
532 2114 586 2141 Alii
601 2114 673 2142 enim
693 2115 785 2141 dicunt
797 2120 858 2140 eum
876 2113 983 2140 venisse

194 2162 228 2189 de
241 2162 337 2193 ccelis;
355 2161 399 2188 alii
423 2160 476 2188 tale
498 2161 578 2195 quale
601 2168 650 2188 nos
672 2167 770 2195 corpus
794 2159 940 2192 habuisse,
955 2163 984 2186 ut

195 2214 244 2241 per
265 2207 467 2234 similitudinem
489 2206 611 2240 corporis
642 2206 723 2232 etiam
749 2209 840 2232 nostra
869 2211 982 2239 corpora

195 2252 340 2280 redimeret
353 2259 368 2278 a
391 2251 520 2285 peccatis.
539 2256 567 2278 et
583 2251 660 2278 daret
674 2249 752 2278 nobis
769 2257 843 2284 spem
860 2256 982 2277 resurre-

195 2297 305 2324 ctionis.
326 2306 335 2322 ι
357 2296 540 2331 lleprehendit
562 2303 609 2323 eos
625 2295 758 2330 Origenes
780 2295 827 2329 qui
843 2295 980 2322 Christum

196 2341 290 2368 dicunt
306 2349 315 2366 ‹
336 2340 388 2368 tale
414 2340 494 2374 quale
516 2347 565 2367 nos
591 2347 689 2374 corpus
716 2339 861 2372 habuisse;
882 2348 892 2363 ι
917 2346 982 2373 ergo

196 2393 294 2420 corpus
309 2385 393 2412 nostri
416 2385 544 2413 dissimile
555 2390 675 2421 gestasse
689 2383 802 2420 putavit.
819 2384 846 2411 In
863 2391 917 2419 quo
933 2392 982 2411 au-

198 2437 251 2459 tem
267 2431 353 2466 posita
375 2431 458 2458 fuerit
471 2438 501 2458 ea
519 2431 724 2464 dissimilitudo,
736 2431 794 2464 ipse
819 2431 943 2457 edisserit
955 2432 981 2457 in

196 2477 330 2512 protentio
347 2475 476 2504 librorum
496 2476 568 2512 Περὶ
581 2475 699 2510 ἀρχῶν,
718 2483 792 2502 num.
809 2475 846 2503 ιε
866 2484 874 2500 ε
893 2475 983 2503 incar-

197 2529 277 2550 natus
293 2527 333 2550 cst
347 2523 492 2558 (Christus)
509 2531 572 2551 ctnu
588 2524 658 2549 Deus
670 2527 753 2554 esset,
768 2526 796 2549 et
811 2522 890 2549 homo
905 2529 983 2548 man-

197 2570 231 2597 sit
247 2570 317 2604 quod
342 2569 413 2597 Deus
430 2575 500 2597 erat.
516 2570 619 2604 Corptts
644 2567 791 2602 assumpsit
812 2572 906 2595 nostro
921 2576 985 2595 cor-

197 2616 254 2650 pori
270 2615 368 2647 simile,
384 2623 417 2642 eo
429 2615 489 2644 solo
504 2615 632 2643 dill‘erens
644 2614 715 2649 quod
727 2619 820 2640 natum
830 2621 862 2640 ex
875 2614 985 2649 Virgine

198 2661 231 2688 de
248 2661 349 2696 Spiritu
364 2667 459 2689 sancto
473 2666 526 2689 est.
542 2661 575 2688 Et
593 2660 719 2695 quoniam
739 2660 789 2694 [hic
809 2658 888 2687 Jesus
906 2659 985 2687 Chri-

198 2711 256 2732 Slllﬁ
279 2711 357 2734 natus
381 2711 408 2733 et
433 2714 528 2741 passus
552 2711 594 2733 est
618 2706 645 2732 ill
668 2709 792 2737 veritate,
811 2709 839 2732 et
860 2712 913 2731 non
938 2711 985 2738 per

199 2751 369 2786 phantasiam
397 2758 567 2779 communem
596 2751 666 2778 hanc
695 2755 810 2778 mortem
846 2749 986 2782 sustinuit,

199 2803 263 2823 vere
286 2802 408 2829 mortuus
432 2801 473 2826 est
496 2806 503 2824 :
530 2804 594 2825 rere
618 2797 691 2825 enim
716 2805 731 2825 a
755 2796 869 2826 mortuis
896 2803 986 2824 resur-

201 2842 280 2874 rexit,
297 2850 306 2867 ι
321 2845 375 2869 etc.

1033 230 1219 265 belOrigenes
1233 230 1259 257 in
1273 230 1398 269 Apologia
1411 229 1541 266 Pamphili
1554 238 1587 258 ex
1601 231 1649 258 lib.
1667 238 1676 258 ι
1692 231 1722 258 in
1736 230 1822 265 Epiu.

1033 277 1068 303 ad
1085 275 1172 304 Colat.
1187 283 1196 302 :
1213 286 1222 302 ι
1241 275 1294 303 Sed
1307 281 1333 304 et
1347 277 1561 304 circumeisionis
1573 277 1632 312 ejus
1650 277 1724 304 ratio
1746 278 1825 305 nobis

1032 323 1142 357 quidem
1165 330 1218 350 non
1242 322 1382 357 generabit
1403 323 1573 357 angustiam,
1589 323 1746 351 dicentibus
1762 331 1824 350 eum

1033 372 1232 402 consequenter
1240 367 1361 395 humano
1373 374 1488 401 corpore
1497 372 1525 394 et
1540 368 1736 395 circumcisum
1752 375 1822 399 esse,

1033 419 1061 441 et
1073 413 1234 448 praeputium
1249 412 1307 446 ejus
1325 417 1404 439 terra:
1420 413 1577 439 mandatum
1596 413 1724 440 fortassis
1737 421 1824 447 usque

1033 461 1066 487 ad
1090 465 1214 496 tempus;
1231 464 1278 486 aut
1295 459 1317 487 si
1341 459 1421 486 aliter
1434 464 1494 491 est,
1513 459 1539 486 in
1556 459 1609 487 alia
1634 460 1825 495 disputatione

1034 506 1196 541 requiretur.
1212 505 1276 533 Haec
1287 510 1376 534 tamen
1391 506 1449 541 ejus
1463 506 1636 534 circumcisio
1651 507 1722 534 satis
1739 514 1823 534 coan-

1033 553 1152 588 gustabit
1168 559 1215 580 eos
1236 551 1282 587 qui
1303 559 1335 579 ex
1361 552 1467 580 diverso
1493 558 1555 580 sunt
1571 553 1609 588 (id
1629 557 1682 585 est,
1697 553 1823 589 ἑτεροδό-

1033 599 1104 633 ξους,
1122 607 1175 634 qua
1198 599 1308 626 notione
1327 599 1420 626 eadem
1443 599 1543 627 locutio
1556 599 1619 627 alibi
1641 601 1820 635 usurpatur);

1032 646 1153 682 spiritale
1173 645 1244 673 enim
1262 652 1361 680 corpus
1379 646 1513 680 quomodo
1535 650 1643 680 poterat
1657 645 1823 673 circumcidi

1033 692 1106 719 l'erro
1118 691 1247 718 terreno?
1257 689 1368 726 Propter
1379 691 1449 726 quod
1463 699 1516 718 non
1528 691 1698 718 crubnernnt
1711 691 1823 726 quidam

1032 742 1064 762 ex
1081 735 1146 770 ipsis
1159 735 1192 762 de
1213 735 1343 770 praeputio
1362 735 1578 763 circumcisionis
1595 736 1654 771 ejus
1679 736 1766 764 etiam
1790 737 1824 763 li-

1031 781 1096 808 bros
1113 782 1212 812 edere,
1228 781 1327 815 quibus
1351 781 1493 808 ostendere
1512 786 1678 809 conarentur
1699 783 1774 817 quod
1796 783 1822 810 iu

1034 827 1212 854 substantiam
1228 826 1342 853 cesserit
1363 826 1523 860 spiritalem.
1538 826 1595 854 Non
1620 828 1713 855 minus
1727 833 1821 854 autem

1033 873 1248 908 angustabuntur
1262 872 1343 899 etiam
1360 871 1397 898 illi
1413 872 1460 906 qui
1478 872 1595 899 animale
1608 880 1711 907 corpus
1727 872 1825 900 dicunt

1032 925 1093 946 esse
1107 925 1203 952 corpus
1219 916 1329 944 Christi.
1350 926 1360 943 ›
1377 917 1449 951 Ergo
1465 916 1580 944 animale
1599 924 1701 951 carpus
1713 917 1826 945 Christo

1033 963 1185 997 abjudicat;
1211 963 1258 990 sed
1283 967 1311 990 et
1337 963 1496 994 humanum,
1511 962 1658 989 humanum
1685 963 1824 998 siquidem

1036 1018 1045 1034 ι
1063 1015 1161 1043 corpus
1181 1008 1297 1036 animale
1315 1017 1325 1034 ι
1347 1009 1423 1042 juxta
1438 1008 1595 1043 Apostolum
1612 1009 1622 1036 l
1637 1009 1702 1036 Cor.
1721 1017 1775 1041 xv.
1790 1009 1826 1036 ﬂ

1033 1059 1060 1081 et
1075 1060 1132 1088 seq.
1147 1052 1307 1081 Verum-res
1321 1054 1400 1081 aliter
1411 1055 1528 1088 putanda
1545 1059 1597 1082 est.
1613 1054 1824 1082 Valentinianus

1034 1099 1164 1135 siquidem
1193 1099 1368 1135 perstringit,
1395 1100 1442 1134 qui
1468 1107 1529 1126 cum
1557 1100 1655 1134 triplex
1679 1100 1825 1128 hominum

1034 1152 1118 1180 genus
1133 1151 1193 1172 esse
1206 1145 1366 1176 sciscerent,
1382 1144 1436 1170 τῶν
1453 1144 1660 1179 πνευματικῶν,
1674 1144 1731 1171 τῶν
1742 1145 1826 1180 ψυχι-

1033 1191 1100 1223 κῶν,
1125 1195 1152 1219 et
1166 1190 1219 1217 τῶν
1236 1191 1335 1226 χοϊκῶν
1351 1191 1397 1225 qui
1421 1196 1448 1218 et
1470 1191 1573 1223 ὑλικοὶ,
1591 1195 1619 1218 et
1645 1192 1776 1226 oapmxa‘t
1799 1197 1827 1219 et

1033 1237 1122 1273 γήϊνοι
1142 1236 1176 1263 ab
1191 1237 1243 1264 illis
1265 1236 1424 1264 dicebantur
1437 1257 1445 1270 ,
1463 1241 1491 1264 et
1513 1237 1602 1271 priora
1627 1237 1682 1264 duo
1704 1237 1825 1264 salutem

1034 1289 1161 1310 aeternam
1177 1283 1284 1317 assequi
1298 1289 1387 1316 posse.
1400 1282 1534 1316 posterius
1547 1284 1707 1317 neutiquam
1722 1291 1730 1314 ;
1744 1283 1826 1310 Chri-

1035 1333 1106 1355 sttlm
1119 1335 1172 1355 non
1183 1327 1369 1363 πνευματικὴν
1378 1328 1474 1359 solum,
1490 1328 1536 1355 sed
1546 1327 1665 1363 ψυχικὴν
1681 1327 1765 1355 etiam
1778 1336 1828 1354 n.1-

1035 1380 1122 1402 turam
1138 1374 1317 1409 assumpsisse
1332 1374 1507 1401 deﬁniebant.
1528 1374 1635 1402 Testem
1660 1374 1758 1401 damus
1773 1374 1828 1401 Ire-

1036 1429 1122 1448 nzeurn
1135 1421 1204 1455 apud
1223 1420 1401 1457 Epiphaniam
1416 1421 1480 1448 liter.
1495 1428 1577 1453 xm,
1604 1428 1665 1455 cap.
1687 1420 1725 1447 20
1747 1429 1755 1447 :
1778 1420 1827 1447 Διὸ

1035 1467 1082 1494 καὶ
1097 1467 1199 1503 κόσμον
1210 1467 1427 1494 κατεσκευάσθαι
1441 1467 1563 1501 λέγουσι,
1584 1467 1631 1493 καὶ
1647 1467 1693 1493 τὸν
1707 1467 1827 1502 Σωτῆρα

1035 1513 1064 1540 δὲ
1078 1514 1124 1540 ἐπὶ
1137 1513 1216 1540 τοῦτο
1227 1513 1441 1549 παραγεγονέναι
1457 1513 1487 1540 τὸ
1500 1513 1624 1548 ψυχικὸν,
1641 1513 1702 1539 ἐπεὶ
1716 1513 1764 1540 καὶ
1777 1513 1812 1540 αὖ

1033 1559 1168 1593 τεξούτιόν
1189 1560 1274 1592 ἐστιν,
1297 1560 1371 1592 ὅπως
1392 1559 1457 1586 αὐτὸ
1476 1559 1562 1596 σώσῃ.
1579 1557 1630 1585 Ὧν
1656 1559 1712 1595 γὰρ
1726 1559 1827 1595 ἔμελλε

1033 1605 1147 1638 σώζειν,
1171 1605 1221 1637 τὰς
1241 1606 1367 1640 ἀπαρχὰς
1391 1605 1479 1632 αὐτῶν
1504 1606 1644 1640 εἰληφέναι
1660 1606 1826 1640 φάσκουσιν,

1032 1652 1086 1679 ἀπὸ
1103 1651 1152 1688 μὲν
1172 1652 1222 1687 τῆς
1241 1651 1364 1687 Ἀχαμὼθ
1383 1652 1413 1678 τὸ
1430 1652 1628 1687 πνευματικὸν,
1653 1652 1708 1679 ἀπὸ
1724 1652 1754 1678 δὲ
1777 1652 1826 1679 τοῦ

1032 1698 1203 1734 Δημιουργοῦ
1221 1698 1373 1725 ἐνδεδύσθαι
1387 1698 1419 1724 τὸ
1437 1698 1550 1734 ψυχικὸν
1568 1698 1703 1734 Χριστὸν,
1718 1699 1774 1726 ἀπδ
1795 1698 1827 1725 δὲ

1031 1744 1081 1780 τῆς
1094 1744 1249 1779 οἰκονομίας
1260 1744 1458 1780 περιτεθεῖσθαι
1474 1744 1552 1779 σῶμα
1566 1744 1684 1779 ψυχικὴν
1701 1744 1764 1779 ἔχον
1779 1744 1827 1770 οὑ-

1033 1789 1103 1821 σίαν,
1125 1789 1378 1824 κατεσκευασμένον
1400 1789 1429 1815 δὲ
1451 1790 1562 1825 ἀρῤήτῳ
1583 1790 1664 1825 τέχνῃ
1677 1810 1684 1821 ,
1702 1789 1773 1825 πρὸς
1794 1789 1827 1816 τὸ

1031 1835 1080 1862 καὶ
1101 1835 1208 1872 ὁρατὸν,
1231 1836 1278 1863 καὶ
1300 1835 1469 1871 ψηλαφητδν,
1494 1836 1541 1863 καὶ
1564 1836 1684 1872 παθητὸν
1707 1836 1827 1871 γεγενῆ-

1033 1881 1105 1908 σθαι.
1132 1881 1187 1908 Καὶ
1212 1881 1304 1908 ὑλικὸν
1324 1881 1352 1908 δὲ
1379 1882 1432 1908 οὐδ’
1454 1881 1542 1908 ὁτιοῦν
1564 1881 1703 1916 εἰληφέναι
1729 1881 1826 1915 λέγου-

1033 1937 1076 1955 σιν
1094 1927 1185 1956 αὐτόν.
1204 1927 1251 1963 Μὴ
1269 1927 1324 1963 γὰρ
1351 1925 1419 1954 εἶναι
1439 1927 1488 1963 τὴν
1505 1927 1571 1962 ὓλην
1589 1927 1716 1963 δεκτικὴν
1736 1936 1827 1963 σωτη-

1034 1973 1104 2009 ρίας.
1124 1982 1134 1999 ‹
1150 1973 1281 2007 Quocirca
1294 1977 1321 1999 et
1339 1974 1466 2000 mundum
1483 1974 1622 2000 conditum
1637 1982 1699 2001 esse
1715 1975 1822 2006 dicunt,

1033 2024 1060 2046 et
1072 2019 1245 2046 Servatorem
1260 2018 1293 2046 ad
1312 2017 1429 2045 animale
1445 2018 1510 2045 illud
1524 2019 1676 2051 devenisse,
1691 2020 1823 2054 quoniam

1034 2065 1159 2093 libertate
1173 2065 1277 2092 arbitrii
1293 2065 1383 2100 pollet,
1397 2068 1426 2091 ut
1440 2064 1466 2091 id
1483 2070 1616 2092 servaret.
1629 2065 1734 2098 Quibus
1750 2065 1824 2092 enim

1033 2112 1146 2139 salutem
1164 2117 1372 2146 comparaturus
1385 2116 1477 2144 esset,
1500 2119 1595 2138 eorum
1618 2112 1756 2146 primitias
1779 2120 1826 2138 as-

1034 2157 1182 2191 sumpsisse
1203 2156 1317 2190 dicunt;
1332 2160 1366 2184 ab
1381 2157 1534 2184 Achamoth
1559 2157 1667 2192 quidem
1685 2158 1822 2192 spiritale,

1035 2203 1069 2229 ab
1079 2202 1183 2236 Opiﬁce
1197 2209 1264 2229 vero
1277 2202 1395 2229 animale
1405 2201 1542 2229 Christum
1557 2203 1678 2230 induisse
1690 2212 1697 2229 :
1714 2209 1827 2238 propter

1035 2248 1298 2275 administrationem
1330 2253 1420 2276 autem
1451 2256 1526 2276 suam
1550 2249 1775 2283 circumpositum
1801 2250 1825 2275 ei

1035 2293 1119 2321 fuisse
1136 2301 1234 2328 corpus
1258 2293 1367 2320 animali
1391 2299 1489 2322 natura
1513 2295 1654 2329 prmditum
1669 2314 1677 2326 ,
1695 2294 1826 2321 ineﬂ'abili

1035 2346 1100 2367 vero
1114 2344 1173 2367 arte
1184 2344 1382 2372 constructum,
1397 2345 1425 2367 ut
1436 2341 1534 2373 videri,
1551 2341 1622 2374 tangi
1638 2345 1665 2367 et
1688 2341 1744 2373 pati
1765 2349 1827 2374 pos-

1035 2390 1088 2413 set.
1104 2385 1175 2412 Nihil
1191 2391 1280 2413 autem
1297 2388 1410 2413 materia
1426 2392 1554 2414 constans
1578 2387 1654 2413 illum
1670 2387 1827 2419 suscepisse

1036 2432 1154 2464 dicunt;
1178 2433 1319 2459 materiam
1343 2434 1443 2469 quippe
1468 2433 1566 2461 salutis
1585 2433 1743 2466 neutiquam
1766 2439 1827 2459 esse

1037 2485 1176 2513 capacem.
1195 2487 1205 2504 ι

1073 2523 1141 2552 Xlll.
1161 2524 1199 2552 Ac
1219 2525 1349 2560 cogitanti
1366 2525 1431 2553 mihi
1447 2526 1518 2553 unde
1535 2525 1606 2552 hanc
1618 2525 1651 2552 de
1668 2532 1698 2551 se
1716 2524 1827 2551 violam

1038 2569 1215 2597 humanitatis
1228 2569 1340 2604 Christi,
1357 2572 1435 2606 eique
1452 2571 1511 2598 l'ulsi
1535 2570 1615 2597 ailleti
1634 2570 1760 2604 corporis
1781 2577 1827 2595 su-

1038 2615 1185 2650 spicionem
1198 2617 1375 2644 commoverit
1388 2616 1530 2650 Origenes,
1544 2617 1633 2642 locum
1653 2624 1737 2642 unum
1754 2623 1823 2649 prte-

1039 2664 1081 2687 ter
1094 2660 1247 2695 superiores
1265 2660 1334 2688 duos
1357 2662 1473 2694 reperio,
1488 2661 1557 2687 unde
1573 2661 1630 2687 haec
1655 2661 1743 2694 potuit
1759 2660 1823 2686 oriri

1037 2705 1202 2733 criminatio.
1219 2705 1244 2733 ls
1261 2706 1376 2733 habetur
1391 2711 1471 2733 tract.
1486 2713 1557 2733 xxxv
1575 2707 1602 2732 in
1617 2705 1728 2736 ΜαιιΙιη
1750 2713 1822 2731 num.

1039 2752 1101 2783 l00,
1113 2759 1178 2787 pag.
1189 2752 1241 2779 906
1255 2761 1262 2779 :
1279 2761 1288 2778 ι
1301 2751 1382 2779 Venit
1398 2757 1488 2780 autem
1512 2751 1621 2779 traditio
1637 2751 1696 2778 talis
1717 2751 1751 2777 ad
1776 2758 1824 2777 nos

1038 2799 1071 2824 de
1083 2804 1126 2829 eo,
1138 2797 1264 2831 quoniam
1277 2805 1330 2825 non
1342 2797 1429 2826 solum
1441 2798 1501 2825 duae
1513 2797 1606 2825 formze
1617 2797 1643 2824 in
1652 2804 1685 2824 eo
1698 2796 1821 2823 luerunt:

1040 2851 1091 2870 una
1107 2843 1213 2878 quidem
1236 2844 1384 2872 secundum
1405 2852 1486 2879 quam
1499 2851 1593 2872 omnes
1603 2850 1664 2871 eum
1679 2843 1819 2875 videbant;
