1904 3077
61 129 116 156 815

473 128 760 157 ORIGENIANORUM
780 129 844 158 LIB.
866 130 898 162 li,
919 131 995 158 CAP.
1017 131 1049 166 ll,
1070 132 1209 166 QUEST.
1231 133 1274 161 lll.

1644 137 1696 164 8H

61 190 151 218 altera
176 194 268 217 autem
294 189 440 217 secundum
468 198 547 224 quam
575 191 782 226 transfiguratus
817 197 858 219 est
874 195 896 223 Α
912 193 1083 226 tellcxerant,
1106 194 1173 222 adeo
1186 199 1216 221 ut
1238 194 1310 222 aliud
1337 194 1462 230 aliudque
1480 195 1595 229 singulis
1614 203 1697 230 appa-

61 245 158 264 coram
173 237 316 271 discipulis
329 237 386 264 suis
406 237 431 262 iti
446 243 547 270 monte,
559 241 665 272 quando
681 244 708 266 et
732 239 854 274 resplen-

62 284 121 310 duit
141 283 226 310 facies
248 283 306 317 ejus
325 288 453 319 tanquam
469 284 520 315 sol,
537 285 582 311 sed
609 285 691 311 etiam
710 285 855 320 unicuique

61 329 213 363 apparebat
232 329 382 356 secundum
407 329 477 362 quod
504 329 591 356 fuerat
615 329 722 364 (lignus.
739 329 770 356 Et
794 337 855 356 cuin

61 375 161 402 fuisset
178 375 247 409 ipse,
263 375 341 408 quasi
365 382 417 402 non
447 375 504 408 ipse
522 374 648 402 omnibus
676 375 828 402 videbatur.
845 385 854 401 ι

63 420 98 447 Et
126 420 208 455 paulo
235 425 318 454 post:
337 429 347 445 ι
359 419 393 446 Ει
407 427 460 446 non
477 419 542 447 mihi
561 420 668 451 videtur
690 421 858 448 incredibilis

61 473 127 493 esse
142 466 254 494 traditio
277 466 344 498 haec,
360 466 418 494 sive
445 466 626 501 corporaliter
642 471 754 502 propter
770 467 856 502 ipsum

61 511 171 544 Jesum,
188 517 217 538 ut
233 512 285 538 alio
299 516 326 538 et
343 511 398 538 alio
419 512 500 539 modo
520 512 659 539 videretur
684 512 856 546 hominibus;

63 558 125 585 sive
140 563 251 592 propter
274 557 359 591 ipsam
378 556 459 584 Verbi
482 562 604 584 naturain
625 558 696 592 quod
715 566 767 584 non
783 557 858 585 simi-

63 603 128 630 liter
149 604 254 630 cunctis
271 607 394 637 apparet.
424 602 452 630 Si
476 607 566 630 autem
591 604 642 631 hoc
659 604 696 631 ita
714 611 744 631 se
766 604 856 637 habet,

63 649 195 683 possibile
215 654 257 676 est
283 649 444 676 solutionem
456 648 516 682 ejus
533 649 655 677 invenire
674 649 745 684 quod
760 649 859 684 quieri-

66 701 122 722 tur.
140 695 275 728 Quoniam
294 695 345 722 etsi
374 694 531 729 frequenter
550 702 612 722 eum
634 695 760 722 viderunt
772 695 858 722 turbae

63 741 210 768 venientes
228 748 289 768 cum
313 739 392 772 Juda,
418 740 593 768 nihilominus
617 747 685 774 opus
710 740 857 772 habebant,

65 794 180 823 propter
194 786 452 814 transformationes
466 785 536 821 ejus,
554 785 600 820 qui
619 793 681 813 eum
703 785 859 813 ostenderet

64 835 116 867 eis,
132 833 237 860 habens
252 833 376 860 notitiam
390 832 449 867 ejus
465 832 670 859 familiariorem
687 839 735 867 per
747 832 858 860 multam

911 244 993 269 reret.
1009 240 1130 273 proclive
1142 241 1175 267 iis
1187 241 1238 267 fuit
1250 241 1408 268 existit-tare
1420 242 1604 270 tnutuatitium
1622 243 1696 274 illitd,

908 290 938 312 et
961 286 1079 312 ascititia
1108 286 1253 313 conﬂatum
1278 287 1443 320 substantia,
1467 295 1520 315 non
1543 290 1695 324 proprium.

909 338 959 357 nec
976 332 1059 358 nostri
1075 331 1173 363 simile,
1186 332 1310 359 eumdem
1326 334 1485 361 credidisse.
1509 334 1537 361 Si
1555 341 1633 369 quem
1647 344 1696 362 au-

909 381 961 402 tem
977 375 1090 404 offendit
1102 381 1287 404 commentum
1302 376 1379 407 illud.
1392 377 1482 405 varias
1498 377 1637 406 Christum
1653 378 1698 405 in-

910 421 1001 448 duisse
1027 421 1140 453 formas,
1163 427 1191 448 et
1212 429 1273 449 sese
1295 429 1343 457 pro
1362 422 1440 450 libitu
1469 423 1640 458 versipellem
1658 423 1698 450 fc-

909 467 994 497 cisse;
1010 471 1084 494 notet
1101 466 1146 494 ille
1164 467 1332 501 propositum
1351 467 1436 495 fuisse
1452 467 1504 495 hoc
1523 468 1557 495 ab
1570 467 1696 504 Origene,

911 518 1040 547 tanquam
1057 511 1091 540 ab
1102 512 1163 540 aliis
1177 512 1228 540 sibi
1251 513 1388 545 traditum,
1407 520 1459 540 non
1474 513 1547 541 velut
1561 521 1576 540 a
1591 521 1620 541 se
1634 521 1696 541 con-

911 558 1017 590 lictnm;
1035 563 1064 585 nt
1093 566 1149 585 rem
1177 558 1288 586 minime
1313 559 1501 587 incredibilem
1516 580 1524 592 ,
1545 566 1598 587 non
1619 560 1695 595 quasi

911 609 1080 639 compertam
1092 624 1098 635 .
1112 605 1270 637 dubitando,
1286 613 1338 632 non
1353 605 1509 633 asserendo.

947 649 1016 678 XIV.
1039 650 1112 678 inter
1133 658 1230 678 novem
1258 651 1465 678 criminationes
1495 659 1562 686 quas
1586 650 1695 686 Origeui

913 696 1025 731 impingi
1043 697 1139 724 solitas
1155 696 1258 724 refutat
1270 696 1427 731 Pamphilus
1440 697 1467 724 in
1485 696 1624 731 Apologia,
1641 701 1696 723 ter-

911 743 946 769 tia
965 742 1008 769 illa
1021 747 1075 774 est,
1092 751 1101 766 ε
1116 742 1187 776 quod
1210 742 1301 769 dicunt
1318 749 1380 768 eum
1394 741 1543 769 secundum
1566 742 1696 768 Arteman

913 787 955 815 vel
969 788 1080 815 Paulum
1095 788 1314 819 Samosatenum,
1329 795 1426 822 purum
1440 787 1588 820 hominem,
1606 787 1632 814 id
1643 792 1695 818 est,

913 842 966 861 non
981 834 1062 860 etiam
1076 833 1163 860 Deum
1175 833 1266 861 dicere
1280 833 1417 861 Christum
1434 833 1532 860 Filium
1548 833 1605 860 Dei.
1622 842 1631 859 ι
1648 832 1696 860 Ni-

65 878 310 905 commoratiOnem
322 885 385 905 cum
397 885 441 909 eo,
455 881 483 904 ut
500 876 663 912 intelligeret
678 877 857 904 transforina-
874 884 894 910 Β
910 880 1045 914 cephorus
1068 879 1179 914 quidem
1204 879 1251 906 lib.
1268 886 1335 910 xvii,
1352 887 1413 913 cap.
1430 878 1476 910 27,
1488 878 1521 905 de
1534 878 1644 906 Christo
1657 878 1697 905 di~

66 924 156 951 tiones
170 922 230 957 ejus
249 923 399 951 secundum
424 930 493 958 quas
513 923 571 950 suis
587 929 718 957 apparere
741 922 855 950 solebat.

65 969 122 996 Hoc
144 969 216 996 idem
234 968 404 1004 signiﬁcatur
421 969 502 996 etiam
519 976 567 1003 per
585 967 717 995 Joannem
740 976 858 1003 evange-

62 1014 169 1047 listam,
184 1013 231 1041 ubi
247 1013 337 1041 sciens
348 1013 428 1041 Jesus
442 1022 502 1048 quae
515 1017 709 1048 superventura
722 1019 801 1040 erant
815 1013 853 1046 ei,

64 1059 220 1094 procedens
231 1059 303 1086 foras
310 1059 377 1086 dixit
391 1068 398 1086 τ
411 1067 420 1084 t
437 1058 521 1092 Quem
535 1058 675 1093 quaeritis?
687 1061 721 1086 At
731 1058 767 1084 illi
777 1058 852 1084 dixe-

63 1110 142 1138 runt,
161 1104 253 1132 Jesutn
279 1104 461 1132 Nazarenum.
492 1104 525 1131 Et
542 1104 611 1132 dixit
629 1104 668 1131 eis
683 1113 689 1131 :
705 1103 761 1138 Ego
779 1111 855 1136 sum;

62 1156 92 1178 et
108 1150 248 1183 abierunt,
261 1154 289 1177 et
304 1150 463 1178 ceciderunt
480 1155 630 1177 retrorsum
641 1150 675 1176 ".
689 1149 784 1177 iVides
794 1149 856 1184 quia

64 1205 119 1224 non
134 1204 198 1224 enin
219 1197 437 1231 cognoscebant,
453 1204 514 1223 cum
541 1196 702 1231 frequenter
715 1196 857 1227 vidissent,

63 1249 178 1279 propter
202 1240 454 1279 traiisﬁguratioues
486 1243 580 1278 ipsius.
604 1253 614 1270 ι
644 1242 708 1270 Haec
736 1247 858 1277 repetere

64 1297 210 1317 necessum
232 1289 387 1321 habuimus,
402 1297 435 1317 ne
445 1289 513 1324 quid
528 1289 560 1316 de
577 1289 711 1316 sententia
732 1288 856 1323 Origenis

63 1337 270 1372 decerperetur.
286 1335 337 1369 Qui
354 1338 430 1372 ergo}
442 1335 615 1369 frequentem
630 1335 779 1362 formarum
794 1342 854 1361 niu-

63 1383 198 1411 tationem
221 1381 323 1410 Christi
350 1381 458 1417 corpori
479 1381 636 1417 assignasse
656 1380 800 1416 Origenent
813 1380 855 1407 in-

101 1441 126 1457 ¹¹¹
143 1440 222 1468 Joan.
240 1448 315 1473 xvnt,
336 1440 403 1467 4-6.

911 925 985 952 xissc
1007 923 1150 959 Origeneni
1172 923 1264 955 tradit,
1287 924 1328 950 ὅτι
1341 923 1418 959 dixit;
1433 923 1574 959 ἄνθρωπος
1584 921 1628 960 ἦν.
1643 924 1697 960 Cy-~

911 970 1001 997 riacus
1012 976 1129 1004 quoque,
1147 969 1217 1003 apud
1234 969 1388 996 Simeonem
1405 969 1611 1003 Metaphrastein
1631 968 1696 996 Vitia

910 1014 970 1049 ejus
985 1014 1160 1049 scriptorem,
1176 1014 1345 1048 Origeuistas
1360 1013 1530 1042 Palaestinam
1554 1020 1632 1043 sexto
1644 1022 1696 1042 sa-

910 1060 970 1087 culo
990 1060 1138 1087 insidentes
1155 1059 1257 1087 dixisse
1267 1059 1382 1086 affirmat
1397 1068 1406 1086 ι
1416 1060 1554 1087 Christum
1570 1068 1622 1088 non
1636 1067 1696 1088 esse

910 1114 992 1133 unum
1009 1113 1042 1133 ex
1056 1105 1200 1132 Trinitate.
1213 1115 1222 1131 ι
1242 1105 1318 1133 Hanc
1334 1106 1552 1133 criminationem
1571 1106 1631 1134 aliis
1648 1113 1691 1133 su-

910 1152 1001 1187 perius
1023 1159 1038 1178 a
1063 1158 1092 1178 se
1115 1151 1339 1179 commemoratis
1357 1151 1436 1179 valde
1453 1152 1618 1179 contrariam
1635 1160 1696 1180 esse

909 1198 976 1225 dicit
988 1197 1158 1232 Pamphilus,
1171 1197 1217 1224 sed
1234 1197 1319 1224 multo
1335 1198 1420 1232 magis
1436 1197 1518 1225 etiam
1537 1203 1640 1233 quartae
1651 1206 1695 1226 re-

910 1249 1023 1278 pugnat,
1038 1251 1119 1278 quam
1144 1243 1170 1270 in
1198 1243 1321 1277 proxime
1343 1244 1556 1278 praecedentibus
1576 1244 1695 1272 exaruini

910 1295 1005 1316 nostro
1028 1288 1209 1322 subiecimus;
1226 1289 1296 1316 unde
1311 1288 1470 1317 alterutrius
1487 1290 1593 1317 falsitas
1607 1291 1692 1317 mani-

909 1335 976 1363 feste
989 1336 1092 1368 cini-et;
1109 1334 1165 1370 (9.3)
1175 1336 1220 1362 sed
1230 1335 1330 1362 clarius
1343 1336 1424 1362 etiam
1442 1337 1519 1364 tertia
1532 1336 1575 1363 illa
1588 1337 1697 1364 convel-

911 1383 975 1409 litur
992 1389 1024 1408 ex
1039 1381 1176 1409 sexcentis
1197 1380 1321 1416 Origenis
1347 1381 1477 1409 adversus
1501 1382 1641 1415 Ebioncin,
1654 1383 1698 1411 vel

104 1499 160 1537 (‘25)
178 1499 229 1537 Sed
252 1500 353 1537 clarius
381 1500 460 1537 etiam
484 1505 561 1528 terna
577 1501 635 1537 illa
658 1501 811 1529 convellitur
824 1509 856 1528 ex
870 1504 893 1535 C
909 1505 950 1528 tra
967 1500 1095 1537 ethnicos
1107 1499 1275 1537 defensione,
1291 1500 1312 1537 si
1329 1505 1357 1527 ut
1373 1500 1405 1527 ad
1426 1499 1540 1537 tollenda
1550 1507 1696 1537 poenarum

62 1535 207 1568 sescentis,
221 1539 274 1562 etc.
294 1535 374 1562 Clare
391 1536 473 1562 etiam
491 1536 652 1563 convellitur
672 1544 704 1563 ex
733 1537 857 1570 plurimis

64 1577 159 1598 contra
184 1570 287 1597 Celsum
316 1570 393 1602 locis,
410 1578 470 1605 quae
493 1570 601 1604 collegit
620 1571 794 1598 doctissimus
809 1579 858 1598 no-

63 1611 124 1632 ster
149 1605 265 1632 domnus
277 1605 439 1632 Prudentius
454 1605 546 1632 illaran
563 1606 588 1633 in
607 1613 655 1633 suo
673 1606 710 1633 De
722 1607 858 1633 divinitate

64 1641 168 1668 Christi
196 1640 264 1667 libro
289 1648 343 1676 ιιι,Δ
356 1647 417 1676 cap.
439 1641 467 1671 5.
487 1649 562 1667 unm.
578 1641 596 1667 2
615 1646 644 1676 et
669 1648 739 1676 seq.,
753 1647 781 1668 et
798 1649 859 1675 quae

65 1676 112 1703 hic
132 1675 236 1711 referre
258 1683 313 1702 non
337 1674 434 1702 inutile
447 1675 582 1711 ducimus.
598 1685 607 1702 ι
624 1675 685 1703 Non
699 1674 858 1711 effugit,'in‘

65 1711 138 1746 quit,
159 1710 256 1751 Celsus
265 1710 524 1751 _reprehensionenli“
535 1710 678 1751 Qrigcnis,
698 1712 858 1751 quoties_in

64 1744 229 1780 exponenda
261 1744 415 1772 Judieorum
445 1751 473 1772 et
496 1744 715 1773 Christianorum
736 1746 860 1773 doctrina

65 1781 221 1814 claudit-at;
235 1780 309 1807 velut
329 1787 391 1807 cum
412 1780 532 1808 Judaeum
554 1781 580 1808 in
603 1781 734 1808 miracula
758 1785 785 1808 et
801 1781 859 1807 visa

65 1815 178 1842 caelitus
191 1815 294 1847 oblata,
320 1815 344 1842 in
368 1816 556 1849 praedictiones
568 1820 596 1843 et
615 1816 743 1843 vaticinia
766 1815 861 1848 iocan-

67 1857 133 1882 tem,
151 1855 199 1876 aut
216 1850 249 1878 de
281 1849 385 1878 Messiae
406 1850 488 1878 futuri
511 1851 657 1883 ,divinitate
686 1850 859 1878 confitentem

66 1886 184 1916 inducit,
201 1884 260 1920 (lib.
275 1893 296 1916 ι.
326 1892 401 1912 num.
419 1885 455 1912 45
471 1890 498 1912 et
509 1885 554 1920 l9)
571 1890 686 1913 autcum
702 1885 786 1912 Deum
799 1893 861 1912 cor-

67 1928 183 1955 poreum
194 1921 310 1953 (lib.vn,
326 1928 353 1947 n.
367 1920 423 1955 56),
435 1921 572 1948 Christum
587 1920 716 1948 Creatore
731 1920 861 1954 majorem

66 1954 82 1982 ἐι
109 1955 283 1991 Christianis
309 1955 371 1990 litigi
394 1954 499 1982 dictitat
521 1956 579 1991 (lib.
605 1963 663 1989 viti,
678 1963 712 1991 in.
730 1954 787 1990 l5).
807 1955 861 1982 Sed

66 1998 132 2018 cum
152 1990 223 2016 iuem
239 1990 334 2018 Celsus
351 1991 449 2024 quaerit
466 1999 514 2017 cur
533 1990 603 2017 Deus
621 1991 654 2018 ad
678 1990 801 2018 homines
814 1998 862 2017 ve-

69 2025 148 2052 nerit
169 2025 230 2060 (lib.
244 2033 282 2057 iv,
299 2034 326 2052 ii.
347 2026 384 2061 5),
402 2033 463 2052 eum
476 2026 565 2052 omnia
579 2025 670 2052 divina
688 2026 789 2052 virtute
802 2033 863 2061 cor-

68 2060 160 2094 rigere
182 2064 292 2094 posset:
307 2067 368 2087 cum
387 2061 443 2087 fieri
458 2068 538 2095 posse
551 2065 632 2095 negat
643 2061 701 2094 (lib.
721 2069 758 2092 vr,
772 2069 799 2087 ll.
817 2060 861 2093 75)

68 2068 160 2094 rigere
182 2068 292 2094 posset:
307 2068 368 2087 cuiu
387 2068 443 2087 neri
477 2068 538 2088 osse
551 2068 701 2095 negatum.
721 2069 758 2092 vr,
772 2069 799 2087 n.
823 2068 861 2093 to)

67 2100 99 2122 ut
120 2095 193 2121 Deus
207 2095 366 2128 descendat,
384 2101 431 2122 aut
455 2068 551 2123 silium
573 2104 607 2122 ac
622 2095 863 2131 propriumrSpiri-

68 2135 127 2157 tum
143 2130 251 2165 mittat;
267 2137 328 2157 cum
342 2138 396 2157 non
409 2130 497 2158 minus
513 2130 665 2165 repugnare
676 2131 714 2157 ait
737 2130 797 2165 (lib.
813 2137 861 2161 vn,

68 2173 97 2193 ιι.
110 2165 157 2200 l3)
174 2169 203 2191 ut
216 2164 286 2192 Deus
297 2165 406 2192 ovillam
422 2170 450 2192 et
464 2165 496 2192 fel
510 2164 644 2199 edat,’aut
658 2164 858 2204 acettiinbibat,
877 2175 900 2204 ο

67 2208 151 2235 quam
167 2204 196 2226 ut
213 2205 334 2227 stercore
358 2205 497 2233 vescatur;
515 2208 569 2227 non
591 2201 715 2235 queritur
730 2201 861 2235 Origenes

67 2236 167 2262 falsam
195 2235 349 2268 opinionem
381 2235 545 2262 Christianis
568 2236 668 2270 allingi.
685 2235 750 2262 Erat
771 2241 859 2262 tamen

67 2271 175 2297 Ariaua
189 2270 314 2300 haeresis,
335 2270 413 2304 cujus
435 2271 602 2299 architectus
614 2275 641 2298 et
657 2278 756 2305 parens
774 2270 861 2297 fuisse

67 2305 194 2340 fingitur,
218 2305 250 2331 ad
277 2305 439 2332 refellendos
464 2305 536 2332 Celsi
561 2306 638 2340 jocos
656 2304 859 2340 percommoda.

67 2340 197 2367 Ruebant
213 2340 304 2366 omnia
319 2341 380 2375 ejus
396 2341 520 2375 dicteria,
533 2341 555 2367 si
581 2348 633 2367 non
649 2345 767 2366 aeternus
781 2345 808 2366 et
820 2347 861 2366 tit-

67 2380 180 2402 creatus
207 2375 278 2402 Deus
301 2374 383 2403 hoino
404 2374 492 2402 factus
515 2376 623 2407 fuisset,
645 2380 691 2402 aut
708 2375 730 2402 si
754 2383 807 2402 non
823 2375 861 2401 ita

67 2415 145 2437 arcte
165 2417 227 2437 cum
252 2409 422 2437 humanitate
447 2411 619 2446 conjunctus,
631 2415 661 2436 ut
675 2410 765 2437 ediSse
780 2415 808 2436 et
821 2410 861 2437 bi-

68 2446 142 2472 bisse
163 2451 189 2472 et
214 2452 310 2480 passus
330 2453 391 2473 esse
415 2445 512 2473 merito
530 2445 675 2472 diceretur.
693 2446 751 2472 Non
767 2445 789 2471 is
802 2448 862 2480 erat

67 2479 203 2515 Origenes
215 2479 264 2513 qui
288 2487 340 2507 non
354 2481 456 2507 videret
474 2487 604 2515 quantum
621 2481 692 2507 inter
707 2479 860 2515 hujusmodi

69 2516 155 2542 Deum
172 2515 290 2548 intersit,
305 2521 333 2542 et
351 2523 412 2543 eum
432 2517 477 2550 qui
492 2516 602 2543 nomine
623 2520 700 2542 lenus
715 2515 785 2542 Deus
807 2515 859 2546 sit;

67 2555 116 2577 aut
133 2551 197 2585 _qui,
219 2551 242 2577 si
270 2551 333 2585 quid
354 2557 452 2584 praeter
470 2558 640 2578 communem
663 2550 791 2578 Ecclesiae
813 2551 861 2576 do-

67 2585 188 2612 ctrinam
202 2587 328 2618 sentiret,
347 2592 401 2613 tatti
416 2587 543 2620 praeclara
553 2585 680 2612 facultate
695 2585 785 2613 oblata
804 2586 853 2612 dis-

67 2621 224 2647 simularet.
241 2620 298 2648 Non
316 2622 352 2648 ita
367 2628 397 2648 se
414 2619 507 2655 gerere
527 2622 607 2648 solet.
626 2620 704 2653 Quod
719 2621 791 2647 enim
809 2619 860 2647 sibi

69 2657 262 2690 intemperanti
289 2657 406 2691 quadam
435 2656 535 2690 pietate
560 2657 686 2688 linxcrat,
713 2655 860 2682 inferorunt

69 2697 165 2724 pinnas
181 2698 234 2717 non
256 2691 289 2717 ad
306 2697 436 2718 aeternam
456 2691 595 2722 ultionem,
611 2693 657 2717 sed
673 2691 706 2718 ad
721 2691 860 2725 purganda

67 2732 95 2752 et
105 2729 284 2760 cxcoquenda
302 2727 366 2753 vitia
379 2727 515 2761 pertinere
530 2734 621 2761 (quam
637 2733 710 2761 saepe
723 2726 773 2753 hoc
787 2733 861 2753 cotti-

69 2767 193 2787 mentum
222 2762 342 2788 insinuat
356 2769 417 2788 cum
436 2761 622 2788 haereticorum
638 2761 719 2795 impia
734 2762 760 2788 in
777 2761 860 2788 Crea-

70 2797 140 2823 toris
168 2797 343 2823 severitatem
375 2796 497 2823 convicia
523 2795 631 2831 refellit)
652 2797 741 2823 nullus
762 2795 857 2823 dubito

69 2832 135 2866 quiti
152 2831 224 2859 idem
242 2831 363 2859 facturus
379 2831 484 2864 luisset,
501 2837 625 2866 suscepta
645 2831 782 2866 religionis
796 2838 860 2859 con-

909 1535 1070 1563 :eternitatis
1090 1535 1273 1568 incommoda,
1299 1535 1335 1562 ila
1360 1536 1442 1562 etiarn
1463 1535 1497 1561 ad
1521 1536 1695 1562 niinnenoum

911 1571 957 1598 Dei
972 1571 1105 1597 incarnati
1128 1571 1299 1605 mysterium,
1318 1570 1490 1605 quodniuito
1510 1570 1696 1598 incredibilius

909 1606 1065 1637 videbatur,
1083 1604 1203 1639 aliquam
1222 1605 1292 1632 viam
1313 1604 1470 1632 invenisset.
1487 1605 1522 1631 At
1547 1612 1600 1638 quo
1625 1606 1695 1632 stul-

911 1640 964 1668 tius
977 1640 1082 1667 videlur
1097 1639 1176 1667 Celso
1195 1641 1276 1667 Deum
1299 1640 1435 1666 hominem
1460 1639 1529 1671 fieri,
1546 1646 1579 1666 eo
1604 1641 1696 1667 acrius

911 1676 962 1702 hoc
977 1675 1134 1710 mysterium
1156 1679 1245 1701 tuetur
1261 1674 1402 1709 Origenes,
1416 1682 1471 1710 nec
1488 1674 1569 1700 aliam
1585 1675 1696 1702 adhibet

892 1735 900 1745 ,
911 1710 949 1737 rei
966 1709 1134 1745 explicanda
1155 1710 1299 1740 rationem,
1315 1717 1399 1744 quam
1424 1717 1439 1735 a
1458 1709 1586 1736 Patrihus
1601 1715 1695 1737 contra

910 1745 1025 1772 Arianos
1045 1744 1180 1777 adhibita;
1198 1751 1248 1779 nee
1272 1745 1324 1770 alia
1347 1748 1516 1778 argumenta,
1531 1751 1611 1778 quam
1637 1752 1698 1779 quae

913 1780 992 1806 Iidem
1007 1779 1073 1806 tanti
1092 1778 1212 1813 mysterii
1230 1778 1321 1806 facere
1335 1778 1450 1813 possint.

949 1824 958 1840 ε
971 1814 999 1841 1η
1016 1812 1126 1841 duobus
1134 1813 1229 1848 primis
1244 1813 1320 1840 libris
1336 1812 1471 1841 refellitur
1483 1812 1605 1846 Judteus,
1616 1820 1697 1848 quem

911 1849 1007 1876 Celsus
1024 1849 1176 1883 loquentem
1191 1848 1294 1876 inducit
1311 1857 1317 1876 :
1334 1854 1362 1876 et
1376 1856 1429 1883 quo
1445 1848 1631 1882 impudentius
1647 1849 1698 1875 iste

913 1886 938 1910 in
949 1884 1050 1912 Christi
1062 1883 1231 1910 divinitatem
1244 1883 1361 1917 jecatnr,
1378 1891 1412 1910 eo
1429 1884 1520 1910 acrius
1531 1891 1590 1910 eam
1608 1888 1698 1909 tuetur

912 1919 1052 1954 Origenes.
1073 1918 1245 1954 Demonstrat
1259 1918 1305 1945 lib.
1325 1926 1344 1949 ι,
1366 1926 1447 1954 num:
1462 1918 1508 1954 54,
1522 1925 1537 1945 a
1558 1919 1698 1954 prophetis

911 1952 1072 1989 praedictum
1088 1960 1149 1989 esse
1166 1953 1334 1980 nasciturum
1345 1960 1378 1980 ex
1402 1963 1410 1980 ι
1428 1952 1550 1988 Virgine,
1566 1953 1611 1979 τὸν
1626 1952 1698 1989 ἐπώ-

912 1987 995 2025 ἰιυμον
1010 1987 1056 2016 τοῦ
1076 1988 1250 2025 πράγματος,
1263 1996 1322 2025 cum
1348 1988 1393 2023 qui
1415 1996 1448 2015 ea;
1459 1987 1488 2025 re
1501 1987 1696 2025 nomenjmliet,

913 2023 975 2059 quia
993 2032 1026 2051 eo
1039 2029 1102 2051 nato
1117 2023 1256 2059 nobiscum
1270 2023 1377 2051 futurus
1392 2027 1450 2050 erat
1468 2024 1577 2059 Deus.)
1594 2023 1699 2056 Quibus

913 2057 1004 2087 verbis
1024 2059 1145 2086 declarat
1162 2058 1312 2089 Christum,
1329 2058 1381 2086 elsi
1405 2057 1563 2085 Emmanuel
1584 2062 1698 2085 vocatus

914 2102 967 2122 non
991 2094 1037 2126 sit,
1054 2101 1084 2121 re
1098 2099 1187 2121 tamen
1203 2098 1230 2120 et
1243 2094 1378 2121 sententia
1401 2093 1602 2120 Emmanuelem
1617 2100 1696 2122 esse;

914 2135 940 2156 et
955 2130 1135 2164 prophetiam.
1156 2135 1216 2162 quae
1244 2128 1448 2156 Emmanuelein
1471 2127 1698 2164 illulindvocatmn

916 2165 947 2191 iri
957 2162 1099 2199 praedixit,
1124 2171 1176 2191 non
1198 2164 1359 2199 verbo.rsed
1384 2162 1696 2199 senstidijudicandam.

913 2197 1052 2226 Christum
1070 2199 1152 2225 Deum
1167 2205 1229 2226 esse
1245 2198 1341 2233 probat
1354 2206 1429 2226 num.
1443 2197 1478 2225 56
1493 2205 1526 2233 ex
1538 2197 1581 2224 his
1601 2197 1696 2232 psalmi

911 2233 1023 2261 verbis:
1041 2242 1050 2259 ι
1066 2233 1151 2260 Sedes
1176 2238 1232 2266 tua,
1246 2232 1343 2265 ’Deus,
1364 2233 1390 2260 iit
1418 2232 1547 2260 saeculum
1580 2232 1670 2259 saeculi
1687 2241 1696 2266 ς

912 2269 989 2296 unxit
1009 2274 1035 2296 te
1056 2268 1139 2300 Deus,
1158 2268 1229 2296 Deus
1250 2273 1311 2295 tuus
1328 2269 1355 2295 in
1370 2273 1500 2295 aeternum
1518 2266 1605 2303 (Paul.
1622 2275 1696 2299 κων,

911 2304 939 2336 7,
955 2305 994 2337 8),
1011 2313 1020 2329 ι
1043 2303 1172 2337 additque
1188 2304 1239 2331 hoc
1255 2303 1359 2337 psalmo
1375 2311 1452 2330 usum
1479 2310 1509 2330 se
1526 2302 1590 2330 olim
1613 2303 1698 2330 fuisse

911 2343 1007 2366 contra
1023 2338 1145 2366 Judaeum
1166 2339 1323 2373 quemdam,
1336 2339 1395 2373 qui,
1413 2345 1474 2365 cum
1489 2339 1584 2372 pedem
1599 2345 1632 2364 ex
1646 2339 1698 2364 hoc

912 2375 971 2401 loco
986 2374 1089 2401 referre
1107 2380 1160 2400 tton
1175 2372 1290 2408 "posset,
1314 2372 1377 2401 illuc
1398 2373 1498 2405 evasit,
1513 2373 1593 2408 utrad
1612 2372 1695 2400 Deum

912 2409 1101 2436 universorum
1114 2407 1210 2436 referri
1226 2409 1325 2436 debere
1335 2408 1520 2437 contenderet.
1533 2407 1618 2435 Nemo
1630 2415 1696 2434 sane

911 2446 1012 2472 dixerit
1024 2445 1168 2479 Origenem
1182 2448 1257 2471 tanto
1272 2449 1338 2471 aestu
1352 2451 1413 2471 cum
1428 2441 1531 2479 Judeeis
1552 2444 1695 2479 decertan-

913 2485 979 2513 tem,
996 2478 1154 2506 aliudnihil
1170 2479 1205 2506 ab
1220 2479 1260 2506 eis
1279 2479 1433 2514 exprimere
1450 2478 1577 2510 voluisse,
1593 2478 1644 2504 nisi
1667 2483 1696 2504 ut

911 2514 1049 2542 Christum
1064 2521 1133 2540 vece
1153 2519 1231 2541 tenus
1246 2514 1398 2541 faterentur
1412 2514 1506 2540 Deum.

949 2559 958 2575 ι
976 2549 1082 2576 Ridenti
1095 2548 1197 2581 Iudaeo,
1218 2556 1292 2576 num.
1306 2549 1341 2577 58
1361 2553 1389 2576 et
1403 2548 1448 2580 60,
1461 2547 1531 2580 quod
1545 2546 1663 2574 Chaldaei
1678 2554 1695 2573 a

911 2585 974 2613 Jesu
988 2585 1028 2619 ,ad
1050 2591 1112 2611 eum
1134 2583 1266 2611 infantem
1285 2583 1453 2619 adorandum
1470 2582 1695 2619 tractildiccren-

912 2626 972 2653 tur;
989 2617 1140 2653 'respomlet
1160 2627 1253 2654 magos
1275 2619 1337 2647 illos
1350 2623 1378 2646 et
1396 2617 1479 2645 stellae
1498 2617 1618 2644 novitate
1632 2624 1694 2654 per—

912 2657 1013 2687 culsos,
1028 2652 1055 2681 et
1069 2654 1178 2681 Balaam
1201 2652 1305 2681 oraculi
1323 2660 1458 2681 memores
1473 2660 1505 2687 ac
1523 2653 1593 2679 forte
1611 2652 1695 2680 etiam

915 2692 983 2718 artis
995 2686 1051 2718 suae
1068 2689 1201 2716 inanitate
1214 2693 1353 2723 perspecta
1375 2687 1477 2715 nullum
1493 2686 1558 2723 jaﬂl
1570 2687 1697 2715 haberetis

911 2727 1025 2758 exitum,
1042 2725 1150 2752 venisse
1167 2724 1194 2751 in
1214 2721 1349 2757 lumbam,
1365 2728 1392 2751 et
1413 2721 1507 2751 aurum
1530 2721 1638 2750 Christo
1667 2729 1697 2750 ut

913 2762 981 2795 regi,
997 2760 1135 2796 myrrham
1148 2765 1183 2796 ut
1196 2760 1338 2791 morituro,
1353 2760 1424 2796 thus_
1436 2762 1468 2784 ut
1488 2758 1546 2796 Deo_
1554 2758 1695 2786 obtulisse.

911 2793 1004 2830 Addit,
1021 2793 1149 2831 Quoniam
1169 2794 1240 2822 Deus
1256 2798 1317 2821 erat
1331 2796 1364 2827 is,
1378 2793 1426 2829 qui
1445 2793 1581 2831 potentior
1593 2796 1697 2828 angelis

913 2829 1042 2861 Senator
1060 2831 1170 2860 humani
1187 2831 1295 2867 generis
1317 2834 1438 2864 venerat,
1459 2829 1582 2864 angelum
1601 2830 1697 2864 pietati
