1904 3077
185 128 239 157 795

820 126 849 153 P.
869 123 1027 152 DANlELlS
1047 122 1164 151 HUETII

1765 114 1815 156 796

186 187 263 215 κόνει.
275 188 335 219 ταῖς
353 186 423 213 κατὰ
442 186 472 212 τὸ
498 185 609 212 δυνατὸν
625 186 690 220 ἡμῖν
706 184 820 216 ἱκεσίαις
835 185 882 212 καὶ
896 183 975 216 ἀξιώ-

1034 183 1109 210 leut:
1128 192 1137 208 ι
1153 182 1221 216 Quia
1235 183 1316 218 igitur
1333 183 1459 212 Salvator
1473 183 1612 215 Creatoris
1625 189 1668 212 est
1684 184 1780 217 Filius,
1790 186 1815 212 in

187 241 246 260 αισι
260 234 383 268 σέϐομεν.
397 233 580 268 προσάγοντες
588 231 626 266 τῷ
641 231 701 267 Θεῷ
714 231 768 258 τῶν
780 231 848 258 ὅλων
867 231 916 262 τὰς
933 232 974 257 εὑ-

186 280 236 316 χὰς
249 279 293 305 διὰ
307 278 353 305 τοῦ
367 278 534 312 Μονογενοῡς
546 277 629 304 αὐτοῦ
637 274 658 311 ᾧ
669 277 776 313 πρῶτον
785 277 973 313 προσφέρομεν

186 325 282 356 αὑτὰς,
295 324 431 356 ἀξιοῦντες
439 324 531 356 αὑτὸν,
545 324 657 359 ἱλασμὸν
668 323 733 351 ὄντα
746 324 810 359 mp!
823 324 877 350 τῶν
885 325 974 359 ἁμαρ-

186 371 250 398 τιῶν
261 370 349 406 ἡμῶν,
363 372 548 406 προσαγαγεῖν
563 371 601 403 ὡς
611 371 741 407 ἀρχιερέα
757 371 807 402 τὰς
821 370 913 405 εὐχὰς,
927 370 974 396 καὶ

185 417 234 448 τὰς
250 417 355 449 Θυσίας,
365 417 468 448 καὶτὰς
483 417 617 450 ἐντεύξεις
629 417 707 452 ἡμῶν
717 417 756 453 τῷ
764 417 809 443 ἐπὶ
823 417 890 443 πᾶσι
903 416 972 452 Θεῷ·

185 470 211 492 et
228 463 350 495 inferius,
364 473 439 491 nunt.
456 463 490 490 26
505 473 511 490 :
526 464 607 499 Μόνῳ
622 464 677 499 γὰρ
686 463 868 499 προσευκτέον
881 462 920 498 τῷ
928 463 975 489 ἐπὶ

185 510 240 536 πᾶν
249 509 317 545 Θεῷ,
333 509 381 537 καὶ
392 509 572 545 προσευκτέον
585 517 615 543 γε
624 508 662 544 τῷ
674 509 831 542 Μονογενεῖ,
842 508 889 535 καὶ
900 517 975 544 πρωί

184 556 288 592 τοτόκῳ
304 557 393 592 πάσης
405 556 531 588 κτίσεως,
545 555 623 590 Λόγῳ
635 555 714 586 Θεοῦ,
728 555 775 581 καὶ
790 554 918 586 ἀξιωτέον
930 554 976 580 αὐ-

184 602 240 634 τὸν,
252 602 289 634 ὡς
304 602 443 638 ἀρχιερέα,
457 601 506 636 τὴν
519 602 562 627 ἐπ’
577 601 658 628 αὑτὸν
677 601 819 634 φθάσασαν
832 600 911 636 ἡμῶν
931 600 976 626 εὑ-

183 647 236 684 χὴν
251 648 397 683 ἀναφέρειν
411 648 456 674 ἐπὶ
478 647 522 674 τὸν
539 647 604 673 Θεὸν
617 647 710 678 αὑτοῦ,
729 647 776 673 καὶ
796 646 862 673 Θεὸν
884 645 973 681 ἡμῶν.

184 695 337 728 Aliquando
354 700 442 721 tamen
461 695 493 720 ad
509 693 625 720 Vcrhunt
642 701 736 727 preces
751 692 862 728 allegari
875 699 974 719 conce-

186 741 238 773 dit,
253 748 306 768 non
321 741 398 776 quasi
414 741 469 768 Deo
484 741 557 768 Patri
573 740 735 772 offerendas.
758 741 805 769 sed
823 741 899 776 quasi
913 741 974 768 Filii

186 787 271 821 ipsius
286 788 425 823 proprias;
444 795 494 815 nec
521 792 649 822 tanquam
665 788 698 814 ad
716 787 839 823 μεσίτην,
853 788 900 814 scd
915 792 975 814 tan-

187 842 268 867 quam
283 834 316 860 ad
333 835 418 868 ipsum
446 834 514 861 bona
532 841 580 868 per
594 840 624 861 se
644 834 798 861 hominibus
815 834 906 870 largiti
926 841 973 859 va-

185 879 295 907 lentem.
315 879 351 906 lta
364 880 409 906 lib.
425 887 450 912 ν,
469 887 543 906 nunt.
562 880 590 907 ll
607 888 614 906 :
640 879 700 906 Κᾶν
719 880 756 915 μὴ
769 880 928 916 τηλικοῦτος
945 880 974 907 δέ

185 933 227 955 τις
239 922 267 959 ᾖ,
278 924 353 951 οὐδὲν
362 922 441 960 ἦττον
450 924 496 950 καὶ
508 925 522 950 ὁ
531 924 651 956 τοιοῦτος
662 924 782 959 εὐχέσθω
792 923 830 960 τῷ
842 924 919 959 Λόγῳ
927 923 975 950 τοῦ

186 968 253 995 Θεοῦ
267 968 409 1003 δυναμένῳ
421 969 502 995 αὑτὸν
523 967 660 1000 ἰάσασθαι,
672 969 719 995 καὶ
733 969 822 1004 πολλῷ
844 969 924 996 πλέον
936 969 975 1005 τῷ

185 1014 274 1050 Πατρὶ
290 1015 383 1047 αὐτοῦ,
408 1015 446 1047 ὡς
467 1015 514 1042 καὶ
530 1017 586 1047 τοῖς
603 1015 735 1051 πρότερον
753 1015 867 1048 δικαίοις
890 1016 974 1049 ἐξαπ-

186 1061 290 1088 έστειλε
301 1062 346 1088 τὸν
361 1062 446 1096 Λόγον
464 1062 573 1095 ἑαυτοῦ,
589 1062 636 1088 καὶ
653 1061 747 1088 ίάσατο
766 1063 873 1094 αὐτούς.
894 1062 976 1089 Multo

186 1108 272 1142 magis
290 1107 466 1142 rogarijttbet
484 1107 593 1134 Patrem
615 1116 695 1142 quatit
710 1107 818 1140 Filium,
843 1113 870 1135 et
885 1109 974 1135 inten-

187 1153 249 1179 tiori
265 1159 297 1179 ac
309 1152 445 1179 humiliori
460 1153 593 1180 oratiotte.
613 1153 702 1187 Atque
716 1152 742 1180 id
758 1153 809 1180 sibi
822 1152 915 1180 volunt
926 1153 976 1180 Pa-

186 1203 253 1230 tres,
270 1205 330 1224 cum
348 1197 466 1225 clamant
478 1198 579 1226 dixisse
593 1198 667 1225 illuni
686 1206 739 1226 non
763 1207 823 1227 esse
839 1199 973 1226 orandum

186 1250 247 1269 cum
260 1242 342 1269 Patre
357 1242 452 1269 Filium
466 1250 473 1274 ;
490 1242 540 1270 ltoc
558 1247 610 1275 est,
629 1250 683 1271 non
705 1251 765 1271 esse
780 1244 913 1271 orattdum
929 1243 974 1271 iti-

185 1287 247 1314 dent
264 1292 294 1314 ut
313 1287 420 1314 Patrem
445 1286 554 1314 Filium.
575 1287 650 1316 Nunc
672 1288 760 1316 facilis
776 1294 818 1316 est
831 1295 976 1317 sexcento-

187 1339 246 1359 runt
262 1333 383 1360 locorum
397 1333 559 1365 intellectus,
575 1334 602 1361 itt
623 1334 721 1369 quibus
734 1335 842 1362 Patrem
856 1343 917 1363 cum
930 1335 975 1362 Fi-

187 1377 224 1405 lio
239 1378 309 1405 nulla
326 1379 492 1413 precationis
509 1380 630 1407 adhibita
654 1381 830 1408 distinctione
850 1381 976 1416 interpel-

187 1423 244 1451 lat:
260 1425 347 1459 qualis
360 1425 403 1452 ille
416 1430 457 1452 est
472 1433 504 1452 ex
525 1425 617 1452 llOtllll.
631 1426 648 1453 4
675 1426 701 1453 in
717 1426 827 1459 Jerem.,
843 1435 919 1454 num.
933 1427 950 1454 6
965 1436 972 1455 :

190 1480 200 1497 ι
215 1470 281 1499 Cum
298 1476 388 1498 autetn
415 1471 556 1506 plenitudo
573 1473 692 1506 gentium
723 1473 879 1505 introierit,
910 1479 974 1502 tunc

187 1518 277 1544 omnis
292 1517 374 1545 Israel
394 1517 485 1545 salvus
501 1518 554 1545 erit
567 1518 601 1552 “,
618 1524 643 1545 et
653 1519 697 1553 ﬁet
715 1527 783 1546 unus
796 1527 859 1554 great
870 1524 893 1546 et
908 1528 975 1547 unus

189 1568 282 1598 patitor
294 1563 328 1596 ⁸³,
344 1563 444 1591 docens
462 1564 488 1590 in
507 1571 652 1591 commune
678 1565 806 1599 populum
823 1572 901 1592 suum
917 1573 975 1592 ma-

187 1610 316 1644 gnilicare
322 1610 534 1644 omnipotentem
543 1609 685 1638 Dominum
695 1617 757 1638 cum
766 1610 874 1638 Christo
882 1610 956 1644 Jesn;
963 1621 972 1638 ι

187 1659 215 1682 et
227 1655 269 1682 ille
283 1663 317 1683 ex
338 1655 432 1683 homil.
453 1656 486 1683 12
504 1656 531 1682 in
553 1655 662 1690 Euan,
681 1664 755 1683 ttum.
770 1656 787 1683 5
803 1666 810 1683 :
832 1666 841 1682 ι
857 1656 890 1684 Ut
903 1665 974 1684 nun-

187 1710 269 1736 quam
289 1703 322 1730 ad
349 1702 454 1729 radices
482 1707 590 1730 nostras
606 1707 724 1737 ponatur
745 1704 858 1736 securis,
873 1711 932 1738 qum
948 1705 974 1733 in

189 1747 334 1783 Evangelia
359 1748 534 1783 prtedicatur,
563 1749 694 1777 attentius
719 1748 811 1777 Jesnm
836 1750 974 1778 Christum

189 1793 332 1821 Dominum
348 1799 470 1832 n_ostrunt
495 1802 556 1821 cum
580 1793 660 1822 Patre
676 1802 725 1822 suo
745 1802 904 1830 precemur;
923 1805 932 1822 ι
947 1801 975 1824 ct

188 1838 232 1865 ltic
243 1846 275 1865 ex
290 1838 382 1866 bomil.
401 1839 434 1866 l5
450 1839 477 1865 in
491 1839 553 1865 Luc.
569 1846 577 1866 :
592 1847 601 1864 ι
616 1839 653 1867 Ut
670 1839 753 1873 igitur
769 1844 795 1866 et
808 1847 856 1867 nos
872 1845 974 1868 stantes

189 1885 216 1911 ιιι
231 1885 342 1919 templo,
357 1890 384 1912 et
406 1890 527 1912 tenentes
540 1885 586 1912 Dei
601 1885 711 1918 Filium,
735 1885 974 1921 amplexantesqne

189 1938 261 1964 euut,
278 1931 351 1966 digni
365 1931 524 1958 remissione
538 1936 565 1957 et
575 1930 744 1965 profectione
757 1931 790 1958 ad
809 1931 919 1958 meliora
936 1932 968 1959 si-

190 1984 260 2009 mus,
276 1978 602 2012 oremusomnipoteutem
618 1977 713 2010 Deum,
723 1985 832 2005 orentus
846 1983 872 2005 et
887 1979 974 2012 ipsum

191 2025 330 2057 parvulum
344 2023 447 2054 Jesnut,
463 2031 544 2058 quem
565 2023 665 2058 alloqui
683 2028 710 2050 et
729 2029 821 2051 tenere
838 2024 975 2052 desidera-

191 2077 250 2096 mus
262 2070 287 2096 in
303 2069 438 2103 brachiis;
455 2079 464 2095 ι
478 2074 505 2097 et
517 2069 585 2097 alter
600 2070 650 2096 iste
666 2069 800 2096 exbontil.
812 2069 845 2096 l8
860 2069 886 2096 in
902 2078 977 2097 eum-

229 2127 252 2148 ⁸·
264 2128 341 2155 Rom.
358 2136 397 2161 ιι,
412 2127 457 2160 25,
476 2127 521 2156 ‘26.
561 2127 584 2142 "
598 2126 676 2154 Joan.
691 2135 717 2160 ι,
732 2126 777 2154 16.

1025 236 1168 256 commune
1187 228 1293 256 Patrem
1311 228 1463 265 Filiumqne
1485 229 1638 262 laudemtts,
1666 230 1747 264 cujus
1763 230 1814 265 lex,

1025 275 1103 308 cujus
1116 280 1144 302 ct
1159 274 1287 309 templum
1301 280 1360 308 est;
1377 284 1386 300 ι
1403 280 1430 302 et
1443 275 1538 303 ltomil.
1554 276 1588 302 57
1619 276 1645 302 in
1664 275 1793 303 eumdem
1808 285 1814 302 :

1029 329 1037 346 ι
1058 319 1204 355 Propterea
1215 320 1319 347 Domini
1341 321 1556 348 misericordiam
1571 322 1763 356 deprecemur,
1786 329 1818 348 ne

1026 367 1103 394 nobis
1121 366 1273 394 tacentibus
1289 366 1393 401 lapides
1406 367 1557 400 clamitent,
1572 367 1620 394 sed
1631 367 1780 402 loquamur
1792 372 1818 394 et

1025 413 1165 441 laudemus
1176 414 1259 441 Deum
1272 414 1298 441 in
1314 414 1405 448 Patre,
1417 420 1444 442 et
1453 414 1530 447 Filio.
1542 419 1569 442 et
1578 414 1682 449 Spiritu
1691 420 1815 443 sancto.-

1025 461 1103 489 Orari
1121 461 1230 496 quidem
1244 462 1351 489 Patrem
1366 461 1443 497 jubet
1460 467 1487 490 et
1509 462 1619 496 Filiutn,
1636 462 1684 491 sed
1703 462 1818 490 diverso

1025 514 1124 542 genere
1138 507 1280 534 orationis.

1062 551 1146 579 XXX.
1160 551 1331 580 Postremum
1346 552 1396 581 ltoc
1412 553 1591 588 obiiciendum
1605 553 1681 580 venit
1692 552 1816 587 Origcni,

1026 598 1166 633 opinatum
1177 607 1240 626 eum
1263 599 1373 626 humani
1400 599 1613 634 redemptionem
1628 600 1741 635 generis
1756 598 1818 634 Spi-

1027 644 1109 672 ritum
1122 649 1247 672 sanctum
1259 645 1430 680 potissimum
1447 645 1586 678 decuisse;
1611 650 1694 679 atque
1716 645 1744 671 id
1761 653 1818 671 ιιιιι-

1027 697 1077 718 nus
1094 698 1154 717 cum
1168 691 1244 718 obire
1260 699 1291 719 ac
1309 692 1445 719 sustinere
1459 692 1616 726 neutiquam
1629 696 1736 726 posci.
1750 691 1818 719 Filio

1026 736 1198 770 imposuisse,
1216 742 1310 771 utpote
1335 737 1381 772 qui
1411 745 1482 765 unus
1507 743 1581 765 recte
1594 739 1686 772 quiret
1702 738 1817 772 provin-

1026 781 1094 808 ciam
1121 783 1191 810 lianc
1211 783 1414 810 administrare.
1427 782 1534 810 Prostat
1552 788 1737 810 commentum
1755 783 1818 810 iii-.tc'

1028 832 1092 854 tom.
1118 835 1136 854 tt
1150 847 1157 860 ,
1175 827 1202 854 in
1226 827 1318 859 10am,
1336 835 1411 854 nttm.
1429 826 1445 854 6
1460 827 1516 863 (21)
1535 837 1541 854 :
1559 828 1593 855 Ἢ
1607 827 1679 862 τάχα
1695 827 1756 853 ἐστὶ
1771 827 1818 853 καὶ

1024 872 1102 899 τοῦτο
1123 874 1222 905 εἰπεῖν,
1235 874 1276 900 ὅτι
1292 873 1376 900 ἐδεῖτο
1390 874 1406 909 ἡ
1424 874 1512 905 κτίσις
1523 874 1592 909 ὑπὲρ
1610 873 1656 900 τοῦ
1669 873 1818 908 ἐλευθερω⁴

1025 918 1103 954 θῆναι
1118 920 1171 946 ἀπὸ
1180 920 1228 954 τῆς
1244 919 1365 951 δουλείας
1381 920 1430 956 τῆς
1443 920 1556 955 φθορᾶς,
1568 920 1635 947 ἀλλὰ
1651 920 1700 946 κα)⁴
1715 919 1747 946 τὸ
1764 919 1817 945 τῶν

1024 964 1176 1000 ἀνθρώπων
1183 965 1271 999 γένος,
1287 966 1424 1001 μακαρίας
1439 965 1487 992 καὶ
1501 965 1576 997 θείας
1587 965 1731 999 δυνάμεως
1745 962 1818 991 ἔναν-

1025 1009 1199 1046 θρωπούσης,
1212 1011 1273 1046 ἣτις
1287 1010 1464 1046 διορθώσεται
1478 1011 1524 1037 καὶ
1534 1010 1568 1037 τὰ
1579 1011 1625 1037 ἐπὶ
1638 1010 1688 1045 τῆς
1700 1010 1763 1045 γῆς.
1773 1011 1818 1036 καὶ

1024 1055 1143 1092 ὡσπερεὶ
1157 1056 1290 1083 ἐπέϐα).λέ
1306 1065 1363 1088 πως
1380 1057 1419 1092 τῷ
1439 1057 1509 1092 ἁγίῳ
1530 1056 1667 1092 Πνεύματι
1683 1057 1699 1091 ἠ
1718 1055 1817 1090 πρᾶξις

1026 1101 1105 1137 αὕτη,
1116 1102 1211 1137 ἥντινα
1222 1102 1368 1138 ὑπομένειν
1381 1103 1412 1129 οὐ
1423 1103 1570 1138 δυνάμενον
1578 1101 1762 1136 προϐάλλεται
1773 1101 1818 1127 τὸν
1832 1102 1834 1105 ’

1025 1147 1148 1182 Σωτῆρα,
1162 1147 1200 1179 ὡς
1219 1147 1249 1174 τὸ
1262 1147 1419 1184 τηλικοῦτον
1435 1145 1515 1174 ἆθλον
1537 1147 1615 1183 μόνον
1632 1148 1756 1182 ἐνεγκεῖν
1771 1146 1814 1173 δν-

1025 1192 1150 1228 νάμενον.
1162 1192 1262 1220 Contra
1275 1200 1334 1220 eaut
1346 1193 1501 1228 opinionem
1513 1197 1679 1228 consurgunt
1694 1192 1817 1219 universi

1025 1235 1131 1268 Patres.
1150 1241 1176 1264 et
1193 1244 1248 1271 pra:
1262 1237 1374 1272 reliquis
1385 1237 1526 1265 Trinitatis
1538 1242 1638 1265 sanctae
1652 1237 1779 1271 personis
1793 1237 1818 1264 id

1025 1282 1114 1316 operis
1126 1281 1194 1309 Filio
1214 1282 1349 1317 prtecipue
1363 1282 1521 1309 convertisse
1535 1283 1736 1312 demonstrant,
1751 1289 1817 1308 cau-

1026 1320 1125 1361 susque
1138 1326 1220 1360 huius
1238 1326 1353 1353 reddunt
1380 1326 1543 1360 multiplices
1562 1332 1589 1353 et
1616 1327 1731 1358 validas,
1749 1334 1818 1361 qna-

1026 1380 1085 1400 rum
1102 1373 1146 1400 ltic
1162 1372 1315 1407 explicandi
1331 1373 1406 1400 locus
1422 1381 1475 1400 non
1493 1378 1545 1400 est.
1558 1373 1665 1400 Patrem
1681 1378 1774 1400 tamen
1786 1380 1818 1399 ac

1028 1418 1159 1454 Spiritum
1173 1423 1296 1446 sanctum
1314 1418 1409 1446 eodem
1424 1418 1514 1446 ollicio
1529 1419 1601 1446 haud
1617 1426 1697 1446 secus
1715 1426 1748 1446 ac
1768 1419 1816 1446 Fi-

1026 1465 1091 1492 lium
1109 1465 1217 1500 defungi
1229 1466 1349 1500 potuisse
1359 1465 1511 1492 communis
1525 1471 1565 1492 est
1583 1465 1609 1492 Et
1619 1465 1709 1492 clesia:
1721 1465 1818 1492 catho-

1027 1510 1086 1538 licae
1105 1510 1240 1543 doctrina,
1254 1518 1370 1545 eamque
1387 1514 1477 1537 tuetur
1489 1509 1607 1537 Thomas
1625 1514 1697 1544 part.
1726 1516 1768 1541 ιιι,
1788 1517 1816 1542 q.

1029 1556 1058 1588 5,
1071 1564 1098 1583 a.
1113 1555 1140 1583 5.
1159 1556 1243 1584 Favet
1259 1556 1436 1583 nihilominus
1449 1555 1557 1591 Origeui
1579 1555 1734 1587 Attselmus,
1748 1555 1794 1590 qui
1809 1576 1817 1587 ,

1030 1603 1082 1630 alio
1111 1602 1227 1631 fortasse
1251 1610 1398 1638 persuasus
1414 1606 1572 1638 argumento
1602 1609 1654 1629 non
1670 1602 1753 1628 aliam
1770 1595 1817 1636 pit—

1030 1648 1114 1676 luisse
1134 1648 1209 1676 carni
1228 1656 1283 1676 sua:
1305 1648 1429 1676 humana:
1445 1647 1542 1684 illigari
1575 1654 1720 1682 personam
1736 1655 1818 1682 quam

1030 1693 1126 1721 Filium
1141 1693 1210 1721 dixit
1221 1694 1247 1722 in
1259 1702 1293 1722 eo
1307 1701 1400 1728 opere,
1410 1693 1454 1721 cui
1466 1693 1571 1721 titulum
1589 1693 1664 1724 fecit,
1675 1692 1732 1720 Cur
1749 1692 1818 1719 Deus

1029 1739 1115 1766 homo.
1136 1748 1145 1765 ι
1164 1738 1297 1772 Quoniam
1317 1746 1392 1773 ergo,
1417 1738 1516 1773 inquit,
1542 1737 1680 1772 quodlibet
1703 1745 1816 1772 parvum

1028 1783 1222 1811 inconveniens
1239 1785 1265 1810 in
1286 1784 1340 1811 Deo
1351 1789 1392 1812 est
1405 1783 1582 1818 impossibile,
1595 1791 1646 1810 non
1658 1783 1751 1810 debuit
1763 1783 1816 1809 alia

1027 1837 1143 1864 persona
1160 1830 1310 1862 incarnari,
1328 1837 1409 1864 quam
1428 1829 1524 1856 Filius.
1540 1838 1549 1855 ι

1308 1875 1471 1908 ΟΟΑΞΞΤΙΟ
1491 1875 1533 1902 lll.

1044 1927 1077 1946 DE
1093 1928 1216 1953 CIIRISTO,
1233 1929 1347 1952 EJUSQL'E
1370 1929 1582 1952 INCARNATIONE,
1596 1928 1630 1948 ΕΤ
1646 1928 1803 1948 (ΣΕΟΝΟΙῙΙΑ.

1029 1967 1047 1994 1.
1069 1967 1191 1995 Plurima
1209 1969 1241 1994 de
1252 1967 1356 1995 Christo
1375 1969 1473 1994 absona
1489 1967 1612 2002 Origenes
1629 1968 1751 1999 opinatus
1768 1973 1816 1993 cst.

1064 2003 1094 2030 ll.
1109 2002 1202 2029 Utrum
1219 2003 1351 2029 Christum
1364 2003 1571 2030 substantialiter
1588 2005 1613 2029 in
1635 2002 1741 2037 Moyse,
1756 2010 1818 2035 pra-

1065 2038 1148 2072 pltetis
1169 2043 1193 2064 et
1219 2039 1320 2072 angelis
1346 2038 1464 2072 adfuisse
1483 2038 1602 2064 seruerit.
1626 2037 1668 2064 ΙΙΙ.
1684 2036 1687 2037 ⁷
1703 2036 1816 2062 Patrum

1067 2073 1209 2100 multorum
1229 2081 1336 2099 assensu
1350 2078 1374 2100 et
1392 2081 1440 2100 sua
1456 2072 1537 2107 ipsius
1557 2073 1729 2107 ﬂuctuatione
1743 2072 1817 2103 iuvu-

191 2191 218 2214 et
233 2185 330 2212 Filium
355 2192 406 2212 non
425 2184 570 2220 arctiorem
589 2183 816 2220 conjunctiopem,
839 2191 919 2218 quam
935 2184 976 2211 in-
992 2189 1014 2218 ι)
1029 2186 1159 2217 xurianti.
1190 2186 1260 2213 hanc
1286 2184 1468 2220 conjecturam
1488 2184 1625 2220 proponit,
1641 2183 1657 2219 ἢ
1674 2184 1747 2220 τάχα
1760 2186 1818 2212 ἐστὶ

193 2227 233 2248 ter
248 2220 338 2246 lldeles
355 2219 482 2246 admitti?
497 2219 670 2254 Nequaquam
689 2219 820 2253 profecto,
841 2220 976 2253 siquidem

193 2255 354 2284 identitatem
377 2255 525 2282 voluntatis
547 2255 645 2281 ibidettt
663 2254 689 2280 in
706 2258 820 2287 utroque
840 2254 973 2282 defendit.

193 2290 251 2317 Non
279 2289 364 2324 magis
389 2291 559 2316 ntetuendunt
577 2290 628 2316 hoc
646 2288 706 2315 loco
732 2294 784 2324 est,
808 2296 842 2315 ne
857 2289 976 2316 debitam

193 2325 264 2354 Filio
280 2323 462 2350 ado’ralionetn
479 2325 558 2351 laedat
573 2325 686 2358 petitum
700 2331 731 2350 ex
756 2323 823 2350 Isaia
841 2325 978 2351 adoratio-

195 2362 238 2388 ttis
247 2359 410 2393 exeniplunt.
426 2374 456 2379 —
475 2359 503 2386 Ι).
520 2358 646 2385 Prudent.
662 2358 769 2391 Manu,
788 2358 824 2385 De
843 2359 979 2386 divinitate

196 2395 293 2422 Christi
311 2393 358 2420 lib.
374 2401 411 2425 tv,
433 2401 492 2427 cap.
507 2393 551 2423 16,
569 2401 643 2420 num.
659 2393 673 2418 7
697 2399 724 2420 et
738 2395 764 2419 8.
783 2393 846 2421 Vide
869 2394 979 2428 insuper

197 2435 276 2458 notas
290 2429 388 2455 eruditi
407 2429 483 2463 At:in
501 2429 526 2455 itt
545 2429 641 2455 libruttt
656 2428 781 2461 Origenis
795 2428 832 2454 De
846 2429 978 2460 oratione,

196 2466 246 2492 sub
260 2465 340 2491 tinetn
358 2465 421 2490 Iomi
452 2464 536 2490 nostri
560 2463 668 2498 prioris.
688 2463 755 2490 Vide
769 2468 796 2489 et
811 2463 916 2490 Bullum
932 2463 981 2490 De-

197 2500 263 2560 ἔξω.
277 2498 477 2560 [ἰάσῖἔίεωιιω.
491 2499 524 2526 de
531 2497 590 2526 Filii
602 2497 864 2534 eqibpooooiqwecl.
879 2498 906 2531 Ξ,
919 2506 980 2533 cap.

217 2555 225 2560 .
239 2543 313 2560 ιιιιιιι.
365 2553 371 2560 .

197 2536 225 2563 9.
239 2543 313 2561 nunt.
330 2535 371 2560 l5.

217 2555 413 2605 ’ίὲῖίῷινδιιαι
425 2574 598 2596 commentum
623 2567 690 2594 illud
708 2572 771 2594 tam.
788 2575 811 2605 tt
835 2568 863 2595 in
886 2567 980 2605 ¹ιοαιιη

199 2613 271 2632 num.
287 2605 313 2631 6.
329 2605 365 2630 Eo
378 2604 435 2631 loco
449 2605 546 2639 quaerit
558 2604 686 2639 Origenes
697 2604 831 2636 quoutodo
846 2604 902 2630 lieri
920 2611 982 2638 pos—

200 2641 276 2671 sit,si
291 2640 408 2674 Spiritus
423 2637 533 2666 sanctus
552 2646 600 2672 per
622 2637 719 2664 Filium
744 2638 859 2671 exsistit,
878 2644 907 2664 ιιι
927 2639 982 2672 ipse

201 2675 285 2702 Filius
297 2675 365 2708 apud
380 2673 473 2700 Isaiam
487 2674 598 2700 missum
612 2682 640 2700 se
651 2674 721 2699 dicat
733 2681 746 2699 a
761 2673 874 2700 Domino
883 2678 910 2700 et
922 2673 982 2706 Spi—

202 2711 254 2737 ritu
273 2707 340 2744 ejus.
355 2709 504 2743 ReSpondet
519 2709 617 2742 prittto,
633 2717 642 2733 t
652 2708 762 2735 missum
777 2715 836 2744 esse
847 2707 982 2744 Christum

202 2752 217 2772 a
236 2743 349 2778 Spiritu,
367 2751 418 2770 non
431 2745 501 2777 quod
519 2746 540 2770 is
558 2750 652 2770 natura
667 2743 839 2778 pra-stantior
865 2744 911 2773 sit,
933 2743 980 2768 sed

202 2777 312 2814 propter
326 2779 502 2814 oeconomiam
519 2779 711 2805 incarnationis
723 2777 846 2814 Filiiliei
861 2777 985 2814 Salvato-

202 2812 241 2841 i-is
251 2812 295 2848 qui
319 2821 348 2840 se
368 2813 436 2840 inl'ra
453 2813 582 2847 Spiritutn
605 2813 750 2840 imminuit.
767 2821 776 2838 ι
793 2812 893 2848 Deinde
906 2819 982 2848 vero.

203 2853 231 2876 ut
243 2846 302 2876 erat
316 2849 421 2882 ingenio
436 2848 461 2875 ιιι
478 2848 610 2881 ejusmodi
626 2849 706 2876 rebus
729 2847 915 2878 excogitandis
940 2846 983 2873 lu-

1028 2222 1076 2249 καὶ
1090 2221 1169 2248 τοῦτο
1185 2221 1272 2247 εἰπεῖν
1291 2221 1331 2247 ὅτι
1346 2220 1430 2247 ἐδεῖτο
1454 2221 1471 2255 ή
1486 2220 1584 2252 κτίσις,
1598 2225 1651 2246 etc.
1681 2220 1818 2254 anlicent

1029 2257 1074 2284 hic
1091 2264 1212 2283 errarem
1229 2257 1343 2290 castigat
1359 2255 1485 2283 lluetius.
1507 2255 1559 2282 Sed
1580 2255 1621 2281 vir
1637 2255 1814 2290 doctissimus

1030 2292 1118 2319 minus
1128 2289 1319 2318 animadvertit
1340 2291 1404 2317 illud
1430 2290 1559 2325 ὡσπερεὶ,
1584 2290 1653 2324 quod
1671 2289 1818 2323 Origenctn

1030 2327 1117 2361 ﬁgura
1136 2326 1251 2360 quadam
1268 2326 1399 2353 orationis
1411 2327 1449 2352 uti
1465 2326 1642 2355 demonstrat.
1666 2332 1699 2351 ac
1715 2333 1820 2360 nequa-

1030 2369 1112 2396 quam
1129 2362 1219 2388 dicere
1245 2361 1460 2388 incarnationem
1479 2361 1590 2395 Spiritui
1609 2364 1703 2386 sattcto
1729 2361 1818 2393 potis-

1030 2398 1127 2424 siutnm
1152 2398 1322 2428 convenisse,
1350 2403 1465 2430 cumque
1483 2396 1533 2422 hoc
1550 2403 1649 2422 munus
1681 2397 1819 2422 sustinere

1031 2439 1083 2458 nott
1100 2432 1238 2466 potttisse;
1257 2433 1304 2458 scd
1320 2432 1395 2465 quasi
1409 2440 1432 2457 ei
1453 2432 1620 2466 conveniret,
1633 2437 1664 2456 ac
1679 2430 1818 2458 sustinere

1033 2474 1085 2493 non
1100 2465 1203 2500 posset,
1220 2466 1256 2492 ita
1271 2465 1406 2493 Salvatori
1423 2465 1561 2492 detulisse.
1583 2465 1650 2491 Nam
1662 2473 1729 2500 cum
1742 2472 1820 2492 certo

1033 2499 1276 2535 teneretOrigenes
1287 2500 1383 2527 Filium
1394 2500 1494 2535 Spirittt
1505 2504 1598 2527 sancto
1616 2499 1744 2533 majorem
1758 2507 1819 2527 esse

1034 2536 1139 2563 ratione
1149 2536 1272 2569 originis,
1292 2544 1341 2562 nec
1352 2536 1385 2562 ab
1400 2544 1434 2563 eo
1451 2535 1520 2562 mitti
1535 2543 1624 2569 posse,
1640 2535 1743 2569 quippe
1756 2543 1818 2561 cum

1033 2571 1148 2605 Spiritus
1162 2576 1272 2598 sanctus
1282 2578 1330 2604 per
1342 2570 1437 2597 Filium
1450 2571 1575 2602 exsistat,
1585 2570 1625 2597 sic
1636 2571 1712 2605 Isaia:
1729 2569 1818 2596 locutu

1033 2604 1221 2640 explicandum
1236 2606 1355 2640 putavit,
1369 2610 1398 2632 ιιι
1414 2605 1496 2632 Filius
1510 2612 1563 2632 non
1579 2610 1606 2631 ιιι
1619 2612 1633 2631 a
1648 2604 1818 2639 tnajore,sed

1034 2647 1062 2668 ut
1077 2649 1092 2666 a
1109 2648 1225 2674 persona
1238 2647 1271 2666 ex
1289 2641 1348 2674 ipso
1360 2641 1523 2675 procedente
1539 2646 1566 2667 et
1582 2641 1632 2667 ltot:
1652 2647 1752 2675 munus
1770 2641 1820 2666 lto-

1034 2676 1109 2702 noris
1128 2683 1209 2702 causa
1225 2674 1368 2702 deferente
1384 2676 1482 2702 missus
1505 2676 1650 2702 diceretur.
1666 2674 1817 2701 Perabsur-

1034 2711 1097 2737 dunt
1112 2717 1176 2744 ergo
1193 2710 1261 2737 foret
1276 2710 1301 2736 id
1316 2710 1387 2744 quod
1402 2712 1532 2743 Origenes
1547 2718 1598 2737 ase
1611 2709 1675 2744 tingi
1685 2709 1818 2741 declarat,

1035 2750 1064 2772 ιιι
1079 2745 1313 2779 gertnanissitnant
1325 2745 1383 2778 ejus
1394 2745 1554 2772 sententiain
1585 2745 1719 2778 accipere.
1736 2758 1771 2763 -——
1786 2744 1818 2770 ί).

1034 2778 1163 2841 Prudetiud
1179 2779 1287 2813 ΜΑιιΑα,
1307 2778 1345 2807 De
1358 2780 1460 2807 diuinit.
1476 2779 1573 2807 Christi
1587 2779 1633 2807 lib.
1651 2786 1689 2812 tv,
1702 2786 1764 2814 cap.
1779 2779 1821 2810 lli,

1036 2822 1110 2841 num.
1166 2834 1171 2841 .

1036 2822 1110 2842 num.
1129 2822 1171 2841 ‘IU.
