1904 3077
72 132 124 160 797

480 137 767 168 ORIGENIANOHUM
786 141 850 169 LIB.
871 141 902 173 ll,
923 141 1000 169 CAP.
1021 142 1054 173 ll,
1075 141 1215 176 QUAEST.
1235 142 1289 170 III.‘

1646 146 1696 173 Ἱῐιὲζ

107 193 222 238 tondi].
237 194 294 226 Quo
313 203 389 238 sensu
404 197 501 238 dixerit
519 198 620 238 Filium
634 200 699 238 D_el,
718 207 857 238 antequam
873 204 894 232 Α
909 209 991 234 unus,
1008 211 1017 228 ι
1039 203 1125 238 inquit
1136 211 1210 230 num.
1233 203 1260 235 5,
1278 211 1288 228 ι
1307 202 1412 230 Domini
1431 204 1484 231 moi
1506 203 1569 232 Jesu
1595 205 1696 232 Christi

108 233 175 270 esset
193 231 278 260 homo,
293 231 462 270 "redimerem
485 233 577 270 fuisse.
600 235 630 262 V.
647 235 680 261 In
693 231 744 270 quo
759 231 790 264 et,
801 236 856 264 Pa-

108 269 176 288 lrttm
192 266 364 298 quorumdam
377 268 546 295 consensione
558 278 585 296 se
599 266 704 298 tuetur:
713 270 754 297 Vl.
766 272 855 299 Επει-

109 299 214 339 tiuntur
232 300 287 333 ejus
299 309 399 328 errores
414 302 447 339 tle
468 304 558 339 animo
579 304 687 333 Christi.
713 306 766 333 VII.
788 307 855 339 Qui-

109 333 155 359 bus
174 338 261 361 tamen
282 343 333 361 non
354 337 522 367 pertinaciter
544 339 665 367 adlm-sit.
691 341 755 368 \lIll.
782 333 856 368 Non-

109 369 176 394 nulli
202 370 284 409 ipsius
312 377 478 409 accusatores
512 375 698 402 retundantur.
726 376 770 404 IX.
797 377 855 409 Quo

107 411 184 430 sensu
202 403 300 443 Filium
313 411 336 431 et
357 406 414 443 eius
435 408 550 434 animam
573 418 652 436 unum
671 420 725 438 esse
747 403 854 443 enim;

107 440 326 498 Elemadnmdum
353 439 432 467 Pater
460 447 483 468 et
512 443 597 470 Filius
621 453 701 472 unum
724 453 794 473 sunt.
819 439 854 474 XL

135 478 205 498 lrum
222 474 353 498 Chrislum
368 485 471 498 carnpm
485 479 517 498 dp
531 479 592 498 rmln
608 482 726 498 ηιιιιιίηιι
745 490 854 498 nam"..-

135 478 205 515 trum
222 474 471 515 (‘Jhrisluntiearnem
485 479 517 504 de
529 479 592 515 ratio
608 482 726 507 attulisse
745 490 855 515 persim-

108 515 165 550 sum
188 510 316 549 habuerit.
345 509 389 550 ιιι.
411 512 452 538 An
474 514 611 550 crediderit
641 509 775 542 Christum
798 525 855 550 ιρι.

108 546 223 570 cietemts
240 546 266 570 in
289 546 365 571 terris
382 549 549 578 apparuisse.
571 558 622 575 non
645 559 729 577 lteram
748 546 852 578 carnem

126 585 232 619 est-asia.
246 579 300 619 XII.
326 579 470 619 Solvuntur
489 583 605 619 di/ﬁciles
624 585 705 619 ipsius
725 586 774 612 loci
791 587 853 613 duo.

135 613 178 653 ΙΙΙἶ
191 612 266 654 {Inde
289 615 316 641 in
338 615 405 654 hanc
423 617 500 654 alﬁcti
516 612 639 654 'Cltristo'
653 620 716 653 falsi
738 612 854 653 corporis

109 651 281 680 suspicione»:
292 651 399 679 venerit.
412 652 574 684 exploratur.
591 651 658 681 XIV.
673 654 766 681 Utrum
776 651 853 682 Citri-

107 689 175 709 stum
192 691 291 710 merum
303 693 358 711 esse
374 687 502 713 hominem
525 689 723 716 existimaverit.
744 690 800 716 XV.
815 693 854 717 An

108 718 173 759 duo:
197 717 316 759 Christo:
337 720 452 759 [ῑιξξςγὶι.
477 720 547 759 XVI.
565 722 659 750 Utrum
674 730 696 751 ει
712 734 761 759 quo
775 734 853 751 sensu

108 751 199 791 {esum
215 751 341 791 induisse
357 754 454 782 Filium
476 757 521 784 De:
541 751 757 791 pronuntiaveiit.
774 760 853 786 XVII.

109 786 166 818 Quo
193 795 271 814 sensu
297 789 429 816 Christum
449 786 545 818 dixeril
571 794 707 822 deiﬁcasse
732 800 854 821 nnturam

108 823 260 850 humanam.
277 823 366 851 XVIII.
383 825 442 856 Quo
457 834 536 854 sensu
553 827 685 855 Christum
700 838 755 856 esse
779 830 854 856 dixe-

108 859 140 882 rit
153 857 236 884 cirum
251 858 324 884 illttnt
336 861 461 892 sterilem,
476 863 508 887 de
519 871 569 896 qtto
580 862 709 890 Jeremins
720 873 776 898 cap.
787 872 852 897 xxtt,

108 899 161 911 wn
188 892 223 911 3n
252 892 306 911 YIY
336 893 429 911 IlI-nm
459 904 551 911 “um..-
569 897 666 911 I't...:...:
685 900 778 911 ..i.:_.._
802 908 851 911 Α.-.
870 882 890 911 Β

107 899 172 919 vers.
188 892 239 934 30.
252 892 318 934 XIX:
336 893 430 934 (atrurn
456 892 551 934 corpus
569 897 666 924 Clu-isti
684 892 778 934 ubique
797 892 851 926 esse

108 927 325 968 censuerit._X_X.
344 928 399 968 _l_’ro
417 927 511 965 quibus
523 941 629 968 passum
643 927 776 960 Clit-istum
794 935 850 968 opi-

108 968 183 988 natus
196 963 240 989 sit.
258 963 327 990 XXI.
342 963 640 994 Recensentur'l’atrum
656 963 851 996 criminationes

107 997 230 1035 aduersus
261 997 380 1035 Qrigenis
416 1002 580 1028 sententiam.
613 1002 693 1029 XXII.
727 1004 791 1035 Qua:
820 1012 852 1030 ex

107 1031 186 1065 ipsius
211 1033 295 1059 verbis
309 1031 475 1068 proponitur.
496 1035 591 1065 XXIII.
615 1037 676 1064 Non
699 1031 764 1065 salis
792 1047 852 1066 con-

108 1071 157 1092 stat
170 1076 203 1107 an
217 1076 286 1101 stupe
302 1070 360 1102 jam
384 1078 432 1103 pro
449 1071 524 1097 rebus
548 1073 648 1099 ratione
667 1074 783 1107 prwditis
794 1094 801 1105 ,
818 1082 852 1100 an

108 1102 301 1142 semelﬂtantum
315 1112 418 1136 passum
429 1124 436 1135 ,
457 1107 583 1142 (inetiam
600 1102 742 1142 aliquando
760 1102 853 1142 passu-

108 1145 163 1162 rum
177 1137 311 1177 phristunt
322 1141 461 1177 putauerit.
665 1151 744 1177 supra
760 1137 853 1170 allatis

108 1172 219 1212 genuina
248 1173 331 1212 ipsius
361 1175 587 1212 opiniohelicijur.
614 1172 702 1204 XXV:
726 1177 809 1212 Cujus
829 1183 853 1205 et

108 1207 177 1240 origo
204 1208 348 1248 indicatur.
495 1210 644 1248 _tVonnull_a
674 1207 775 1246 [πριιιιιῖ
805 1221 852 1248 pro

107 1248 183 1267 causa
210 1241 342 1276 Origenis.
372 1242 477 1273 XXVII.
494 1244 587 1273 Utrum
611 1241 743 1274 Christum
759 1248 785 1274 in
799 1241 854 1274 iole

109 1283 198 1307 corpus
206 1285 286 1314 suum
301 1279 435 1313 reliquisse
443 1282 490 1306 sibi
501 1281 617 1314 ﬁnxerit.
628 1281 647 1307 Χ
655 1282 748 1310 XVIII.
758 1282 853 1309 Utrum

109 1312 237 1338 censuerit
252 1312 385 1339 Christum
410 1312 613 1351 [torninentresse
632 1317 757 1349 desiisse,
782 1323 854 1351 post-

108 1354 190 1385 qttrmt_
204 1352 325 1374 mortuus
350 1353 397 1374 est.
421 1349 514 1377 XXIX.
534 1350 592 1382 Quo
614 1359 690 1378 sensu
717 1349 853 1379 Christum

107 1382 200 1420 ttiurit
219 1384 300 1408 etiam
319 1391 387 1420 nunc
402 1385 499 1420 lugete
522 1390 628 1418 peccata
654 1392 752 1413 nostra.
767 1387 852 1414 XXX.

111 1414 203 1442 Utrum
219 1424 331 1451 regnum
345 1414 602 1447 Christi—desiturum
616 1422 765 1450 crediderit.

109 1460 128 1487 l.
145 1461 297 1496 Vulgatum,
316 1468 344 1490 et
358 1463 383 1490 in
393 1464 491 1492 scholis
501 1470 636 1500 receptum
646 1466 853 1502 theologicarum

79 1506 284 1540 disputationum
296 1509 417 1537 ordinem
442 1510 485 1537 hic
505 1511 670 1544 deserimus,
687 1518 853 1540 assectanlcs

79 1551 214 1588 Origenem
229 1575 238 1586 ,
260 1555 337 1589 cujus
352 1560 380 1582 ut
394 1556 538 1584 abnormes
557 1557 666 1584 fuerunt
685 1559 807 1593 plurima:
823 1561 855 1586 de
870 1562 891 1592 C

79 1599 152 1626 rebus
171 1599 272 1627 divinis
287 1601 428 1627 sententiae
439 1620 447 1632 ,
464 1601 498 1627 ita
513 1601 653 1635 peculiari,
668 1607 695 1629 et
710 1610 725 1630 a
739 1611 854 1630 consue-

80 1643 111 1670 tis
132 1644 218 1672 aliena
235 1645 368 1673 divisione
381 1647 528 1673 tractanda:
541 1651 615 1674 sunt.
644 1647 673 1675 ln
699 1648 854 1676 inferiorem

80 1695 137 1725 ergo
150 1690 235 1717 locum
254 1691 374 1725 rejectis,
399 1699 457 1726 quae
480 1693 513 1718 ad
533 1692 643 1726 angelos
666 1699 693 1721 et
718 1695 855 1728 opiﬁcium

81 1742 123 1761 sex
136 1736 259 1769 dierum,
285 1737 392 1772 aliaque
416 1737 458 1765 his
477 1738 603 1773 deinceps
628 1741 754 1767 subnecti
777 1741 855 1768 solita

81 1781 209 1814 pertinent
220 1801 228 1813 ,
246 1783 440 1815 quiestionibus
451 1803 458 1816 ,
474 1778 600 1819 O‘rigenis
623 1785 655 1812 de
679 1784 761 1812 Verbi
778 1786 856 1813 ἐναν-

82 1825 211 1862 ϋρωπήσει
248 1832 275 1855 et
307 1829 445 1865 οἰκονομίᾳ
471 1835 669 1864 perscrntemur
689 1832 854 1864 decreta,si

82 1879 134 1906 qua:
157 1878 216 1900 sunt
244 1874 360 1900 obnoxia
392 1876 663 1909 reprehensionibus,
687 1882 713 1904 et
736 1878 855 1904 animum

81 1923 185 1952 passunt
203 1919 343 1947 oll'endere
356 1921 463 1948 lectoris
476 1922 630 1949 orthodoxi.
648 1922 687 1950 Ac
699 1929 761 1950 sunt
773 1929 855 1956 certe,

82 1971 162 1999 neque
184 1973 288 2000 pauca,
307 1975 366 2000 quae
394 1967 427 1993 ab
451 1967 509 2002 ejus
524 1967 654 1995 ventilata
678 1973 706 1995 et
720 1969 857 1996 confutata

82 2011 250 2045 adversariis,
268 2017 369 2040 aeterna
389 2013 491 2040 nomini
507 2013 565 2048 ejus
580 2013 707 2048 stigmata
722 2015 858 2049 imposue-

82 2061 147 2084 I'Ulll.
229 2087 237 2094 .

113 2103 142 2131 ll.
159 2104 227 2132 lleve
246 2104 310 2132 illud
335 2109 376 2131 est
403 2112 456 2139 prae
478 2104 588 2139 reliquis
603 2112 664 2131 mox
679 2105 856 2140 exponendis,

83 2154 106 2176 et
118 2151 229 2185 aliquam
245 2151 347 2178 habens
360 2152 576 2182 excusationem.
590 2159 643 2186 quo
657 2152 793 2180 Christum
809 2153 857 2180 do-

83 2197 141 2228 cuit,
155 2202 296 2232 antequam
320 2198 401 2225 homo
423 2199 514 2229 Iieret,
540 2197 614 2224 Patri
641 2198 854 2231 ministrantem,

83 2240 106 2266 in
127 2240 225 2276 Moyse.
243 2243 379 2276 prophetis
398 2247 425 2268 ct
449 2241 552 2275 angelis
577 2242 714 2268 hominum
743 2234 893 2269 salutem"D

83 2289 293 2320 promoventihus
310 2288 440 2319 adfuisse,
459 2291 486 2314 et
503 2287 610 2321 quidem
628 2287 851 2320 substantialiter,

84 2335 157 2365 atque
172 2334 205 2360 ita
220 2341 295 2360 suam
309 2333 508 2368 quodammodo
530 2332 684 2367 οἰκονομίαν
702 2333 853 2360 inchoasse.

84 2378 118 2405 Eu
136 2380 180 2406 tibi
195 2380 279 2415 ipsius
293 2382 372 2407 verba
388 2388 419 2407 ex
435 2379 528 2407 homil.
543 2379 560 2406 8
573 2380 600 2406 in
614 2378 718 2411 Genes.,
733 2387 806 2406 num.
819 2379 852 2406 8:

87 2433 95 2449 ι
113 2425 142 2451 Ει
166 2431 254 2453 tamen
277 2426 501 2454 considerandum
527 2429 568 2452 est
584 2426 647 2460 quia
666 2425 778 2460 angelus
799 2425 856 2452 haec

85 2471 191 2500 refertur
209 2473 242 2499 ad
252 2473 386 2500 Abraham
398 2472 517 2503 locutus,
535 2477 562 2498 et
571 2473 635 2506 quia
646 2472 672 2498 in
687 2479 854 2505 consequen-

86 2517 150 2543 tibus
175 2520 315 2546 evidenter
344 2519 387 2545 hic
413 2519 524 2553 angelus
541 2518 669 2545 Dominus
694 2517 855 2545 ostenditur.

87 2562 154 2590 Unde
165 2570 226 2598 puto
238 2564 307 2599 quod
327 2564 395 2592 sicut
413 2565 483 2591 inter
499 2571 547 2591 nos
564 2564 685 2590 homines
701 2563 793 2589 habitu
814 2570 857 2589 re-

86 2613 172 2642 pertus
183 2614 224 2636 est
238 2615 265 2636 ut
283 2611 374 2642 homo,
392 2610 428 2637 ita
443 2615 470 2636 et
489 2609 560 2635 inter
572 2607 682 2642 angelos
708 2606 799 2634 habitu
814 2613 855 2634 est

87 2659 201 2686 repertus
226 2659 254 2681 ut
278 2655 410 2690 angelus;
438 2663 447 2680 ι
467 2658 493 2681 et
520 2661 554 2680 ex
580 2653 674 2681 homil.
702 2653 715 2679 1
739 2653 766 2679 in
791 2652 855 2679 illud

86 2696 154 2725 Isaiae
167 2707 174 2726 :
193 2698 225 2726 Et
237 2708 321 2735 regem
336 2700 472 2727 Dominum
486 2700 602 2727 Sabaoth
612 2700 663 2726 uidi
677 2698 759 2725 oculis
779 2698 853 2729 meis.

87 2747 107 2768 et
120 2744 206 2771 missus
223 2750 258 2773 est
273 2748 306 2773 ad
322 2754 361 2772 me
382 2754 448 2773 unus
460 2746 491 2772 de
506 2746 635 2775 seraphin:
650 2745 673 2760 θλ
688 2753 695 2771 :
713 2753 721 2769 ι
739 2743 796 2770 Non
815 2749 856 2771 est

907 247 1039 274 adventus
1058 255 1112 280 quo
1126 247 1265 274 descendit
1277 247 1309 274 ad
1327 252 1427 278 terras;
1444 253 1471 274 et
1486 250 1519 275 ad
1539 248 1633 276 Isaiam
1647 256 1694 275 vc-

907 294 957 326 nit,
971 298 997 320 et
1010 293 1043 320 ad
1059 292 1168 328 Moysen
1187 294 1270 327 venit,
1287 297 1313 320 et
1326 293 1360 320 ad
1377 294 1505 328 populum
1517 295 1602 326 venit,
1619 300 1647 321 et
1662 294 1695 320 ad

907 346 1126 374 unumquemque
1137 340 1328 374 prophetarum
1341 340 1414 366 venit
1429 348 1436 367 :
1450 347 1536 374 neque
1551 345 1576 367 ιιι
1588 341 1693 372 timeas,

906 385 1011 413 etiamsi
1024 385 1080 419 jam
1094 385 1164 413 cmlo
1182 390 1305 420 receptus
1320 390 1370 418 est,
1389 385 1486 413 iterum
1507 387 1607 413 veniet.
1624 385 1692 419 Quia

906 436 995 459 autem
1020 436 1046 459 ct
1069 435 1133 459 ante
1155 431 1326 466 praesentiam
1350 432 1485 459 carnalem
1511 432 1544 458 ad
1571 431 1694 459 homines

907 478 1030 510 venerit,
1049 477 1136 512 ipsum
1152 478 1244 511 accipe
1263 482 1358 504 testem
1384 478 1586 505 denuntiantem
1613 485 1694 513 atque

907 525 1041 552 dicentem
1057 533 1063 550 :
1077 524 1238 557 Ierusalem,
1252 523 1418 555 Jerusalem,
1438 532 1496 558 qua:
1516 525 1613 551 occidis
1630 531 1692 558 pro-

907 570 1008 605 pltetas,
1019 575 1041 596 et
1058 569 1162 604 lepidas
1179 578 1221 596 eos
1242 570 1286 604 qui
1305 571 1378 596 missi
1398 575 1457 596 sunt
1477 570 1510 596 ad
1529 575 1569 602 te,
1593 570 1693 605 quoties

908 615 981 642 volui
994 614 1115 649 colligere
1131 615 1202 648 ﬁlios
1224 619 1282 641 tuos
1290 614 1335 640 l"‘l
1353 615 1460 646 Quoties
1475 615 1553 641 volui.
1579 614 1635 642 Non
1652 615 1693 642 di-

908 660 962 686 cit:
977 659 1036 687 Non
1053 660 1107 687 vitii
1122 665 1146 687 te
1161 660 1211 687 nisi
1227 661 1280 687 isto
1295 660 1414 687 adventu
1428 669 1435 692 ;
1448 660 1496 687 sed
1511 660 1575 686 dicit
1592 669 1599 686 :
1620 659 1692 692 Quo-

906 705 955 732 ties
970 705 1051 732 volui.
1074 706 1106 732 Et
1117 713 1165 739 per
1178 706 1298 741 singulos
1310 706 1503 740 prophetarum
1529 710 1691 732 convertens

906 751 1029 786 sezEgo,
1043 751 1143 785 inquit,
1169 758 1243 778 eram
1269 751 1392 779 Christus
1415 752 1459 786 qui
1492 751 1620 786 loquebar
1645 758 1692 785 per

906 797 1060 831 prophetas.
1075 797 1132 824 Dixi
1151 805 1158 824 :
1178 796 1270 832 Neque
1288 802 1314 824 ιιι
1333 797 1444 830 timeas,
1459 802 1486 824 et
1512 805 1582 823 nunc
1604 796 1690 823 mitti-

908 847 950 869 tur
968 842 1046 870 Jesus
1059 842 1193 870 Christus.
1212 843 1270 870 Non
1291 844 1421 871 mentitur
1437 852 1444 870 :
1463 843 1603 871 Vobiscum
1621 852 1689 875 sum,

904 889 941 914 ait
954 888 1092 920 Dominus,
1103 896 1190 916 omnes
1203 889 1257 916 dies
1271 898 1353 924 usque
1376 890 1411 916 ad
1436 890 1689 916 consummationem

905 944 993 971 six-culi
1007 944 1039 970 ".
1059 943 1115 970 Non
1138 944 1287 971 mentitur:
1313 944 1363 971 Ubi
1387 945 1439 972 duo
1455 945 1492 972 vel
1516 949 1567 971 tres
1587 945 1690 971 collecti

905 991 999 1016 suntin
1012 990 1115 1016 nomine
1130 997 1198 1018 meo.
1211 994 1235 1015 et
1250 998 1297 1024 ego
1311 998 1369 1016 sum
1381 990 1409 1016 in
1427 991 1511 1016 medio
1526 990 1659 1017 eorum“.
1676 1000 1684 1015 ι

907 1035 953 1062 llis
977 1040 1085 1063 assonat
1108 1040 1172 1061 tom.
1199 1043 1235 1062 xu
1258 1036 1285 1061 in
1318 1035 1426 1067 Mattlt.,
1448 1044 1522 1062 num.
1544 1035 1689 1071 45:?196-

907 1089 970 1116 σχες
981 1080 1009 1106 δὲ
1022 1082 1045 1106 εἱ
1062 1080 1173 1107 δύνασαι
1190 1082 1236 1107 καὶ
1250 1079 1335 1107 ταῦτα
1356 1082 1442 1107 εἰπεῖν
1464 1081 1527 1116 περὶ
1548 1081 1600 1107 τῶν
1618 1081 1691 1108 κατὰ

905 1126 951 1153 τὸν
963 1126 1054 1158 τόπον,
1072 1126 1111 1152 ὅτι
1135 1127 1280 1161 νοήσαντες
1302 1128 1326 1153 ol
1346 1126 1463 1162 μαθηταὶ
1490 1127 1534 1153 τὸν
1558 1127 1621 1153 Υἱὸν
1641 1127 1690 1154 τοῦ

906 1172 973 1199 Θεοῦ
987 1172 1220 1206 κεχρηματικέναι
1234 1172 1353 1203 Μωῠσεῖ,
1368 1172 1413 1198 καὶ
1425 1172 1504 1198 αὑτὸν
1519 1170 1586 1199 εἶναι
1599 1173 1643 1199 τὸν
1655 1173 1689 1198 ει-

907 1219 1009 1254 ρηκότα,
1019 1227 1026 1234 ο
1039 1218 1068 1244 οὺ
1083 1218 1137 1253 γὰρ
1148 1217 1242 1252 ὄψεται
1256 1217 1397 1254 ἅνθρωπος
1411 1218 1442 1244 τὺ
1460 1218 1603 1253 πρόσωπόν
1626 1227 1687 1254 μου,

907 1265 954 1291 καὶ
969 1264 1096 1300 ζήσεται·
1125 1268 1153 1291 el
1176 1269 1256 1292 tract.
1278 1272 1342 1291 xxvr
1369 1265 1396 1291 in
1415 1264 1522 1297 Matth.,
1548 1273 1621 1291 Illllll.
1641 1265 1688 1296 ΞΕ.

907 1319 967 1346 pag.
980 1311 1043 1343 849,
1057 1319 1196 1346 exponens
1208 1311 1271 1338 illud
1285 1319 1291 1337 :
1315 1310 1422 1342 Quoties
1442 1310 1512 1337 volui
1532 1319 1689 1345 congregare

907 1358 975 1392 ﬁlios
990 1361 1060 1389 tuas,
1073 1358 1140 1384 sicut
1159 1357 1258 1391 gallina
1274 1357 1360 1391 pullos
1382 1365 1442 1383 suos
1464 1358 1510 1384 sub
1531 1365 1645 1390 pennas,
1664 1363 1687 1384 et

909 1403 1037 1430 noluisti?
1055 1414 1063 1429 ι
1081 1403 1229 1437 Quomodo,
1257 1403 1362 1437 inquit,
1390 1403 1434 1430 hic
1467 1403 1594 1430 Dominus
1612 1402 1690 1430 Jesns

907 1452 984 1484 quasi
1012 1452 1056 1485 qui
1084 1450 1237 1486 frequenter
1261 1450 1350 1477 voluit
1382 1457 1548 1485 congregare
1570 1448 1687 1482 .lndaeos,

908 1505 961 1525 non
977 1502 1064 1525 autem
1089 1497 1261 1533 congregavit
1285 1502 1394 1531 propter
1417 1495 1613 1523 contumaciam
1639 1504 1688 1522 no—

908 1544 1019 1572 lentium
1033 1545 1153 1575 credere,
1172 1543 1207 1570 ita
1228 1542 1293 1570 dicit
1307 1551 1313 1569 τ
1330 1542 1436 1574 Quoties
1452 1542 1520 1569 volui
1540 1550 1550 1569 :
1574 1550 1634 1569 cum
1650 1543 1685 1570 sit

907 1590 1078 1618 manifestum
1092 1589 1173 1617 semel
1184 1596 1244 1616 eum
1256 1589 1378 1616 docuisse
1388 1588 1414 1614 in
1427 1595 1540 1623 corpore
1559 1588 1664 1616 Iudaeos
1675 1588 1689 1615 Υ

907 1637 959 1664 Sed
976 1643 1028 1663 non
1040 1636 1126 1663 solum
1142 1636 1167 1662 in
1181 1635 1323 1670 prmsentia
1336 1654 1343 1667 ,
1358 1642 1450 1661 verum
1464 1635 1544 1661 etiam
1560 1635 1685 1661 substan-

907 1683 1005 1710 tialiter
1017 1689 1124 1716 semper
1142 1681 1266 1708 Christus
1283 1687 1403 1715 praesens
1424 1680 1473 1706 luit
1495 1685 1522 1707 et
1540 1681 1563 1706 in
1588 1680 1688 1716 Moyse,

906 1732 933 1754 et
950 1727 975 1754 in
989 1726 1146 1761 prophetis;
1165 1725 1250 1760 magis
1269 1729 1359 1752 autem
1383 1730 1411 1752 et
1439 1726 1465 1751 in
1484 1725 1585 1758 angelis
1610 1726 1690 1753 mini-

906 1771 1057 1798 strantibus
1071 1770 1152 1798 saluti
1166 1770 1300 1801 humanae,
1320 1775 1348 1797 et
1372 1777 1421 1804 per
1432 1770 1552 1805 singulas
1575 1778 1690 1804 genera-

907 1827 993 1854 tiones
1011 1837 1016 1854 :
1035 1830 1062 1853 et
1080 1826 1119 1853 sic
1138 1826 1264 1859 impletur
1282 1833 1288 1851 :
1311 1825 1417 1859 Quoties
1435 1825 1514 1852 volui.
1531 1825 1580 1852 Per
1597 1827 1689 1860 singu-

907 1872 946 1900 las
963 1873 1035 1899 enim
1051 1873 1239 1907 generationes
1263 1879 1370 1905 semper
1390 1871 1473 1898 voluit
1495 1875 1523 1897 et
1551 1871 1690 1898 festinavit

908 1918 1038 1953 perﬁcere
1064 1918 1228 1945 voluntatem
1254 1918 1345 1945 Patris
1370 1918 1396 1944 in
1421 1918 1485 1945 eis:
1505 1918 1555 1945 etsi
1584 1925 1636 1944 non
1662 1919 1687 1944 in

906 1971 1020 1999 corpore
1034 1964 1207 1995 constitutus,
1228 1963 1300 1990 sicut
1317 1970 1388 1990 nunc
1405 1963 1430 1990 in
1446 1962 1500 1990 ﬁne
1520 1963 1690 1996 saaculorum,

907 2015 996 2037 tamen
1016 2018 1121 2045 semper
1145 2010 1282 2037 festinavit
1302 2016 1465 2044 congregare
1488 2009 1556 2036 ﬁlios
1579 2008 1687 2036 Jerusa-

906 2057 968 2084 lem.
986 2057 1073 2092 Ipsius
1093 2056 1165 2083 enim
1180 2055 1294 2082 volentis
1307 2063 1471 2090 congregare
1489 2055 1557 2082 ﬁlios
1578 2054 1687 2082 Jerusa~

906 2104 958 2130 lem
974 2110 1052 2130 voces
1077 2102 1210 2129 habentur
1234 2101 1260 2128 in
1277 2101 1334 2135 lege
1348 2105 1375 2128 et
1391 2101 1416 2127 in
1435 2100 1591 2136 prophetis:
1606 2106 1633 2127 et
1656 2100 1689 2127 de

908 2149 967 2184 ipso
980 2149 1110 2183 scriptum
1125 2151 1166 2174 est
1183 2156 1189 2174 :
1207 2146 1363 2181 Expendens
1380 2146 1436 2172 alas
1447 2154 1508 2172 suas
1521 2146 1618 2179 accepit
1634 2153 1688 2177 eos,

908 2200 931 2221 et
951 2195 1063 2229 suscepit
1084 2201 1127 2221 eos
1145 2201 1222 2227 super
1239 2192 1358 2226 scapulas
1371 2200 1432 2219 suos
1447 2192 1470 2208 ⁸⁸
1484 2200 1491 2219 :
1514 2196 1541 2218 et
1557 2191 1690 2225 quotidia-

908 2247 971 2266 num
991 2247 1058 2274 opus
1074 2246 1116 2266 est
1133 2239 1233 2266 Christi
1247 2245 1411 2274 congregare
1425 2238 1496 2265 ﬁlios
1518 2237 1686 2268 Jerusalem;

907 2286 940 2313 de
955 2286 1052 2320 quibus
1067 2286 1093 2312 in
1116 2285 1183 2312 Isaia
1196 2289 1222 2312 et
1239 2286 1264 2311 in
1280 2284 1390 2318 reliquis
1405 2284 1544 2318 prophetis
1559 2283 1634 2318 plura
1649 2283 1689 2309 di-

907 2337 1014 2359 cuntur.
1035 2332 1070 2359 Et
1083 2332 1201 2366 quotidie
1221 2331 1266 2358 Dei
1284 2330 1368 2357 Filius
1383 2334 1529 2364 congregat
1549 2329 1687 2363 dispersos

908 2379 976 2406 ﬁlios
1001 2378 1064 2410 Dei,
1091 2378 1163 2405 sicut
1186 2378 1284 2412 gallina
1306 2376 1392 2411 pullos
1419 2382 1482 2403 suos
1509 2375 1558 2402 sub
1587 2382 1689 2409 pennas

907 2433 981 2452 suas.
1001 2434 1010 2450 ι
1028 2424 1054 2450 ln
1068 2431 1121 2458 quo
1150 2431 1209 2450 cum
1230 2423 1268 2449 ait
1291 2421 1504 2450 substantialiter
1526 2426 1685 2455 praesentem

904 2467 1128 2496 fuisseChristum
1140 2467 1166 2494 in
1176 2467 1266 2501 Moyse
1278 2471 1304 2493 et
1317 2467 1342 2493 in
1355 2465 1501 2501 prophetis,
1514 2465 1686 2500 conjunctio-

906 2522 967 2542 nem
1000 2513 1124 2549 intelligit
1150 2513 1293 2548 σχετικὴν,
1321 2520 1373 2539 non
1398 2519 1462 2539 vero
1493 2511 1686 2546 ὑποστατικήν.

905 2561 1042 2589 Praeterea
1059 2565 1124 2585 tom.
1142 2567 1150 2585 ι
1166 2560 1194 2585 in
1209 2558 1302 2590 Joan.,
1318 2566 1392 2584 num.
1404 2558 1439 2585 54
1455 2566 1463 2585 :
1484 2558 1539 2584 Καὶ
1557 2557 1621 2592 περὶ
1638 2556 1689 2591 μὲν

908 2607 955 2634 τοῦ
967 2606 1107 2642 ἄνθρωπον
1121 2605 1201 2631 αὑτὸν
1216 2603 1354 2638 γεγονέναι
1371 2604 1458 2635 οὐδεὶς
1474 2603 1526 2630 τῶν
1544 2611 1689 2629 πεπιστευ-

910 2654 996 2680 κότων
1014 2651 1143 2683 διστάζει.
1164 2651 1232 2686 Περὶ
1257 2650 1286 2676 δὲ
1307 2649 1355 2676 τοῦ
1381 2649 1505 2683 ἄγγελον,
1532 2648 1688 2684 πειθώμεθα

909 2699 1052 2735 τηροῦντες
1071 2697 1119 2729 τὰς
1139 2697 1192 2723 τῶν
1210 2695 1330 2730 ἀγγέλων
1348 2695 1505 2729 ἐπιφανείας
1523 2696 1569 2722 καὶ
1583 2695 1688 2729 λόγους,

909 2745 953 2771 ὅτε
966 2745 1015 2780 τῆς
1027 2744 1080 2771 τῶν
1093 2744 1216 2779 ἀγγέλων
1233 2743 1354 2776 ἐξουσίας
1368 2742 1507 2777 φαίνεται,
1525 2742 1552 2769 ἐν
1570 2751 1623 2770 τισι
1644 2741 1691 2769 τὸ·-

118 2845 138 2861 "
153 2846 201 2874 lsa.
222 2855 258 2878 γε.
272 2847 297 2878 5.
313 2846 340 2874 6.
391 2845 413 2862 "
427 2845 520 2874 Matth.
535 2852 614 2878 unt,
626 2845 671 2872 57.
709 2845 732 2861 ⁵³
747 2844 839 2872 Matth.
853 2852 948 2878 xxvm,
966 2844 1012 2871 20.
1050 2844 1071 2860 ⁸⁷
1087 2843 1179 2871 Matth.
1201 2850 1277 2876 xrttt,
1294 2842 1339 2870 ΞΟ.
1378 2842 1400 2858 ⁸⁸
1412 2842 1488 2870 Deut.
1506 2850 1592 2876 usu,
1610 2842 1653 2869 ll.
