1904 3077
216 124 267 152 7J9

850 129 882 157 Ρ.
902 128 1062 157 DANIELIS
1080 127 1197 157 iiUE'l'ii

1787 125 1837 153 800

211 189 276 213 τηις
285 183 336 218 τῆς
348 183 367 209 Γ
370 184 459 218 ρᾳφῆς
469 184 594 218 ἀγγέλων
609 185 742 220 λεγόντων
754 185 850 221 ὥσπερ
868 186 914 212 ἐπὶ
932 185 978 213 τοῦ

1053 189 1174 217 ventum,
1188 183 1320 212 mediator
1336 184 1444 219 quidem
1458 188 1519 212 erat
1531 184 1683 215 hominum,
1700 182 1751 210 sed
1773 191 1836 210 Iton-

213 227 310 264 Ὠρθη
330 231 456 265 ἄγγελος
476 233 586 265 Κιιρίου
606 233 642 259 ἐν
659 234 730 268 πυρὶ
758 233 871 269 φλογὸς
890 233 998 267 ﬁdum,

212 275 262 302 καὶ
276 275 373 308 εἶπεν,
393 277 450 311 ἐγὼ
471 278 544 311 Θεὸς
571 279 709 315 Ἀϐραὰμ,
734 281 784 308 και
816 281 932 314 Ἰσαὰκ,
949 281 998 308 καὶ

218 321 336 349 ’Iambd"
357 322 425 350 ἀλλὰ
447 325 492 351 καὶ
513 326 528 352 ό
558 326 671 358 Ἡσαΐας
694 327 778 362 φησί·
803 328 944 355 Καλεῖται
965 329 999 355 τὸ

211 367 305 402 ὄνομα
318 369 422 402 αὐτοῦ,
433 371 568 406 μεγάλης
574 373 696 408 ,βουλῆς
711 375 864 410 Ἄγγελος.
880 375 911 402 Et
924 375 999 402 initio

213 411 276 439 tomi
296 415 436 447 sequentis
454 416 538 444 docet
561 417 658 445 Filium
686 419 732 446 Dei
762 420 874 448 missum
897 428 957 448 esse
982 428 998 448 a

209 456 292 485 Patre
306 459 339 485 ad
356 460 520 495 prophetas;
539 467 566 490 et
582 470 645 490 cum
660 464 802 500 Scriptura
822 466 862 493 ait
882 475 889 493 :
903 466 997 494 Sermo

209 503 296 538 factus
307 510 344 531 est
358 507 392 532 ad
403 506 509 541 Oscam,
520 508 561 536 sic
573 509 639 537 illud
653 510 868 546 intelligendum,
879 513 996 541 Verbum

209 550 257 578 Dei
284 552 395 580 missum
423 561 484 582 esse
509 555 543 583 ad
566 555 674 584 Oscam.
697 556 769 596 idem
796 558 878 586 habet
903 564 997 587 auctor

208 597 327 625 homil.i
346 599 372 626 in
394 599 516 628 diversos
534 608 541 626 :
562 610 571 627 ι
591 601 708 630 Abrahae
730 603 804 631 Patri
825 605 995 635 credentium

209 642 295 670 tribus
309 643 385 671 horis
404 646 545 680 temporis,
558 646 621 674 licet
636 655 689 675 non
707 655 756 683 per
771 649 856 685 ipsam
871 650 996 679 ineil'ahi-

208 688 261 715 lem
276 689 389 718 Deitatis
404 691 597 726 substantiam,
612 695 661 722 sed
676 696 766 730 potius
779 704 830 732 per
843 699 995 733 angelicam

207 734 328 768 speciem
341 743 357 762 a
377 737 491 765 meridie
508 739 582 766 visus
595 745 636 768 est
652 749 659 767 :
678 741 759 770 nobis
776 743 885 778 triginta
909 745 995 774 tribus

206 780 286 808 annis
303 781 328 808 in
351 786 421 809 terra
435 785 571 818 apparuit.
587 790 615 813 et
632 794 695 814 eum
712 788 866 818 hominibus
882 798 995 819 conver-

206 826 261 853 sari
286 823 409 860 dignatus
430 834 472 856 est
488 830 522 859 ".
553 830 639 860 Jacob
667 834 749 862 etiam
772 836 848 864 brevi
872 842 994 872 tempore

206 879 256 907 per
277 874 401 909 angelum
416 876 591 906 nihilominus
614 882 738 915 apparuit
756 882 908 911 colluctatis
930 892 992 912 cum

204 926 247 949 eo,
264 929 275 946 ι
288 925 340 949 etc.

241 965 284 992 Ill.
310 967 511 1000 Reprehensum
540 969 625 1000 fuisse
648 972 675 1000 id
696 974 722 1001 in
741 973 857 1010 Origene
881 976 994 1004 adnotat

206 1012 298 1040 Sinus
323 1015 453 1043 Senensis
478 1016 526 1045 lib.
554 1025 587 1050 ν,
608 1027 672 1047 ann.
698 1020 760 1053 105,
788 1021 836 1049 sed
851 1023 991 1058 Augustini

204 1061 334 1096 suffragio
348 1062 479 1091 defendit.
500 1064 674 1094 Consimilem
698 1074 764 1095 sane
787 1068 903 1103 professi
930 1075 991 1097 sunt

203 1107 354 1134 doctrinam
372 1108 466 1137 Patres
488 1111 592 1146 antiqui
612 1112 783 1147 complures,
801 1122 854 1141 non
874 1115 993 1151 Origene

182 1151 187 1157 '
203 1151 291 1178 solum
305 1154 479 1187 vetustiores,
492 1156 535 1182 vel
555 1157 648 1190 coaevi,
666 1159 712 1185 sed
727 1161 894 1188 recentiores
909 1162 991 1189 etiam

203 1204 231 1226 ct
250 1199 358 1228 Niczena
381 1203 486 1237 synodo
508 1205 684 1238 posteriores.
709 1206 810 1234 Horum
831 1209 939 1236 nomina
964 1213 992 1237 et

204 1245 264 1272 loca
290 1246 395 1282 colligit
420 1247 557 1277 Pamelius
582 1251 609 1277 in
643 1251 794 1280 Paradawia
820 1253 990 1288 Tertulliani,

204 1299 266 1326 cap.
281 1292 314 1319 19
334 1301 341 1319 :
365 1293 532 1328 collegerunt
554 1297 671 1324 subinde
693 1302 720 1326 et
744 1299 800 1327 alii.
829 1300 866 1328 Ex
894 1301 991 1336 quibus

203 1337 271 1365 locis
282 1337 366 1373 liquet
386 1347 543 1373 persuasum
563 1341 607 1369 his
629 1342 714 1371 fuisse
733 1343 861 1372 Patrihus
886 1353 990 1374 morem

202 1383 276 1410 Patri
304 1390 443 1419 gerentem
469 1385 569 1414 Filium
598 1388 766 1422 patriarchis
797 1391 989 1426 aspectabiiem

203 1437 265 1457 sese
280 1430 437 1464 intumuisse,
453 1431 566 1467 Deique,
582 1433 687 1468 angeli,
701 1435 744 1462 vel
760 1435 864 1463 Domini
880 1438 988 1465 nomina

203 1475 287 1503 fuisse
301 1477 425 1504 sortitum
437 1485 444 1509 ;
460 1482 487 1504 et
500 1485 668 1514 quaecunque
684 1479 710 1506 in
724 1479 889 1510 Testamenti
907 1481 988 1510 Vete-

202 1521 240 1548 ris
256 1521 367 1548 historia
388 1530 402 1549 a
424 1522 478 1550 Deo
494 1523 564 1550 facta
581 1523 712 1558 legimus,
729 1524 826 1553 Filium
850 1532 987 1555 auctorem
1003 1534 1023 1562 c

173 1573 175 1578 ‘
203 1567 340 1594 habuisse.
356 1568 482 1596 Attamen
504 1577 557 1597 non
575 1569 650 1598 inea
674 1571 727 1599 sibi
754 1577 862 1600 constat
880 1579 989 1602 sentem

202 1612 239 1638 tia
253 1617 348 1640 noster
370 1613 517 1649 Origenes,
539 1623 601 1643 nam
626 1618 737 1645 easdem
765 1626 872 1654 quoque
897 1626 990 1655 partes

202 1664 397 1693 nonmunquam
426 1660 482 1688 Deo
506 1660 581 1688 Patri
610 1662 716 1690 videtur
740 1663 990 1697 assignaretvelut

206 1703 299 1730 homii.
324 1704 342 1732 3
364 1705 391 1731 in
421 1704 485 1733 Luc.
502 1714 511 1733 :
529 1716 538 1732 ι
558 1705 652 1734 Gratia
674 1708 739 1741 Dei,
769 1709 877 1744 inquit,
892 1710 944 1738 fuit
961 1717 990 1739 ut

201 1754 345 1783 stipareret
368 1750 518 1789 Abraham,
545 1751 586 1779 vel
609 1753 718 1780 caneris
743 1755 884 1789 prophetis
906 1762 913 1781 :
934 1763 988 1783 non

201 1795 272 1828 quod
287 1795 384 1824 oculus
399 1801 502 1824 tantum
519 1798 610 1825 cordis
623 1799 760 1826 Abraham
783 1801 808 1827 iu
825 1809 907 1829 causa
927 1802 988 1830 fue-

203 1842 249 1875 ril,‘
267 1846 295 1869 ut
311 1848 434 1870 cerneret
454 1843 555 1877 Deum;
569 1845 618 1872 'scd
641 1846 713 1880 quod
728 1847 818 1881 gratia
847 1848 894 1875 Dei
918 1849 989 1877 uitro

201 1895 231 1914 se
247 1889 430 1923 aspiciendam
445 1890 596 1925 'praabuerit
622 1892 681 1920 viro
701 1892 788 1929 justo.
816 1893 874 1922 Hoc
896 1900 987 1923 autem

201 1937 255 1957 non
275 1931 361 1959 solum
387 1941 469 1968 super
484 1934 540 1962 Deo
555 1935 638 1963 Patre
662 1937 809 1972 intelligas,
835 1939 883 1966 sed
906 1941 988 1968 etiam

199 1984 280 2010 super
293 1977 409 2005 Domino
425 1978 576 2012 Salvatore.
590 1986 617 2009 ct
628 1989 712 2018 super
729 1983 831 2018 Spiritu
855 1991 960 2013 sancto.
975 1995 985 2012 ι

236 2020 280 2051 IV.
303 2023 354 2057 Qui
370 2023 467 2052 Filium
483 2024 540 2059 Dei,
555 2027 711 2062 priusquam
727 2029 875 2057 humanum
893 2031 988 2059 indue-

200 2073 243 2096 ret
259 2076 367 2104 corpus,
385 2071 410 2097 in
427 2071 541 2106 angelis,
558 2073 722 2107 patriarchis
737 2079 766 2102 et
783 2076 924 2110 prophetis
939 2077 988 2104 ad-

201 2116 285 2143 fuisse
301 2116 416 2149 dixerit;
431 2117 477 2145 Dei
490 2125 598 2154 quoque
612 2124 639 2147 et
653 2121 794 2148 hominum
810 2123 987 2151 mediatorem

200 2165 263 2187 tunc
275 2160 369 2194 luisse,
387 2162 580 2190 internuntium
592 2185 600 2197 ,
612 2169 639 2191 et
649 2170 820 2199 sequestrum
835 2167 926 2196 dicere
940 2162 987 2197 ne—

198 2214 276 2234 ('csse
299 2213 349 2234 est.
377 2207 452 2235 lianc
479 2210 634 2243 dogmatum
658 2214 882 2246 consequentiam
900 2215 985 2243 tenuit

199 2250 340 2290 Origenes,
355 2261 383 2282 et
397 2256 441 2290 qui
457 2257 533 2291 prius
545 2257 609 2284 illud
624 2263 771 2294 posuerat,
787 2259 902 2288 alterum
918 2268 985 2296 quo-

202 2306 254 2332 quc
270 2299 322 2327 hoc
337 2301 469 2328 decrevit.
482 2300 571 2329 Verba
594 2303 678 2337 ipsius
701 2304 831 2333 debemus
850 2306 984 2342 Apologia:

199 2344 333 2380 Pamphili
344 2354 376 2373 ex
392 2346 438 2374 lib.
454 2355 482 2374 ιιι
498 2348 524 2373 in
535 2347 622 2383 Epist.
637 2350 671 2375 ad
687 2349 789 2378 Colon.
802 2359 812 2378 :
829 2360 839 2377 ‹
859 2352 923 2379 Data
943 2358 986 2381 est

200 2394 302 2422 autem,
318 2390 417 2426 inquit,
433 2391 476 2419 lex
496 2391 579 2428 Moysi
602 2401 649 2428 per
669 2394 779 2428 angelos
803 2397 829 2422 in
857 2403 937 2423 manu
957 2401 985 2424 et

198 2436 297 2464 virtute
314 2437 470 2465 mediatoris
481 2437 581 2466 Christi
597 2439 638 2472 ⁶⁰;
651 2441 695 2473 qui
711 2448 771 2467 cutn
784 2446 856 2468 esset
869 2442 896 2469 in
909 2442 984 2476 prin-

198 2483 270 2518 cipio
288 2482 404 2511 Verbum
421 2484 486 2518 Dei,
510 2490 537 2512 et
559 2486 629 2521 apud
653 2485 737 2514 Deum
752 2493 841 2520 esset,
862 2493 890 2515 et
914 2489 984 2517 Deus

197 2535 268 2558 esset
292 2530 409 2559 Verbum
433 2531 473 2566 ⁶¹,
496 2531 571 2560 Patri
597 2533 624 2560 in
646 2534 772 2562 omnibus
810 2535 983 2564 miniSIravit.

200 2578 294 2606 Omnia
319 2580 390 2606 enim
407 2588 454 2615 per
476 2580 561 2613 ipsum
581 2580 653 2614 facta
679 2586 739 2607 sunt
753 2580 786 2613 “,
812 2580 838 2608 id
867 2586 906 2609 est
932 2590 983 2609 non

197 2625 283 2652 solum
295 2630 437 2659 creatura,
447 2627 495 2654 sed
510 2631 538 2653 et
549 2627 602 2658 lex,
613 2630 642 2653 et
659 2627 812 2661 prophetae;
827 2632 855 2655 et
870 2627 985 2663 ipsemet

196 2675 239 2698 est
253 2672 385 2699 mediator
397 2672 444 2700 Dei
461 2677 485 2700 et
499 2672 634 2699 hominum
655 2673 688 2701 “.
713 2673 790 2707 Quod
817 2674 933 2701 Verbum
959 2675 984 2701 in

198 2716 251 2745 [ille
277 2719 384 2752 quidem
411 2718 573 2746 saeculorum
597 2720 679 2747 homo
714 2719 803 2747 factus
832 2725 877 2747 est
904 2718 984 2747 Jesus

197 2762 340 2797 Christus,
356 2765 404 2791 sed
421 2769 485 2792 ante
498 2765 571 2793 hunc
586 2765 762 2793 manifestum
781 2766 808 2792 in
831 2773 911 2794 carne
931 2765 981 2792 ad-

234 2821 256 2859 ξξ
276 2820 379 2859 Daruch
394 2829 436 2859 ut.
450 2823 496 2851 58.
545 2824 568 2841 ⁸ο
581 2824 670 2853 Galat.
689 2833 732 2859 ιιι,
749 2824 789 2853 19.

200 2857 223 2872 ⁸⁵
237 2856 324 2884 ϐιιιιι.
340 2864 380 2891 ιιι,
398 2858 440 2891 l9,
455 2859 500 2886 :10.

1001 2206 1026 2236 D
1040 2211 1072 2238 ad
1093 2211 1206 2238 Paulum
1233 2211 1440 2240 Samosatenunt
1461 2222 1468 2240 :

839 2824 859 2840 "
878 2823 957 2854 Joau.
974 2833 1005 2860 ι,
1022 2826 1047 2854 i.

1051 232 1114 259 dum
1133 236 1192 259 erat
1205 231 1296 258 homo.
1320 230 1382 258 Erat
1395 235 1486 257 tamen
1499 235 1529 258 et
1551 236 1615 257 tunc
1630 229 1768 256 mediator
1792 229 1835 256 Dei

1050 282 1078 306 et
1091 277 1229 305 hominum
1245 285 1251 303 :
1267 276 1337 303 unde
1351 282 1379 303 et
1394 276 1456 303 data
1484 275 1526 302 lex
1551 283 1600 310 per
1626 274 1757 309 angelos,
1781 274 1836 301 sine

1051 324 1134 359 ipsius
1148 321 1304 349 mediatoris
1324 322 1449 348 manibus
1472 321 1533 348 data
1556 328 1618 348 esse
1644 328 1699 347 non
1724 319 1835 351 dicitur,

1049 375 1079 398 ut
1090 374 1162 397 esset
1175 369 1219 396 lex
1232 373 1335 399 sancta,
1343 373 1366 394 et
1378 367 1530 394 mandatum
1540 372 1672 397 sanctam,
1682 371 1708 393 et
1722 365 1834 400 justum.

1048 419 1073 443 et
1086 414 1179 441 bonum
1188 413 1223 447 ⁸³,
1238 418 1266 440 et
1280 412 1369 440 omnia
1386 412 1443 439 haec
1456 411 1691 439 sanctiﬁcarentur
1715 419 1731 437 a
1759 410 1836 437 Chri-

1049 463 1102 486 sto.
1120 468 1129 485 ι
1151 458 1209 486 Non
1223 458 1303 494 igitur
1320 458 1345 484 in
1361 465 1393 484 eo
1411 456 1491 484 modo
1508 456 1689 488 intercessor,
1712 460 1741 483 et
1759 454 1835 491 μεσί-

1047 514 1097 542 της
1111 505 1156 533 Dei
1173 510 1200 532 et
1217 504 1356 532 hominum
1369 503 1469 530 dicitur
1481 503 1515 530 ab
1527 502 1644 537 Origene
1657 501 1745 529 fuisse
1758 501 1836 529 Chri-

1048 557 1105 581 stus
1117 573 1125 585 ,
1145 556 1290 586 antequam
1307 552 1341 578 de
1359 550 1471 585 Virgine
1491 554 1667 582 nasceretur,
1681 555 1739 583 qun
1757 548 1835 574 modo

1048 599 1145 626 deinde
1159 597 1220 628 fuit.
1235 601 1378 632 postquam
1391 600 1515 622 naturam
1531 595 1677 622 humanam
1691 593 1834 627 suscepit:

1046 651 1108 672 nam
1122 651 1170 679 per
1184 643 1326 677 utriusque
1340 646 1443 669 natura
1456 641 1675 674 coniunctionem
1692 639 1835 667 hominem

1046 698 1106 718 eum
1125 689 1179 717 Deo
1193 688 1361 720 conciliavit,
1379 693 1460 722 atque
1474 687 1513 714 ita
1535 685 1652 714 medium
1676 685 1744 720 quid
1769 684 1837 711 inter

1046 741 1190 770 utrumque
1214 734 1275 766 fuit,
1301 740 1363 761 cum
1387 736 1533 767 utrumque
1554 736 1643 765 esset,
1664 735 1692 758 et
1715 730 1792 757 Deus
1811 735 1837 757 et

1045 782 1135 810 homo.
1155 780 1284 814 Quamvis
1303 784 1393 807 autem
1416 778 1617 806 communionis
1639 777 1733 809 illius,
1750 781 1780 804 et
1797 776 1836 803 fu-

1047 827 1098 854 turi
1115 826 1261 861 aliquando
1274 825 1417 857 consortii,
1434 830 1579 858 rerumque
1592 830 1640 858 per
1655 822 1724 849 illud
1739 829 1836 855 geren-

1009 861 1030 890 B
1045 873 1140 901 darum
1157 873 1267 904 intuitu.
1287 873 1313 899 in
1333 871 1442 899 Veteris
1467 869 1636 897 Testamenti
1660 869 1836 904 patriarchas

1044 924 1071 946 et
1085 919 1232 954 prophetas
1249 919 1319 945 Deus
1338 916 1468 944 bonitatis
1487 924 1542 944 sum
1561 920 1588 943 et
1608 915 1703 950 gratiae
1724 915 1835 941 divitias

1043 964 1205 999 profuderit,
1217 969 1245 991 et
1257 968 1320 990 tunc
1331 962 1413 990 etiam
1438 962 1552 997 μεσίτης
1565 961 1692 989 Christus
1706 961 1836 995 quodam-

1043 1011 1123 1038 modo
1143 1010 1241 1042 fuerit,
1258 1017 1291 1037 eo
1307 1014 1398 1037 tamen
1411 1016 1463 1036 nou
1483 1008 1603 1045 respexit
1616 1007 1751 1042 Origenes
1764 1027 1772 1039 ,
1788 1006 1836 1033 sed

1043 1057 1194 1084 additioucs
1210 1056 1269 1084 illas
1284 1060 1312 1083 et
1340 1055 1485 1083 reditioues
1506 1056 1618 1082 crebras
1641 1054 1675 1081 ad
1693 1054 1834 1083 homines,

1042 1111 1102 1130 cuin
1127 1103 1209 1130 variis
1227 1102 1338 1130 indutus
1357 1101 1467 1134 formis,
1491 1106 1518 1128 et
1546 1108 1594 1136 per
1613 1100 1704 1127 varias
1721 1100 1836 1134 loquens

1042 1156 1172 1184 personas
1187 1148 1313 1176 mandata
1329 1148 1381 1175 illis
1396 1147 1444 1176 Dei
1469 1147 1590 1183 parentis
1613 1146 1745 1174 Christus
1759 1146 1835 1173 defe—

1042 1196 1135 1227 rebat;
1160 1195 1297 1229 praecipue
1314 1201 1396 1227 vero,
1416 1201 1476 1221 cum
1497 1193 1582 1228 legem
1604 1191 1689 1227 Moysi
1710 1192 1834 1224 tradidit,

1038 1241 1114 1276 juxta
1141 1240 1206 1267 illud
1222 1240 1345 1276 Apostoii
1363 1249 1370 1267 :
1391 1250 1401 1266 ι
1422 1239 1493 1274 Quid
1519 1239 1600 1275 igitur
1627 1239 1691 1266 lex?
1719 1239 1835 1274 Propter

1042 1286 1276 1321 transgressiones
1289 1286 1376 1321 posita
1392 1291 1445 1320 est,
1460 1286 1547 1314 donec
1561 1286 1665 1313 veniret
1676 1293 1773 1313 semen
1792 1287 1834 1313 cui

1040 1333 1216 1368 promiserat,
1231 1332 1354 1360 ordinata
1371 1340 1418 1367 per
1429 1333 1541 1368 angelos
1554 1332 1581 1359 in
1601 1339 1682 1359 manu
1698 1331 1834 1359 Mediato-

1041 1379 1089 1407 ris.
1114 1379 1248 1411 Mediator
1269 1383 1361 1407 autem
1387 1379 1466 1408 unius
1487 1386 1541 1407 non
1565 1383 1623 1412 est;
1648 1379 1722 1407 Deus
1742 1385 1834 1407 autem

1041 1433 1110 1452 uttus
1126 1429 1168 1453 est
1180 1425 1216 1452 “.
1236 1434 1246 1452 ι

1075 1469 1107 1498 V.
1126 1469 1307 1499 Relerendum
1320 1470 1345 1498 id
1361 1478 1423 1499 esse
1435 1471 1469 1498 ad
1482 1470 1599 1507 Moysem
1615 1470 1680 1498 licet
1705 1471 1834 1498 arbitrati

1041 1516 1096 1544 sint
1106 1516 1240 1549 nonnulli,
1253 1516 1363 1545 Christo
1376 1521 1464 1545 tamen
1482 1519 1689 1545 accommodant
1715 1517 1836 1552 Chryso-

1040 1568 1144 1591 slomus
1162 1568 1191 1591 et
1216 1563 1415 1599 Hieronymus,
1440 1564 1486 1598 qui
1514 1568 1597 1591 totam
1621 1569 1648 1591 et
1670 1564 1747 1599 ipse,
1769 1565 1834 1591 illud

1039 1608 1116 1637 Pauli
1143 1610 1326 1645 interpretans
1339 1629 1346 1642 ,
1372 1609 1498 1644 Origenis
1519 1610 1670 1638 doctrinam
1688 1610 1835 1645 amplexus

1039 1659 1092 1683 est.
1109 1653 1156 1683 Sic
1167 1656 1239 1683 enim
1256 1657 1295 1683 ait
1309 1665 1316 1683 :
1337 1665 1346 1682 ‹
1365 1654 1513 1691 Postquam
1526 1657 1561 1683 ob
1579 1661 1699 1683 nostram
1715 1657 1834 1684 salutem

1038 1701 1073 1729 de
1086 1700 1204 1738 Virginis
1218 1708 1296 1730 utero
1310 1703 1437 1737 dignatus
1456 1706 1499 1729 est
1512 1702 1586 1729 nasci
1599 1722 1607 1735 ,
1626 1702 1672 1730 Dei
1693 1707 1722 1730 et
1745 1703 1834 1730 homi—

1039 1758 1103 1778 num
1122 1751 1203 1779 homo
1218 1750 1343 1778 Christus
1355 1750 1435 1778 Jesus
1449 1755 1590 1785 sequester
1603 1755 1645 1778 est
1658 1750 1760 1778 dictus.
1775 1751 1832 1777 An-

1040 1800 1148 1831 tequam
1161 1802 1227 1823 vero
1244 1796 1392 1823 humanum
1411 1803 1509 1830 corpus
1528 1800 1680 1823 assumeret
1691 1815 1699 1828 ,
1715 1801 1743 1823 et
1760 1800 1833 1823 esset

1039 1842 1110 1877 apud
1126 1841 1234 1869 Patrem
1248 1843 1273 1869 in
1293 1841 1425 1877 principio
1440 1842 1510 1870 Deus
1530 1841 1667 1873 Verbum,
1681 1842 1716 1868 ad
1735 1848 1833 1868 omnes

1039 1893 1159 1922 sanctos,
1178 1889 1210 1916 ad
1228 1896 1295 1923 quos
1310 1887 1398 1916 factus
1410 1894 1451 1916 est
1465 1896 1555 1916 sermo
1567 1888 1625 1920 Dei,
1642 1887 1736 1914 Enoch
1758 1889 1833 1914 vide-

1039 1934 1112 1968 licet,
1130 1934 1196 1967 Noe,
1211 1934 1361 1968 Abraham,
1374 1935 1448 1963 Isaac
1459 1940 1487 1962 et
1498 1934 1592 1967 Jacob,
1607 1940 1634 1962 et
1646 1939 1741 1970 postea
1754 1935 1832 1970 Moy-

1039 1987 1095 2008 scm
1110 1984 1138 2007 et
1153 1985 1266 2008 cunctos
1278 1982 1439 2016 prophetas,
1459 1989 1528 2017 quos
1547 1981 1688 2017 Scriptura
1706 1990 1832 2010 contines

1039 2031 1144 2058 morat,
1158 2026 1218 2054 sine
1237 2027 1422 2055 additamenta
1446 2028 1584 2061 hominis,
1605 2037 1684 2063 quem
1713 2030 1829 2056 necdqu

1039 2077 1234 2107 assumpserat,
1254 2073 1386 2101 Mediator
1410 2075 1596 2102 tantummodo
1614 2081 1799 2110 nuncupatur.
1817 2086 1826 2102 ι

1039 2117 1094 2146 Sed
1110 2123 1137 2146 et
1156 2119 1276 2154 episcopi
1294 2118 1332 2147 illi
1351 2127 1398 2148 sex
1415 2121 1558 2148 orthodoxi
1580 2121 1762 2150 Antiochenze
1783 2131 1828 2159 sy—

1042 2165 1102 2192 nodi
1120 2164 1246 2200 Origenis
1259 2167 1455 2202 expositionem
1471 2167 1557 2195 secuti
1576 2173 1640 2195 sunt
1663 2169 1690 2195 in
1713 2169 1828 2204 epistola

1501 2213 1580 2240 Ἀλλὰ
1603 2214 1656 2250 μὴν
1665 2235 1672 2246 ,
1691 2215 1826 2250 inquiunt,

1038 2256 1085 2283 καὶ
1096 2257 1141 2283 τὸν
1155 2257 1235 2292 νόμον
1250 2258 1350 2294 ὁμοίως
1364 2259 1468 2296 Μωῦσῇ
1481 2269 1569 2296 φαμεν
1585 2260 1723 2295 δεδόσθαι,
1738 2261 1828 2290 δια»)-

1038 2304 1145 2337 νοῦντος
1160 2304 1207 2332 τοῦ
1215 2305 1280 2332 Υἱοῦ
1297 2305 1344 2332 τοῦ
1357 2305 1435 2340 Θεοῦ,
1453 2308 1490 2339 ὡς
1499 2308 1513 2334 ὁ
1534 2307 1692 2340 ’Δπόπολος
1706 2308 1828 2336 διδάπκει

1038 2353 1141 2388 λέγων·
1163 2354 1194 2381 Τί
1203 2351 1261 2381 οὖν
1274 2355 1290 2381 ό
1308 2355 1419 2388 νόμος;
1443 2354 1503 2380 τῶν
1524 2352 1722 2388 παραϐάσεων
1738 2354 1827 2389 χάριν

1038 2400 1214 2435 προσετέθη,
1231 2400 1317 2436 ἄχρις
1330 2399 1366 2428 οὗ
1376 2400 1450 2435 ἔλθῃ
1466 2400 1498 2428 τὸ
1512 2400 1631 2436 σπέρμα
1640 2397 1664 2434 ᾧ
1674 2400 1822 2436 ἐπήγγελ-

1038 2456 1104 2482 τᾳι,
1121 2446 1331 2484 διαταγεὶρδί
1357 2446 1491 2483 ἀγγέλων
1518 2447 1552 2474 ἐν
1575 2448 1662 2482 χερσὶ
1677 2448 1825 2476 Meo-(rev.

1040 2493 1162 2529 Μεσιτην
1177 2492 1231 2528 γὰρ
1248 2492 1326 2520 ἄλλον
1340 2493 1390 2520 οὐκ
1407 2493 1484 2528 ἴσμεν
1504 2491 1573 2519 Θεοῦ
1594 2493 1641 2519 καὶ
1662 2493 1826 2529 ἀνθρώπων,

1037 2540 1054 2576 ἢ
1068 2539 1162 2566 τοῦτον
1175 2547 1182 2555 ·
1204 2540 1384 2575 διδασκόμεθα
1406 2541 1434 2568 δὲ
1447 2541 1494 2568 καὶ
1509 2541 1596 2569 ταῦτα
1617 2541 1662 2568 διὰ
1677 2541 1724 2568 τοῦ
1743 2542 1826 2569 Matii-

1039 2585 1118 2617 σέως.
1136 2585 1225 2621 Ὠφθη
1240 2586 1268 2612 δὲ
1280 2585 1354 2622 αὐτῷ
1370 2586 1483 2621 ἅγγελος
1502 2587 1531 2614 ὲν
1542 2587 1620 2622 φλογὶ
1632 2587 1719 2623 πυρὸς
1732 2588 1766 2614 ὲκ
1779 2587 1825 2614 ἰ’θῦ

1038 2631 1132 2666 βάτου,
1148 2637 1201 2660 etc.
1221 2642 1230 2658 ι
1244 2633 1313 2665 Quin
1339 2633 1419 2660 etiam
1436 2639 1463 2660 et
1491 2633 1576 2668 legem
1598 2634 1723 2661 similiter
1742 2634 1824 2670 Moysi

1040 2678 1155 2705 dicimus
1171 2678 1255 2706 fuisse
1266 2679 1368 2713 datam,
1384 2680 1554 2708 ministrante
1567 2679 1635 2708 Filio
1648 2680 1714 2713 Dei,
1729 2689 1825 2716 quem-

1039 2723 1183 2751 admodum
1198 2725 1273 2752 docel
1288 2726 1430 2760 Apostolus
1445 2727 1540 2754 dicens
1558 2734 1565 2754 :
1585 2727 1655 2761 Quid
1670 2729 1754 2762 igitur
1765 2728 1825 2755 lca?

1043 2768 1290 2805 Transgreuionum
1310 2773 1395 2806 gratia
1414 2774 1498 2807 posita
1510 2779 1559 2807 est,
1573 2773 1662 2808 [donec
1680 2776 1768 2802 veniat
1785 2783 1824 2802 u-

1097 2828 1118 2844 "
1130 2828 1196 2856 ibid.
1211 2829 1238 2856 2.
1277 2830 1312 2869 ,⁵³
1328 2829 1338 2858 ι
1353 2830 1423 2859 Tim.
1437 2839 1469 2866 II,
1486 2832 1514 2860 5.
1570 2832 1594 2848 "
1612 2832 1692 2861 itum.
1711 2840 1760 2866 υι,
1779 2833 1820 2861 ιι.
