1904 3077
187 102 242 130 803

823 97 853 121 1³.
875 95 1033 122 DANll‘iLlS
1053 95 1168 122 HUE'I’II

1769 91 1829 118 80a

187 160 259 186 alias
274 158 434 185 instructam
458 154 584 187 arbitrio,
599 161 660 182 cum
677 152 778 181 eximio
799 153 920 180 auctoris
936 152 977 181 sui
993 155 1015 183 Α
1029 159 1075 179 seu
1092 152 1179 179 anima
1196 151 1296 179 Christi
1318 150 1429 178 minime
1450 149 1575 184 opinatus
1592 149 1647 184 est)
1666 149 1827 180 vinculum,

188 211 281 230 amore
296 210 351 237 prie
366 201 472 230 czeteris
490 200 634 227 animabus
654 202 808 230 teneretur;
827 198 977 232 similisque

189 250 302 276 aliarum
320 256 368 283 per
385 251 520 278 naturam.
543 246 625 273 Verbi
649 245 744 272 similis
763 249 835 272 esset
860 252 909 280 per
923 245 977 271 vir-

189 300 284 326 tutem.
298 299 352 321 tam
372 293 485 320 ﬁrmiter
504 294 528 321 ei
545 301 605 321 sese
631 292 805 328 applicuisse,
822 297 850 318 ut
869 296 923 318 tota
943 291 976 319 ab

189 348 221 367 eo
237 344 354 374 recepta,
375 339 417 365 vel
439 343 525 366 totum
542 338 686 373 recipiens,
708 337 788 372 idque
811 337 977 364 substantia-

189 386 260 414 liter.
275 393 342 411 unus
359 393 418 412 cttm
434 392 466 412 eo
483 385 594 420 spiritus
609 382 780 410 eﬂiceretur:
799 383 869 410 hanc
886 387 975 409 autent

189 430 405 464 conjunctioncm
438 431 471 457 ad
501 429 690 457 assumendam
734 436 843 455 carnem
873 427 975 455 aditum

191 475 278 503 Verbo
299 476 459 508 munivisse,
485 483 545 502 cum
572 475 660 501 divina
685 474 784 509 alioqui
809 479 904 501 natura
928 473 977 501 ltu-

189 529 277 549 manaa
302 521 405 556 absque
433 521 522 548 tnedio
544 521 634 555 aliquo
653 521 792 547 adhaerere
820 519 975 554 neutiquam

189 572 300 602 posset:
318 572 371 593 tant
389 571 494 594 arctum
512 572 601 593 autem
621 565 706 592 fuisse
725 564 844 592 Verbum
861 565 933 592 inter
949 568 977 591 et

190 613 307 639 animam
329 613 410 642 hanc.
433 619 479 639 seu
502 616 531 638 ιιι
545 612 628 638 habet
653 611 844 642 Damascenus,
861 614 977 637 mentem

191 657 273 692 (quod
289 658 373 692 magis
397 658 522 684 convenit
550 656 678 684 doctrinae
701 656 839 691 Origenis,
866 663 928 682 nam
944 662 976 681 ex

191 702 327 729 mentibus
344 702 446 729 animas
464 706 519 728 tum
537 701 623 728 solum
642 700 809 728 existimavit
825 699 892 730 ﬁeri.
916 706 976 726 cum

191 755 224 775 ex
241 748 381 775 cltaritatis
401 748 498 775 ardore
517 747 698 780 refrixerunt,
722 746 793 781 quod
817 746 849 773 de
873 749 976 777 tuente,

1029 203 1059 225 ut
1075 198 1144 228 vitii.
1159 206 1173 224 a
1190 205 1244 233 quo
1261 198 1379 224 maxime
1393 197 1482 224 divina
1497 197 1627 224 abhorret
1646 201 1759 226 natura,
1774 196 1831 222 mi-

1029 242 1102 270 nime
1116 249 1202 276 capax
1220 246 1309 275 esset;
1326 246 1406 277 atque
1422 242 1457 268 ita
1478 250 1487 266 ι
1503 241 1573 276 quod
1591 241 1616 267 in
1633 241 1753 267 arbitrio
1766 245 1831 267 erat

1029 288 1157 322 positum,
1169 287 1240 322 longi
1257 295 1320 315 usus
1335 288 1429 314 alfectu
1447 287 1502 322 jam
1519 294 1628 313 versum
1645 293 1712 313 esse
1729 286 1756 313 in
1777 293 1831 312 na-

1028 338 1128 364 turam,
1142 342 1151 359 »
1168 337 1198 359 ιιι
1214 340 1228 359 a
1246 337 1358 368 peccato
1371 332 1477 367 penitus
1489 336 1558 361 esset
1575 329 1729 358 immunis:
1746 331 1831 356 aliter

1029 379 1111 415 igitur
1136 379 1162 406 in
1191 379 1328 414 prophetis
1355 383 1382 405 et
1408 377 1534 411 apostolis
1565 377 1651 404 fuisse
1683 376 1829 407 Verbum,

1028 425 1106 452 aliter
1121 424 1147 451 in
1166 424 1290 456 Christo;
1310 424 1364 450 illis
1380 424 1451 450 enim
1470 430 1519 457 per
1536 423 1665 459 σχετικὴν
1685 427 1716 449 et
1735 430 1831 449 mor-a-

1029 471 1080 497 lem
1109 469 1343 504 coniunctionem,
1373 469 1482 497 Christo
1513 479 1522 494 ι
1539 477 1586 504 per
1614 469 1829 496 intmaculalam

1029 516 1232 544 ftedcratiouem
1244 526 1254 542 ι
1272 519 1300 543 ct
1316 516 1510 551 hypostaticam
1529 517 1678 543 adhaesisse
1694 525 1702 543 :
1722 524 1756 542 ac
1776 523 1831 542 nos

1028 562 1141 597 proinde
1152 562 1175 588 si
1190 561 1353 595 singularem
1369 561 1466 588 animze
1477 561 1574 588 Christi
1589 561 1725 588 adversus
1741 560 1830 587 Deum

1032 615 1161 639 amorem,
1176 615 1229 642 quo
1245 608 1327 634 Deum
1342 607 1369 634 in
1387 614 1415 634 se
1431 607 1551 640 recipere
1568 606 1665 633 merita
1691 611 1748 638 est,
1766 605 1831 633 imi-

1032 658 1130 685 temur,
1144 652 1244 679 Christi
1262 660 1368 687 quoque
1384 660 1432 686 pro
1453 658 1510 679 rata
1526 651 1652 679 ellectum
1675 652 1711 678 iri
1737 653 1829 686 parti-

1031 699 1113 732 cipes.
1129 698 1230 730 Quibus
1251 699 1405 725 asserendis
1430 698 1480 725 hac
1498 698 1604 725 Davidis
1630 698 1831 725 testiﬁcatione

1030 745 1114 771 utitur
1133 752 1148 771 e
1170 743 1236 779 psal.
1259 751 1321 771 thv
1335 764 1342 776 ,
1372 743 1388 771 8
1410 752 1416 770 :
1436 751 1445 769 ι
1460 743 1581 771 Dilexisti
1606 743 1768 778 justitiam,
1800 749 1831 772 et

192 835 327 872 propheta;
351 835 451 872 ﬁebant
469 833 638 872 et‘apostoli.
652 843 662 859 ι
680 832 747 861 Cum
769 840 834 867 ergo
856 836 910 858 tam
936 832 978 872 di:
995 835 1016 862 B
1031 835 1101 859 ctam
1125 832 1152 872 in
1175 831 1234 872 ipso
1256 831 1409 872 creationis
1430 837 1567 872 momento
1589 839 1641 859 non
1662 836 1750 872 negat
1768 837 1829 872 :Iet

192 866 264 897 serie
281 871 397 897 animam
412 870 510 897 Christi
529 866 665 903 nunquam
682 866 856 902 peccare'aut
879 866 977 894 mutari

193 905 312 938 potuisse
329 905 410 937 dicat,
424 912 539 938 cmnque
553 904 623 931 hanc
645 903 852 937 impeccantiam
868 909 900 929 ex
919 910 979 938 per-

193 945 269 1000 rvina
284 948 343 980 cum
364 939 451 967 Verbo
468 937 565 980 unione
588 938 755 978 bypostatica
777 941 896 978 repetat,
920 937 976 978 niti.

204 983 246 1000 lllll
263 982 371 1000 0111111110
385 979 490 1000 tempus
501 979 571 1000 ΙΠΙΕΓ
587 978 750 1000 creationem
767 980 863 999 annum
873 976 901 998 et
920 979 976 1000 91118

204 983 246 1001 ιιιιι
263 975 371 1001 omnino
385 979 490 1008 tempus
501 974 571 1001 inter
587 972 750 1000 creationem
767 973 863 999 anima:
873 976 901 998 et
920 972 979 1007 ejus

193 1017 253 1037 cum
271 1010 359 1036 Verho
373 1007 497 1036 unionem
515 1009 669 1042 excogitare
683 1007 780 1042 potuit.

227 1044 256 1070 2ο
274 1044 330 1071 Non
343 1044 431 1071 minus
439 1045 533 1071 aberat
548 1044 581 1070 ab
594 1043 716 1077 Origcnis
732 1047 821 1069 mente
835 1042 914 1076 impia
934 1042 977 1069 illa

193 1080 292 1113 opinio.
307 1087 358 1105 non
373 1087 452 1113 posse
466 1080 487 1105 si
503 1079 639 1106 Christum
655 1078 802 1107 imitemur.
815 1078 847 1113 ad
864 1077 977 1104 similem

170 1131 176 1138 .
193 1112 255 1141 cum
272 1114 358 1140 Verbo
374 1112 509 1141 unionem
535 1113 687 1147 pervenire.
713 1113 768 1138 lloc
789 1112 860 1139 enim
883 1112 979 1138 discri-

195 1157 254 1175 men
284 1149 356 1182 p-tnit
383 1150 453 1176 inter
472 1148 608 1175 Christum
625 1152 652 1174 et
677 1152 798 1176 sanctos.
820 1147 890 1180 quod
916 1147 979 1174 unio

194 1181 291 1210 animae
305 1183 406 1210 Christi
430 1191 490 1210 cum
513 1182 600 1209 Verbo
615 1181 649 1208 ab
670 1182 746 1209 initio
770 1182 979 1209 iudissociabilis

194 1223 221 1245 et
235 1218 424 1253 inseparabilis
436 1223 462 1245 et
474 1217 661 1244 substantialis
679 1217 770 1248 fuerit,
785 1221 867 1253 atque
880 1224 912 1243 ex
928 1217 978 1244 hac

195 1252 591 1280 unioneinconvertibilitatem
615 1253 797 1279 indesinenter
817 1252 897 1286 ignita
915 1259 975 1285 pos-

195 1289 313 1319 sederit;
334 1288 392 1314 aliae
407 1293 496 1314 autem
514 1287 610 1313 anima:
625 1295 675 1314 nec
687 1288 721 1313 ab
735 1287 812 1313 initio
831 1288 978 1313 creationis

196 1322 437 1349 inconvertibiliter
469 1329 529 1348 cum
560 1321 646 1349 Verbo
677 1322 757 1348 unitas
792 1321 906 1353 fuerint.
929 1329 978 1349 nec

197 1365 313 1392 unquam
334 1357 547 1384 substantialitcr
567 1357 623 1383 sive
640 1357 808 1391 hypostatice
823 1357 893 1383 uttiri
915 1364 978 1390 pos-

195 1391 259 1418 sini.
287 1392 485 1428 llypostaticam
520 1391 591 1428 illam
628 1394 753 1428 unionem
788 1392 835 1428 sic?
861 1393 978 1426 explicat

195 1425 325 1461 Origenes
345 1427 444 1454 ibidem
460 1434 534 1453 num.
548 1427 584 1453 δι
602 1435 610 1451 ι
628 1425 703 1454 Unde
721 1431 746 1454 et
770 1427 866 1453 merito
884 1425 932 1461 pro
945 1433 978 1453 eo

195 1462 237 1488 vel
259 1463 329 1495 quod
353 1467 408 1488 tota
426 1466 498 1488 esset
517 1461 544 1487 in
566 1461 634 1488 Filio
657 1461 718 1493 Dei,
741 1461 781 1488 vel
798 1467 882 1488 totunt
901 1462 927 1488 in
948 1468 978 1489 se

1030 875 1090 894 cum
1109 867 1267 894 electionem
1290 875 1322 893 ex
1345 868 1440 894 merito
1463 867 1578 901 repetit,
1602 867 1692 894 meriti
1712 868 1829 894 nomine

1031 910 1082 928 non
1098 902 1227 936 praeclare
1252 902 1322 929 facta
1346 907 1409 929 ante
1424 902 1582 928 electionem
1609 902 1756 936 intelligit,
1779 902 1828 929 sed

1031 937 1103 964 illaut
1121 937 1369 964 itntnntabilitatem
1389 942 1416 964 et
1431 937 1650 972 impeccantiant,
1670 945 1734 972 qua
1753 938 1779 963 ei
1800 938 1827 964 in

1030 972 1176 999 creationis
1193 977 1330 999 momento
1344 973 1378 999 ob
1391 973 1517 999 unionem
1534 980 1593 998 cunt
1609 971 1699 999 Verbo
1713 972 1827 1004 collata,

1029 1008 1139 1041 dignam
1155 1006 1245 1034 eﬂecit
1261 1015 1321 1041 quae
1341 1015 1403 1034 cum
1421 1007 1508 1034 Verbo
1526 1008 1661 1034 uniretur.
1680 1007 1747 1034 llaec
1768 1008 1830 1033 illu—

1028 1042 1109 1068 strari
1127 1046 1237 1074 possunt
1250 1050 1282 1069 ex
1301 1042 1342 1069 his
1353 1049 1412 1076 quae
1424 1042 1502 1068 docet
1518 1042 1629 1069 llerntas
1641 1042 1667 1068 in
1681 1042 1763 1069 Pau.
1778 1043 1826 1069 lib.

1030 1084 1070 1108 ιιι,
1081 1085 1106 1103 c.
1118 1077 1145 1109 5,
1157 1085 1233 1104 nttm.
1243 1077 1269 1109 6,
1286 1085 1295 1102 ε
1308 1081 1487 1111 prteparatuut
1503 1084 1563 1104 esse
1577 1085 1590 1103 a
1606 1078 1713 1111 Spiritu
1728 1082 1828 1104 sancto

1030 1112 1094 1138 illml
1119 1119 1219 1146 corpus
1241 1113 1267 1138 in
1288 1119 1342 1146 quo
1360 1112 1430 1138 Deus
1449 1112 1593 1144 hahitarct,
1607 1121 1616 1138 t
1634 1118 1664 1139 ιιι
1689 1112 1827 1140 videlicet

1029 1147 1138 1182 dignum
1157 1153 1229 1174 esset
1245 1147 1316 1180 quod
1343 1155 1403 1173 cum
1423 1147 1477 1173 Deo
1504 1147 1592 1174 Verbo
1616 1148 1757 1174 uniretur.
1776 1148 1828 1174 Se-

1029 1184 1120 1215 quitur
1133 1190 1165 1208 ex
1183 1183 1315 1209 sententia
1336 1182 1434 1209 Christi
1454 1189 1551 1216 corpus
1569 1190 1620 1208 non
1641 1184 1760 1209 fortuito
1779 1188 1829 1210 aut

1030 1224 1090 1243 cunt
1107 1224 1283 1250 personarunt
1307 1217 1464 1250 acceptione
1488 1217 1557 1243 inter
1575 1217 1626 1243 alia
1652 1225 1773 1251 corpora
1800 1219 1827 1245 in

1033 1255 1126 1279 eodem
1139 1257 1210 1279 statu
1235 1253 1392 1279 exsistentia
1417 1252 1530 1279 electum
1547 1252 1640 1285 fuisse,
1664 1254 1713 1279 sed
1737 1253 1828 1280 solum

1029 1287 1139 1321 dignum
1153 1292 1180 1314 et
1198 1288 1322 1314 idoneum
1339 1287 1424 1314 fuisse
1440 1288 1465 1313 in
1487 1294 1539 1320 quo
1555 1287 1672 1322 Verbum
1692 1288 1829 1322 ltyposta-

1030 1323 1083 1348 tice
1103 1322 1248 1349 habitaret.
1266 1322 1334 1349 [\ihil
1352 1322 1423 1348 aliud
1449 1322 1482 1348 de
1505 1322 1594 1348 anima
1610 1321 1763 1357 Origeuein
1784 1324 1827 1350 di-

1028 1364 1091 1383 cere
1108 1357 1234 1384 fatebitur
1249 1358 1372 1392 quisquis
1396 1357 1421 1383 in
1439 1356 1490 1383 hoc
1506 1357 1565 1384 loco
1595 1365 1646 1384 non
1666 1358 1828 1384 litterarum

1029 1392 1129 1425 apices,
1154 1393 1201 1419 sed
1223 1392 1416 1419 sententiarum
1435 1392 1533 1419 seriem
1555 1397 1582 1419 et
1603 1393 1828 1427 complexionem

1029 1432 1214 1460 persequetur.
1237 1427 1264 1453 ln
1288 1428 1339 1454 ltoc
1363 1427 1470 1460 quidem
1489 1434 1583 1461 peccat
1598 1427 1734 1462 Origenes
1752 1428 1828 1462 quod

1029 1462 1133 1488 animas
1148 1467 1209 1489 ante
1226 1469 1340 1497 corpora
1356 1467 1463 1489 creatas
1476 1463 1634 1494 crediderit,
1650 1463 1698 1490 sed
1718 1464 1745 1489 in
1773 1465 1826 1490 hoc

196 1503 305 1531 caperet
321 1496 416 1523 Filium
434 1496 494 1533 Dei,
511 1496 593 1533 etiam
616 1497 763 1533 ἱρςειιειιιιιΔ
779 1505 810 1523 ea
826 1504 912 1533 quam
932 1504 976 1523 as-
991 1505 1012 1533 ο
1031 1497 1170 1523 laudatnus
1185 1498 1255 1531 quod
1271 1497 1375 1524 caverit
1393 1504 1427 1524 ne
1447 1497 1564 1524 animant
1580 1496 1681 1525 Cltristi
1696 1506 1712 1524 a
1733 1499 1825 1526 Verbo

195 1537 346 1565 dempserat
365 1539 456 1563 carne,
473 1531 519 1557 Dei
532 1531 615 1558 Filius
626 1530 661 1557 iet
677 1530 723 1557 Dei
740 1530 975 1562 virtus,’Christus

195 1575 223 1593 ei.
241 1567 284 1592 Dei
308 1566 438 1601 sapientia
461 1566 630 1600 appellatur:
648 1571 678 1601 et
701 1574 809 1593 rursnttt
827 1566 872 1593 Dei
893 1566 977 1593 Filius

204 1609 244 1627 tur
257 1600 436 1633 qnotn'ontnia
460 1608 551 1628 creata
567 1606 642 1632 sntit,
665 1600 742 1628 Iesus
756 1601 878 1628 Christus
891 1607 914 1627 et
932 1600 977 1627 Fi-

209 1637 248 1663 ius
262 1637 376 1663 hominis
391 1637 553 1663 nominatur.
572 1635 638 1663 Nam
652 1641 679 1663 et
692 1635 776 1663 Filius
792 1635 838 1663 Dei
854 1642 976 1664 mortuus

195 1678 255 1697 esse
279 1671 385 1704 dicitur,
408 1679 457 1706 pro
474 1678 505 1697 ea
530 1671 636 1698 scilicet
658 1677 754 1698 natura
780 1679 837 1705 qua:
863 1677 976 1698 mortem

195 1707 287 1740 utique
303 1707 421 1740 recipere
438 1711 563 1741 poterat:
578 1711 604 1732 et
619 1705 703 1733 Filius
724 1706 840 1733 hominis
857 1706 977 1741 appella-

196 1746 251 1772 tur,
273 1742 317 1775 qui
336 1746 463 1768 venturus
485 1742 509 1767 in
527 1740 572 1768 Dei
596 1741 684 1768 Patris
696 1740 779 1776 gloria
797 1749 857 1768 cum
875 1740 977 1768 sanctis

196 1777 297 1810 angelis
321 1777 490 1810 praedicatur.
513 1776 546 1803 Et
571 1777 620 1803 hac
644 1777 677 1803 de
697 1783 776 1803 causa
801 1783 848 1810 per
868 1784 976 1803 omnem

196 1810 363 1844 Scriptorum
379 1816 431 1838 tam
456 1812 545 1838 divina
571 1817 666 1838 natura
692 1811 817 1838 humanis
841 1811 978 1840 vocabulis

197 1846 355 1880 appellatur,
369 1853 448 1881 quant
464 1847 579 1873 humana
603 1852 698 1873 natura
719 1846 816 1873 divina:
840 1854 978 1881 nuncupa-

198 1882 278 1907 lionis
296 1882 446 1915 insignibus
461 1882 612 1908 decuratur.
632 1890 640 1906 I

231 1916 259 1941 5ο
278 1916 305 1942 Si
320 1917 410 1942 anima
434 1916 532 1943 Christi
549 1917 582 1943 ab
599 1917 675 1943 initio
690 1915 835 1943 creationis
856 1916 979 1951 byposta-

197 1950 249 1977 tice
271 1951 343 1978 unita
361 1951 410 1978 fuit
430 1959 489 1977 cum
506 1951 602 1983 Verbo,
616 1952 751 1985 quomodo
768 1951 836 1978 hanc
852 1953 977 1978 unionem

197 1986 295 2012 mereri
312 1986 415 2020 potuit?
432 1985 459 2013 Si
474 1987 506 2013 ab
522 1987 599 2013 initio
613 1986 714 2013 idcirco
730 1986 903 2013 iutmutabilis
922 1987 979 2014 sive

197 2021 381 2055 iittpeccabilis
405 2021 454 2048 fuit
474 2022 534 2055 quia
554 2028 661 2054 semper
682 2025 736 2047 tota
756 2020 805 2047 fuit
823 2022 895 2047 unita
918 2029 978 2048 cum

198 2059 254 2081 toto
281 2054 385 2089 Verbo,
410 2054 548 2090 quomodo
572 2057 622 2083 hae
651 2055 808 2082 immutabili
834 2057 980 2083 sanctitate

197 2096 341 2117 consecuta
357 2096 397 2118 est
421 2098 449 2118 ut
465 2099 526 2118 cum
550 2091 637 2118 Verlto
652 2091 791 2118 uniretur?
809 2090 877 2117 Num
898 2091 979 2126 igitur

197 2132 287 2152 secum
315 2133 434 2160 pugnare
469 2127 590 2153 dicemus
610 2126 770 2160 Origeneut,
793 2131 840 2152 aut
863 2133 896 2152 ex
919 2126 979 2160 ejus

197 2166 323 2197 contextu
348 2168 531 2197 expungenms
552 2161 625 2197 quod
645 2162 701 2194 ait,
727 2161 901 2188 «dilectionis
920 2169 979 2197 perf

198 2195 342 2222 lectionem
366 2191 397 2223 ac
417 2191 505 2224 "iam
527 2191 640 2224 allectus
662 2191 846 2223 sinceritatem
866 2191 936 2223 hanc
953 2196 978 2223 ei
996 2191 1017 2218 Ι)

199 2229 402 2264 inseparabilem
424 2240 485 2258 cum
508 2233 561 2266 Deo
593 2232 690 2258 fecisse
714 2232 863 2262 unitatem;
888 2232 922 2257 ita
951 2238 979 2258 ut

198 2271 250 2301 non
274 2265 383 2301 fortuita
405 2266 500 2298 fuerit.
524 2272 570 2294 aut
591 2274 651 2294 cum
676 2273 797 2301 personat
824 2266 980 2300 acceptione

198 2299 367 2335 :inimmrejus
385 2302 542 2335 assumptio,
557 2302 603 2328 sed
617 2299 744 2327 virtutum
760 2308 870 2327 suarum
888 2299 911 2328 ei
928 2309 979 2328 me-

198 2334 250 2371 rito
264 2334 371 2362 tit-lata?
385 2345 394 2361 t
413 2334 539 2363 Neutrum
554 2337 677 2371 equidem
691 2336 851 2364 crediderim
867 2343 874 2362 :
895 2344 980 2371 neque

198 2370 269 2396 enim
294 2371 350 2397 lucc
374 2371 455 2397 verba
483 2372 515 2398 ab
538 2373 596 2404 ejus
625 2372 763 2406 proposito
788 2370 979 2398 aberrautﬁld

199 2411 291 2440 unttnt,
304 2411 333 2430 ut
347 2406 403 2440 jam
422 2406 488 2438 dixi,
511 2411 598 2439 caret,
623 2414 656 2434 ne
671 2407 730 2440 quis
746 2407 863 2433 animant
878 2407 979 2433 Christi

198 2439 223 2465 iu
242 2441 335 2466 eodem
350 2439 388 2468 ac
404 2441 469 2467 alias
485 2446 555 2467 statu
577 2439 721 2476 aliquando
735 2441 828 2473 fuisse,
844 2446 870 2468 et
887 2449 919 2468 ex
935 2449 981 2469 ea-

198 2482 256 2512 rum
283 2483 394 2503 nuntero
419 2477 451 2502 ad
476 2477 603 2512 unionem
637 2478 833 2512 hypostaticatn
868 2477 980 2512 electam

198 2509 281 2537 fuisse
304 2512 463 2546 suspicetur.
489 2511 550 2539 llaec
572 2509 743 2539 electio—non
767 2511 852 2538 solum
869 2511 980 2539 fortuita

197 2550 224 2583 et
239 2552 304 2583 runt
317 2555 492 2583 pt'l‘s‘Ot-zll‘utli
515 2548 670 2582 acceptione
685 2547 754 2574 facta
769 2548 919 2583 videretur,
933 2547 980 2574 sed

199 2581 255 2618 ipsa
271 2581 350 2607 ctiam
367 2582 455 2608 aninta
477 2588 549 2609 esset
567 2582 750 2618 indignissima
769 2581 820 2608 hac
838 2583 981 2609 electione.

198 2613 264 2641 Nam
286 2623 319 2642 ex
338 2625 437 2644 umone
460 2613 724 2652 hypostatica'Verbi
746 2624 807 2643 cum
831 2618 919 2644 anima
936 2621 983 2644 aut

199 2651 350 2682 peccatrice
370 2657 416 2679 aut
439 2651 498 2686 qua:
514 2660 626 2687 peccare
646 2657 674 2679 et
694 2653 816 2679 damnari
839 2653 981 2686 potuisset,

199 2690 358 2723 sequeretur
373 2687 407 2713 de
421 2687 508 2714 Verbo
520 2689 559 2715 sic
576 2689 600 2715 ei
620 2688 706 2719 unito,
724 2688 793 2714 idem
809 2688 843 2714 ob
861 2695 983 2714 cominu—

199 2722 305 2758 nionent
323 2722 478 2758 idiomatmn
491 2723 542 2749 dici
558 2730 646 2758 posse.
662 2723 746 2758 Negat
759 2722 841 2756 igitur
851 2723 982 2756 Origenes

199 2756 315 2793 annuam
334 2756 434 2793 Christi
459 2756 570 2784 fortuito
593 2762 638 2784 aut
658 2756 718 2784 cum
743 2765 919 2792 personarum
938 2765 982 2783 ac-

198 2791 330 2825 ceptione,
347 2791 372 2817 id
389 2797 440 2823 ost,
455 2799 488 2819 ex
505 2800 620 2819 numero
633 2793 760 2820 similium
785 2793 936 2819 animarum
957 2797 984 2820 et

199 2830 226 2848 m
241 2825 335 2851 eodem
357 2831 429 2853 statu
444 2827 631 2855 exsistentiuut
649 2827 773 2860 electatn,
791 2828 909 2862 gratuito
925 2828 981 2855 ele—

1029 1536 1177 1566 separaret.

1064 1568 1092 1593 Δο
1112 1567 1164 1594 Sed
1178 1567 1307 1602 quidquid
1325 1567 1350 1594 in
1368 1567 1419 1593 hac
1435 1566 1551 1594 dillicilis
1564 1567 1616 1594 loci
1632 1567 1825 1602 explicatione

1028 1601 1219 1638 elaboravi,“
1235 1601 1267 1629 ad
1287 1602 1422 1638 Ruﬁnum
1435 1603 1612 1636 interpretem
1629 1605 1722 1637 potius
1739 1611 1824 1638 quam

1028 1636 1172 1669 Origcnem
1193 1640 1359 1672 purgandum
1381 1637 1490 1664 valebit.
1512 1636 1638 1672 Origenis
1656 1639 1730 1665 enini
1748 1636 1825 1665 ’ϐοη-

1029 1677 1131 1699 textunt
1157 1674 1224 1699 mire
1246 1672 1408 1699 deformavit
1434 1673 1557 1704 llulinus,
1581 1674 1643 1700 dum
1669 1673 1826 1700 emendare

1033 1714 1177 1742 aggrcsws
1197 1712 1248 1734 est.
1262 1707 1337 1740 Quod
1352 1707 1374 1734 si
1392 1707 1479 1740 illum,
1496 1713 1574 1741 prout
1587 1716 1601 1734 a
1616 1707 1775 1735 Iustiniano
1790 1709 1826 1735 ad

1029 1744 1128 1769 calt-em
1151 1743 1272 1775 epistolze
1294 1742 1327 1769 ad
1350 1742 1454 1769 Menam
1472 1748 1595 1770 servatus
1611 1748 1669 1775 est,
1693 1744 1825 1778 inspicia-

1029 1785 1106 1808 mus.
1130 1779 1377 1804 animadvertemus
1410 1779 1552 1812 Origeuem
1579 1785 1631 1805 non
1659 1779 1693 1805 de
1724 1780 1826 1805 animat

1031 1818 1145 1849 tantum,
1161 1814 1206 1849 sed
1223 1814 1255 1839 de
1268 1813 1393 1849 corporis
1405 1818 1432 1840 et
1448 1814 1545 1840 aniuue
1569 1814 1741 1849 hypostatica
1759 1822 1823 1840 cum

1033 1847 1121 1874 Verbo
1137 1847 1329 1882 conjunctione
1347 1847 1429 1882 loqui,
1443 1855 1476 1874 ex
1490 1855 1542 1882 qua
1562 1847 1594 1875 lit
1604 1847 1633 1875 ut
1647 1849 1753 1876 Christi
1774 1849 1824 1876 hu-

1030 1882 1146 1909 tnanitas
1164 1883 1241 1909 simul
1267 1890 1329 1909 cutn
1354 1883 1442 1910 Verbo
1463 1887 1490 1909 et
1511 1883 1611 1910 Christi
1630 1889 1657 1911 et
1682 1883 1823 1918 Unigeniti

1030 1918 1236 1952 appellationem
1256 1922 1285 1945 et
1311 1918 1401 1952 gloria:
1423 1919 1580 1945 societatem
1606 1920 1754 1946 sortiatur.
1779 1919 1826 1945 Sic

1030 1953 1113 1986 igitur
1137 1954 1268 1986 Origenes
1290 1954 1360 1985 apud
1387 1952 1590 1981 Juatinianunt:
1607 1954 1655 1980 Διὰ
1677 1954 1758 1980 τοῦτο
1776 1954 1825 1980 καὶ

1029 1987 1171 2030 ἄνθρωπος
1189 1987 1285 2022 γέγονε
1301 1988 1416 2022 Χριςτὺς
1429 1987 1459 2020 ἐξ
1480 1988 1724 2049 ἀνδῖαγαθὴματος
1745 1989 1826 2016 τοῦτο

1029 2031 1129 2049 τυγων.
1143 2023 1180 2049 ὡς
1197 2024 1328 2049 μαρτυρεῖ
1339 2025 1353 2049 ὁ
1367 2024 1513 2049 Προφήτης
1546 2024 1615 2049 ἐγων
1624 2033 1630 2038 ·
1648 2024 1825 2049 Ἡνάπησαιι

1029 2022 1129 2059 ῖυχὼν,
1143 2023 1180 2053 ὡς
1196 2024 1353 2058 μαρτυρεῖό
1367 2024 1513 2059 Προφήτης
1531 2022 1825 2059 λέγων,·””Ηγάπησας

1030 2058 1307 2102 δικαιοσύνηςκςιυ.
1330 2058 1496 2100 Ἔπρεπέδὲ
1517 2059 1561 2085 τὸν
1577 2058 1712 2102 μηδέποὲξ
1735 2069 1826 2102 ﬁexa)-

1031 2093 1158 2129 ρισμένον
1177 2093 1224 2119 τσῦ
1244 2093 1413 2130 Μαινοτξνοῦς
1439 2093 1658 2129 συγχρημάτίσαι
1678 2094 1718 2130 τῷ
1737 2093 1824 2121 usto-

1030 2130 1104 2162 γενεί
1125 2129 1170 2154 καὶ
1193 2129 1404 2164 συνδοξασθῆναι
1432 2130 1516 2164 αὐτῷ.
1545 2140 1554 2155 ι
1571 2131 1672 2157 Idcirco
1690 2129 1717 2157 et
1744 2132 1824 2157 homo

1033 2165 1121 2191 factus
1143 2169 1184 2190 est
1204 2164 1339 2196 Clll‘lalllS,
1364 2166 1517 2192 sanctitatis
1537 2166 1633 2192 tnerito
1657 2166 1707 2192 ltoc
1727 2174 1824 2192 conse-

1033 2205 1126 2230 cutus,
1151 2200 1377 2233 quemadmodum
1401 2199 1536 2234 Propheta
1561 2205 1676 2227 testatnr
1702 2201 1821 2227 dicens:

1033 2233 1155 2260 Dilexisti
1170 2234 1315 2270 iustitiam,
1332 2240 1385 2262 etc.
1410 2233 1525 2261 Decebat
1547 2236 1665 2262 enimut
1687 2237 1734 2270 qui
1756 2244 1825 2262 ιιιιιι-

1033 2277 1113 2303 quant
1129 2270 1163 2296 ab
1181 2268 1323 2304 Unigenito
1339 2271 1459 2304 separari
1475 2275 1575 2304 potest,
1589 2278 1650 2297 cum
1677 2268 1824 2305 Unigenito

1032 2310 1182 2340 etrnontcn
1213 2310 1239 2340 et
1269 2305 1381 2339 gloriam
1410 2306 1575 2340 partiatur.t
1605 2306 1680 2338 Quod
1703 2314 1771 2340 ergo
1792 2307 1825 2333 «te

1033 2339 1122 2365 anima
1137 2339 1192 2366 sola
1208 2339 1313 2366 dixerat
1325 2339 1416 2372 antea,
1429 2341 1498 2368 idem
1516 2348 1586 2367 nunc
1600 2342 1633 2367 de
1651 2346 1705 2367 tota
1720 2339 1822 2368 Christi

1034 2374 1201 2402 humanitate
1215 2376 1330 2402 statuit:
1349 2383 1400 2402 nec
1414 2384 1474 2403 eam
1497 2376 1563 2402 dicit
1586 2377 1735 2403 sanctitate
1759 2383 1824 2402 cou-

1034 2415 1154 2436 secutaut
1169 2417 1229 2437 esse
1242 2414 1270 2436 ut
1285 2418 1346 2437 cum
1363 2409 1449 2438 Verbo
1467 2410 1677 2445 conjungeretur
1696 2411 1825 2446 hyposta-

1035 2447 1097 2476 tice,
1107 2446 1153 2472 sed
1173 2446 1223 2471 hac
1240 2445 1406 2480 hypostatica
1420 2446 1612 2480 conjunctione
1626 2445 1824 2473 inconvertibi-

1035 2480 1097 2506 liter
1112 2481 1307 2507 saucttllcatant
1335 2480 1468 2515 liuigeniti
1484 2481 1577 2515 gloriae
1589 2486 1615 2507 et
1630 2482 1751 2509 nominis
1765 2489 1824 2509 esse

1035 2515 1206 2551 participem.
1231 2515 1330 2551 [Eodem
1348 2523 1426 2543 sensu
1445 2523 1492 2543 sex
1512 2517 1630 2551 episcopi
1655 2524 1680 2543 tu
1705 2517 1820 2551 epistula

1035 2551 1069 2588 ad
1095 2550 1205 2588 Paulum
1231 2549 1468 2588 Samos-attenuat:
1491 2549 1580 2588 Tota
1605 2549 1660 2588 ei);
1681 2549 1822 2588 Πᾱρθένου

1036 2584 1114 2620 σῶμα
1128 2585 1261 2622 »χωρῆσαν
1279 2587 1333 2613 πᾶν
1351 2586 1381 2612 τὸ
1399 2586 1534 2622 πλήρωμα
1550 2587 1599 2622 τῆς
1618 2584 1746 2622 θὲότητός
1771 2596 1824 2613 σω-

1037 2620 1175 2657 μαῖικῶς,
1196 2622 1229 2656 τῇ
1249 2621 1355 2656 θεότητι
1377 2620 1519 2657 scaeam;
1539 2620 1640 2657 ἥνωται
1664 2620 1712 2649 xit
1735 2623 1823 2649 τεθεο·

1036 2656 1155 2691 πρίηται.
1180 2665 1189 2681 ι
1204 2659 1308 2690 Corpus
1331 2665 1364 2683 ex
1387 2657 1505 2691 Virgine,
1529 2656 1601 2692 quod
1620 2659 1692 2692 capit
1713 2665 1820 2685 omnem

1036 2691 1229 2725 plenitudinem
1247 2692 1397 2719 divinitatis
1416 2694 1603 2727 corporaliter,
1619 2691 1755 2720 divinitati
1772 2694 1821 2720 im-

1037 2726 1200 2753 mutabiliter
1219 2727 1321 2753 unitunt
1342 2733 1383 2754 est
1403 2732 1430 2754 et
1447 2726 1610 2755 dcilicatunt.
1626 2737 1635 2753 t
1656 2743 1692 2748 —-
1708 2728 1772 2756 Haec
1791 2728 1820 2756 Β.

1037 2760 1253 2823 Prud.“MAltAN,
1279 2763 1319 2790 De
1339 2763 1419 2789 divin.
1441 2761 1539 2790 Christi
1564 2762 1611 2790 lib.
1633 2770 1669 2796 tv,
1697 2771 1758 2799 cap.
1779 2762 1820 2797 ib,

1037 2804 1110 2823 1111111.
1163 2816 1169 2823 .

1037 2804 1110 2824 1111111.
1127 2804 1138 2822 ι
1145 2804 1155 2823 ⁴Ι
1163 2816 1169 2823 .
