1904 3077
89 131 148 159 805

504 128 789 158 ORIGENIANORUM
811 127 875 156 LIB.
897 127 929 160 ll,
951 127 1027 155 CAP.
1047 125 1078 160 ll,
1100 125 1240 160 QUIEST.
1262 124 1305 152 Ill.

1678 125 1730 153 806

90 190 176 219 odisti
202 190 373 225 iniquitatem
389 199 396 216 :
413 193 555 224 propterea
573 189 650 215 unxit
666 193 691 215 te
714 188 795 220 Deus.
817 188 887 216 Deus
901 190 924 217 A
939 185 1120 220 proferemus,
1146 183 1314 219 suspiciones
1331 181 1421 216 potius
1444 186 1564 214 ηοδῑτπει
1577 189 1658 216 (illam
1675 190 1732 210 Im-

92 241 168 269 tnus,
189 236 250 263 oleo
267 235 366 263 laetitia:
392 242 448 270 pra:
473 234 645 261 consortibus
669 234 733 261 tuis.
748 243 757 260 ι
786 232 882 260 Totam

91 290 177 317 porro
193 283 272 310 istam
288 281 412 316 Origenis
432 280 650 308 dissertationem
675 280 768 307 iisdem
786 288 885 315 prope-

93 328 207 355 modum
226 328 370 362 repetitam
385 327 476 355 verbis
494 327 615 361 reperias
638 327 664 353 in
683 331 820 361 postremo
839 334 885 353 ca-

90 373 151 408 pite
176 374 260 402 libelli
289 373 326 401 De
354 374 450 401 deitate
475 378 498 400 et
519 373 703 400 incarnatione
734 371 828 404 Verbi,
852 372 885 400 ad

91 419 272 452 Januarium;
287 419 333 454 qui
346 419 452 447 libellus
467 419 641 454 Origeuianis
655 418 815 453 fragmentis
829 418 885 446 fere

92 471 218 498 constat,
239 470 267 493 et
289 466 321 492 ad
338 465 440 493 calcem
466 465 554 499 quarti
581 465 646 491 tomi
672 464 814 498 Augustini
839 465 886 490 ad-

89 511 171 548 jungi
200 512 279 540 soict.
303 512 391 546 Atque
419 511 489 538 hanc
515 511 686 542 doctrinam,
712 510 886 545 quantumvis

96 559 241 592 absonam,
256 559 335 586 avide
349 559 522 593 arripuerunt
536 557 676 592 Pelagiani
690 562 716 584 et
736 565 887 592 propugna-

97 611 173 633 runt.
201 605 334 633 Locorum
361 605 503 640 Origenis,
531 604 629 639 quibus
662 610 692 630 ea
722 604 886 635 continetur,

92 652 202 687 primus
230 656 319 680 exstat
340 656 404 679 tom.
427 659 435 678 ι
459 652 487 678 in
509 650 604 682 Joan.,
629 657 704 677 num.
727 649 785 677 37:
808 649 888 676 Ἀλλὰ

92 698 144 726 καὶ
159 698 229 734 ἀνὴρ
246 697 314 731 πρὸς
329 698 434 728 τούτοις
449 696 556 731 λέγεται
570 696 656 722 ὀπίσω
673 694 796 722 Ἰωάννου
810 695 887 731 ἐρχό-

92 753 189 780 μενος,
203 743 355 780 ἓμπροςθεν
368 743 451 770 αὑτοῦ
466 743 657 779 γεγενημένης,
673 744 719 771 καὶ
736 742 788 778 πρὸ
805 741 887 769 αὑτοῦ

93 791 144 823 ὢν,
160 791 204 817 ἵνα
220 789 386 825 διδαχθῶμεν
406 789 452 816 καὶ
466 789 511 816 τὸν
525 789 668 825 ἄνθρωπον
689 790 737 818 τοῦ
755 789 822 816 Υἱοῦ
840 788 887 815 τοῦ

92 836 177 869 Θεοῦ,
193 837 239 865 τὸν
261 839 294 873 τῇ
317 837 425 872 Θεότητι
448 836 531 864 αὑτοῦ
558 837 804 874 ἅνακεκραμμένον
826 844 889 872 πρε-

938 231 1065 258 uitcstius
1095 230 1288 257 aﬂlrmationes
1316 228 1342 255 in
1379 228 1495 255 medium
1521 229 1700 263 proferentes.
1717 239 1728 256 ι

938 277 1004 311 Qua:
1031 284 1046 304 a
1074 276 1172 304 Rutilio
1193 276 1302 303 adtexta
1317 274 1480 309 suspicarer,
1495 274 1517 301 si
1533 282 1584 301 non
1603 276 1636 302 de
1650 275 1732 303 rebus

937 322 1063 350 obscuris
1093 322 1279 357 disputaturus
1310 320 1440 356 Origenes
1472 320 1507 347 ita
1541 320 1649 355 prafari
1684 327 1731 348 so-

938 369 1016 397 leret.

974 416 1040 443 Vlll.
1060 415 1240 442 Nihilominus
1267 419 1356 441 tamen
1384 421 1418 441 ne
1438 413 1476 441 sic
1495 413 1603 448 quidem
1632 413 1732 441 multo-

939 470 997 489 rum
1023 461 1259 489 criminationlbus
1280 461 1331 488 fuit
1355 460 1493 487 immunis.
1518 459 1613 495 Carpit
1643 460 1731 494 ipsum

937 507 1104 543 Theophilus
1129 508 1181 535 int
1205 507 1303 534 Pasch.
1331 509 1427 542 epist.,
1453 506 1524 541 quod
1552 507 1585 533 ad
1612 507 1731 533 animam

937 553 1038 581 Christi
1065 553 1187 580 retulerit
1210 553 1281 580 istud
1307 553 1382 580 Pauli
1404 553 1521 586 Philipp.
1537 560 1572 584 lt,
1589 553 1625 579 7:
1648 562 1658 579 ι
1674 552 1731 580 Νοιι

938 600 1062 634 rapinam
1085 599 1234 626 arbitratus
1253 603 1294 626 est
1314 606 1374 626 esse
1399 606 1428 626 se
1448 598 1579 633 aequalem
1599 599 1664 632 Deo,
1685 600 1733 627 sed

939 645 1115 680 semetipsum
1141 645 1292 672 exinanivit
1317 645 1431 672 formam
1452 645 1523 672 servi
1550 645 1704 680 accipiens;
1719 655 1729 672 ι

940 691 1009 718 unde
1031 690 1169 718 concludit
1185 691 1286 718 Christi
1305 691 1423 717 animam
1448 691 1577 724 :equalem
1596 691 1651 717 Deo
1668 690 1732 718 Ori-

939 745 1034 773 genem
1062 737 1228 770 credidisse,
1253 744 1284 764 ac
1307 737 1424 772 mquales
1450 736 1565 772 proinde
1590 736 1733 763 hominum

940 784 1056 816 animas,
1083 791 1143 818 quae
1170 783 1290 818 ejusdem
1317 788 1380 810 sunt
1405 783 1565 810 substantiae
1589 790 1621 810 ac
1643 783 1732 810 anima

940 829 1059 861 Christi,
1084 829 1227 864 ipsumque
1253 828 1370 856 Verbum
1391 830 1547 864 neutiquam
1562 829 1595 855 ad
1612 833 1732 861 terrena,

93 883 230 919 οόύτερον
242 880 310 910 εἶναι
323 883 371 918 τῆς
383 884 415 910 ὲκ
427 883 538 919 Μαρίας
550 883 691 917 γενέσεως.
702 883 776 910 Alter
784 882 888 909 habetul

947 876 993 903 sed
1012 875 1096 903 solam
1114 874 1172 909 ejus
1188 876 1304 902 animam
1322 875 1438 903 venisse.
1453 875 1541 909 Atque
1565 875 1666 902 utinam
1691 876 1732 902 vel

94 935 172 957 torno
193 937 228 956 xx
246 935 382 962 sequenti.
399 937 475 956 num.
491 929 522 956 l7
537 938 543 956 :
564 930 620 956 υὺκ
643 929 777 965 ἀζήτητον
796 928 824 954 δὲ
841 929 885 955 sa.-

93 975 157 1002 τέον
172 975 217 1002 τὸν
232 974 323 1007 τόπον,
337 975 384 1002 καὶ
404 976 444 1006 εἰς
462 974 508 1001 τὸν
522 975 586 1011 περὶ
602 975 689 1010 ψυχῆς
705 973 794 1008 λόγον.
811 974 887 1009 Τάχα

93 1021 151 1056 γὰρ
167 1022 185 1056 ἡ
207 1021 256 1056 μὲν
268 1019 315 1047 τοῦ
330 1020 395 1047 Υἱοῦ
413 1020 485 1056 ψυχὴ
504 1021 533 1047 ἐν
549 1022 582 1056 τῇ
604 1020 702 1055 ἑαυτῆς
718 1020 888 1056 τυγχάνουσα

93 1067 258 1102 τελειότητι,
272 1067 300 1093 ἐν
316 1066 375 1102 Θεῷ
394 1066 440 1093 καὶ
459 1066 498 1102 τῷ
511 1066 675 1102 πληρώματι
690 1064 733 1101 ἦν,
749 1066 795 1093 καὶ
817 1067 888 1092 ἐκεῖ-

93 1112 143 1139 ea,
166 1111 360 1147 ὲξεληλυθυῖα,
376 1111 415 1146 τῷ
439 1111 607 1138 ἀπεστάλθαι
630 1111 683 1138 ἀπὸ
702 1111 749 1138 τοῦ
766 1111 887 1146 Ἡατρὺς,

93 1157 214 1186 ἀνέλαόε
233 1158 263 1185 τὺ
282 1158 314 1184 ὲκ
329 1157 379 1193 τῆς
393 1157 504 1193 Μαρίας
524 1157 613 1192 σῶμα.
630 1156 711 1184 Libro
733 1164 797 1184 vero
812 1165 829 1184 ιι
852 1156 888 1183 De

94 1205 225 1241 princip.,
243 1211 303 1238 cap.
315 1204 343 1234 ϐ,
359 1211 433 1230 ιιιιιιι.
448 1204 465 1231 5
480 1208 507 1231 et
527 1203 561 1235 4,
583 1207 610 1230 et
627 1203 673 1230 lib.
695 1210 703 1229 ι
723 1209 814 1230 contra
834 1202 888 1230 Cel-

95 1259 170 1282 sum,
184 1258 260 1277 num.
275 1250 310 1278 3‘2
323 1255 350 1278 et
366 1250 411 1282 53,
431 1249 517 1277 fusius
534 1249 603 1276 idem
629 1253 726 1276 tractat
746 1256 888 1283 argumen-

95 1302 169 1328 tum,
185 1300 357 1330 mentemque
373 1303 449 1323 suam
466 1295 569 1322 diserte
591 1294 732 1329 proponit;
749 1301 808 1328 quae
822 1301 888 1328 quo-

95 1343 172 1370 niam
187 1349 265 1377 aquo
280 1341 425 1376 prolixiora
440 1345 512 1372 sunt,
530 1345 556 1366 ut
578 1340 710 1368 lectorum
727 1344 889 1367 occurratur

95 1388 221 1419 fastidio,
247 1387 349 1415 rel‘crre
376 1387 550 1422 supersedeo.
565 1387 737 1413 Adducemus
752 1393 782 1413 ea
800 1385 887 1413 solum

95 1443 161 1469 quae
177 1443 192 1462 c
208 1434 277 1461 libro
301 1434 395 1461 eodem
420 1433 491 1467 Περί
512 1431 624 1467 ἀρχῶν,
642 1439 702 1466 cap.
718 1431 745 1464 6,
769 1439 844 1458 num.
858 1431 888 1463 4,

96 1480 269 1516 deprompsit
286 1479 454 1507 Justinianus
475 1479 508 1506 ad
527 1479 628 1506 calcem
646 1478 769 1513 epistolas
781 1478 813 1504 ad
833 1477 886 1505 Me-

96 1534 183 1554 nam:
202 1526 250 1552 Διὰ
266 1525 345 1552 τοῦτο
368 1525 414 1552 καὶ
437 1525 577 1561 ἄνθρωπος
597 1524 691 1559 γέγονε
714 1523 842 1560 Χριστὸς,
859 1523 889 1556 ἐξ

942 923 998 957 ipsa
1015 921 1141 957 Origenis
1159 922 1239 949 verba
1256 926 1479 956 reprtrttentasset
1495 921 1670 955 Theophilus,
1688 922 1731 949 vel

941 969 975 996 ad
996 969 1052 1004 ipsa
1069 969 1128 996 loca
1150 969 1221 996 unde
1244 968 1301 996 hate
1327 972 1439 1004 excepta
1459 972 1538 1000 sunt,
1556 968 1667 1003 digitum
1692 968 1734 995 in-

943 1015 1091 1049 tendisset;
1111 1014 1218 1042 facilius
1239 1015 1346 1050 quidem
1362 1019 1389 1042 et
1407 1015 1508 1042 certius
1523 1014 1647 1050 Origeuis
1671 1022 1734 1042 sert-

941 1069 1000 1088 sum
1017 1060 1237 1095 pervideremus;
1253 1067 1349 1088 vereor
1363 1061 1434 1088 enim
1452 1066 1480 1087 ut
1498 1061 1650 1088 vehementi
1669 1067 1734 1088 cons

941 1107 1040 1134 citatus
1069 1106 1142 1138 odio,
1157 1106 1196 1134 sic
1221 1106 1292 1134 enim
1310 1111 1386 1139 erat,
1410 1107 1477 1134 satis
1502 1107 1571 1134 bona
1596 1107 1648 1134 [ide
1672 1115 1733 1134 cum

940 1152 1103 1180 Adamantio
1126 1152 1222 1186 egerit.
1242 1152 1352 1180 Certum
1370 1160 1428 1186 est,
1451 1160 1512 1181 cum
1533 1163 1541 1179 ι
1557 1154 1732 1188 semetipsum

941 1198 1095 1226 exinaniret
1109 1208 1119 1224 ι
1138 1198 1276 1232 Christus,
1290 1199 1358 1226 nih'il
1381 1199 1534 1227 detrimenti
1551 1207 1658 1234 passam
1673 1200 1732 1234 ejus

941 1246 1127 1277 divinitatem,
1162 1247 1208 1273 sed
1245 1246 1329 1274 solum
1365 1247 1559 1274 humanitatem
1595 1246 1733 1274 laboribus

943 1292 1026 1319 fuisse
1049 1291 1211 1325 obnoxiam;
1229 1292 1306 1327 cujus
1327 1300 1388 1319 cum
1406 1292 1541 1327 prtecipua
1566 1299 1628 1327 pars
1643 1293 1732 1319 anima

941 1338 987 1371 sit,
1001 1338 1138 1372 angustias
1151 1338 1195 1365 illa
1209 1338 1336 1365 sustinuit
1346 1344 1372 1366 et
1383 1338 1500 1371 dolores,
1510 1346 1542 1366 ac
1554 1348 1562 1364 ι
1574 1338 1707 1365 exinanita
1719 1348 1729 1365 ι

942 1385 1055 1419 proinde
1071 1385 1122 1412 hoc
1137 1392 1217 1413 sensu
1234 1385 1286 1412 dici
1307 1390 1406 1419 potest,
1422 1390 1450 1412 et
1464 1393 1479 1412 e
1495 1393 1600 1412 summo
1624 1384 1668 1411 illo
1693 1384 1733 1412 fe-

942 1431 1051 1458 licitatis
1073 1431 1157 1466 gradu
1186 1431 1306 1466 dcjecla,
1330 1439 1384 1466 quo
1409 1431 1521 1466 potitant
1548 1430 1632 1458 fuisse
1651 1426 1731 1457 illam

942 1479 1046 1506 censuit
1069 1478 1218 1514 Origenes,
1239 1486 1302 1506 cum
1327 1479 1430 1514 irrupto
1451 1478 1552 1506 atnoris
1584 1485 1653 1505 nexu
1679 1477 1733 1505 Deo

942 1525 1095 1559 conjuncta,
1117 1525 1234 1552 nondum
1262 1525 1380 1552 humano
1403 1524 1509 1560 corpori
1534 1531 1594 1552 sese
1618 1524 1733 1551 inunce-

97 1571 343 1606 ἀνδραγαθήματος
361 1570 454 1596 τούτου
471 1569 571 1605 τυχὼν,
589 1570 627 1601 ὡς
643 1570 779 1605 μαρτυρεῖ
797 1569 811 1595 ό
822 1570 888 1605 ΙΙρο⁴

945 1571 1037 1598 sisset.
1057 1570 1137 1604 Quod
1160 1571 1198 1597 ait
1219 1578 1283 1605 ergo
1306 1571 1452 1606 Apostolus
1472 1580 1479 1598 :
1499 1580 1508 1596 ι
1525 1570 1581 1598 Hoc
1603 1570 1735 1604 intelligat

97 1616 188 1651 φήτης
209 1615 311 1650 λέγων’
331 1614 505 1650 Ἠγάπησας
527 1614 736 1647 δικαιοσύνην,
764 1613 813 1640 καὶ
834 1614 892 1648 ὲμί.

97 1670 202 1695 cnam;
221 1662 359 1696 ἀνομίαν,
373 1660 421 1687 διὰ
440 1661 528 1687 τοῦτο
552 1660 656 1695 ἕχρισέ
681 1668 718 1686 σε
737 1661 753 1687 d
777 1659 859 1692 Θεὸς,
876 1661 892 1687 ό

99 1709 174 1741 aede
183 1716 240 1736 σου
250 1708 354 1735 ἔλαιον
363 1706 569 1742 ἀγαλλιάσεως
579 1705 657 1740 παρὰ
667 1705 737 1738 τοὺς
746 1705 892 1739 μετόχους

99 1763 169 1782 σου.
190 1755 313 1789 Ἒττρεττε
337 1754 365 1781 δὲ
390 1753 434 1779 τὸν
459 1753 590 1788 μηδέποτε
615 1752 816 1788 κεχωρισμένον
843 1751 890 1778 τοῦ

99 1799 270 1833 Μονογενοῦς
284 1797 504 1834 συγχρηματίσαι
520 1796 559 1832 τῷ
573 1797 719 1831 Μονογενεῖ
735 1796 782 1822 καὶ
801 1796 892 1822 συνδο-

99 1846 232 1881 ξασθῆναι
258 1845 342 1880 αὑτῷ,
365 1855 373 1870 ι
390 1845 491 1872 I-lcirco
507 1848 534 1870 et
550 1844 631 1870 homo
653 1844 740 1870 factus
755 1848 797 1870 est
817 1843 893 1870 Chri-
906 1872 912 1877 .

99 1898 170 1922 stus,
186 1898 234 1917 suo
252 1891 347 1917 merito
362 1890 411 1916 hoc
428 1889 551 1921 sortitus,
568 1894 596 1915 nt
614 1888 747 1923 Propheta
766 1893 889 1921 testatur,

100 1937 249 1971 inquiens:
266 1936 388 1963 Ditexisti
401 1936 551 1970 justitiam,
572 1940 595 1962 et
610 1936 693 1962 odisti
715 1935 890 1970 iniquitatem,

98 1987 239 2017 propterea
254 1983 328 2009 unxit
341 1986 365 2008 te
381 1982 460 2014 Deus,
477 1981 547 2008 Deus
564 1986 635 2012 tuus,
653 1980 708 2007 oleo
725 1979 822 2007 Itetitite
836 1988 892 2014 pro:

98 2028 271 2062 participibus
285 2028 336 2055 tuis
349 2028 382 2055 ⁵⁷.
396 2026 510 2054 Docebat
524 2026 655 2060 siquidem
674 2025 746 2052 illum
763 2026 807 2060 qui
824 2033 892 2052 nult-

99 2083 182 2110 quam
200 2077 233 2102 ab
246 2074 389 2109 Unigenito
402 2078 541 2108 separatus
552 2077 603 2104 est.
614 2072 779 2100 coexsistere
793 2071 891 2107 linige-

99 2122 172 2150 nilo.
185 2126 210 2148 et
227 2129 278 2148 una
296 2128 357 2148 cum
377 2120 435 2154 ipso
452 2119 678 2154 conglorillcari.»

138 2167 193 2194 Vll.
215 2167 291 2200 Quod
311 2167 333 2193 si
360 2167 420 2201 quis
446 2165 521 2193 falsis
542 2165 594 2193 illis
611 2165 737 2200 Origenis
762 2164 891 2192 assertio-

100 2215 183 2241 nihus
197 2217 382 2241 commovetur
402 2212 598 2244 vehementius,
613 2211 652 2238 sic
670 2212 810 2246 pra‘fatum
829 2218 890 2238 eum

943 1618 1128 1651 tuutsquisque
1145 1617 1170 1643 in
1189 1616 1278 1649 nobis,
1296 1618 1367 1651 quod
1381 1622 1408 1644 et
1425 1617 1451 1644 iu
1467 1616 1575 1644 Christo
1585 1615 1665 1648 Jesu;
1686 1616 1733 1650 qui

942 1670 1003 1690 cum
1026 1662 1052 1689 in
1072 1662 1159 1690 forma
1177 1662 1223 1689 Dei
1249 1667 1338 1695 esset,
1364 1671 1417 1690 non
1438 1663 1561 1697 rapinam
1587 1663 1733 1689 arbitratus

942 1713 985 1735 est
1001 1715 1061 1735 esse
1075 1715 1105 1736 se
1119 1708 1252 1744 aqualem
1277 1707 1343 1741 Deo,
1365 1709 1413 1736 sed
1439 1708 1615 1742 semetipsum
1638 1708 1734 1734 exina-

943 1747 1013 1781 nivit
1029 1754 1144 1781 formam
1160 1755 1230 1782 servi
1256 1754 1406 1789 accipiens,
1421 1764 1430 1780 ι
1456 1754 1528 1781 facili
1553 1754 1661 1788 negotio
1685 1761 1733 1781 ex-

943 1800 1057 1835 plicatur
1079 1800 1112 1827 ad
1132 1805 1248 1827 mentem
1263 1798 1400 1836 Origenis.
1415 1799 1552 1828 Christum
1575 1799 1613 1826 ait
1635 1799 1733 1827 Paulus

942 1853 1002 1872 cum
1017 1846 1043 1872 in
1061 1845 1146 1872 forma
1165 1846 1212 1873 Dei
1229 1851 1311 1878 esset,
1325 1845 1434 1881 Deoque
1451 1846 1573 1881 aequalis,
1589 1853 1641 1872 nou
1655 1845 1733 1880 juxta

942 1891 1153 1924 humanitatem,
1167 1892 1214 1919 sed
1226 1891 1302 1925 juxta
1318 1898 1442 1919 naturam
1457 1900 1533 1919 suam
1545 1892 1675 1925 divinam,
1689 1899 1733 1920 se-

943 1937 1028 1972 ipsum
1042 1938 1234 1971 exinanivisse,
1248 1943 1275 1966 et
1290 1939 1362 1966 servi
1379 1938 1494 1966 formam
1513 1939 1661 1973 accepisse,
1678 1945 1733 1966 non

940 1984 1016 2019 juxta
1034 1984 1204 2012 divinitatem
1221 1993 1309 2018 suam,
1331 1985 1378 2013 sed
1399 1985 1476 2020 juxta
1494 1985 1638 2012 humanam
1654 1989 1733 2012 natu-

942 2038 1012 2064 ram,
1026 2029 1102 2064 cujus
1123 2031 1239 2065 priorem
1262 2032 1351 2058 anima
1370 2031 1457 2058 locum
1481 2035 1563 2058 tenet.
1583 2030 1641 2064 Quo
1662 2031 1732 2058 refe-

942 2077 1054 2104 rendum
1071 2077 1136 2104 illud
1153 2076 1252 2105 Christi
1267 2085 1274 2104 :
1297 2087 1307 2103 c
1324 2076 1421 2104 Tristis
1437 2081 1480 2104 est
1499 2076 1589 2103 anima
1611 2083 1669 2103 mea
1687 2083 1732 2104 us-

941 2131 994 2158 que
1008 2124 1041 2150 ad
1065 2128 1180 2151 mortem
1193 2123 1226 2150 ⁸⁸.
1241 2133 1250 2150 ι
1272 2123 1320 2151 His
1341 2124 1367 2151 in
1391 2123 1595 2150 accommodum
1619 2130 1730 2150 sensum

942 2171 980 2198 ita
999 2170 1110 2198 deﬂexis
1133 2170 1289 2198 retunditur
1312 2169 1453 2205 Theophili
1472 2169 1647 2204 oppugnatio,
1668 2178 1730 2197 cum

943 2217 1094 2250 praesertim
1108 2218 1173 2244 satis
1191 2217 1300 2244 aliunde
1313 2221 1418 2244 constet
1440 2223 1489 2250 pro
1503 2221 1580 2243 certo
1603 2214 1732 2243 habuisse

100 2261 186 2287 fuisse
201 2260 268 2286 sciat
284 2259 330 2286 lib.
345 2267 362 2286 ιι
377 2259 445 2293 Περὶ
463 2257 573 2293 ἀρχῶν,
591 2265 650 2292 cap.
665 2257 692 2291 6,
709 2265 784 2284 num.
796 2257 825 2288 Ξ.
840 2265 888 2284 an-

942 2263 1086 2296 Origenem
1111 2262 1234 2290 Verbum
1259 2262 1306 2290 Dei
1333 2269 1443 2289 carnem
1466 2262 1492 2288 in
1515 2260 1625 2288 Christo
1648 2261 1732 2289 fuisse

100 2311 210 2340 tequam
237 2305 270 2332 ad
295 2304 483 2338 explicandum
511 2303 705 2330 lucarnationis
731 2303 889 2338 mysterium

101 2352 264 2379 accederet:
281 2360 290 2377 ι
304 2351 368 2384 Qua:
391 2350 500 2385 quidem
526 2350 551 2376 in
570 2357 649 2376 aures
671 2349 803 2376 humanas
824 2356 889 2382 pro-

102 2398 186 2430 ferre,
200 2403 228 2424 ct
247 2397 415 2424 sermonibus
434 2395 582 2431 explicare,
597 2394 675 2427 longe
690 2394 763 2422 vires
777 2395 818 2421 vel
834 2402 890 2422 me-

101 2444 147 2471 riti
165 2444 260 2476 nostri,
273 2443 314 2471 vel
332 2443 430 2479 ingenii
446 2449 478 2470 ae
493 2441 625 2469 sermonis
638 2441 752 2469 excedit.
766 2441 890 2468 Arbitror

101 2496 194 2518 autem
219 2491 281 2524 quia
304 2490 386 2517 etiam
410 2493 566 2516 sanctorum
583 2487 765 2522 apostolorum
791 2494 887 2522 super-

101 2538 243 2573 grediatur
266 2542 419 2564 mensuram
434 2544 440 2562 ε
458 2534 579 2569 quinimo
597 2533 677 2560 etiam
697 2533 820 2560 fortassis
845 2537 887 2560 to-

104 2584 159 2611 tius
183 2587 316 2611 creaturze
333 2581 483 2609 caelestium
510 2581 639 2607 virtutum
666 2579 826 2606 eminentior
847 2583 890 2607 est

103 2630 267 2658 sacramenti
286 2629 363 2656 istius
378 2627 539 2663 explanatio.
558 2625 595 2653 De
607 2633 660 2660 quo
674 2633 722 2652 nos
738 2633 789 2652 non
806 2629 890 2652 teme-

104 2677 186 2704 ritate
201 2676 300 2710 sliqua,
325 2675 370 2702 sed
393 2674 527 2709 quomodo
545 2672 612 2699 ordo
629 2672 679 2699 loci
704 2671 841 2706 deposcit,
856 2679 888 2699 ea

103 2723 191 2757 magis
213 2729 273 2756 quae
293 2721 358 2748 tides
383 2725 475 2747 nostra
500 2719 638 2751 continet,
661 2726 740 2752 quam
766 2718 889 2745 humana:

103 2769 220 2797 rationis
236 2767 350 2795 assertio
371 2766 508 2793 vindicare
526 2766 602 2798 solet,
621 2772 701 2800 quam
717 2764 888 2798 paucissimis

139 2858 162 2873 "
185 2856 254 2884 Psal.
282 2865 352 2888 xLIv,
377 2856 403 2883 8.
442 2856 464 2871 ⁸⁸
485 2855 566 2882 Marc.
590 2854 703 2887 imm.

940 2308 1053 2337 factum.
1068 2308 1180 2336 Millium
1199 2309 1285 2336 instar
1299 2309 1352 2336 erit
1374 2316 1457 2336 unum
1475 2308 1501 2335 id
1524 2308 1583 2342 ejus
1607 2307 1730 2335 testimo-

940 2354 1012 2381 nium
1026 2362 1042 2381 e
1054 2356 1186 2389 prommio
1200 2355 1226 2382 in
1243 2355 1289 2383 lib.
1306 2355 1342 2382 De
1354 2355 1479 2390 princip.,
1494 2362 1570 2382 num.
1582 2354 1600 2381 ι
1616 2365 1622 2382 :
1643 2363 1652 2380 ‹
1667 2354 1732 2390 Spe-

943 2400 1000 2427 cies
1018 2407 1084 2428 Vero
1106 2408 1202 2428 eorum
1216 2408 1276 2436 quae
1299 2408 1347 2436 per
1363 2400 1582 2436 praedicationem
1604 2400 1732 2434 apostoli-

939 2453 997 2473 cam
1016 2447 1158 2475 manifeste
1177 2447 1330 2479 traduntur,
1348 2447 1406 2475 ista:
1426 2451 1499 2474 sunt.
1511 2466 1518 2474 .
1530 2465 1555 2473 ..
1569 2446 1632 2480 quia
1652 2444 1731 2473 Jcsos

939 2492 1062 2520 Christus
1089 2493 1145 2528 ipse
1172 2493 1216 2528 qui
1238 2493 1327 2526 venit,
1352 2497 1415 2520 ante
1440 2499 1549 2519 omnem
1573 2495 1730 2517 creaturam

940 2544 1021 2565 natus
1036 2547 1068 2566 ex
1087 2539 1165 2567 Patre
1180 2544 1232 2568 est.
1246 2539 1297 2573 Qui
1314 2547 1374 2567 cum
1391 2539 1417 2566 in
1434 2539 1553 2565 omnium
1576 2536 1730 2564 conditione

940 2583 1014 2611 Patri
1034 2585 1213 2613 ministrasset
1244 2587 1307 2621 (per
1329 2586 1415 2620 ipsum
1442 2585 1512 2610 enim
1545 2583 1632 2609 omnia
1658 2581 1730 2615 facta

940 2635 1000 2657 sunt
1014 2630 1058 2664 ⁸⁹),
1072 2631 1223 2658 novissimis
1241 2632 1405 2668 temporibus
1418 2630 1537 2665 seipsum
1559 2628 1728 2659 cxiaaniens,

941 2677 1024 2704 homo
1045 2676 1133 2704 factus
1161 2677 1316 2705 incarnatus
1348 2682 1390 2705 est
1415 2684 1476 2704 cum
1501 2675 1569 2703 Deus
1594 2679 1679 2706 esset,
1702 2678 1730 2701 et

942 2722 1021 2749 homo
1048 2722 1134 2749 factus
1152 2723 1253 2750 mansit
1279 2723 1349 2756 quod
1375 2726 1436 2749 erat
1465 2722 1551 2752 Deus,
1565 2728 1574 2745 ι
1591 2723 1657 2750 etc.;
1676 2718 1728 2745 nisi

941 2769 1000 2802 quis
1025 2768 1093 2796 forte
1117 2769 1172 2796 lucc
1196 2776 1210 2795 a
1237 2767 1335 2795 Ruﬁno
1357 2768 1501 2803 depravata
1527 2769 1663 2801 causetur.
1682 2763 1729 2790 llis

749 2855 770 2870 "
791 2854 868 2883 Joan.
890 2854 953 2888 ι,5.
