1904 3077
199 99 250 126 807

829 93 858 120 Ρ.
880 92 1037 120 DANIELIS
1053 91 1170 120 HUETZI

1780 94 1826 121 808

199 159 334 187 subnectit
353 156 528 191 Theophilus.
549 163 610 183 cum
634 154 733 183 dixerit
749 155 878 190 Origenes
899 155 987 190 ψυχὴν
1003 157 1025 185 Α
1040 152 1066 180 in
1089 153 1175 186 prima
1202 150 1345 183 Pascha”.
1364 154 1392 179 et
1413 151 1483 185 apud
1498 150 1706 178 Theodoretum
1733 150 1761 178 in
1776 152 1827 178 dia.

199 207 299 233 dictam
314 205 368 232 ἀπὸ
388 203 434 231 τοῦ
457 203 563 237 ψύχειν,
583 203 654 236 quod
677 202 828 229 animarum
859 209 935 229 amor
958 202 984 229 in

201 252 285 279 Deum
305 256 333 278 et
359 250 480 277 cbaritas
505 248 653 279 refrixerit,
671 255 827 281 persuasum
843 247 866 274 ei
890 254 985 274 consc-

199 300 314 330 qnenter
336 294 420 321 fuisse
443 292 541 321 animat
563 291 661 319 Christi
682 291 824 325 pristinum
851 291 986 319 remisisse

201 341 299 367 amoris
328 340 353 366 in
384 338 466 365 Deum
496 337 638 364 fervorem.
667 336 765 364 Futilis
785 344 817 363 ac
843 336 985 370 nugatoria

200 385 316 413 hominis
339 383 493 418 impotentis
514 383 660 411 cavillatio.
683 382 732 411 Cui
756 382 922 411 consimilem
945 381 985 408 al-

201 437 285 460 teram
305 432 385 459 habet
407 430 494 458 Guido
511 430 655 459 Carmelita
679 430 705 459 in
726 429 837 457 Summa
852 429 884 457 de
907 428 984 462 hicn,

200 480 226 506 in
245 479 339 507 haeres.
358 478 514 514 0rigenist.,
530 477 627 511 cuique
649 481 760 504 assonat
782 475 833 503 ista
857 475 985 509 Paganini

199 522 341 550 Gaudentii
360 522 529 549 ratiocinatio
544 522 570 548 in
592 520 638 548 lib.
659 520 697 548 De
718 520 914 553 comparatione
937 520 987 546 do-

199 571 280 601 gmat.
297 566 418 601 Origenis
442 574 502 593 cum
523 565 685 600 philosophia
700 564 831 596 Platonis,
855 572 914 598 cap.
929 564 984 592 '55:

203 624 212 639 ι
229 613 334 641 Animae
354 618 463 647 propter
475 616 597 646 peccata,
617 611 692 646 juxta
703 611 857 646 Origenem,
874 617 985 645 corpora

200 660 331 691 subeunt;
344 659 432 685 anima
448 665 512 692 ergo
521 657 621 684 Christi
639 662 776 692 peccatum
791 657 909 685 admisit.
927 667 936 683 ι
949 657 987 685 Ac

200 705 222 731 si
245 705 305 739 quis
319 704 384 733 illud
403 703 551 738 Propheta»,
572 711 582 728 ι
597 703 691 731 Omnis
711 703 789 730 homo
804 702 918 731 mendax
933 703 983 734 ",t

200 754 374 783 usurpantem
389 756 460 775 nunc
475 747 591 781 aliquem
615 747 686 777 velut
713 746 872 781 sacrilegum
895 747 987 774 redar-

200 798 273 828 guat,
287 794 356 829 quod
369 793 491 821 Christus
508 795 587 822 homo
601 793 645 823 sit.
659 800 692 821 ac
708 792 862 819 mendacem
875 791 987 826 proinde

1039 198 1098 233 logo
1113 198 1155 225 cui
1181 197 1272 225 titulus
1293 197 1495 231 Ἀσύγχυτος,
1520 197 1664 226 censuisse
1687 196 1826 231 Origeuem

1038 244 1154 273 animam
1168 251 1248 278 quam
1269 243 1416 277 assumpsit
1434 242 1519 273 Filius
1542 243 1608 275 Dei.
1628 248 1660 271 et
1679 243 1772 278 ipsum
1786 243 1826 272 Dei

1037 288 1135 318 Filium
1152 296 1234 317 unum
1251 295 1329 320 esse,
1344 288 1569 322 quemadmodum
1593 288 1676 316 Pater
1699 294 1730 315 et
1752 289 1827 318 Filius

1041 343 1124 363 unum
1142 341 1214 364 sunt.
1238 334 1306 362 Hinc
1331 334 1368 361 illi
1391 335 1531 363 commoda
1552 335 1670 363 vexandi
1690 342 1742 370 pro
1763 344 1828 363 more

1040 389 1089 409 suo
1105 380 1230 416 Origenis
1244 387 1321 413 ansa,
1333 388 1415 415 quam
1429 380 1479 416 ipsi
1492 384 1581 407 tamen
1593 382 1828 415 extorquebirnus.

1038 426 1105 456 Nam
1118 427 1233 462 primum
1249 426 1371 461 agnoscit
1385 425 1483 453 ibidem
1500 425 1669 460 Theophilus
1686 426 1722 454 de
1734 427 1826 455 anima

1039 473 1138 501 Christi
1154 473 1285 508 dignitate
1299 480 1372 501 recte
1387 473 1532 508 aliquando
1540 474 1660 500 sensisse
1672 473 1827 509 Origeuem,

1038 526 1152 553 eamque
1167 519 1222 547 Deo
1238 519 1325 546 Verbo
1346 519 1502 547 inferiorem
1518 520 1680 547 credidisse.
1696 519 1826 548 Praeterea

1041 572 1102 591 cum
1117 563 1235 590 animam
1250 563 1350 591 Christi
1364 568 1391 591 ct
1408 563 1526 590 Verbum
1547 570 1628 591 unum
1644 570 1714 591 esse
1730 562 1825 595 docuit.

1038 609 1265 644 quemadmodum
1290 608 1370 637 Pater
1395 614 1423 636 et
1445 608 1529 637 Filius
1555 616 1637 637 unum
1666 612 1757 642 sunt;
1780 616 1826 636 non

1039 662 1121 683 unum
1142 661 1203 683 esse
1230 654 1313 681 voluit
1343 655 1437 682 eadem
1463 655 1568 683 unitate
1592 655 1618 682 in
1638 654 1760 688 specie,
1785 654 1826 683 sed

1039 703 1132 729 eadem
1158 701 1262 729 unitate
1286 701 1312 728 in
1333 708 1441 736 genere.
1468 700 1563 729 Unitas
1587 701 1665 729 enim
1694 700 1784 730 Patris
1805 705 1826 728 et

1040 748 1100 776 Filii
1126 748 1152 775 in
1179 755 1211 775 oo
1234 747 1432 775 convenitcum
1448 747 1551 775 unitate
1567 747 1649 774 Verbi
1669 751 1699 774 et
1726 747 1826 778 animat,

1040 793 1110 828 quod
1127 793 1161 822 ad
1185 793 1253 820 idem
1272 801 1366 828 genus,
1381 794 1512 821 unitatem
1531 800 1637 827 nempe.
1657 798 1827 826 utraquore-

201 840 308 869 dixerit.
323 839 362 869 Ac
382 840 405 867 si
425 846 477 866 non
493 839 598 874 aliquas
618 839 700 866 etiam
722 837 827 866 animas
848 837 881 864 ad
904 837 989 866 ollicia
1007 840 1028 869 Β
1045 838 1147 866 feratur
1161 847 1167 865 :
1183 839 1208 866 in
1221 845 1254 865 eo
1270 843 1360 865 autem
1376 838 1520 871 dim-runt,
1542 838 1613 872 quod
1629 838 1727 865 unitas
1746 837 1825 864 Patris

200 885 354 913 horninibus
369 885 519 914 exhibenda
531 885 675 920 deputasse
690 883 772 913 Deum
786 883 917 919 Origenes
933 883 984 912 sibi

203 932 321 964 ﬁnxerit,
345 936 373 958 ut
400 931 513 959 inferius
536 929 790 959 demonstrabimus.
819 928 987 958 Justiuianns

202 985 266 1004 vero
281 978 332 1006 hoc
349 977 436 1011 ipsum
451 976 576 1011 Origeuis
589 975 712 1004 delirium
729 975 871 1010 exagitans
887 975 912 1002 in
929 975 988 1010 epi-

201 1023 269 1053 stola
284 1023 317 1051 ad
333 1022 449 1054 Menam,
470 1022 512 1050 his
527 1021 665 1049 Athanasii
685 1020 768 1049 utitur
787 1020 876 1048 verbis
890 1030 896 1048 :
910 1020 988 1047 Εἰκό-

201 1077 255 1101 τως
269 1067 484 1101 καταγνώσονται
505 1066 593 1103 ἐαυτῷ
608 1065 708 1099 πάντες
723 1067 746 1094 οἱ
760 1065 916 1101 νομίζοντες
936 1066 988 1101 πρὸ

201 1114 250 1149 τῆς
274 1113 382 1149 Μαρίας
405 1112 474 1140 εἶναι
496 1112 544 1147 τὴν
568 1112 597 1145 ἐξ
619 1112 704 1146 αὐτῆς
728 1112 834 1147 σάρκα,
862 1112 908 1139 καὶ
935 1111 988 1146 πρὸ

201 1158 303 1194 ταύτης
335 1158 479 1193 ἐσχηκέναι
512 1157 601 1193 ψυχὴν
634 1157 817 1193 ἀνθρωπίνην,
846 1157 891 1184 τὸν
922 1156 988 1184 Θεὸν

202 1204 297 1239 Λόγον,
319 1204 365 1231 καὶ
390 1205 419 1230 ὲν
440 1203 508 1238 αὐτῇ
533 1203 586 1239 πρὸ
600 1202 650 1238 τῆς
676 1203 822 1239 ἐπιδημίας
843 1203 887 1230 ἀεὶ
909 1212 989 1239 γεγε-

201 1250 309 1285 νῆσθαι.
329 1259 338 1276 ‹
353 1248 447 1276 Merito
462 1256 522 1275 sese
536 1248 702 1275 damnabunt
717 1256 812 1276 omnes
826 1250 872 1284 qui
896 1250 990 1278 existi-

205 1300 279 1322 maut
295 1299 356 1322 ante
376 1294 486 1321 Mariam
508 1301 570 1323 esse
585 1301 694 1323 carnem
711 1302 771 1328 quae
785 1302 818 1322 ex
836 1303 868 1322 ea
885 1300 939 1329 est;
958 1304 990 1324 ac

204 1346 266 1367 ante
288 1348 347 1368 eam
363 1340 490 1368 habuisse
515 1342 633 1369 animam
653 1341 797 1368 humanam
819 1341 901 1369 Deum
928 1342 991 1369 Ver-

204 1387 278 1420 bum,
299 1391 325 1414 et
351 1387 378 1416 in
404 1395 434 1415 ea
464 1392 528 1415 ante
559 1387 703 1414 adventum
736 1394 842 1422 semper
871 1387 987 1415 fuisse.»

207 1432 310 1464 Quibus
325 1440 376 1459 non
397 1437 450 1459 tam
470 1432 617 1469 perstringi
636 1432 743 1459 videtur
758 1431 897 1467 Origenes,
909 1440 990 1467 quam

205 1478 320 1512 Apelles,
335 1478 435 1513 aliique
448 1479 493 1512 qui
508 1478 644 1506 Christum
661 1479 694 1506 de
707 1478 776 1506 coelo
790 1486 899 1506 carnem
914 1479 991 1506 detu-

1041 888 1068 911 et
1088 883 1149 911 Filii
1172 884 1207 910 sit
1222 884 1310 910 unitas
1332 888 1444 915 naturae,
1464 884 1556 910 unitas
1578 883 1730 915 essentia;
1746 883 1826 909 unitas

1038 937 1103 957 vero
1119 929 1199 957 Verbi
1214 934 1243 956 et
1263 930 1369 962 animae,
1385 929 1422 959 sit
1439 929 1529 956 unitas
1540 928 1731 964 hypostatica,
1748 928 1826 955 unitas

1037 982 1169 1010 personat.
1179 974 1411 1008 Quemadmodum
1425 974 1496 1001 enim
1506 981 1568 1002 cum
1584 973 1671 1001 solem
1689 974 1825 1008 pulchrum

1040 1020 1109 1053 dico,
1119 1024 1145 1047 et
1155 1019 1264 1047 domum
1277 1019 1426 1055 pulchram,
1438 1021 1579 1054 utriusque
1594 1019 1821 1055 pulchritudinem

1039 1066 1160 1093 eamdem
1187 1066 1248 1093 dico
1272 1072 1390 1099 genere,
1414 1065 1614 1100 discrepantem
1641 1065 1756 1100 specie;
1779 1065 1824 1092 alia

1039 1111 1138 1146 quippe
1158 1116 1200 1139 est
1214 1111 1310 1139 domus
1326 1111 1515 1146 pulchritudo,
1531 1111 1582 1139 alia
1598 1111 1667 1139 solis
1687 1121 1694 1139 :
1717 1112 1825 1146 pessime

1040 1157 1178 1185 enimvero
1193 1165 1299 1186 mecum
1313 1159 1411 1194 egerit,
1431 1159 1453 1186 si
1469 1159 1530 1193 quis
1541 1158 1603 1186 inde
1621 1165 1667 1185 me
1683 1157 1775 1184 lumen
1787 1156 1826 1183 do-

1042 1203 1096 1229 mui
1115 1202 1243 1232 tribuisse
1257 1222 1266 1236 ,
1290 1203 1339 1231 soli
1365 1203 1579 1236 l'tmdamentum,
1600 1202 1824 1236 contignationes,

1038 1252 1065 1274 et
1080 1247 1216 1282 fastigium
1234 1248 1425 1276 calumnietur.
1441 1248 1498 1276 Nec
1514 1248 1636 1276 fictiliam
1659 1255 1724 1276 esse
1738 1253 1765 1275 et
1781 1247 1824 1274 iri.

1039 1294 1127 1321 volam
1150 1295 1219 1322 hanc
1238 1295 1440 1323 distinctionem
1463 1295 1582 1323 ostendit
1606 1294 1672 1322 illud
1691 1294 1823 1323 Athanasii

1040 1339 1066 1365 in
1081 1338 1209 1374 Symbolo
1222 1349 1228 1367 :
1245 1349 1255 1365 ι
1276 1339 1355 1367 Sicut
1366 1340 1456 1367 anima
1471 1339 1612 1367 rationalis
1636 1344 1666 1367 et
1681 1347 1749 1366 caro
1765 1345 1825 1365 unus

1039 1390 1082 1413 est
1103 1386 1200 1419 homo,
1223 1386 1258 1413 ita
1282 1386 1351 1414 Deus
1374 1390 1403 1414 et
1417 1386 1498 1413 homo
1515 1393 1585 1412 unus
1606 1390 1650 1412 est
1666 1383 1797 1412 Christus.
1814 1392 1821 1408 ι

1040 1430 1107 1458 Nam
1125 1439 1189 1459 cum
1205 1432 1295 1459 anima
1312 1438 1417 1460 constet
1431 1433 1512 1459 homo
1529 1436 1556 1459 et
1571 1438 1689 1466 corpore
1706 1435 1823 1464 tanquam

1041 1478 1166 1512 partibus
1181 1486 1262 1506 unum
1277 1479 1379 1515 aliquid
1395 1478 1574 1507 eﬂicientibus
1589 1497 1597 1511 ,
1615 1477 1689 1504 Dens
1703 1481 1788 1504 autem
1800 1480 1823 1501 et

206 1523 268 1549 lisse
283 1524 437 1552 censebant.
459 1523 486 1550 In
504 1523 636 1552 nefarium
659 1530 749 1552 autem
767 1524 902 1559 Origcnis,
919 1523 990 1558 quod
1004 1517 1025 1545 ο
1043 1525 1139 1554 homo.
1160 1533 1213 1552 non
1242 1531 1369 1559 tanquam
1394 1532 1486 1560 partes
1503 1525 1640 1554 Christum
1667 1525 1824 1553 constituant

205 1568 396 1601 exposuimus,
421 1569 517 1605 dogma
556 1571 704 1598 secundum
727 1578 806 1598 suum
830 1573 858 1597 et
882 1569 991 1597 tertium

209 1614 323 1640 intentat
352 1615 610 1642 analhcmatismum
642 1615 809 1643 Justinianus
833 1615 866 1642 ad
891 1614 991 1642 calcem

206 1660 325 1694 cpistola
339 1660 459 1697 ejusdem
477 1662 510 1687 ad
526 1661 642 1691 Menam.
657 1660 732 1694 Quod
754 1661 787 1688 ad
802 1661 874 1688 illam
889 1664 993 1696 spectat

205 1707 356 1735 animarum
380 1706 560 1743 προῦπαρξιν,
584 1708 654 1734 unde
671 1709 729 1735 haec
752 1707 878 1742 Origenis
900 1713 993 1733 mana-

206 1757 301 1781 verunt
325 1753 358 1781 de
376 1753 464 1781 anima
490 1753 590 1782 Christi
616 1757 786 1785 commenta,
810 1753 842 1781 de
868 1760 899 1781 ea
923 1752 992 1780 infra

206 1798 409 1833 disputabimus.
431 1798 494 1826 Inde
513 1807 578 1826 sane
599 1799 755 1834 pestileram
776 1799 900 1827 haeresim
917 1806 992 1826 suam

206 1843 337 1871 conﬂasse
367 1844 494 1872 videntur
526 1844 684 1872 Theodorus
714 1844 937 1880 Mopsuestenus,
965 1849 994 1871 et

206 1896 267 1925 post
283 1898 343 1918 eum
367 1890 530 1919 Nestorius:
551 1892 613 1919 inde
633 1895 660 1918 et
680 1891 823 1919 adductum
848 1891 993 1926 Eutychem

206 1936 340 1970 coniectat
354 1935 408 1964 Leo
430 1927 505 1972 papa‘
520 1936 546 1965 in
566 1936 680 1971 epistola
699 1936 732 1963 ad
750 1935 886 1965 Iulianum
906 1935 994 1963 Cocu~

207 1990 282 2015 sem,
306 1987 335 2009 ut
359 1983 491 2018 duplicem
518 1982 619 2012 Christi
649 1987 774 2012 naturam
795 1982 848 2019 πρὸ
875 1983 924 2018 τῆς
949 1983 992 2009 ὲν-

206 2028 299 2061 ώσεως
315 2029 396 2057 fuisse
405 2028 560 2062 allirmaret,
572 2028 649 2064 quasi
664 2029 782 2058 animam
796 2028 868 2058 illius
885 2034 950 2057 tunc
969 2028 994 2054 in

207 2075 277 2103 coelo
293 2074 449 2102 crediderit.

243 2131 427 2161 Odensionem
446 2136 536 2161 autem
559 2138 613 2158 non
629 2131 743 2160 haberet
759 2130 831 2166 quod
846 2129 921 2160 'dixit
935 2129 996 2157 Ori-

1044 1570 1115 1606 (lleri
1132 1571 1203 1598 enim
1220 1578 1272 1597 non
1293 1576 1380 1606 potest
1394 1571 1477 1600 Deum
1494 1579 1554 1599 esse
1572 1578 1677 1607 partem
1690 1571 1769 1598 totius
1783 1568 1823 1596 ali-

1043 1617 1151 1652 cujus);
1166 1617 1262 1644 falsum
1283 1617 1336 1644 erit
1355 1617 1438 1644 Deum
1462 1621 1490 1644 et
1513 1617 1652 1646 hominem
1673 1626 1757 1646 unum
1773 1623 1824 1644 esse

1043 1662 1194 1695 Christum,
1210 1662 1280 1690 sicut
1303 1661 1394 1689 anima
1421 1663 1559 1692 rationalis
1581 1668 1609 1692 et
1626 1671 1693 1691 caro
1710 1670 1776 1691 unus
1788 1666 1822 1688 est

1042 1709 1133 1741 homo,
1147 1708 1198 1736 nisi
1227 1708 1349 1736 eamdem
1365 1713 1520 1743 repetamus
1536 1709 1739 1738 distinctionem
1752 1715 1821 1744 quam

1043 1761 1124 1788 supra
1145 1753 1331 1786 adhibuimus,
1359 1754 1442 1783 Deum
1457 1758 1484 1781 et
1506 1754 1643 1782 hominem
1668 1762 1749 1782 unum
1771 1760 1822 1781 esse

1044 1800 1165 1827 dicentes
1186 1799 1325 1827 Christum
1346 1799 1440 1827 eadem
1467 1799 1571 1828 unitate
1594 1800 1621 1827 in
1650 1808 1764 1836 genere,
1778 1806 1821 1833 qua

1045 1845 1134 1872 anima
1145 1844 1287 1872 rationalis
1300 1850 1328 1873 et
1343 1852 1441 1880 corpus
1454 1849 1497 1872 est
1511 1845 1592 1873 homo
1604 1853 1612 1878 ;
1630 1852 1659 1873 at
1673 1854 1726 1873 non
1739 1845 1821 1872 eadem

1045 1892 1149 1919 unitate
1168 1891 1194 1918 in
1210 1891 1311 1926 specie.

1081 1959 1114 1986 Χ.
1132 1958 1287 1986 Gennadius
1299 1979 1301 1981 .
1315 1958 1490 1987 Massiliensis
1514 1959 1541 1986 in
1565 1952 1634 1986 libro
1651 1959 1690 1986 De
1704 1956 1820 1992 dogmati-

1047 2005 1113 2038 bus,
1134 2012 1213 2040 quem
1239 2005 1391 2040 Augustino
1413 2005 1522 2039 quidam
1548 2003 1617 2032 falso
1640 2005 1820 2038 ascripserunt.

1049 2058 1108 2084 cap.
1120 2050 1138 2077 ‘3
1149 2071 1156 2083 ,
1173 2050 1212 2077 sic
1234 2049 1326 2077 scribit
1341 2058 1347 2077 :
1366 2059 1376 2075 ‹
1397 2048 1482 2076 Natus
1502 2053 1543 2077 est
1556 2057 1621 2084 ergo
1635 2049 1681 2077 Dei
1703 2048 1781 2075 Filius
1792 2052 1819 2072 ex

1051 2095 1176 2129 homine,
1194 2100 1222 2122 et
1237 2102 1290 2122 non
1313 2102 1364 2130 per
1379 2095 1537 2128 hominem;
1552 2094 1580 2121 id
1594 2098 1648 2128 est,
1667 2102 1718 2121 non
1735 2100 1766 2119 ex
1779 2089 1819 2117 viri

1047 2142 1119 2170 coitu
1133 2162 1141 2175 ,
1159 2142 1228 2170 sicut
1243 2141 1329 2169 Ebion
1355 2141 1422 2169 dicit
1439 2149 1448 2175 ;
1464 2141 1510 2169 sed
1528 2148 1637 2168 carnem
1660 2148 1694 2168 ex
1717 2135 1818 2172 Virginis

210 2185 304 2213 genas,
317 2177 545 2212 quemadmodum
563 2178 645 2208 homo
659 2176 715 2209 ille,
731 2176 779 2212 qui
790 2175 879 2206 Verbo
893 2175 920 2223 in
942 2184 993 2223 una
1011 2195 1032 2222 Β
1047 2194 1162 2223 corpore
1185 2187 1308 2220 mnam.
1325 2191 1353 2214 ει
1375 2194 1428 2214 non
1455 2188 1488 2214 de
1503 2186 1574 2214 εωιο
1591 2192 1683 2214 ,ωιτη
1707 2183 1818 2211 meum,

209 2231 322 2258 persona
343 2223 504 2259 coniunctus
529 2228 571 2251 est
584 2244 592 2257 ,
610 2223 694 2252 Deum
712 2223 738 2251 in
765 2230 794 2251 se
812 2221 943 2257 suscepit,
957 2221 994 2249 ita

210 2276 259 2296 nos
277 2276 383 2303 quoque
397 2277 446 2303 pro
461 2274 518 2298 rata
537 2277 599 2298 esse
615 2276 696 2304 posse
711 2268 757 2299 Dei
782 2267 932 2303 participes
943 2287 952 2300 ,
974 2267 996 2294 si

211 2315 304 2349 gratia
321 2314 383 2343 illud
398 2314 514 2348 divinae,
532 2323 585 2343 non
605 2314 722 2350 propriis
738 2313 843 2343 meritis
857 2318 996 2348 acceptum

212 2359 368 2387 retulisset:
385 2359 424 2388 sic
436 2359 508 2388 enim
522 2359 689 2395 Augustinus
703 2359 748 2389 lib.
768 2359 805 2387 De
824 2359 998 2394 pratdutina-

212 2406 282 2433 lianc
295 2409 457 2439 sanctorum,
477 2413 538 2440 cap.
554 2406 606 2434 15:
622 2415 632 2432 ί
650 2405 728 2434 Sicut
740 2413 805 2441 ergo
822 2404 1000 2440 praedestina-

212 2456 255 2479 tus
270 2456 312 2479 est
325 2451 369 2479 ille
381 2459 460 2486 unus,
475 2456 505 2480 ut
519 2457 599 2486 caput
613 2457 735 2480 nostrum
756 2455 849 2483 esset,
867 2451 904 2478 ita
919 2451 996 2480 multi

210 2498 395 2534 prtedestinati
418 2505 513 2527 sumus
526 2519 534 2535 ,
551 2503 581 2528 ut
603 2498 723 2529 membra
748 2498 806 2533 eius
828 2506 964 2527 essemus.
984 2507 994 2527 t

211 2545 278 2572 Item
300 2554 308 2574 :
341 2555 352 2572 ι
378 2545 413 2574 Ea
433 2546 520 2581 gratia
546 2546 575 2575 lit
600 2544 634 2575 ab
661 2545 740 2574 initio
762 2544 825 2574 ﬁdei
846 2552 900 2574 sua:
918 2545 997 2573 homo

210 2591 367 2626 quicunque
390 2590 578 2623 Christianus,
593 2598 646 2626 qua
671 2590 757 2627 gratia
784 2590 863 2618 homo
891 2589 935 2617 ille
963 2589 998 2620 ab

212 2636 290 2665 initio
304 2636 394 2667 tactus
407 2641 449 2666 est
464 2637 600 2667 Christus.
623 2646 633 2665 t

249 2691 295 2721 IX.
311 2692 447 2722 Memoria:
465 2692 585 2728 prodidit
610 2691 778 2728 Theophilus
801 2690 1000 2721 Alexandrinus

251 2803 275 2819 '°
299 2803 369 2830 l'sal.
385 2813 446 2837 cxv,
471 2805 515 2832 H.

1046 2234 1117 2261 sicut
1132 2233 1250 2261 Marcion
1260 2253 1267 2265 ,
1281 2232 1410 2268 Origenes
1425 2237 1452 2260 et
1469 2232 1553 2260 Ebion
1574 2231 1719 2259 allirrnant.
1741 2238 1750 2255 ι
1763 2228 1818 2261 Qum

1046 2278 1068 2306 si
1084 2278 1118 2305 ad
1132 2285 1245 2307 examen
1269 2285 1440 2310 revocemur,
1459 2277 1537 2304 ﬁdem
1564 2277 1700 2304 amittent.
1723 2272 1817 2301 Falsum

1046 2325 1146 2360 quippe
1158 2329 1200 2352 est
1215 2324 1375 2352 arbitratum
1393 2323 1560 2351 Marcionem
1580 2330 1692 2351 carnem
1714 2322 1746 2348 de
1761 2317 1818 2345 θωνα

1047 2369 1186 2396 Christum
1198 2368 1335 2396 attulisse.
1347 2368 1439 2397 Sensit
1454 2369 1499 2396 illo
1508 2368 1629 2403 quidem,
1641 2368 1817 2403 praeceptorem

1050 2425 1128 2445 suum
1142 2416 1294 2444 Cerdonem
1308 2420 1469 2449 assecutus,
1483 2415 1615 2450 quidquid
1631 2419 1721 2442 actum
1733 2413 1758 2439 in
1772 2414 1816 2435 ter-

1051 2464 1088 2490 ris
1104 2470 1119 2490 a
1135 2462 1255 2495 Christo,
1265 2466 1293 2489 et
1309 2461 1529 2489 administratum
1544 2466 1603 2494 est,
1618 2461 1708 2495 specie
1719 2461 1814 2486 tantum.

1051 2516 1104 2536 non
1129 2515 1158 2535 re
1178 2515 1241 2536 vera
1267 2513 1372 2543 gestum
1396 2507 1502 2541 fuisse;
1528 2514 1579 2535 nec
1606 2514 1699 2534 veram
1716 2501 1816 2532 induisse

1050 2561 1172 2587 carnem,
1183 2553 1231 2581 sed
1241 2559 1424 2589 apparentem.
1434 2552 1518 2587 Quem
1534 2560 1655 2581 errorem
1668 2553 1694 2580 in
1711 2546 1813 2586 ρῑοιίιηθ

1052 2601 1227 2635 sequentibus
1244 2608 1306 2628 cum
1319 2599 1476 2628 Gennadius
1490 2600 1548 2634 ipse
1563 2598 1685 2627 confutet
1694 2618 1701 2630 ,
1715 2595 1754 2624 hic
1763 2596 1815 2619 m0

1053 2646 1186 2674 intactum
1202 2647 1401 2681 praetermittat,
1418 2645 1551 2674 intellexit
1566 2645 1639 2674 haud
1652 2644 1728 2672 dubie
1738 2642 1812 2668 rerum

1053 2699 1085 2720 Ic
1102 2691 1218 2720 solidum
1232 2699 1330 2727 corpus
1346 2691 1457 2720 Christo
1472 2699 1487 2719 a
1502 2691 1638 2719 Marcione
1656 2690 1732 2719 fuisse
1745 2682 1814 2712 tribus
