  <div class='ocr_page' id='page_1' title='image "/cluster/home/n/w/nwhite01/storage/ocr_20150623/17/njp.32101010944583/578.png"; bbox 0 0 1904 3077; ppageno 0'>
   <div class='ocr_carea' id='block_1_1' title="bbox 70 119 125 148">
    <p class='ocr_par' dir='ltr' id='par_1_1' title="bbox 70 119 125 148">
     <span class='ocr_line' id='line_1_1' title="bbox 70 119 125 148; baseline 0.036 -3"><span class='ocrx_word' id='word_1_1' title='bbox 70 119 125 148; x_wconf 78' lang='lat'><strong>809</strong></span> 
     </span>
    </p>
   </div>
   <div class='ocr_carea' id='block_1_2' title="bbox 481 116 1288 150">
    <p class='ocr_par' dir='ltr' id='par_1_2' title="bbox 481 116 1288 150">
     <span class='ocr_line' id='line_1_2' title="bbox 481 116 1288 150; baseline -0.004 -4"><span class='ocrx_word' id='word_1_2' title='bbox 481 117 772 147; x_wconf 70' lang='lat' dir='ltr'><strong>()RICENIANOBUM</strong></span> <span class='ocrx_word' id='word_1_3' title='bbox 792 117 856 145; x_wconf 85' lang='lat' dir='ltr'><strong>LIB.</strong></span> <span class='ocrx_word' id='word_1_4' title='bbox 878 117 910 149; x_wconf 79' lang='lat' dir='ltr'><strong>II,</strong></span> <span class='ocrx_word' id='word_1_5' title='bbox 932 116 1008 145; x_wconf 74' lang='lat' dir='ltr'><strong>CAP.</strong></span> <span class='ocrx_word' id='word_1_6' title='bbox 1030 116 1062 148; x_wconf 88' lang='lat' dir='ltr'><strong>ll,</strong></span> <span class='ocrx_word' id='word_1_7' title='bbox 1081 116 1223 150; x_wconf 72' lang='lat' dir='ltr'><strong>QU/ES&#39;I‘.</strong></span> <span class='ocrx_word' id='word_1_8' title='bbox 1245 116 1288 144; x_wconf 91' lang='lat' dir='ltr'><strong>III.</strong></span> 
     </span>
    </p>
   </div>
   <div class='ocr_carea' id='block_1_3' title="bbox 1653 120 1706 147">
    <p class='ocr_par' dir='ltr' id='par_1_3' title="bbox 1653 120 1706 147">
     <span class='ocr_line' id='line_1_3' title="bbox 1653 120 1706 147; baseline 0.019 -1"><span class='ocrx_word' id='word_1_9' title='bbox 1653 120 1706 147; x_wconf 85' lang='lat' dir='ltr'><strong>8l0</strong></span> 
     </span>
    </p>
   </div>
   <div class='ocr_carea' id='block_1_4' title="bbox 72 175 1709 214">
    <p class='ocr_par' dir='ltr' id='par_1_4' title="bbox 72 175 1709 214">
     <span class='ocr_line' id='line_1_4' title="bbox 72 175 1709 214; baseline 0.001 -8"><span class='ocrx_word' id='word_1_10' title='bbox 72 185 132 207; x_wconf 84' lang='grc' dir='ltr'>ιιιιιι</span> <span class='ocrx_word' id='word_1_11' title='bbox 145 199 154 212; x_wconf 84' lang='grc'><em>,</em></span> <span class='ocrx_word' id='word_1_12' title='bbox 170 179 390 207; x_wconf 82' lang='lat' dir='ltr'><strong>contradicturus</strong></span> <span class='ocrx_word' id='word_1_13' title='bbox 407 179 527 213; x_wconf 84' lang='lat' dir='ltr'><strong>alioquin</strong></span> <span class='ocrx_word' id='word_1_14' title='bbox 550 180 602 206; x_wconf 86' lang='lat' dir='ltr'><strong>hoc</strong></span> <span class='ocrx_word' id='word_1_15' title='bbox 626 186 733 214; x_wconf 88' lang='lat' dir='ltr'><strong>quoque</strong></span> <span class='ocrx_word' id='word_1_16' title='bbox 748 179 825 211; x_wconf 90' lang='lat' dir='ltr'><strong>loco,</strong></span> <span class='ocrx_word' id='word_1_17' title='bbox 840 179 863 205; x_wconf 91' lang='lat' dir='ltr'><strong>si</strong></span> <span class='ocrx_word' id='word_1_18' title='bbox 879 181 901 209; x_wconf 82' lang='grc' dir='ltr'><strong>Α</strong></span> <span class='ocrx_word' id='word_1_19' title='bbox 916 178 976 210; x_wconf 87' lang='lat' dir='ltr'><strong>bat,</strong></span> <span class='ocrx_word' id='word_1_20' title='bbox 993 184 1025 205; x_wconf 87' lang='lat' dir='ltr'><strong>ac</strong></span> <span class='ocrx_word' id='word_1_21' title='bbox 1049 184 1096 211; x_wconf 85' lang='lat' dir='ltr'><strong>per</strong></span> <span class='ocrx_word' id='word_1_22' title='bbox 1112 176 1223 203; x_wconf 83' lang='lat' dir='ltr'><strong>Mariam</strong></span> <span class='ocrx_word' id='word_1_23' title='bbox 1240 175 1313 202; x_wconf 83' lang='lat' dir='ltr'><strong>velut</strong></span> <span class='ocrx_word' id='word_1_24' title='bbox 1339 183 1388 210; x_wconf 90' lang='lat' dir='ltr'><strong>per</strong></span> <span class='ocrx_word' id='word_1_25' title='bbox 1405 177 1528 205; x_wconf 80' lang='lat' dir='ltr'><strong>canalem</strong></span> <span class='ocrx_word' id='word_1_26' title='bbox 1555 177 1709 208; x_wconf 73' lang='lat' dir='ltr'><strong>transiisse.</strong></span> 
     </span>
    </p>
   </div>
   <div class='ocr_carea' id='block_1_5' title="bbox 72 224 864 260">
    <p class='ocr_par' dir='ltr' id='par_1_5' title="bbox 72 224 864 260">
     <span class='ocr_line' id='line_1_5' title="bbox 72 224 864 260; baseline 0 -9"><span class='ocrx_word' id='word_1_27' title='bbox 72 225 176 252; x_wconf 78' lang='lat' dir='ltr'><strong>falsum</strong></span> <span class='ocrx_word' id='word_1_28' title='bbox 190 232 289 259; x_wconf 86' lang='lat' dir='ltr'><strong>corpus</strong></span> <span class='ocrx_word' id='word_1_29' title='bbox 307 224 416 252; x_wconf 86' lang='lat' dir='ltr'><strong>Christo</strong></span> <span class='ocrx_word' id='word_1_30' title='bbox 427 224 589 259; x_wconf 89' lang='lat' dir='ltr'><strong>ascripsisse</strong></span> <span class='ocrx_word' id='word_1_31' title='bbox 606 224 695 260; x_wconf 90' lang='lat' dir='ltr'><strong>ipsum</strong></span> <span class='ocrx_word' id='word_1_32' title='bbox 708 224 864 252; x_wconf 87' lang='lat' dir='ltr'><strong>existimas-</strong></span> 
     </span>
    </p>
   </div>
   <div class='ocr_carea' id='block_1_6' title="bbox 72 269 867 305">
    <p class='ocr_par' dir='ltr' id='par_1_6' title="bbox 72 269 867 305">
     <span class='ocr_line' id='line_1_6' title="bbox 72 269 867 305; baseline -0.003 -7"><span class='ocrx_word' id='word_1_33' title='bbox 72 275 127 298; x_wconf 88' lang='lat' dir='ltr'><strong>set.</strong></span> <span class='ocrx_word' id='word_1_34' title='bbox 143 270 240 297; x_wconf 84' lang='lat' dir='ltr'><strong>Simile</strong></span> <span class='ocrx_word' id='word_1_35' title='bbox 251 270 391 305; x_wconf 82' lang='lat' dir='ltr'><strong>quidpiam</strong></span> <span class='ocrx_word' id='word_1_36' title='bbox 409 270 441 297; x_wconf 85' lang='lat' dir='ltr'><strong>de</strong></span> <span class='ocrx_word' id='word_1_37' title='bbox 453 270 592 298; x_wconf 67' lang='lat' dir='ltr'><strong>{\Iarcione</strong></span> <span class='ocrx_word' id='word_1_38' title='bbox 609 270 740 304; x_wconf 87' lang='lat' dir='ltr'><strong>scriptum</strong></span> <span class='ocrx_word' id='word_1_39' title='bbox 757 269 867 304; x_wconf 91' lang='lat' dir='ltr'><strong>reliquit</strong></span> 
     </span>
    </p>
   </div>
   <div class='ocr_carea' id='block_1_7' title="bbox 71 314 867 351">
    <p class='ocr_par' dir='ltr' id='par_1_7' title="bbox 71 314 867 351">
     <span class='ocr_line' id='line_1_7' title="bbox 71 314 867 351; baseline 0.001 -9"><span class='ocrx_word' id='word_1_40' title='bbox 71 314 189 350; x_wconf 84' lang='lat' dir='ltr'><strong>Vigilius</strong></span> <span class='ocrx_word' id='word_1_41' title='bbox 205 315 251 343; x_wconf 90' lang='lat' dir='ltr'><strong>lib.</strong></span> <span class='ocrx_word' id='word_1_42' title='bbox 267 324 296 343; x_wconf 92' lang='grc' dir='ltr'><strong>ιιι</strong></span> <span class='ocrx_word' id='word_1_43' title='bbox 310 320 403 342; x_wconf 72' lang='lat' dir='ltr'><strong>contra</strong></span> <span class='ocrx_word' id='word_1_44' title='bbox 415 314 580 350; x_wconf 78' lang='lat' dir='ltr'><strong>Eutychem:</strong></span> <span class='ocrx_word' id='word_1_45' title='bbox 598 325 608 341; x_wconf 85' lang='grc'><em>‹</em></span> <span class='ocrx_word' id='word_1_46' title='bbox 630 315 796 351; x_wconf 83' lang='lat' dir='ltr'><strong>Eutychiana</strong></span> <span class='ocrx_word' id='word_1_47' title='bbox 812 316 867 343; x_wconf 68' lang='lat' dir='ltr'><strong>Iliﬁ-</strong></span> 
     </span>
    </p>
   </div>
   <div class='ocr_carea' id='block_1_8' title="bbox 71 361 865 397">
    <p class='ocr_par' dir='ltr' id='par_1_8' title="bbox 71 361 865 397">
     <span class='ocr_line' id='line_1_8' title="bbox 71 361 865 397; baseline 0.003 -9"><span class='ocrx_word' id='word_1_48' title='bbox 71 361 144 388; x_wconf 84' lang='lat' dir='ltr'><strong>resis</strong></span> <span class='ocrx_word' id='word_1_49' title='bbox 161 362 187 388; x_wconf 91' lang='lat' dir='ltr'><strong>in</strong></span> <span class='ocrx_word' id='word_1_50' title='bbox 203 361 231 388; x_wconf 89' lang='lat' dir='ltr'><strong>id</strong></span> <span class='ocrx_word' id='word_1_51' title='bbox 249 361 396 396; x_wconf 86' lang='lat' dir='ltr'><strong>impietatis</strong></span> <span class='ocrx_word' id='word_1_52' title='bbox 422 361 549 397; x_wconf 89' lang='lat' dir='ltr'><strong>prolapsa</strong></span> <span class='ocrx_word' id='word_1_53' title='bbox 573 367 615 389; x_wconf 89' lang='lat' dir='ltr'><strong>est</strong></span> <span class='ocrx_word' id='word_1_54' title='bbox 638 369 743 394; x_wconf 88' lang='lat' dir='ltr'><strong>errore,</strong></span> <span class='ocrx_word' id='word_1_55' title='bbox 769 366 865 390; x_wconf 87' lang='lat' dir='ltr'><strong>utnon</strong></span> 
     </span>
    </p>
   </div>
   <div class='ocr_carea' id='block_1_9' title="bbox 71 408 864 440">
    <p class='ocr_par' dir='ltr' id='par_1_9' title="bbox 71 408 864 440">
     <span class='ocr_line' id='line_1_9' title="bbox 71 408 864 440; baseline 0.001 -7"><span class='ocrx_word' id='word_1_56' title='bbox 71 409 163 435; x_wconf 91' lang='lat' dir='ltr'><strong>solum</strong></span> <span class='ocrx_word' id='word_1_57' title='bbox 178 408 258 436; x_wconf 85' lang='lat' dir='ltr'><strong>Verbi</strong></span> <span class='ocrx_word' id='word_1_58' title='bbox 282 412 310 436; x_wconf 83' lang='lat' dir='ltr'><strong>et</strong></span> <span class='ocrx_word' id='word_1_59' title='bbox 330 409 423 436; x_wconf 88' lang='lat' dir='ltr'><strong>carnis</strong></span> <span class='ocrx_word' id='word_1_60' title='bbox 438 416 519 435; x_wconf 91' lang='lat' dir='ltr'><strong>unam</strong></span> <span class='ocrx_word' id='word_1_61' title='bbox 535 408 630 436; x_wconf 89' lang='lat' dir='ltr'><strong>credat</strong></span> <span class='ocrx_word' id='word_1_62' title='bbox 649 415 711 436; x_wconf 88' lang='lat' dir='ltr'><strong>esse</strong></span> <span class='ocrx_word' id='word_1_63' title='bbox 728 413 864 440; x_wconf 84' lang='lat' dir='ltr'><strong>naturam,</strong></span> 
     </span>
    </p>
   </div>
   <div class='ocr_carea' id='block_1_10' title="bbox 71 454 867 483">
    <p class='ocr_par' dir='ltr' id='par_1_10' title="bbox 71 454 867 483">
     <span class='ocr_line' id='line_1_10' title="bbox 71 454 867 483; baseline 0.005 -4"><span class='ocrx_word' id='word_1_64' title='bbox 71 461 168 480; x_wconf 70' lang='lat' dir='ltr'><strong>Verum</strong></span> <span class='ocrx_word' id='word_1_65' title='bbox 186 454 266 481; x_wconf 85' lang='lat' dir='ltr'><strong>etiam</strong></span> <span class='ocrx_word' id='word_1_66' title='bbox 291 454 361 481; x_wconf 91' lang='lat' dir='ltr'><strong>hanc</strong></span> <span class='ocrx_word' id='word_1_67' title='bbox 378 455 501 482; x_wconf 85' lang='lat' dir='ltr'><strong>eamdem</strong></span> <span class='ocrx_word' id='word_1_68' title='bbox 519 462 629 482; x_wconf 89' lang='lat' dir='ltr'><strong>carnem</strong></span> <span class='ocrx_word' id='word_1_69' title='bbox 658 463 710 482; x_wconf 93' lang='lat' dir='ltr'><strong>non</strong></span> <span class='ocrx_word' id='word_1_70' title='bbox 736 456 769 483; x_wconf 90' lang='lat' dir='ltr'><strong>de</strong></span> <span class='ocrx_word' id='word_1_71' title='bbox 789 463 867 483; x_wconf 72' lang='lat' dir='ltr'><strong>sacro</strong></span> 
     </span>
    </p>
   </div>
   <div class='ocr_carea' id='block_1_11' title="bbox 73 498 867 536">
    <p class='ocr_par' dir='ltr' id='par_1_11' title="bbox 73 498 867 536">
     <span class='ocr_line' id='line_1_11' title="bbox 73 498 867 536; baseline 0 -10"><span class='ocrx_word' id='word_1_72' title='bbox 73 498 166 527; x_wconf 80' lang='lat' dir='ltr'><strong>Mariae</strong></span> <span class='ocrx_word' id='word_1_73' title='bbox 180 499 301 536; x_wconf 79' lang='lat' dir='ltr'><strong>Virginis</strong></span> <span class='ocrx_word' id='word_1_74' title='bbox 319 507 433 535; x_wconf 85' lang='lat' dir='ltr'><strong>corpore</strong></span> <span class='ocrx_word' id='word_1_75' title='bbox 453 504 640 534; x_wconf 85' lang='lat' dir='ltr'><strong>assumptam,</strong></span> <span class='ocrx_word' id='word_1_76' title='bbox 664 500 712 527; x_wconf 89' lang='lat' dir='ltr'><strong>sed</strong></span> <span class='ocrx_word' id='word_1_77' title='bbox 736 500 770 528; x_wconf 89' lang='lat' dir='ltr'><strong>de</strong></span> <span class='ocrx_word' id='word_1_78' title='bbox 796 501 867 528; x_wconf 65' lang='lat' dir='ltr'><strong>casio</strong></span> 
     </span>
    </p>
   </div>
   <div class='ocr_carea' id='block_1_12' title="bbox 74 546 866 582">
    <p class='ocr_par' dir='ltr' id='par_1_12' title="bbox 74 546 866 582">
     <span class='ocr_line' id='line_1_12' title="bbox 74 546 866 582; baseline 0.001 -9"><span class='ocrx_word' id='word_1_79' title='bbox 74 546 163 578; x_wconf 89' lang='lat' dir='ltr'><strong>dicat,</strong></span> <span class='ocrx_word' id='word_1_80' title='bbox 184 546 262 582; x_wconf 80' lang='lat' dir='ltr'><strong>juxta</strong></span> <span class='ocrx_word' id='word_1_81' title='bbox 278 546 418 574; x_wconf 78' lang='lat' dir='ltr'><strong>infandum</strong></span> <span class='ocrx_word' id='word_1_82' title='bbox 435 547 569 574; x_wconf 72' lang='lat' dir='ltr'><strong>Valentini</strong></span> <span class='ocrx_word' id='word_1_83' title='bbox 584 552 613 575; x_wconf 87' lang='lat' dir='ltr'><strong>et</strong></span> <span class='ocrx_word' id='word_1_84' title='bbox 629 546 774 574; x_wconf 83' lang='lat' dir='ltr'><strong>Marcionis</strong></span> <span class='ocrx_word' id='word_1_85' title='bbox 789 555 866 575; x_wconf 91' lang='lat' dir='ltr'><strong>erro-</strong></span> 
     </span>
    </p>
   </div>
   <div class='ocr_carea' id='block_1_13' title="bbox 75 592 866 627">
    <p class='ocr_par' dir='ltr' id='par_1_13' title="bbox 75 592 866 627">
     <span class='ocr_line' id='line_1_13' title="bbox 75 592 866 627; baseline 0.003 -9"><span class='ocrx_word' id='word_1_86' title='bbox 75 600 145 625; x_wconf 86' lang='lat' dir='ltr'><strong>rem,</strong></span> <span class='ocrx_word' id='word_1_87' title='bbox 163 593 245 620; x_wconf 83' lang='lat' dir='ltr'><strong>fuisse</strong></span> <span class='ocrx_word' id='word_1_88' title='bbox 257 593 412 620; x_wconf 86' lang='lat' dir='ltr'><strong>deductam.</strong></span> <span class='ocrx_word' id='word_1_89' title='bbox 426 593 466 619; x_wconf 91' lang='lat' dir='ltr'><strong>Ila</strong></span> <span class='ocrx_word' id='word_1_90' title='bbox 478 593 654 627; x_wconf 90' lang='lat' dir='ltr'><strong>pertinaciter</strong></span> <span class='ocrx_word' id='word_1_91' title='bbox 669 592 788 620; x_wconf 86' lang='lat' dir='ltr'><strong>Verbum</strong></span> <span class='ocrx_word' id='word_1_92' title='bbox 804 600 866 620; x_wconf 89' lang='lat' dir='ltr'><strong>car-</strong></span> 
     </span>
    </p>
   </div>
   <div class='ocr_carea' id='block_1_14' title="bbox 75 638 865 675">
    <p class='ocr_par' dir='ltr' id='par_1_14' title="bbox 75 638 865 675">
     <span class='ocr_line' id='line_1_14' title="bbox 75 638 865 675; baseline 0 -10"><span class='ocrx_word' id='word_1_93' title='bbox 75 646 139 665; x_wconf 88' lang='lat' dir='ltr'><strong>nem</strong></span> <span class='ocrx_word' id='word_1_94' title='bbox 155 646 282 666; x_wconf 82' lang='lat' dir='ltr'><strong>asserens</strong></span> <span class='ocrx_word' id='word_1_95' title='bbox 297 638 409 671; x_wconf 78' lang='lat' dir='ltr'><strong>factum,</strong></span> <span class='ocrx_word' id='word_1_96' title='bbox 431 644 460 666; x_wconf 91' lang='lat' dir='ltr'><strong>ut</strong></span> <span class='ocrx_word' id='word_1_97' title='bbox 473 647 521 674; x_wconf 87' lang='lat' dir='ltr'><strong>per</strong></span> <span class='ocrx_word' id='word_1_98' title='bbox 538 639 676 675; x_wconf 82' lang='lat' dir='ltr'><strong>Virginem</strong></span> <span class='ocrx_word' id='word_1_99' title='bbox 688 659 695 671; x_wconf 88' lang='lat'><strong>,</strong></span> <span class='ocrx_word' id='word_1_100' title='bbox 709 646 740 666; x_wconf 87' lang='lat' dir='ltr'><strong>ac</strong></span> <span class='ocrx_word' id='word_1_101' title='bbox 756 640 778 667; x_wconf 88' lang='lat' dir='ltr'><strong>si</strong></span> <span class='ocrx_word' id='word_1_102' title='bbox 795 647 865 674; x_wconf 80' lang='lat' dir='ltr'><strong>aqua</strong></span> 
     </span>
    </p>
   </div>
   <div class='ocr_carea' id='block_1_15' title="bbox 75 683 867 718">
    <p class='ocr_par' dir='ltr' id='par_1_15' title="bbox 75 683 867 718">
     <span class='ocr_line' id='line_1_15' title="bbox 75 683 867 718; baseline 0.003 -7"><span class='ocrx_word' id='word_1_103' title='bbox 75 691 126 718; x_wconf 89' lang='lat' dir='ltr'><strong>per</strong></span> <span class='ocrx_word' id='word_1_104' title='bbox 143 683 262 712; x_wconf 82' lang='lat' dir='ltr'><strong>ﬁstulam</strong></span> <span class='ocrx_word' id='word_1_105' title='bbox 280 684 413 712; x_wconf 90' lang='lat' dir='ltr'><strong>transisse</strong></span> <span class='ocrx_word' id='word_1_106' title='bbox 435 685 579 717; x_wconf 80' lang='lat' dir='ltr'><strong>videatur;</strong></span> <span class='ocrx_word' id='word_1_107' title='bbox 599 693 651 712; x_wconf 90' lang='lat' dir='ltr'><strong>non</strong></span> <span class='ocrx_word' id='word_1_108' title='bbox 677 690 766 713; x_wconf 88' lang='lat' dir='ltr'><strong>tatuen</strong></span> <span class='ocrx_word' id='word_1_109' title='bbox 792 691 820 713; x_wconf 87' lang='lat' dir='ltr'><strong>ut</strong></span> <span class='ocrx_word' id='word_1_110' title='bbox 833 686 867 714; x_wconf 87' lang='lat' dir='ltr'><strong>de</strong></span> 
     </span>
    </p>
   </div>
   <div class='ocr_carea' id='block_1_16' title="bbox 77 729 868 766">
    <p class='ocr_par' dir='ltr' id='par_1_16' title="bbox 77 729 868 766">
     <span class='ocr_line' id='line_1_16' title="bbox 77 729 868 766; baseline 0.003 -10"><span class='ocrx_word' id='word_1_111' title='bbox 77 729 190 764; x_wconf 77' lang='lat' dir='ltr'><strong>Virgine</strong></span> <span class='ocrx_word' id='word_1_112' title='bbox 198 730 301 765; x_wconf 90' lang='lat' dir='ltr'><strong>aliquid</strong></span> <span class='ocrx_word' id='word_1_113' title='bbox 315 730 386 765; x_wconf 89' lang='lat' dir='ltr'><strong>quod</strong></span> <span class='ocrx_word' id='word_1_114' title='bbox 401 730 487 758; x_wconf 87' lang='lat' dir='ltr'><strong>nostri</strong></span> <span class='ocrx_word' id='word_1_115' title='bbox 503 730 538 758; x_wconf 90' lang='lat' dir='ltr'><strong>sit</strong></span> <span class='ocrx_word' id='word_1_116' title='bbox 550 731 670 766; x_wconf 79' lang='lat' dir='ltr'><strong>generis.</strong></span> <span class='ocrx_word' id='word_1_117' title='bbox 687 731 868 765; x_wconf 86' lang='lat' dir='ltr'><strong>assumpsisse</strong></span> 
     </span>
    </p>
   </div>
   <div class='ocr_carea' id='block_1_17' title="bbox 75 775 866 805">
    <p class='ocr_par' dir='ltr' id='par_1_17' title="bbox 75 775 866 805">
     <span class='ocr_line' id='line_1_17' title="bbox 75 775 866 805; baseline 0.003 -3"><span class='ocrx_word' id='word_1_118' title='bbox 75 775 212 802; x_wconf 88' lang='lat' dir='ltr'><strong>videatur.</strong></span> <span class='ocrx_word' id='word_1_119' title='bbox 232 785 244 802; x_wconf 72' lang='grc' dir='ltr'><strong>ι</strong></span> <span class='ocrx_word' id='word_1_120' title='bbox 261 776 296 803; x_wconf 83' lang='lat' dir='ltr'><strong>At</strong></span> <span class='ocrx_word' id='word_1_121' title='bbox 310 776 407 803; x_wconf 80' lang='lat' dir='ltr'><strong>falsum</strong></span> <span class='ocrx_word' id='word_1_122' title='bbox 418 783 479 803; x_wconf 84' lang='lat' dir='ltr'><strong>esse</strong></span> <span class='ocrx_word' id='word_1_123' title='bbox 493 784 602 804; x_wconf 80' lang='lat' dir='ltr'><strong>carnem</strong></span> <span class='ocrx_word' id='word_1_124' title='bbox 615 777 729 805; x_wconf 86' lang='lat' dir='ltr'><strong>solidam</strong></span> <span class='ocrx_word' id='word_1_125' title='bbox 744 777 769 805; x_wconf 90' lang='lat' dir='ltr'><strong>in</strong></span> <span class='ocrx_word' id='word_1_126' title='bbox 785 777 866 805; x_wconf 85' lang='lat' dir='ltr'><strong>Citri-</strong></span> 
     </span>
    </p>
   </div>
   <div class='ocr_carea' id='block_1_18' title="bbox 76 815 867 857">
    <p class='ocr_par' dir='ltr' id='par_1_18' title="bbox 76 815 867 857">
     <span class='ocr_line' id='line_1_18' title="bbox 76 815 867 857; baseline 0.003 -9"><span class='ocrx_word' id='word_1_127' title='bbox 76 826 119 848; x_wconf 83' lang='lat' dir='ltr'><strong>sto</strong></span> <span class='ocrx_word' id='word_1_128' title='bbox 146 821 312 850; x_wconf 82' lang='lat' dir='ltr'><strong>Marcionem</strong></span> <span class='ocrx_word' id='word_1_129' title='bbox 342 815 486 857; x_wconf 76' lang='lat' dir='ltr'><strong>agnovisse</strong></span> <span class='ocrx_word' id='word_1_130' title='bbox 519 823 660 851; x_wconf 86' lang='lat' dir='ltr'><strong>declarant</strong></span> <span class='ocrx_word' id='word_1_131' title='bbox 683 823 867 851; x_wconf 89' lang='lat' dir='ltr'><strong>Tertullianus</strong></span> 
     </span>
    </p>
   </div>
   <div class='ocr_carea' id='block_1_19' title="bbox 77 865 867 901">
    <p class='ocr_par' dir='ltr' id='par_1_19' title="bbox 77 865 867 901">
     <span class='ocr_line' id='line_1_19' title="bbox 77 865 867 901; baseline 0.004 -9"><span class='ocrx_word' id='word_1_132' title='bbox 77 865 125 892; x_wconf 89' lang='lat' dir='ltr'><strong>lib.</strong></span> <span class='ocrx_word' id='word_1_133' title='bbox 140 873 172 893; x_wconf 88' lang='lat' dir='ltr'><strong>m</strong></span> <span class='ocrx_word' id='word_1_134' title='bbox 188 872 279 893; x_wconf 84' lang='lat' dir='ltr'><strong>contra</strong></span> <span class='ocrx_word' id='word_1_135' title='bbox 296 866 380 894; x_wconf 79' lang='lat' dir='ltr'><strong>Marc.</strong></span> <span class='ocrx_word' id='word_1_136' title='bbox 391 887 399 900; x_wconf 87' lang='lat'><strong>,</strong></span> <span class='ocrx_word' id='word_1_137' title='bbox 413 874 474 901; x_wconf 90' lang='lat' dir='ltr'><strong>cap.</strong></span> <span class='ocrx_word' id='word_1_138' title='bbox 493 866 523 894; x_wconf 78' lang='grc' dir='ltr'>Η</span> <span class='ocrx_word' id='word_1_139' title='bbox 535 886 542 898; x_wconf 86' lang='grc'>,</span> <span class='ocrx_word' id='word_1_140' title='bbox 555 873 582 895; x_wconf 92' lang='lat' dir='ltr'><strong>et</strong></span> <span class='ocrx_word' id='word_1_141' title='bbox 597 872 652 895; x_wconf 88' lang='lat' dir='ltr'><strong>toto</strong></span> <span class='ocrx_word' id='word_1_142' title='bbox 674 867 721 895; x_wconf 89' lang='lat' dir='ltr'><strong>lib.</strong></span> <span class='ocrx_word' id='word_1_143' title='bbox 737 868 776 895; x_wconf 76' lang='lat' dir='ltr'><strong>De</strong></span> <span class='ocrx_word' id='word_1_144' title='bbox 789 876 867 895; x_wconf 74' lang='lat' dir='ltr'><strong>carne</strong></span> 
     </span>
    </p>
   </div>
   <div class='ocr_carea' id='block_1_20' title="bbox 77 912 868 951">
    <p class='ocr_par' dir='ltr' id='par_1_20' title="bbox 77 912 868 951">
     <span class='ocr_line' id='line_1_20' title="bbox 77 912 868 951; baseline 0.005 -13"><span class='ocrx_word' id='word_1_145' title='bbox 77 912 199 944; x_wconf 71' lang='lat' dir='ltr'><strong>Christi,</strong></span> <span class='ocrx_word' id='word_1_146' title='bbox 219 917 247 940; x_wconf 91' lang='lat' dir='ltr'><strong>et</strong></span> <span class='ocrx_word' id='word_1_147' title='bbox 271 913 371 951; x_wconf 83' lang='lat' dir='ltr'><strong>passim</strong></span> <span class='ocrx_word' id='word_1_148' title='bbox 384 933 392 946; x_wconf 85' lang='lat'><strong>,</strong></span> <span class='ocrx_word' id='word_1_149' title='bbox 422 918 450 940; x_wconf 90' lang='lat' dir='ltr'><strong>et</strong></span> <span class='ocrx_word' id='word_1_150' title='bbox 483 913 643 941; x_wconf 77' lang='lat' dir='ltr'><strong>Philastrius</strong></span> <span class='ocrx_word' id='word_1_151' title='bbox 660 914 727 941; x_wconf 71' lang='lat' dir='ltr'><strong>hazr.</strong></span> <span class='ocrx_word' id='word_1_152' title='bbox 747 921 809 941; x_wconf 78' lang='lat' dir='ltr'><strong>xuv</strong></span> <span class='ocrx_word' id='word_1_153' title='bbox 840 919 868 942; x_wconf 88' lang='lat' dir='ltr'><strong>et</strong></span> 
     </span>
    </p>
   </div>
   <div class='ocr_carea' id='block_1_21' title="bbox 76 959 865 996">
    <p class='ocr_par' dir='ltr' id='par_1_21' title="bbox 76 959 865 996">
     <span class='ocr_line' id='line_1_21' title="bbox 76 959 865 996; baseline 0.003 -11"><span class='ocrx_word' id='word_1_154' title='bbox 76 966 146 992; x_wconf 69' lang='lat' dir='ltr'><strong>xcv;</strong></span> <span class='ocrx_word' id='word_1_155' title='bbox 162 959 328 994; x_wconf 86' lang='lat' dir='ltr'><strong>Epiphanius</strong></span> <span class='ocrx_word' id='word_1_156' title='bbox 337 960 403 987; x_wconf 60' lang='lat' dir='ltr'><strong>haer.</strong></span> <span class='ocrx_word' id='word_1_157' title='bbox 416 968 472 993; x_wconf 81' lang='lat' dir='ltr'><strong>xu,</strong></span> <span class='ocrx_word' id='word_1_158' title='bbox 486 968 544 995; x_wconf 88' lang='lat' dir='ltr'><strong>cap.</strong></span> <span class='ocrx_word' id='word_1_159' title='bbox 559 960 584 994; x_wconf 84' lang='lat' dir='ltr'><strong>l,</strong></span> <span class='ocrx_word' id='word_1_160' title='bbox 601 966 628 988; x_wconf 88' lang='lat' dir='ltr'><strong>et</strong></span> <span class='ocrx_word' id='word_1_161' title='bbox 643 960 708 988; x_wconf 60' lang='lat' dir='ltr'><strong>har.</strong></span> <span class='ocrx_word' id='word_1_162' title='bbox 724 968 790 993; x_wconf 79' lang='lat' dir='ltr'><strong>tht,</strong></span> <span class='ocrx_word' id='word_1_163' title='bbox 806 969 865 996; x_wconf 89' lang='lat' dir='ltr'><strong>cap.</strong></span> 
     </span>
    </p>
   </div>
   <div class='ocr_carea' id='block_1_22' title="bbox 76 1005 868 1041">
    <p class='ocr_par' dir='ltr' id='par_1_22' title="bbox 76 1005 868 1041">
     <span class='ocr_line' id='line_1_22' title="bbox 76 1005 868 1041; baseline 0.005 -10"><span class='ocrx_word' id='word_1_164' title='bbox 76 1005 94 1031; x_wconf 76' lang='grc'><strong>2</strong></span> <span class='ocrx_word' id='word_1_165' title='bbox 105 1025 113 1038; x_wconf 84' lang='grc'><em>,</em></span> <span class='ocrx_word' id='word_1_166' title='bbox 129 1010 157 1032; x_wconf 87' lang='lat' dir='ltr'><strong>et</strong></span> <span class='ocrx_word' id='word_1_167' title='bbox 172 1005 360 1032; x_wconf 87' lang='lat' dir='ltr'><strong>Theodoretus</strong></span> <span class='ocrx_word' id='word_1_168' title='bbox 384 1005 460 1033; x_wconf 73' lang='lat' dir='ltr'><strong>Ilwr.</strong></span> <span class='ocrx_word' id='word_1_169' title='bbox 482 1006 538 1039; x_wconf 80' lang='lat' dir='ltr'><strong>fab.</strong></span> <span class='ocrx_word' id='word_1_170' title='bbox 552 1006 613 1038; x_wconf 66' lang='lat' dir='ltr'><strong>tlib.</strong></span> <span class='ocrx_word' id='word_1_171' title='bbox 633 1014 640 1033; x_wconf 98' lang='lat' dir='ltr'><strong>l</strong></span> <span class='ocrx_word' id='word_1_172' title='bbox 654 1026 662 1040; x_wconf 90' lang='lat'><strong>,</strong></span> <span class='ocrx_word' id='word_1_173' title='bbox 676 1013 736 1041; x_wconf 87' lang='lat' dir='ltr'><strong>cap.</strong></span> <span class='ocrx_word' id='word_1_174' title='bbox 752 1006 798 1035; x_wconf 67' lang='grc' dir='ltr'><strong>ει.</strong></span> <span class='ocrx_word' id='word_1_175' title='bbox 812 1006 868 1035; x_wconf 82' lang='lat' dir='ltr'><strong>Nec</strong></span> 
     </span>
    </p>
   </div>
   <div class='ocr_carea' id='block_1_23' title="bbox 77 1048 866 1087">
    <p class='ocr_par' dir='ltr' id='par_1_23' title="bbox 77 1048 866 1087">
     <span class='ocr_line' id='line_1_23' title="bbox 77 1048 866 1087; baseline 0.003 -9"><span class='ocrx_word' id='word_1_176' title='bbox 77 1053 169 1079; x_wconf 82' lang='lat' dir='ltr'><strong>verius</strong></span> <span class='ocrx_word' id='word_1_177' title='bbox 182 1056 225 1079; x_wconf 89' lang='lat' dir='ltr'><strong>est</strong></span> <span class='ocrx_word' id='word_1_178' title='bbox 241 1059 401 1086; x_wconf 76' lang='lat' dir='ltr'><strong>persuasum</strong></span> <span class='ocrx_word' id='word_1_179' title='bbox 424 1048 589 1080; x_wconf 59' lang='lat' dir='ltr'><strong>illud&#39;fuisse</strong></span> <span class='ocrx_word' id='word_1_180' title='bbox 606 1052 734 1087; x_wconf 79' lang='lat' dir='ltr'><strong>Origeni,</strong></span> <span class='ocrx_word' id='word_1_181' title='bbox 751 1053 822 1087; x_wconf 90' lang='lat' dir='ltr'><strong>qttod</strong></span> <span class='ocrx_word' id='word_1_182' title='bbox 842 1053 866 1080; x_wconf 89' lang='lat' dir='ltr'><strong>ei</strong></span> 
     </span>
    </p>
   </div>
   <div class='ocr_carea' id='block_1_24' title="bbox 77 1097 869 1134">
    <p class='ocr_par' dir='ltr' id='par_1_24' title="bbox 77 1097 869 1134">
     <span class='ocr_line' id='line_1_24' title="bbox 77 1097 869 1134; baseline 0.003 -10"><span class='ocrx_word' id='word_1_183' title='bbox 77 1098 181 1134; x_wconf 84' lang='lat' dir='ltr'><strong>aliingit</strong></span> <span class='ocrx_word' id='word_1_184' title='bbox 205 1097 380 1130; x_wconf 83' lang='lat' dir='ltr'><strong>Gennadius;</strong></span> <span class='ocrx_word' id='word_1_185' title='bbox 406 1099 487 1125; x_wconf 89' lang='lat' dir='ltr'><strong>verba</strong></span> <span class='ocrx_word' id='word_1_186' title='bbox 506 1098 640 1133; x_wconf 79' lang='lat' dir='ltr'><strong>siquidem</strong></span> <span class='ocrx_word' id='word_1_187' title='bbox 654 1098 715 1133; x_wconf 86' lang='lat' dir='ltr'><strong>ejus</strong></span> <span class='ocrx_word' id='word_1_188' title='bbox 732 1099 790 1126; x_wconf 74' lang='lat' dir='ltr'><strong>haec</strong></span> <span class='ocrx_word' id='word_1_189' title='bbox 804 1105 869 1126; x_wconf 89' lang='lat' dir='ltr'><strong>sunt</strong></span> 
     </span>
    </p>
   </div>
   <div class='ocr_carea' id='block_1_25' title="bbox 76 1144 868 1179">
    <p class='ocr_par' dir='ltr' id='par_1_25' title="bbox 76 1144 868 1179">
     <span class='ocr_line' id='line_1_25' title="bbox 76 1144 868 1179; baseline 0.001 -7"><span class='ocrx_word' id='word_1_190' title='bbox 76 1144 171 1174; x_wconf 91' lang='lat' dir='ltr'><strong>homil.</strong></span> <span class='ocrx_word' id='word_1_191' title='bbox 188 1144 222 1171; x_wconf 74' lang='grc'><strong>14</strong></span> <span class='ocrx_word' id='word_1_192' title='bbox 237 1145 263 1171; x_wconf 79' lang='lat' dir='ltr'><strong>in</strong></span> <span class='ocrx_word' id='word_1_193' title='bbox 281 1144 345 1171; x_wconf 86' lang='lat' dir='ltr'><strong>Luc.</strong></span> <span class='ocrx_word' id='word_1_194' title='bbox 359 1151 368 1171; x_wconf 89' lang='lat'><strong><em>:</em></strong></span> <span class='ocrx_word' id='word_1_195' title='bbox 387 1153 397 1170; x_wconf 87' lang='grc'><em>‹</em></span> <span class='ocrx_word' id='word_1_196' title='bbox 414 1144 491 1177; x_wconf 81' lang='lat' dir='ltr'><strong>Quod</strong></span> <span class='ocrx_word' id='word_1_197' title='bbox 507 1144 616 1179; x_wconf 90' lang='lat' dir='ltr'><strong>quidem</strong></span> <span class='ocrx_word' id='word_1_198' title='bbox 631 1149 659 1172; x_wconf 89' lang='lat' dir='ltr'><strong>et</strong></span> <span class='ocrx_word' id='word_1_199' title='bbox 674 1145 804 1172; x_wconf 88' lang='lat' dir='ltr'><strong>adversus</strong></span> <span class='ocrx_word' id='word_1_200' title='bbox 820 1153 868 1173; x_wconf 89' lang='lat' dir='ltr'><strong>eos</strong></span> 
     </span>
    </p>
   </div>
   <div class='ocr_carea' id='block_1_26' title="bbox 76 1189 868 1225">
    <p class='ocr_par' dir='ltr' id='par_1_26' title="bbox 76 1189 868 1225">
     <span class='ocr_line' id='line_1_26' title="bbox 76 1189 868 1225; baseline 0.005 -9"><span class='ocrx_word' id='word_1_201' title='bbox 76 1190 154 1222; x_wconf 77' lang='lat' dir='ltr'><strong>facit,</strong></span> <span class='ocrx_word' id='word_1_202' title='bbox 171 1190 217 1225; x_wconf 87' lang='lat' dir='ltr'><strong>qui</strong></span> <span class='ocrx_word' id='word_1_203' title='bbox 235 1195 331 1225; x_wconf 68' lang='lat' dir='ltr'><strong>negant</strong></span> <span class='ocrx_word' id='word_1_204' title='bbox 356 1189 500 1217; x_wconf 87' lang='lat' dir='ltr'><strong>Dominum</strong></span> <span class='ocrx_word' id='word_1_205' title='bbox 517 1195 640 1218; x_wconf 77' lang='lat' dir='ltr'><strong>nostrum</strong></span> <span class='ocrx_word' id='word_1_206' title='bbox 654 1191 800 1218; x_wconf 88' lang='lat' dir='ltr'><strong>humanum</strong></span> <span class='ocrx_word' id='word_1_207' title='bbox 821 1193 868 1220; x_wconf 88' lang='lat' dir='ltr'><strong>ha-</strong></span> 
     </span>
    </p>
   </div>
   <div class='ocr_carea' id='block_1_27' title="bbox 76 1235 868 1271">
    <p class='ocr_par' dir='ltr' id='par_1_27' title="bbox 76 1235 868 1271">
     <span class='ocr_line' id='line_1_27' title="bbox 76 1235 868 1271; baseline 0.003 -8"><span class='ocrx_word' id='word_1_208' title='bbox 76 1236 171 1263; x_wconf 84' lang='lat' dir='ltr'><strong>buisse</strong></span> <span class='ocrx_word' id='word_1_209' title='bbox 184 1243 293 1271; x_wconf 84' lang='lat' dir='ltr'><strong>corpus,</strong></span> <span class='ocrx_word' id='word_1_210' title='bbox 303 1235 351 1263; x_wconf 87' lang='lat' dir='ltr'><strong>sed</strong></span> <span class='ocrx_word' id='word_1_211' title='bbox 365 1235 536 1268; x_wconf 76' lang='lat' dir='ltr'><strong>caelestibus,</strong></span> <span class='ocrx_word' id='word_1_212' title='bbox 546 1241 573 1263; x_wconf 90' lang='lat' dir='ltr'><strong>et</strong></span> <span class='ocrx_word' id='word_1_213' title='bbox 585 1236 770 1271; x_wconf 90' lang='lat' dir='ltr'><strong>spiritualibus</strong></span> <span class='ocrx_word' id='word_1_214' title='bbox 784 1237 868 1265; x_wconf 82' lang='lat' dir='ltr'><strong>fuisse</strong></span> 
     </span>
    </p>
   </div>
   <div class='ocr_carea' id='block_1_28' title="bbox 75 1282 868 1315">
    <p class='ocr_par' dir='ltr' id='par_1_28' title="bbox 75 1282 868 1315">
     <span class='ocr_line' id='line_1_28' title="bbox 75 1282 868 1315; baseline 0.004 -6"><span class='ocrx_word' id='word_1_215' title='bbox 75 1287 246 1310; x_wconf 79' lang='lat' dir='ltr'><strong>contextum.</strong></span> <span class='ocrx_word' id='word_1_216' title='bbox 266 1282 294 1309; x_wconf 89' lang='lat' dir='ltr'><strong>Si</strong></span> <span class='ocrx_word' id='word_1_217' title='bbox 313 1282 386 1309; x_wconf 86' lang='lat' dir='ltr'><strong>enim</strong></span> <span class='ocrx_word' id='word_1_218' title='bbox 409 1283 443 1310; x_wconf 91' lang='lat' dir='ltr'><strong>de</strong></span> <span class='ocrx_word' id='word_1_219' title='bbox 465 1283 630 1315; x_wconf 60' lang='lat' dir='ltr'><strong>coelestibus,</strong></span> <span class='ocrx_word' id='word_1_220' title='bbox 647 1289 675 1311; x_wconf 88' lang='lat' dir='ltr'><strong>et</strong></span> <span class='ocrx_word' id='word_1_221' title='bbox 690 1287 720 1311; x_wconf 91' lang='lat' dir='ltr'><strong>ut</strong></span> <span class='ocrx_word' id='word_1_222' title='bbox 738 1284 774 1311; x_wconf 93' lang='lat' dir='ltr'><strong>illi</strong></span> <span class='ocrx_word' id='word_1_223' title='bbox 800 1284 868 1312; x_wconf 83' lang='lat' dir='ltr'><strong>falso</strong></span> 
     </span>
    </p>
   </div>
   <div class='ocr_carea' id='block_1_29' title="bbox 76 1328 867 1364">
    <p class='ocr_par' dir='ltr' id='par_1_29' title="bbox 76 1328 867 1364">
     <span class='ocr_line' id='line_1_29' title="bbox 76 1328 867 1364; baseline 0.003 -9"><span class='ocrx_word' id='word_1_224' title='bbox 76 1332 207 1356; x_wconf 86' lang='lat' dir='ltr'><strong>asserunt</strong></span> <span class='ocrx_word' id='word_1_225' title='bbox 218 1350 225 1360; x_wconf 76' lang='lat'><strong>,</strong></span> <span class='ocrx_word' id='word_1_226' title='bbox 241 1328 273 1355; x_wconf 86' lang='lat' dir='ltr'><strong>de</strong></span> <span class='ocrx_word' id='word_1_227' title='bbox 286 1328 432 1361; x_wconf 87' lang='lat' dir='ltr'><strong>sideribus,</strong></span> <span class='ocrx_word' id='word_1_228' title='bbox 455 1333 483 1356; x_wconf 88' lang='lat' dir='ltr'><strong>et</strong></span> <span class='ocrx_word' id='word_1_229' title='bbox 496 1328 549 1355; x_wconf 89' lang='lat' dir='ltr'><strong>alia</strong></span> <span class='ocrx_word' id='word_1_230' title='bbox 563 1329 681 1363; x_wconf 91' lang='lat' dir='ltr'><strong>quadam</strong></span> <span class='ocrx_word' id='word_1_231' title='bbox 705 1329 867 1364; x_wconf 83' lang='lat' dir='ltr'><strong>sublimiori,</strong></span> 
     </span>
    </p>
   </div>
   <div class='ocr_carea' id='block_1_30' title="bbox 77 1374 869 1410">
    <p class='ocr_par' dir='ltr' id='par_1_30' title="bbox 77 1374 869 1410">
     <span class='ocr_line' id='line_1_30' title="bbox 77 1374 869 1410; baseline 0.004 -9"><span class='ocrx_word' id='word_1_232' title='bbox 77 1374 249 1410; x_wconf 68' lang='lat' dir='ltr'><strong>spiriwlique</strong></span> <span class='ocrx_word' id='word_1_233' title='bbox 265 1380 359 1401; x_wconf 80' lang='lat' dir='ltr'><strong>natura</strong></span> <span class='ocrx_word' id='word_1_234' title='bbox 378 1382 476 1409; x_wconf 79' lang='lat' dir='ltr'><strong>corpus</strong></span> <span class='ocrx_word' id='word_1_235' title='bbox 491 1375 548 1408; x_wconf 87' lang='lat' dir='ltr'><strong>ejus</strong></span> <span class='ocrx_word' id='word_1_236' title='bbox 564 1375 662 1407; x_wconf 78' lang='lat' dir='ltr'><strong>fuerit,</strong></span> <span class='ocrx_word' id='word_1_237' title='bbox 687 1376 869 1410; x_wconf 88' lang='lat' dir='ltr'><strong>respondeant</strong></span> 
     </span>
    </p>
   </div>
   <div class='ocr_carea' id='block_1_31' title="bbox 76 1414 870 1455">
    <p class='ocr_par' dir='ltr' id='par_1_31' title="bbox 76 1414 870 1455">
     <span class='ocr_line' id='line_1_31' title="bbox 76 1414 870 1455; baseline 0.003 -9"><span class='ocrx_word' id='word_1_238' title='bbox 76 1427 174 1454; x_wconf 90' lang='lat' dir='ltr'><strong>quare,</strong></span> <span class='ocrx_word' id='word_1_239' title='bbox 194 1429 204 1445; x_wconf 77' lang='grc' dir='ltr'><strong>ι</strong></span> <span class='ocrx_word' id='word_1_240' title='bbox 220 1424 274 1447; x_wconf 88' lang='lat' dir='ltr'><strong>etc.</strong></span> <span class='ocrx_word' id='word_1_241' title='bbox 290 1414 406 1447; x_wconf 82' lang='lat' dir='ltr'><strong>lIomilia</strong></span> <span class='ocrx_word' id='word_1_242' title='bbox 422 1428 532 1455; x_wconf 90' lang='lat' dir='ltr'><strong>quoque</strong></span> <span class='ocrx_word' id='word_1_243' title='bbox 548 1421 581 1447; x_wconf 83' lang='grc' dir='ltr'><strong><em>Π</em></strong></span> <span class='ocrx_word' id='word_1_244' title='bbox 596 1420 623 1448; x_wconf 90' lang='lat' dir='ltr'><strong>in</strong></span> <span class='ocrx_word' id='word_1_245' title='bbox 647 1422 772 1448; x_wconf 87' lang='lat' dir='ltr'><strong>eumdem</strong></span> <span class='ocrx_word' id='word_1_246' title='bbox 787 1429 870 1449; x_wconf 89' lang='lat' dir='ltr'><strong>evan-</strong></span> 
     </span>
    </p>
   </div>
   <div class='ocr_carea' id='block_1_32' title="bbox 74 1465 868 1502">
    <p class='ocr_par' dir='ltr' id='par_1_32' title="bbox 74 1465 868 1502">
     <span class='ocr_line' id='line_1_32' title="bbox 74 1465 868 1502; baseline 0.005 -10"><span class='ocrx_word' id='word_1_247' title='bbox 74 1465 218 1501; x_wconf 77' lang='lat' dir='ltr'><strong>gelistam,</strong></span> <span class='ocrx_word' id='word_1_248' title='bbox 231 1466 264 1494; x_wconf 93' lang='lat' dir='ltr'><strong>ad</strong></span> <span class='ocrx_word' id='word_1_249' title='bbox 279 1466 305 1494; x_wconf 93' lang='lat' dir='ltr'><strong>id</strong></span> <span class='ocrx_word' id='word_1_250' title='bbox 319 1467 391 1501; x_wconf 90' lang='lat' dir='ltr'><strong>quod</strong></span> <span class='ocrx_word' id='word_1_251' title='bbox 405 1467 521 1494; x_wconf 89' lang='lat' dir='ltr'><strong>habetur</strong></span> <span class='ocrx_word' id='word_1_252' title='bbox 533 1475 595 1502; x_wconf 85' lang='lat' dir='ltr'><strong>cap.</strong></span> <span class='ocrx_word' id='word_1_253' title='bbox 611 1476 647 1501; x_wconf 87' lang='grc' dir='ltr'>ιι,</span> <span class='ocrx_word' id='word_1_254' title='bbox 666 1476 737 1496; x_wconf 83' lang='lat' dir='ltr'><strong>vers.</strong></span> <span class='ocrx_word' id='word_1_255' title='bbox 752 1469 788 1496; x_wconf 70' lang='grc'><strong>54</strong></span> <span class='ocrx_word' id='word_1_256' title='bbox 808 1479 814 1497; x_wconf 90' lang='lat'><strong>:</strong></span> <span class='ocrx_word' id='word_1_257' title='bbox 833 1468 868 1496; x_wconf 82' lang='lat' dir='ltr'><strong>Et</strong></span> 
     </span>
    </p>
   </div>
   <div class='ocr_carea' id='block_1_33' title="bbox 75 1512 865 1549">
    <p class='ocr_par' dir='ltr' id='par_1_33' title="bbox 75 1512 865 1549">
     <span class='ocr_line' id='line_1_33' title="bbox 75 1512 865 1549; baseline 0.005 -11"><span class='ocrx_word' id='word_1_258' title='bbox 75 1512 104 1538; x_wconf 84' lang='lat' dir='ltr'><strong>in</strong></span> <span class='ocrx_word' id='word_1_259' title='bbox 123 1512 228 1547; x_wconf 77' lang='lat' dir='ltr'><strong>signum</strong></span> <span class='ocrx_word' id='word_1_260' title='bbox 244 1513 286 1539; x_wconf 85' lang='lat' dir='ltr'><strong>cui</strong></span> <span class='ocrx_word' id='word_1_261' title='bbox 305 1512 523 1540; x_wconf 78' lang='lat' dir='ltr'><strong>contradicetur:</strong></span> <span class='ocrx_word' id='word_1_262' title='bbox 539 1522 549 1538; x_wconf 74' lang='grc' dir='ltr'><strong>ι</strong></span> <span class='ocrx_word' id='word_1_263' title='bbox 565 1512 699 1542; x_wconf 88' lang='lat' dir='ltr'><strong>Omnibus</strong></span> <span class='ocrx_word' id='word_1_264' title='bbox 723 1522 782 1549; x_wconf 72' lang='lat' dir='ltr'><strong>quae</strong></span> <span class='ocrx_word' id='word_1_265' title='bbox 804 1523 865 1542; x_wconf 89' lang='lat' dir='ltr'><strong>nar-</strong></span> 
     </span>
    </p>
   </div>
   <div class='ocr_carea' id='block_1_34' title="bbox 76 1558 868 1596">
    <p class='ocr_par' dir='ltr' id='par_1_34' title="bbox 76 1558 868 1596">
     <span class='ocr_line' id='line_1_34' title="bbox 76 1558 868 1596; baseline 0.004 -11"><span class='ocrx_word' id='word_1_266' title='bbox 76 1562 120 1585; x_wconf 91' lang='lat' dir='ltr'><strong>rat</strong></span> <span class='ocrx_word' id='word_1_267' title='bbox 133 1558 248 1586; x_wconf 87' lang='lat' dir='ltr'><strong>historia</strong></span> <span class='ocrx_word' id='word_1_268' title='bbox 262 1558 295 1586; x_wconf 90' lang='lat' dir='ltr'><strong>de</strong></span> <span class='ocrx_word' id='word_1_269' title='bbox 305 1558 456 1591; x_wconf 78' lang='lat' dir='ltr'><strong>Salv-atare,</strong></span> <span class='ocrx_word' id='word_1_270' title='bbox 467 1559 677 1587; x_wconf 88' lang='lat' dir='ltr'><strong>contradicitur.</strong></span> <span class='ocrx_word' id='word_1_271' title='bbox 690 1559 773 1596; x_wconf 87' lang='lat' dir='ltr'><strong>Virgo</strong></span> <span class='ocrx_word' id='word_1_272' title='bbox 782 1566 868 1588; x_wconf 88' lang='lat' dir='ltr'><strong>mater</strong></span> 
     </span>
    </p>
   </div>
   <div class='ocr_carea' id='block_1_35' title="bbox 76 1604 868 1639">
    <p class='ocr_par' dir='ltr' id='par_1_35' title="bbox 76 1604 868 1639">
     <span class='ocr_line' id='line_1_35' title="bbox 76 1604 868 1639; baseline 0.004 -7"><span class='ocrx_word' id='word_1_273' title='bbox 76 1609 138 1636; x_wconf 77' lang='lat' dir='ltr'><strong>est;</strong></span> <span class='ocrx_word' id='word_1_274' title='bbox 155 1604 260 1639; x_wconf 80' lang='lat' dir='ltr'><strong>signum</strong></span> <span class='ocrx_word' id='word_1_275' title='bbox 272 1609 313 1632; x_wconf 89' lang='lat' dir='ltr'><strong>est</strong></span> <span class='ocrx_word' id='word_1_276' title='bbox 328 1605 370 1632; x_wconf 91' lang='lat' dir='ltr'><strong>cui</strong></span> <span class='ocrx_word' id='word_1_277' title='bbox 383 1605 587 1633; x_wconf 86' lang='lat' dir='ltr'><strong>contradicitur.</strong></span> <span class='ocrx_word' id='word_1_278' title='bbox 604 1605 784 1635; x_wconf 68' lang='lat' dir='ltr'><strong>Marcionistaa</strong></span> <span class='ocrx_word' id='word_1_279' title='bbox 804 1615 868 1634; x_wconf 89' lang='lat' dir='ltr'><strong>con-</strong></span> 
     </span>
    </p>
   </div>
   <div class='ocr_carea' id='block_1_36' title="bbox 77 1650 869 1687">
    <p class='ocr_par' dir='ltr' id='par_1_36' title="bbox 77 1650 869 1687">
     <span class='ocr_line' id='line_1_36' title="bbox 77 1650 869 1687; baseline 0.005 -10"><span class='ocrx_word' id='word_1_280' title='bbox 77 1650 220 1678; x_wconf 83' lang='lat' dir='ltr'><strong>tradicunt</strong></span> <span class='ocrx_word' id='word_1_281' title='bbox 237 1650 300 1677; x_wconf 84' lang='lat' dir='ltr'><strong>huic</strong></span> <span class='ocrx_word' id='word_1_282' title='bbox 316 1650 393 1685; x_wconf 79' lang='lat' dir='ltr'><strong>signo</strong></span> <span class='ocrx_word' id='word_1_283' title='bbox 407 1671 415 1683; x_wconf 93' lang='lat'><strong>,</strong></span> <span class='ocrx_word' id='word_1_284' title='bbox 430 1655 457 1678; x_wconf 88' lang='lat' dir='ltr'><strong>et</strong></span> <span class='ocrx_word' id='word_1_285' title='bbox 474 1651 550 1679; x_wconf 85' lang='lat' dir='ltr'><strong>aiunt</strong></span> <span class='ocrx_word' id='word_1_286' title='bbox 564 1652 673 1687; x_wconf 82' lang='lat' dir='ltr'><strong>penitus</strong></span> <span class='ocrx_word' id='word_1_287' title='bbox 687 1660 748 1680; x_wconf 93' lang='lat' dir='ltr'><strong>eum</strong></span> <span class='ocrx_word' id='word_1_288' title='bbox 763 1653 796 1680; x_wconf 90' lang='lat' dir='ltr'><strong>de</strong></span> <span class='ocrx_word' id='word_1_289' title='bbox 809 1661 869 1681; x_wconf 94' lang='lat' dir='ltr'><strong>mu-</strong></span> 
     </span>
    </p>
   </div>
   <div class='ocr_carea' id='block_1_37' title="bbox 75 1695 869 1731">
    <p class='ocr_par' dir='ltr' id='par_1_37' title="bbox 75 1695 869 1731">
     <span class='ocr_line' id='line_1_37' title="bbox 75 1695 869 1731; baseline 0.004 -9"><span class='ocrx_word' id='word_1_290' title='bbox 75 1695 146 1723; x_wconf 88' lang='lat' dir='ltr'><strong>liere</strong></span> <span class='ocrx_word' id='word_1_291' title='bbox 174 1703 227 1723; x_wconf 90' lang='lat' dir='ltr'><strong>non</strong></span> <span class='ocrx_word' id='word_1_292' title='bbox 253 1703 313 1723; x_wconf 85' lang='lat' dir='ltr'><strong>esse</strong></span> <span class='ocrx_word' id='word_1_293' title='bbox 330 1701 508 1731; x_wconf 87' lang='lat' dir='ltr'><strong>generatum:</strong></span> <span class='ocrx_word' id='word_1_294' title='bbox 528 1697 659 1726; x_wconf 75' lang='lat' dir='ltr'><strong>Ebionita:</strong></span> <span class='ocrx_word' id='word_1_295' title='bbox 680 1699 869 1726; x_wconf 84' lang='lat' dir='ltr'><strong>contradicunt</strong></span> 
     </span>
    </p>
   </div>
   <div class='ocr_carea' id='block_1_38' title="bbox 75 1742 867 1778">
    <p class='ocr_par' dir='ltr' id='par_1_38' title="bbox 75 1742 867 1778">
     <span class='ocr_line' id='line_1_38' title="bbox 75 1742 867 1778; baseline 0.005 -9"><span class='ocrx_word' id='word_1_296' title='bbox 75 1742 159 1778; x_wconf 80' lang='lat' dir='ltr'><strong>signo</strong></span> <span class='ocrx_word' id='word_1_297' title='bbox 170 1762 179 1775; x_wconf 94' lang='lat'><strong>,</strong></span> <span class='ocrx_word' id='word_1_298' title='bbox 197 1742 318 1770; x_wconf 81' lang='lat' dir='ltr'><strong>dicentes</strong></span> <span class='ocrx_word' id='word_1_299' title='bbox 338 1750 371 1770; x_wconf 82' lang='lat' dir='ltr'><strong>ex</strong></span> <span class='ocrx_word' id='word_1_300' title='bbox 388 1743 446 1770; x_wconf 93' lang='lat' dir='ltr'><strong>viro</strong></span> <span class='ocrx_word' id='word_1_301' title='bbox 461 1747 489 1770; x_wconf 90' lang='lat' dir='ltr'><strong>et</strong></span> <span class='ocrx_word' id='word_1_302' title='bbox 511 1743 624 1772; x_wconf 88' lang='lat' dir='ltr'><strong>muliere</strong></span> <span class='ocrx_word' id='word_1_303' title='bbox 641 1745 677 1772; x_wconf 87' lang='lat' dir='ltr'><strong>ita</strong></span> <span class='ocrx_word' id='word_1_304' title='bbox 691 1750 783 1772; x_wconf 86' lang='lat' dir='ltr'><strong>natum</strong></span> <span class='ocrx_word' id='word_1_305' title='bbox 796 1753 867 1777; x_wconf 83' lang='lat' dir='ltr'><strong>esse.</strong></span> 
     </span>
    </p>
   </div>
   <div class='ocr_carea' id='block_1_39' title="bbox 76 1789 866 1828">
    <p class='ocr_par' dir='ltr' id='par_1_39' title="bbox 76 1789 866 1828">
     <span class='ocr_line' id='line_1_39' title="bbox 76 1789 866 1828; baseline 0.004 -13"><span class='ocrx_word' id='word_1_306' title='bbox 76 1793 108 1816; x_wconf 78' lang='lat' dir='ltr'><strong>ut</strong></span> <span class='ocrx_word' id='word_1_307' title='bbox 123 1795 174 1815; x_wconf 89' lang='lat' dir='ltr'><strong>nos</strong></span> <span class='ocrx_word' id='word_1_308' title='bbox 187 1795 293 1828; x_wconf 81' lang='lat' dir='ltr'><strong>quoque</strong></span> <span class='ocrx_word' id='word_1_309' title='bbox 305 1789 453 1816; x_wconf 88' lang='lat' dir='ltr'><strong>nascimur.</strong></span> <span class='ocrx_word' id='word_1_310' title='bbox 470 1789 571 1817; x_wconf 86' lang='lat' dir='ltr'><strong>llabuit</strong></span> <span class='ocrx_word' id='word_1_311' title='bbox 583 1797 683 1826; x_wconf 88' lang='lat' dir='ltr'><strong>corpus</strong></span> <span class='ocrx_word' id='word_1_312' title='bbox 698 1791 866 1824; x_wconf 88' lang='lat' dir='ltr'><strong>humanum;</strong></span> 
     </span>
    </p>
   </div>
   <div class='ocr_carea' id='block_1_40' title="bbox 75 1833 868 1868">
    <p class='ocr_par' dir='ltr' id='par_1_40' title="bbox 75 1833 868 1868">
     <span class='ocr_line' id='line_1_40' title="bbox 75 1833 868 1868; baseline 0.001 -8"><span class='ocrx_word' id='word_1_313' title='bbox 75 1837 105 1860; x_wconf 87' lang='lat' dir='ltr'><strong>et</strong></span> <span class='ocrx_word' id='word_1_314' title='bbox 121 1833 174 1860; x_wconf 85' lang='lat' dir='ltr'><strong>hoc</strong></span> <span class='ocrx_word' id='word_1_315' title='bbox 187 1833 292 1868; x_wconf 81' lang='lat' dir='ltr'><strong>signum</strong></span> <span class='ocrx_word' id='word_1_316' title='bbox 317 1837 358 1860; x_wconf 88' lang='lat' dir='ltr'><strong>est</strong></span> <span class='ocrx_word' id='word_1_317' title='bbox 372 1833 414 1860; x_wconf 85' lang='lat' dir='ltr'><strong>cui</strong></span> <span class='ocrx_word' id='word_1_318' title='bbox 430 1834 643 1866; x_wconf 86' lang='lat' dir='ltr'><strong>contradicitur,</strong></span> <span class='ocrx_word' id='word_1_319' title='bbox 663 1834 707 1861; x_wconf 90' lang='lat' dir='ltr'><strong>alii</strong></span> <span class='ocrx_word' id='word_1_320' title='bbox 735 1835 807 1861; x_wconf 90' lang='lat' dir='ltr'><strong>enim</strong></span> <span class='ocrx_word' id='word_1_321' title='bbox 826 1835 868 1861; x_wconf 85' lang='lat' dir='ltr'><strong>di-</strong></span> 
     </span>
    </p>
   </div>
   <div class='ocr_carea' id='block_1_41' title="bbox 75 1879 868 1914">
    <p class='ocr_par' dir='ltr' id='par_1_41' title="bbox 75 1879 868 1914">
     <span class='ocr_line' id='line_1_41' title="bbox 75 1879 868 1914; baseline 0.001 -9"><span class='ocrx_word' id='word_1_322' title='bbox 75 1883 143 1905; x_wconf 89' lang='lat' dir='ltr'><strong>cunt</strong></span> <span class='ocrx_word' id='word_1_323' title='bbox 157 1885 218 1905; x_wconf 91' lang='lat' dir='ltr'><strong>eum</strong></span> <span class='ocrx_word' id='word_1_324' title='bbox 235 1879 342 1906; x_wconf 86' lang='lat' dir='ltr'><strong>venisse</strong></span> <span class='ocrx_word' id='word_1_325' title='bbox 360 1879 393 1906; x_wconf 81' lang='lat' dir='ltr'><strong>de</strong></span> <span class='ocrx_word' id='word_1_326' title='bbox 406 1879 492 1906; x_wconf 68' lang='lat' dir='ltr'><strong>caelis.</strong></span> <span class='ocrx_word' id='word_1_327' title='bbox 511 1887 520 1904; x_wconf 78' lang='grc' dir='ltr'><strong>ι</strong></span> <span class='ocrx_word' id='word_1_328' title='bbox 536 1879 592 1906; x_wconf 90' lang='lat' dir='ltr'><strong>lloc</strong></span> <span class='ocrx_word' id='word_1_329' title='bbox 613 1887 676 1907; x_wconf 90' lang='lat' dir='ltr'><strong>vero</strong></span> <span class='ocrx_word' id='word_1_330' title='bbox 686 1887 779 1907; x_wconf 85' lang='lat' dir='ltr'><strong>errore</strong></span> <span class='ocrx_word' id='word_1_331' title='bbox 793 1880 868 1914; x_wconf 91' lang='lat' dir='ltr'><strong>peni-</strong></span> 
     </span>
    </p>
   </div>
   <div class='ocr_carea' id='block_1_42' title="bbox 77 1925 868 1961">
    <p class='ocr_par' dir='ltr' id='par_1_42' title="bbox 77 1925 868 1961">
     <span class='ocr_line' id='line_1_42' title="bbox 77 1925 868 1961; baseline 0.003 -10"><span class='ocrx_word' id='word_1_332' title='bbox 77 1930 122 1952; x_wconf 84' lang='lat' dir='ltr'><strong>tus</strong></span> <span class='ocrx_word' id='word_1_333' title='bbox 141 1925 308 1960; x_wconf 87' lang='lat' dir='ltr'><strong>implicatum</strong></span> <span class='ocrx_word' id='word_1_334' title='bbox 326 1925 409 1953; x_wconf 81' lang='lat' dir='ltr'><strong>fuisse</strong></span> <span class='ocrx_word' id='word_1_335' title='bbox 429 1926 576 1961; x_wconf 84' lang='lat' dir='ltr'><strong>Eutychem</strong></span> <span class='ocrx_word' id='word_1_336' title='bbox 592 1925 735 1953; x_wconf 83' lang='lat' dir='ltr'><strong>conﬁrmat</strong></span> <span class='ocrx_word' id='word_1_337' title='bbox 750 1926 868 1958; x_wconf 75' lang='lat' dir='ltr'><strong>Fulgen-</strong></span> 
     </span>
    </p>
   </div>
   <div class='ocr_carea' id='block_1_43' title="bbox 78 1971 869 2007">
    <p class='ocr_par' dir='ltr' id='par_1_43' title="bbox 78 1971 869 2007">
     <span class='ocr_line' id='line_1_43' title="bbox 78 1971 869 2007; baseline 0.004 -11"><span class='ocrx_word' id='word_1_338' title='bbox 78 1971 134 1997; x_wconf 84' lang='lat' dir='ltr'><strong>tius</strong></span> <span class='ocrx_word' id='word_1_339' title='bbox 151 1978 274 2005; x_wconf 83' lang='lat' dir='ltr'><strong>respons.</strong></span> <span class='ocrx_word' id='word_1_340' title='bbox 290 1971 307 1998; x_wconf 71' lang='grc'><strong>4</strong></span> <span class='ocrx_word' id='word_1_341' title='bbox 327 1971 359 1998; x_wconf 90' lang='lat' dir='ltr'><strong>ad</strong></span> <span class='ocrx_word' id='word_1_342' title='bbox 374 1971 543 1999; x_wconf 88' lang='lat' dir='ltr'><strong>Ferrandum</strong></span> <span class='ocrx_word' id='word_1_343' title='bbox 563 1971 671 1999; x_wconf 84' lang='lat' dir='ltr'><strong>diacon.</strong></span> <span class='ocrx_word' id='word_1_344' title='bbox 688 1971 757 1999; x_wconf 89' lang='lat' dir='ltr'><strong>Huic</strong></span> <span class='ocrx_word' id='word_1_345' title='bbox 773 1973 869 2007; x_wconf 69' lang='lat' dir='ltr'><strong>praelu-</strong></span> 
     </span>
    </p>
   </div>
   <div class='ocr_carea' id='block_1_44' title="bbox 76 2016 869 2052">
    <p class='ocr_par' dir='ltr' id='par_1_44' title="bbox 76 2016 869 2052">
     <span class='ocr_line' id='line_1_44' title="bbox 76 2016 869 2052; baseline 0.003 -10"><span class='ocrx_word' id='word_1_346' title='bbox 76 2019 154 2042; x_wconf 80' lang='lat' dir='ltr'><strong>serat</strong></span> <span class='ocrx_word' id='word_1_347' title='bbox 168 2016 286 2050; x_wconf 83' lang='lat' dir='ltr'><strong>Apelles,</strong></span> <span class='ocrx_word' id='word_1_348' title='bbox 296 2016 372 2049; x_wconf 82' lang='lat' dir='ltr'><strong>cujus</strong></span> <span class='ocrx_word' id='word_1_349' title='bbox 385 2017 520 2044; x_wconf 85' lang='lat' dir='ltr'><strong>insaniam</strong></span> <span class='ocrx_word' id='word_1_350' title='bbox 538 2017 612 2044; x_wconf 87' lang='lat' dir='ltr'><strong>illam</strong></span> <span class='ocrx_word' id='word_1_351' title='bbox 625 2018 737 2052; x_wconf 82' lang='lat' dir='ltr'><strong>exponit</strong></span> <span class='ocrx_word' id='word_1_352' title='bbox 750 2017 869 2052; x_wconf 84' lang='lat' dir='ltr'><strong>Epipha-</strong></span> 
     </span>
    </p>
   </div>
   <div class='ocr_carea' id='block_1_45' title="bbox 78 2061 866 2100">
    <p class='ocr_par' dir='ltr' id='par_1_45' title="bbox 78 2061 866 2100">
     <span class='ocr_line' id='line_1_45' title="bbox 78 2061 866 2100; baseline 0.001 -11"><span class='ocrx_word' id='word_1_353' title='bbox 78 2063 143 2090; x_wconf 87' lang='lat' dir='ltr'><strong>nius</strong></span> <span class='ocrx_word' id='word_1_354' title='bbox 155 2063 220 2100; x_wconf 76' lang='lat' dir='ltr'><strong>hter.</strong></span> <span class='ocrx_word' id='word_1_355' title='bbox 240 2071 317 2095; x_wconf 72' lang='lat' dir='ltr'><strong>thv,</strong></span> <span class='ocrx_word' id='word_1_356' title='bbox 333 2071 394 2098; x_wconf 91' lang='lat' dir='ltr'><strong>cap.</strong></span> <span class='ocrx_word' id='word_1_357' title='bbox 407 2064 425 2090; x_wconf 74' lang='grc'>2</span> <span class='ocrx_word' id='word_1_358' title='bbox 436 2083 444 2095; x_wconf 96' lang='grc'>,</span> <span class='ocrx_word' id='word_1_359' title='bbox 467 2068 494 2090; x_wconf 83' lang='lat' dir='ltr'><strong>et</strong></span> <span class='ocrx_word' id='word_1_360' title='bbox 509 2063 695 2091; x_wconf 89' lang='lat' dir='ltr'><strong>Theodoretus</strong></span> <span class='ocrx_word' id='word_1_361' title='bbox 711 2061 758 2091; x_wconf 86' lang='lat' dir='ltr'><strong>lib.</strong></span> <span class='ocrx_word' id='word_1_362' title='bbox 773 2071 780 2090; x_wconf 96' lang='grc' dir='ltr'><strong>ι</strong></span> <span class='ocrx_word' id='word_1_363' title='bbox 798 2062 866 2090; x_wconf 79' lang='lat' dir='ltr'><strong>Fab.</strong></span> 
     </span>
    </p>
   </div>
   <div class='ocr_carea' id='block_1_46' title="bbox 77 2108 870 2144">
    <p class='ocr_par' dir='ltr' id='par_1_46' title="bbox 77 2108 870 2144">
     <span class='ocr_line' id='line_1_46' title="bbox 77 2108 870 2144; baseline 0 -8"><span class='ocrx_word' id='word_1_364' title='bbox 77 2110 146 2137; x_wconf 83' lang='lat' dir='ltr'><strong>ha-r.</strong></span> <span class='ocrx_word' id='word_1_365' title='bbox 160 2130 168 2143; x_wconf 87' lang='lat'><strong>,</strong></span> <span class='ocrx_word' id='word_1_366' title='bbox 183 2117 242 2144; x_wconf 88' lang='lat' dir='ltr'><strong>cap.</strong></span> <span class='ocrx_word' id='word_1_367' title='bbox 260 2109 306 2137; x_wconf 72' lang='grc'><strong>25,</strong></span> <span class='ocrx_word' id='word_1_368' title='bbox 323 2110 451 2144; x_wconf 86' lang='lat' dir='ltr'><strong>Apellitas</strong></span> <span class='ocrx_word' id='word_1_369' title='bbox 477 2115 568 2138; x_wconf 90' lang='lat' dir='ltr'><strong>autem</strong></span> <span class='ocrx_word' id='word_1_370' title='bbox 585 2116 690 2137; x_wconf 88' lang='lat' dir='ltr'><strong>veneno</strong></span> <span class='ocrx_word' id='word_1_371' title='bbox 705 2117 755 2136; x_wconf 89' lang='lat' dir='ltr'><strong>suo</strong></span> <span class='ocrx_word' id='word_1_372' title='bbox 773 2108 870 2137; x_wconf 89' lang='lat' dir='ltr'><strong>Orien-</strong></span> 
     </span>
    </p>
   </div>
   <div class='ocr_carea' id='block_1_47' title="bbox 79 2156 868 2193">
    <p class='ocr_par' dir='ltr' id='par_1_47' title="bbox 79 2156 868 2193">
     <span class='ocr_line' id='line_1_47' title="bbox 79 2156 868 2193; baseline 0.001 -10"><span class='ocrx_word' id='word_1_373' title='bbox 79 2162 134 2183; x_wconf 86' lang='lat' dir='ltr'><strong>tem</strong></span> <span class='ocrx_word' id='word_1_374' title='bbox 153 2156 302 2184; x_wconf 87' lang='lat' dir='ltr'><strong>inlicientes</strong></span> <span class='ocrx_word' id='word_1_375' title='bbox 315 2158 436 2184; x_wconf 88' lang='lat' dir='ltr'><strong>coercuit</strong></span> <span class='ocrx_word' id='word_1_376' title='bbox 455 2157 602 2193; x_wconf 72' lang='lat' dir='ltr'><strong>Origenes,</strong></span> <span class='ocrx_word' id='word_1_377' title='bbox 620 2157 658 2184; x_wconf 86' lang='lat' dir='ltr'><strong>uti</strong></span> <span class='ocrx_word' id='word_1_378' title='bbox 682 2156 710 2184; x_wconf 88' lang='lat' dir='ltr'><strong>itt</strong></span> <span class='ocrx_word' id='word_1_379' title='bbox 734 2156 792 2191; x_wconf 84' lang='lat' dir='ltr'><strong>ejus</strong></span> <span class='ocrx_word' id='word_1_380' title='bbox 814 2157 868 2184; x_wconf 89' lang='lat' dir='ltr'><strong>vita</strong></span> 
     </span>
    </p>
   </div>
   <div class='ocr_carea' id='block_1_48' title="bbox 77 2202 906 2246">
    <p class='ocr_par' dir='ltr' id='par_1_48' title="bbox 77 2202 906 2246">
     <span class='ocr_line' id='line_1_48' title="bbox 77 2202 906 2246; baseline -0.001 -16"><span class='ocrx_word' id='word_1_381' title='bbox 77 2202 278 2231; x_wconf 80' lang='lat' dir='ltr'><strong>declaravimus</strong></span> <span class='ocrx_word' id='word_1_382' title='bbox 291 2223 299 2234; x_wconf 88' lang='lat'><strong>.</strong></span> <span class='ocrx_word' id='word_1_383' title='bbox 319 2205 418 2232; x_wconf 85' lang='lat' dir='ltr'><strong>nedum</strong></span> <span class='ocrx_word' id='word_1_384' title='bbox 448 2205 476 2232; x_wconf 92' lang='lat' dir='ltr'><strong>in</strong></span> <span class='ocrx_word' id='word_1_385' title='bbox 496 2211 590 2231; x_wconf 89' lang='lat' dir='ltr'><strong>eorum</strong></span> <span class='ocrx_word' id='word_1_386' title='bbox 616 2203 772 2231; x_wconf 87' lang='lat' dir='ltr'><strong>vecordiam</strong></span> <span class='ocrx_word' id='word_1_387' title='bbox 802 2210 867 2230; x_wconf 88' lang='lat' dir='ltr'><strong>con-</strong></span> <span class='ocrx_word' id='word_1_388' title='bbox 886 2219 906 2246; x_wconf 73' lang='grc' dir='ltr'>ι)</span> 
     </span>
    </p>
   </div>
   <div class='ocr_carea' id='block_1_49' title="bbox 77 2249 176 2276">
    <p class='ocr_par' dir='ltr' id='par_1_49' title="bbox 77 2249 176 2276">
     <span class='ocr_line' id='line_1_49' title="bbox 77 2249 176 2276; baseline 0 0"><span class='ocrx_word' id='word_1_389' title='bbox 77 2249 176 2276; x_wconf 80' lang='lat' dir='ltr'><strong>sensit.</strong></span> 
     </span>
    </p>
   </div>
   <div class='ocr_carea' id='block_1_50' title="bbox 113 2295 868 2332">
    <p class='ocr_par' dir='ltr' id='par_1_50' title="bbox 113 2295 868 2332">
     <span class='ocr_line' id='line_1_50' title="bbox 113 2295 868 2332; baseline 0.001 -10"><span class='ocrx_word' id='word_1_390' title='bbox 113 2295 161 2323; x_wconf 78' lang='lat' dir='ltr'><strong>XI.</strong></span> <span class='ocrx_word' id='word_1_391' title='bbox 176 2295 286 2331; x_wconf 80' lang='lat' dir='ltr'><strong>Origeni</strong></span> <span class='ocrx_word' id='word_1_392' title='bbox 303 2304 410 2332; x_wconf 89' lang='lat' dir='ltr'><strong>quoque</strong></span> <span class='ocrx_word' id='word_1_393' title='bbox 425 2297 561 2332; x_wconf 73' lang='lat' dir='ltr'><strong>obiectum</strong></span> <span class='ocrx_word' id='word_1_394' title='bbox 578 2301 637 2329; x_wconf 86' lang='lat' dir='ltr'><strong>est,</strong></span> <span class='ocrx_word' id='word_1_395' title='bbox 655 2296 739 2324; x_wconf 80' lang='lat' dir='ltr'><strong>fuisse</strong></span> <span class='ocrx_word' id='word_1_396' title='bbox 755 2303 868 2330; x_wconf 85' lang='lat' dir='ltr'><strong>persua-</strong></span> 
     </span>
    </p>
   </div>
   <div class='ocr_carea' id='block_1_51' title="bbox 77 2342 870 2378">
    <p class='ocr_par' dir='ltr' id='par_1_51' title="bbox 77 2342 870 2378">
     <span class='ocr_line' id='line_1_51' title="bbox 77 2342 870 2378; baseline 0.001 -10"><span class='ocrx_word' id='word_1_397' title='bbox 77 2349 139 2369; x_wconf 89' lang='lat' dir='ltr'><strong>sum</strong></span> <span class='ocrx_word' id='word_1_398' title='bbox 153 2342 192 2369; x_wconf 89' lang='lat' dir='ltr'><strong>illi</strong></span> <span class='ocrx_word' id='word_1_399' title='bbox 210 2344 371 2370; x_wconf 86' lang='lat' dir='ltr'><strong>ementitum</strong></span> <span class='ocrx_word' id='word_1_400' title='bbox 388 2351 487 2378; x_wconf 88' lang='lat' dir='ltr'><strong>corpus</strong></span> <span class='ocrx_word' id='word_1_401' title='bbox 504 2348 532 2370; x_wconf 84' lang='lat' dir='ltr'><strong>et</strong></span> <span class='ocrx_word' id='word_1_402' title='bbox 545 2343 636 2378; x_wconf 86' lang='lat' dir='ltr'><strong>specie</strong></span> <span class='ocrx_word' id='word_1_403' title='bbox 648 2347 725 2370; x_wconf 88' lang='lat' dir='ltr'><strong>tenus</strong></span> <span class='ocrx_word' id='word_1_404' title='bbox 736 2349 870 2377; x_wconf 82' lang='lat' dir='ltr'><strong>apparens</strong></span> 
     </span>
    </p>
   </div>
   <div class='ocr_carea' id='block_1_52' title="bbox 78 2389 869 2425">
    <p class='ocr_par' dir='ltr' id='par_1_52' title="bbox 78 2389 869 2425">
     <span class='ocr_line' id='line_1_52' title="bbox 78 2389 869 2425; baseline 0 -9"><span class='ocrx_word' id='word_1_405' title='bbox 78 2394 202 2424; x_wconf 74' lang='lat' dir='ltr'><strong>gestasse</strong></span> <span class='ocrx_word' id='word_1_406' title='bbox 213 2389 364 2423; x_wconf 87' lang='lat' dir='ltr'><strong>Christum,</strong></span> <span class='ocrx_word' id='word_1_407' title='bbox 380 2398 432 2417; x_wconf 90' lang='lat' dir='ltr'><strong>non</strong></span> <span class='ocrx_word' id='word_1_408' title='bbox 445 2398 538 2418; x_wconf 89' lang='lat' dir='ltr'><strong>verum</strong></span> <span class='ocrx_word' id='word_1_409' title='bbox 553 2395 600 2423; x_wconf 90' lang='lat' dir='ltr'><strong>;et</strong></span> <span class='ocrx_word' id='word_1_410' title='bbox 613 2389 688 2417; x_wconf 78' lang='lat' dir='ltr'><strong>falsis</strong></span> <span class='ocrx_word' id='word_1_411' title='bbox 705 2390 869 2425; x_wconf 75' lang='lat' dir='ltr'><strong>imaginibus</strong></span> 
     </span>
    </p>
   </div>
   <div class='ocr_carea' id='block_1_53' title="bbox 78 2434 867 2468">
    <p class='ocr_par' dir='ltr' id='par_1_53' title="bbox 78 2434 867 2468">
     <span class='ocr_line' id='line_1_53' title="bbox 78 2434 867 2468; baseline 0.003 -7"><span class='ocrx_word' id='word_1_412' title='bbox 78 2434 239 2462; x_wconf 89' lang='lat' dir='ltr'><strong>illudentem</strong></span> <span class='ocrx_word' id='word_1_413' title='bbox 255 2435 352 2468; x_wconf 86' lang='lat' dir='ltr'><strong>oculis,</strong></span> <span class='ocrx_word' id='word_1_414' title='bbox 366 2435 492 2463; x_wconf 84' lang='lat' dir='ltr'><strong>inanibus</strong></span> <span class='ocrx_word' id='word_1_415' title='bbox 510 2435 713 2467; x_wconf 88' lang='lat' dir='ltr'><strong>miraculorum,</strong></span> <span class='ocrx_word' id='word_1_416' title='bbox 729 2436 867 2467; x_wconf 90' lang='lat' dir='ltr'><strong>laborum,</strong></span> 
     </span>
    </p>
   </div>
   <div class='ocr_carea' id='block_1_54' title="bbox 79 2481 868 2515">
    <p class='ocr_par' dir='ltr' id='par_1_54' title="bbox 79 2481 868 2515">
     <span class='ocr_line' id='line_1_54' title="bbox 79 2481 868 2515; baseline -0.001 -8"><span class='ocrx_word' id='word_1_417' title='bbox 79 2485 334 2515; x_wconf 85' lang='lat' dir='ltr'><strong>tormentorumque</strong></span> <span class='ocrx_word' id='word_1_418' title='bbox 341 2481 445 2508; x_wconf 92' lang='lat' dir='ltr'><strong>umbris</strong></span> <span class='ocrx_word' id='word_1_419' title='bbox 451 2482 574 2508; x_wconf 89' lang='lat' dir='ltr'><strong>credulos</strong></span> <span class='ocrx_word' id='word_1_420' title='bbox 587 2481 710 2509; x_wconf 89' lang='lat' dir='ltr'><strong>homines</strong></span> <span class='ocrx_word' id='word_1_421' title='bbox 722 2481 868 2508; x_wconf 87' lang='lat' dir='ltr'><strong>inescasse.</strong></span> 
     </span>
    </p>
   </div>
   <div class='ocr_carea' id='block_1_55' title="bbox 78 2526 870 2562">
    <p class='ocr_par' dir='ltr' id='par_1_55' title="bbox 78 2526 870 2562">
     <span class='ocr_line' id='line_1_55' title="bbox 78 2526 870 2562; baseline 0 -8"><span class='ocrx_word' id='word_1_422' title='bbox 78 2527 223 2561; x_wconf 72' lang='lat' dir='ltr'><strong>Proprium</strong></span> <span class='ocrx_word' id='word_1_423' title='bbox 242 2527 268 2554; x_wconf 91' lang='lat' dir='ltr'><strong>id</strong></span> <span class='ocrx_word' id='word_1_424' title='bbox 284 2526 336 2554; x_wconf 81' lang='lat' dir='ltr'><strong>fuit</strong></span> <span class='ocrx_word' id='word_1_425' title='bbox 357 2528 547 2555; x_wconf 65' lang='lat' dir='ltr'><strong>haereticorum</strong></span> <span class='ocrx_word' id='word_1_426' title='bbox 568 2527 674 2555; x_wconf 90' lang='lat' dir='ltr'><strong>illorutn</strong></span> <span class='ocrx_word' id='word_1_427' title='bbox 692 2527 806 2562; x_wconf 86' lang='lat' dir='ltr'><strong>dogma,</strong></span> <span class='ocrx_word' id='word_1_428' title='bbox 824 2527 870 2562; x_wconf 91' lang='lat' dir='ltr'><strong>qui</strong></span> 
     </span>
    </p>
   </div>
   <div class='ocr_carea' id='block_1_56' title="bbox 78 2574 871 2609">
    <p class='ocr_par' dir='ltr' id='par_1_56' title="bbox 78 2574 871 2609">
     <span class='ocr_line' id='line_1_56' title="bbox 78 2574 871 2609; baseline -0.001 -8"><span class='ocrx_word' id='word_1_429' title='bbox 78 2581 113 2601; x_wconf 81' lang='lat' dir='ltr'><strong>ex</strong></span> <span class='ocrx_word' id='word_1_430' title='bbox 130 2581 164 2601; x_wconf 87' lang='lat' dir='ltr'><strong>eo</strong></span> <span class='ocrx_word' id='word_1_431' title='bbox 178 2574 376 2608; x_wconf 77' lang='grc' dir='ltr'><strong>φαντασιασταὶ</strong></span> <span class='ocrx_word' id='word_1_432' title='bbox 391 2579 418 2601; x_wconf 90' lang='lat' dir='ltr'><strong>ct</strong></span> <span class='ocrx_word' id='word_1_433' title='bbox 429 2574 543 2609; x_wconf 71' lang='grc' dir='ltr'><strong>δοκηταὶ</strong></span> <span class='ocrx_word' id='word_1_434' title='bbox 556 2574 608 2602; x_wconf 91' lang='lat' dir='ltr'><strong>dici</strong></span> <span class='ocrx_word' id='word_1_435' title='bbox 621 2578 794 2601; x_wconf 85' lang='lat' dir='ltr'><strong>meruerunt:</strong></span> <span class='ocrx_word' id='word_1_436' title='bbox 811 2579 871 2608; x_wconf 88' lang='lat' dir='ltr'><strong>post</strong></span> 
     </span>
    </p>
   </div>
   <div class='ocr_carea' id='block_1_57' title="bbox 77 2619 871 2655">
    <p class='ocr_par' dir='ltr' id='par_1_57' title="bbox 77 2619 871 2655">
     <span class='ocr_line' id='line_1_57' title="bbox 77 2619 871 2655; baseline 0.003 -11"><span class='ocrx_word' id='word_1_437' title='bbox 77 2626 196 2653; x_wconf 91' lang='lat' dir='ltr'><strong>quorum</strong></span> <span class='ocrx_word' id='word_1_438' title='bbox 222 2619 383 2653; x_wconf 79' lang='lat' dir='ltr'><strong>signiferum</strong></span> <span class='ocrx_word' id='word_1_439' title='bbox 401 2619 541 2647; x_wconf 79' lang='lat' dir='ltr'><strong>Simonem</strong></span> <span class='ocrx_word' id='word_1_440' title='bbox 571 2619 678 2655; x_wconf 78' lang='lat' dir='ltr'><strong>Magum</strong></span> <span class='ocrx_word' id='word_1_441' title='bbox 704 2620 784 2655; x_wconf 87' lang='lat' dir='ltr'><strong>primi</strong></span> <span class='ocrx_word' id='word_1_442' title='bbox 808 2627 871 2654; x_wconf 90' lang='lat' dir='ltr'><strong>pro-</strong></span> 
     </span>
    </p>
   </div>
   <div class='ocr_carea' id='block_1_58' title="bbox 78 2663 874 2698">
    <p class='ocr_par' dir='ltr' id='par_1_58' title="bbox 78 2663 874 2698">
     <span class='ocr_line' id='line_1_58' title="bbox 78 2663 874 2698; baseline -0.001 -8"><span class='ocrx_word' id='word_1_443' title='bbox 78 2668 236 2698; x_wconf 81' lang='lat' dir='ltr'><strong>pugnarth</strong></span> <span class='ocrx_word' id='word_1_444' title='bbox 251 2663 316 2690; x_wconf 93' lang='lat' dir='ltr'><strong>illud</strong></span> <span class='ocrx_word' id='word_1_445' title='bbox 332 2663 482 2696; x_wconf 81' lang='lat' dir='ltr'><strong>Basilides,</strong></span> <span class='ocrx_word' id='word_1_446' title='bbox 498 2664 671 2696; x_wconf 75' lang='lat' dir='ltr'><strong>Valentinus,</strong></span> <span class='ocrx_word' id='word_1_447' title='bbox 686 2663 785 2695; x_wconf 86' lang='lat' dir='ltr'><strong>Cerdo,</strong></span> <span class='ocrx_word' id='word_1_448' title='bbox 801 2663 874 2694; x_wconf 79' lang='lat' dir='ltr'><strong>Mar-_</strong></span> 
     </span>
    </p>
   </div>
   <div class='ocr_carea' id='block_1_59' title="bbox 77 2708 872 2744">
    <p class='ocr_par' dir='ltr' id='par_1_59' title="bbox 77 2708 872 2744">
     <span class='ocr_line' id='line_1_59' title="bbox 77 2708 872 2744; baseline 0.001 -8"><span class='ocrx_word' id='word_1_449' title='bbox 77 2710 121 2736; x_wconf 88' lang='lat' dir='ltr'><strong>cio</strong></span> <span class='ocrx_word' id='word_1_450' title='bbox 145 2714 174 2736; x_wconf 91' lang='lat' dir='ltr'><strong>et</strong></span> <span class='ocrx_word' id='word_1_451' title='bbox 203 2708 379 2738; x_wconf 76' lang='lat' dir='ltr'><strong>Manichteus.</strong></span> <span class='ocrx_word' id='word_1_452' title='bbox 400 2708 472 2737; x_wconf 84' lang='lat' dir='ltr'><strong>Inter</strong></span> <span class='ocrx_word' id='word_1_453' title='bbox 491 2717 559 2744; x_wconf 92' lang='lat' dir='ltr'><strong>quos</strong></span> <span class='ocrx_word' id='word_1_454' title='bbox 577 2708 736 2738; x_wconf 84' lang='lat' dir='ltr'><strong>Valentinus</strong></span> <span class='ocrx_word' id='word_1_455' title='bbox 750 2708 872 2744; x_wconf 83' lang='lat' dir='ltr'><strong>spiritale</strong></span> 
     </span>
    </p>
   </div>
   <div class='ocr_carea' id='block_1_60' title="bbox 78 2755 870 2791">
    <p class='ocr_par' dir='ltr' id='par_1_60' title="bbox 78 2755 870 2791">
     <span class='ocr_line' id='line_1_60' title="bbox 78 2755 870 2791; baseline 0 -8"><span class='ocrx_word' id='word_1_456' title='bbox 78 2756 216 2791; x_wconf 85' lang='lat' dir='ltr'><strong>quoddam</strong></span> <span class='ocrx_word' id='word_1_457' title='bbox 235 2763 336 2791; x_wconf 76' lang='lat' dir='ltr'><strong>corpus</strong></span> <span class='ocrx_word' id='word_1_458' title='bbox 358 2763 375 2783; x_wconf 85' lang='lat' dir='ltr'><strong>e</strong></span> <span class='ocrx_word' id='word_1_459' title='bbox 398 2756 468 2784; x_wconf 77' lang='lat' dir='ltr'><strong>ctelo</strong></span> <span class='ocrx_word' id='word_1_460' title='bbox 490 2756 627 2783; x_wconf 81' lang='lat' dir='ltr'><strong>Christum</strong></span> <span class='ocrx_word' id='word_1_461' title='bbox 650 2755 780 2784; x_wconf 78' lang='lat' dir='ltr'><strong>detulisse</strong></span> <span class='ocrx_word' id='word_1_462' title='bbox 796 2755 870 2783; x_wconf 39' lang='lat' dir='ltr'><strong>voles</strong></span> 
     </span>
    </p>
   </div>
   <div class='ocr_carea' id='block_1_61' title="bbox 132 2845 675 2878">
    <p class='ocr_par' dir='ltr' id='par_1_61' title="bbox 132 2845 675 2878">
     <span class='ocr_line' id='line_1_61' title="bbox 132 2845 675 2878; baseline 0 -5"><span class='ocrx_word' id='word_1_463' title='bbox 132 2847 155 2863; x_wconf 91' lang='lat'><strong>&#39;&quot;</strong></span> <span class='ocrx_word' id='word_1_464' title='bbox 184 2846 193 2873; x_wconf 95' lang='lat' dir='ltr'><strong>I</strong></span> <span class='ocrx_word' id='word_1_465' title='bbox 219 2846 282 2874; x_wconf 86' lang='lat' dir='ltr'><strong>Cor.</strong></span> <span class='ocrx_word' id='word_1_466' title='bbox 301 2854 335 2873; x_wconf 83' lang='lat' dir='ltr'><strong>xv</strong></span> <span class='ocrx_word' id='word_1_467' title='bbox 349 2866 355 2876; x_wconf 84' lang='grc'><em>,</em></span> <span class='ocrx_word' id='word_1_468' title='bbox 371 2845 416 2872; x_wconf 72' lang='grc'><strong>47.</strong></span> <span class='ocrx_word' id='word_1_469' title='bbox 456 2846 478 2861; x_wconf 86' lang='grc'><strong>⁷¹</strong></span> <span class='ocrx_word' id='word_1_470' title='bbox 493 2845 579 2872; x_wconf 80' lang='lat' dir='ltr'><strong>Zach.</strong></span> <span class='ocrx_word' id='word_1_471' title='bbox 594 2853 635 2878; x_wconf 81' lang='lat' dir='ltr'><strong>Ill,</strong></span> <span class='ocrx_word' id='word_1_472' title='bbox 648 2845 675 2873; x_wconf 78' lang='lat'><strong>5.</strong></span> 
     </span>
    </p>
   </div>
   <div class='ocr_carea' id='block_1_62' title="bbox 285 2893 616 2926">
    <p class='ocr_par' dir='ltr' id='par_1_62' title="bbox 285 2893 616 2926">
     <span class='ocr_line' id='line_1_62' title="bbox 285 2893 616 2926; baseline -0.003 -2"><span class='ocrx_word' id='word_1_473' title='bbox 285 2894 421 2926; x_wconf 70' lang='grc' dir='ltr'><strong>Ρηιιοι..</strong></span> <span class='ocrx_word' id='word_1_474' title='bbox 439 2894 497 2924; x_wconf 85' lang='lat' dir='ltr'><strong>Gn.</strong></span> <span class='ocrx_word' id='word_1_475' title='bbox 515 2893 616 2924; x_wconf 76' lang='lat' dir='ltr'><strong>XVII.</strong></span> 
     </span>
    </p>
   </div>
   <div class='ocr_carea' id='block_1_63' title="bbox 918 220 1709 257">
    <p class='ocr_par' dir='ltr' id='par_1_63' title="bbox 918 220 1709 257">
     <span class='ocr_line' id='line_1_63' title="bbox 918 220 1709 257; baseline 0 -7"><span class='ocrx_word' id='word_1_476' title='bbox 918 223 983 250; x_wconf 89' lang='lat' dir='ltr'><strong>nihil</strong></span> <span class='ocrx_word' id='word_1_477' title='bbox 1001 223 1062 250; x_wconf 90' lang='lat' dir='ltr'><strong>inde</strong></span> <span class='ocrx_word' id='word_1_478' title='bbox 1078 227 1238 248; x_wconf 88' lang='lat' dir='ltr'><strong>sumentem.</strong></span> <span class='ocrx_word' id='word_1_479' title='bbox 1264 221 1342 248; x_wconf 86' lang='lat' dir='ltr'><strong>Falsa</strong></span> <span class='ocrx_word' id='word_1_480' title='bbox 1359 229 1423 255; x_wconf 85' lang='lat' dir='ltr'><strong>eos,</strong></span> <span class='ocrx_word' id='word_1_481' title='bbox 1447 223 1470 249; x_wconf 87' lang='lat' dir='ltr'><strong>si</strong></span> <span class='ocrx_word' id='word_1_482' title='bbox 1492 223 1555 257; x_wconf 85' lang='lat' dir='ltr'><strong>quid</strong></span> <span class='ocrx_word' id='word_1_483' title='bbox 1580 220 1709 256; x_wconf 77' lang='lat' dir='ltr'><strong>coniicio,</strong></span> 
     </span>
    </p>
   </div>
   <div class='ocr_carea' id='block_1_64' title="bbox 918 267 1708 303">
    <p class='ocr_par' dir='ltr' id='par_1_64' title="bbox 918 267 1708 303">
     <span class='ocr_line' id='line_1_64' title="bbox 918 267 1708 303; baseline 0.001 -8"><span class='ocrx_word' id='word_1_484' title='bbox 918 267 970 296; x_wconf 84' lang='lat' dir='ltr'><strong>luci</strong></span> <span class='ocrx_word' id='word_1_485' title='bbox 987 268 1067 303; x_wconf 86' lang='lat' dir='ltr'><strong>hujus</strong></span> <span class='ocrx_word' id='word_1_486' title='bbox 1083 267 1275 302; x_wconf 84' lang='lat' dir='ltr'><strong>interpretatio</strong></span> <span class='ocrx_word' id='word_1_487' title='bbox 1289 267 1407 294; x_wconf 86' lang='lat' dir='ltr'><strong>delusit:</strong></span> <span class='ocrx_word' id='word_1_488' title='bbox 1429 277 1438 293; x_wconf 82' lang='grc' dir='ltr'><strong>ι</strong></span> <span class='ocrx_word' id='word_1_489' title='bbox 1457 268 1564 295; x_wconf 87' lang='lat' dir='ltr'><strong>Primus</strong></span> <span class='ocrx_word' id='word_1_490' title='bbox 1579 268 1661 296; x_wconf 88' lang='lat' dir='ltr'><strong>homo</strong></span> <span class='ocrx_word' id='word_1_491' title='bbox 1675 269 1708 296; x_wconf 88' lang='lat' dir='ltr'><strong>de</strong></span> 
     </span>
    </p>
   </div>
   <div class='ocr_carea' id='block_1_65' title="bbox 918 313 1709 347">
    <p class='ocr_par' dir='ltr' id='par_1_65' title="bbox 918 313 1709 347">
     <span class='ocr_line' id='line_1_65' title="bbox 918 313 1709 347; baseline 0.001 -6"><span class='ocrx_word' id='word_1_492' title='bbox 918 320 1002 346; x_wconf 85' lang='lat' dir='ltr'><strong>terra,</strong></span> <span class='ocrx_word' id='word_1_493' title='bbox 1019 319 1164 347; x_wconf 86' lang='lat' dir='ltr'><strong>terrenus;</strong></span> <span class='ocrx_word' id='word_1_494' title='bbox 1188 313 1323 341; x_wconf 87' lang='lat' dir='ltr'><strong>secundus</strong></span> <span class='ocrx_word' id='word_1_495' title='bbox 1349 313 1431 341; x_wconf 90' lang='lat' dir='ltr'><strong>homo</strong></span> <span class='ocrx_word' id='word_1_496' title='bbox 1451 315 1485 341; x_wconf 90' lang='lat' dir='ltr'><strong>de</strong></span> <span class='ocrx_word' id='word_1_497' title='bbox 1512 314 1599 346; x_wconf 61' lang='lat' dir='ltr'><strong>caelo,</strong></span> <span class='ocrx_word' id='word_1_498' title='bbox 1625 315 1709 342; x_wconf 72' lang='lat' dir='ltr'><strong>cmic-</strong></span> 
     </span>
    </p>
   </div>
   <div class='ocr_carea' id='block_1_66' title="bbox 918 359 1710 401">
    <p class='ocr_par' dir='ltr' id='par_1_66' title="bbox 918 359 1710 401">
     <span class='ocr_line' id='line_1_66' title="bbox 918 359 1710 401; baseline 0.001 -15"><span class='ocrx_word' id='word_1_499' title='bbox 918 360 968 387; x_wconf 86' lang='lat' dir='ltr'><strong>stis</strong></span> <span class='ocrx_word' id='word_1_500' title='bbox 977 360 1014 387; x_wconf 85' lang='lat'><strong>&quot;.</strong></span> <span class='ocrx_word' id='word_1_501' title='bbox 1032 369 1041 385; x_wconf 76' lang='grc' dir='ltr'><strong>ι</strong></span> <span class='ocrx_word' id='word_1_502' title='bbox 1059 359 1166 394; x_wconf 78' lang='lat' dir='ltr'><strong>Apelles</strong></span> <span class='ocrx_word' id='word_1_503' title='bbox 1181 363 1270 386; x_wconf 86' lang='lat' dir='ltr'><strong>autem</strong></span> <span class='ocrx_word' id='word_1_504' title='bbox 1290 369 1300 385; x_wconf 82' lang='grc'><strong><em>‹</em></strong></span> <span class='ocrx_word' id='word_1_505' title='bbox 1318 359 1456 387; x_wconf 88' lang='lat' dir='ltr'><strong>Christum</strong></span> <span class='ocrx_word' id='word_1_506' title='bbox 1475 369 1562 395; x_wconf 88' lang='lat' dir='ltr'><strong>neque</strong></span> <span class='ocrx_word' id='word_1_507' title='bbox 1578 360 1710 401; x_wconf 62' lang='lat' dir='ltr'><strong>inrpltan—</strong></span> 
     </span>
    </p>
   </div>
   <div class='ocr_carea' id='block_1_67' title="bbox 919 401 1709 441">
    <p class='ocr_par' dir='ltr' id='par_1_67' title="bbox 919 401 1709 441">
     <span class='ocr_line' id='line_1_67' title="bbox 919 401 1709 441; baseline 0.005 -10"><span class='ocrx_word' id='word_1_508' title='bbox 919 410 1035 433; x_wconf 87' lang='lat' dir='ltr'><strong>tasmate</strong></span> <span class='ocrx_word' id='word_1_509' title='bbox 1047 405 1113 433; x_wconf 87' lang='lat' dir='ltr'><strong>dicit</strong></span> <span class='ocrx_word' id='word_1_510' title='bbox 1125 405 1209 433; x_wconf 82' lang='lat' dir='ltr'><strong>fuisse</strong></span> <span class='ocrx_word' id='word_1_511' title='bbox 1229 405 1300 433; x_wconf 90' lang='lat' dir='ltr'><strong>sicut</strong></span> <span class='ocrx_word' id='word_1_512' title='bbox 1324 405 1464 439; x_wconf 84' lang='lat' dir='ltr'><strong>Marcion,</strong></span> <span class='ocrx_word' id='word_1_513' title='bbox 1484 414 1572 441; x_wconf 88' lang='lat' dir='ltr'><strong>neque</strong></span> <span class='ocrx_word' id='word_1_514' title='bbox 1597 407 1624 434; x_wconf 93' lang='lat' dir='ltr'><strong>in</strong></span> <span class='ocrx_word' id='word_1_515' title='bbox 1645 401 1709 435; x_wconf 61' lang='lat' dir='ltr'><strong>sub:</strong></span> 
     </span>
    </p>
   </div>
   <div class='ocr_carea' id='block_1_68' title="bbox 917 451 1708 486">
    <p class='ocr_par' dir='ltr' id='par_1_68' title="bbox 917 451 1708 486">
     <span class='ocr_line' id='line_1_68' title="bbox 917 451 1708 486; baseline 0.003 -8"><span class='ocrx_word' id='word_1_516' title='bbox 917 452 1015 478; x_wconf 84' lang='lat' dir='ltr'><strong>stantia</strong></span> <span class='ocrx_word' id='word_1_517' title='bbox 1033 452 1088 478; x_wconf 89' lang='lat' dir='ltr'><strong>veri</strong></span> <span class='ocrx_word' id='word_1_518' title='bbox 1105 451 1228 486; x_wconf 87' lang='lat' dir='ltr'><strong>corporis</strong></span> <span class='ocrx_word' id='word_1_519' title='bbox 1241 471 1248 482; x_wconf 88' lang='lat'><strong>,</strong></span> <span class='ocrx_word' id='word_1_520' title='bbox 1266 456 1295 478; x_wconf 92' lang='lat' dir='ltr'><strong>ut</strong></span> <span class='ocrx_word' id='word_1_521' title='bbox 1312 451 1487 485; x_wconf 74' lang='lat' dir='ltr'><strong>Evangelium</strong></span> <span class='ocrx_word' id='word_1_522' title='bbox 1502 453 1599 480; x_wconf 86' lang='lat' dir='ltr'><strong>docet:</strong></span> <span class='ocrx_word' id='word_1_523' title='bbox 1615 454 1663 480; x_wconf 87' lang='lat' dir='ltr'><strong>sed</strong></span> <span class='ocrx_word' id='word_1_524' title='bbox 1682 454 1708 480; x_wconf 91' lang='lat' dir='ltr'><strong>in</strong></span> 
     </span>
    </p>
   </div>
   <div class='ocr_carea' id='block_1_69' title="bbox 910 498 1709 541">
    <p class='ocr_par' dir='ltr' id='par_1_69' title="bbox 910 498 1709 541">
     <span class='ocr_line' id='line_1_69' title="bbox 910 498 1709 541; baseline 0.003 -16"><span class='ocrx_word' id='word_1_525' title='bbox 910 505 951 541; x_wconf 31' lang='lat' dir='ltr'><strong>vco</strong></span> <span class='ocrx_word' id='word_1_526' title='bbox 966 499 1039 533; x_wconf 87' lang='lat' dir='ltr'><strong>quod</strong></span> <span class='ocrx_word' id='word_1_527' title='bbox 1054 505 1069 525; x_wconf 87' lang='lat' dir='ltr'><strong>e</strong></span> <span class='ocrx_word' id='word_1_528' title='bbox 1085 498 1272 533; x_wconf 84' lang='lat' dir='ltr'><strong>superioribus</strong></span> <span class='ocrx_word' id='word_1_529' title='bbox 1293 499 1416 533; x_wconf 85' lang='lat' dir='ltr'><strong>partibus</strong></span> <span class='ocrx_word' id='word_1_530' title='bbox 1438 499 1632 532; x_wconf 85' lang='lat' dir='ltr'><strong>descenderet.</strong></span> <span class='ocrx_word' id='word_1_531' title='bbox 1650 500 1709 535; x_wconf 88' lang='lat' dir='ltr'><strong>ipso</strong></span> 
     </span>
    </p>
   </div>
   <div class='ocr_carea' id='block_1_70' title="bbox 918 544 1708 573">
    <p class='ocr_par' dir='ltr' id='par_1_70' title="bbox 918 544 1708 573">
     <span class='ocr_line' id='line_1_70' title="bbox 918 544 1708 573; baseline 0.003 -2"><span class='ocrx_word' id='word_1_532' title='bbox 918 544 1050 572; x_wconf 86' lang='lat' dir='ltr'><strong>descensu</strong></span> <span class='ocrx_word' id='word_1_533' title='bbox 1079 545 1213 572; x_wconf 86' lang='lat' dir='ltr'><strong>sideream</strong></span> <span class='ocrx_word' id='word_1_534' title='bbox 1246 545 1297 572; x_wconf 88' lang='lat' dir='ltr'><strong>sibi</strong></span> <span class='ocrx_word' id='word_1_535' title='bbox 1319 552 1428 571; x_wconf 91' lang='lat' dir='ltr'><strong>carnem</strong></span> <span class='ocrx_word' id='word_1_536' title='bbox 1456 549 1484 572; x_wconf 87' lang='lat' dir='ltr'><strong>et</strong></span> <span class='ocrx_word' id='word_1_537' title='bbox 1508 552 1614 572; x_wconf 78' lang='lat' dir='ltr'><strong>aeream</strong></span> <span class='ocrx_word' id='word_1_538' title='bbox 1641 553 1708 573; x_wconf 90' lang='lat' dir='ltr'><strong>con-</strong></span> 
     </span>
    </p>
   </div>
   <div class='ocr_carea' id='block_1_71' title="bbox 919 590 1708 626">
    <p class='ocr_par' dir='ltr' id='par_1_71' title="bbox 919 590 1708 626">
     <span class='ocr_line' id='line_1_71' title="bbox 919 590 1708 626; baseline 0.001 -9"><span class='ocrx_word' id='word_1_539' title='bbox 919 591 1046 618; x_wconf 85' lang='lat' dir='ltr'><strong>texuisse.</strong></span> <span class='ocrx_word' id='word_1_540' title='bbox 1059 600 1068 616; x_wconf 85' lang='lat' dir='ltr'><strong>I</strong></span> <span class='ocrx_word' id='word_1_541' title='bbox 1082 590 1169 618; x_wconf 85' lang='lat' dir='ltr'><strong>Verba</strong></span> <span class='ocrx_word' id='word_1_542' title='bbox 1186 595 1248 618; x_wconf 89' lang='lat' dir='ltr'><strong>sunt</strong></span> <span class='ocrx_word' id='word_1_543' title='bbox 1262 590 1420 618; x_wconf 89' lang='lat' dir='ltr'><strong>Tertulliani</strong></span> <span class='ocrx_word' id='word_1_544' title='bbox 1438 590 1485 618; x_wconf 87' lang='lat' dir='ltr'><strong>lib.</strong></span> <span class='ocrx_word' id='word_1_545' title='bbox 1499 590 1536 618; x_wconf 81' lang='lat' dir='ltr'><strong>De</strong></span> <span class='ocrx_word' id='word_1_546' title='bbox 1547 593 1708 626; x_wconf 71' lang='lat' dir='ltr'><strong>prwacript.,</strong></span> 
     </span>
    </p>
   </div>
   <div class='ocr_carea' id='block_1_72' title="bbox 918 636 1707 671">
    <p class='ocr_par' dir='ltr' id='par_1_72' title="bbox 918 636 1707 671">
     <span class='ocr_line' id='line_1_72' title="bbox 918 636 1707 671; baseline 0.004 -9"><span class='ocrx_word' id='word_1_547' title='bbox 918 644 979 671; x_wconf 81' lang='lat' dir='ltr'><strong>cap.</strong></span> <span class='ocrx_word' id='word_1_548' title='bbox 996 636 1041 664; x_wconf 85' lang='grc'><strong>51.</strong></span> <span class='ocrx_word' id='word_1_549' title='bbox 1059 636 1131 664; x_wconf 91' lang='lat' dir='ltr'><strong>Idem</strong></span> <span class='ocrx_word' id='word_1_550' title='bbox 1145 644 1253 671; x_wconf 90' lang='lat' dir='ltr'><strong>quoque</strong></span> <span class='ocrx_word' id='word_1_551' title='bbox 1273 637 1306 663; x_wconf 89' lang='lat' dir='ltr'><strong>de</strong></span> <span class='ocrx_word' id='word_1_552' title='bbox 1324 637 1473 671; x_wconf 80' lang='lat' dir='ltr'><strong>Apollinari</strong></span> <span class='ocrx_word' id='word_1_553' title='bbox 1491 637 1604 664; x_wconf 87' lang='lat' dir='ltr'><strong>adnotat</strong></span> <span class='ocrx_word' id='word_1_554' title='bbox 1619 637 1707 665; x_wconf 85' lang='lat' dir='ltr'><strong>Theo—</strong></span> 
     </span>
    </p>
   </div>
   <div class='ocr_carea' id='block_1_73' title="bbox 919 681 1707 718">
    <p class='ocr_par' dir='ltr' id='par_1_73' title="bbox 919 681 1707 718">
     <span class='ocr_line' id='line_1_73' title="bbox 919 681 1707 718; baseline 0 -8"><span class='ocrx_word' id='word_1_555' title='bbox 919 683 1060 718; x_wconf 81' lang='lat' dir='ltr'><strong>phylactus</strong></span> <span class='ocrx_word' id='word_1_556' title='bbox 1073 683 1099 710; x_wconf 92' lang='lat' dir='ltr'><strong>in</strong></span> <span class='ocrx_word' id='word_1_557' title='bbox 1116 691 1148 710; x_wconf 89' lang='grc' dir='ltr'><strong>ιιι</strong></span> <span class='ocrx_word' id='word_1_558' title='bbox 1162 683 1242 710; x_wconf 79' lang='lat' dir='ltr'><strong>lacn.</strong></span> <span class='ocrx_word' id='word_1_559' title='bbox 1255 681 1331 710; x_wconf 88' lang='lat' dir='ltr'><strong>Unde</strong></span> <span class='ocrx_word' id='word_1_560' title='bbox 1342 690 1356 710; x_wconf 88' lang='lat' dir='ltr'><strong>a</strong></span> <span class='ocrx_word' id='word_1_561' title='bbox 1369 682 1510 710; x_wconf 84' lang='lat' dir='ltr'><strong>Valentino</strong></span> <span class='ocrx_word' id='word_1_562' title='bbox 1524 691 1576 710; x_wconf 91' lang='lat' dir='ltr'><strong>non</strong></span> <span class='ocrx_word' id='word_1_563' title='bbox 1594 684 1707 711; x_wconf 90' lang='lat' dir='ltr'><strong>multum</strong></span> 
     </span>
    </p>
   </div>
   <div class='ocr_carea' id='block_1_74' title="bbox 919 727 1710 763">
    <p class='ocr_par' dir='ltr' id='par_1_74' title="bbox 919 727 1710 763">
     <span class='ocr_line' id='line_1_74' title="bbox 919 727 1710 763; baseline 0.004 -9"><span class='ocrx_word' id='word_1_564' title='bbox 919 728 1052 755; x_wconf 85' lang='lat' dir='ltr'><strong>ahlusisse</strong></span> <span class='ocrx_word' id='word_1_565' title='bbox 1067 732 1215 763; x_wconf 90' lang='lat' dir='ltr'><strong>utrumque</strong></span> <span class='ocrx_word' id='word_1_566' title='bbox 1225 727 1333 763; x_wconf 88' lang='lat' dir='ltr'><strong>planum</strong></span> <span class='ocrx_word' id='word_1_567' title='bbox 1349 733 1401 756; x_wconf 87' lang='lat' dir='ltr'><strong>est.</strong></span> <span class='ocrx_word' id='word_1_568' title='bbox 1415 728 1482 756; x_wconf 86' lang='lat' dir='ltr'><strong>Tres</strong></span> <span class='ocrx_word' id='word_1_569' title='bbox 1495 729 1532 756; x_wconf 89' lang='lat' dir='ltr'><strong>illi</strong></span> <span class='ocrx_word' id='word_1_570' title='bbox 1550 734 1637 757; x_wconf 86' lang='lat' dir='ltr'><strong>tamen</strong></span> <span class='ocrx_word' id='word_1_571' title='bbox 1653 732 1710 763; x_wconf 80' lang='grc' dir='ltr'><strong>τοῖς</strong></span> 
     </span>
    </p>
   </div>
   <div class='ocr_carea' id='block_1_75' title="bbox 919 772 1708 808">
    <p class='ocr_par' dir='ltr' id='par_1_75' title="bbox 919 772 1708 808">
     <span class='ocr_line' id='line_1_75' title="bbox 919 772 1708 808; baseline 0.003 -9"><span class='ocrx_word' id='word_1_572' title='bbox 919 774 1132 807; x_wconf 79' lang='grc' dir='ltr'><strong>φαντασιασταῖς</strong></span> <span class='ocrx_word' id='word_1_573' title='bbox 1145 772 1285 800; x_wconf 86' lang='lat' dir='ltr'><strong>accenseri</strong></span> <span class='ocrx_word' id='word_1_574' title='bbox 1302 778 1432 808; x_wconf 88' lang='lat' dir='ltr'><strong>possunt,</strong></span> <span class='ocrx_word' id='word_1_575' title='bbox 1447 774 1488 800; x_wconf 85' lang='grc' dir='ltr'><strong>ὃτι</strong></span> <span class='ocrx_word' id='word_1_576' title='bbox 1505 774 1536 801; x_wconf 79' lang='grc' dir='ltr'><strong>τὸ</strong></span> <span class='ocrx_word' id='word_1_577' title='bbox 1557 774 1623 801; x_wconf 83' lang='grc' dir='ltr'><strong>αὐτό</strong></span> <span class='ocrx_word' id='word_1_578' title='bbox 1639 775 1708 807; x_wconf 77' lang='grc' dir='ltr'><strong>ἐστι,</strong></span> 
     </span>
    </p>
   </div>
   <div class='ocr_carea' id='block_1_76' title="bbox 920 818 1710 854">
    <p class='ocr_par' dir='ltr' id='par_1_76' title="bbox 920 818 1710 854">
     <span class='ocr_line' id='line_1_76' title="bbox 920 818 1710 854; baseline 0.003 -9"><span class='ocrx_word' id='word_1_579' title='bbox 920 818 1006 853; x_wconf 87' lang='lat' dir='ltr'><strong>inquit</strong></span> <span class='ocrx_word' id='word_1_580' title='bbox 1020 818 1153 851; x_wconf 78' lang='lat' dir='ltr'><strong>Irentetts,</strong></span> <span class='ocrx_word' id='word_1_581' title='bbox 1167 818 1276 854; x_wconf 81' lang='grc' dir='ltr'><strong>δοκήσει</strong></span> <span class='ocrx_word' id='word_1_582' title='bbox 1290 818 1378 853; x_wconf 76' lang='grc' dir='ltr'><strong>λέγειν</strong></span> <span class='ocrx_word' id='word_1_583' title='bbox 1391 819 1556 854; x_wconf 78' lang='grc' dir='ltr'><strong>πεφηνέναι,</strong></span> <span class='ocrx_word' id='word_1_584' title='bbox 1573 821 1619 847; x_wconf 81' lang='grc' dir='ltr'><strong>καὶ</strong></span> <span class='ocrx_word' id='word_1_585' title='bbox 1635 821 1710 848; x_wconf 80' lang='grc' dir='ltr'>οὐδὲν</span> 
     </span>
    </p>
   </div>
   <div class='ocr_carea' id='block_1_77' title="bbox 884 855 1711 902">
    <p class='ocr_par' dir='ltr' id='par_1_77' title="bbox 884 855 1711 902">
     <span class='ocr_line' id='line_1_77' title="bbox 884 855 1711 902; baseline 0.002 -10"><span class='ocrx_word' id='word_1_586' title='bbox 884 855 904 882; x_wconf 72' lang='grc' dir='ltr'><strong>Β</strong></span> <span class='ocrx_word' id='word_1_587' title='bbox 920 866 951 892; x_wconf 82' lang='grc' dir='ltr'><strong>ὲκ</strong></span> <span class='ocrx_word' id='word_1_588' title='bbox 963 865 1013 901; x_wconf 80' lang='grc' dir='ltr'><strong>τῆς</strong></span> <span class='ocrx_word' id='word_1_589' title='bbox 1022 864 1131 901; x_wconf 74' lang='grc' dir='ltr'>Μαρίας</span> <span class='ocrx_word' id='word_1_590' title='bbox 1146 863 1294 900; x_wconf 80' lang='grc' dir='ltr'><strong>εἰληφέναι.</strong></span> <span class='ocrx_word' id='word_1_591' title='bbox 1309 865 1375 891; x_wconf 75' lang='grc' dir='ltr'><strong>Οὐδὲ</strong></span> <span class='ocrx_word' id='word_1_592' title='bbox 1385 865 1439 901; x_wconf 72' lang='grc' dir='ltr'>γὰρ</span> <span class='ocrx_word' id='word_1_593' title='bbox 1452 863 1485 900; x_wconf 83' lang='grc' dir='ltr'><strong>ἦν</strong></span> <span class='ocrx_word' id='word_1_594' title='bbox 1500 865 1606 902; x_wconf 86' lang='grc' dir='ltr'><strong>ἀληθῶς</strong></span> <span class='ocrx_word' id='word_1_595' title='bbox 1622 866 1711 902; x_wconf 81' lang='grc' dir='ltr'>σάρκα</span> 
     </span>
    </p>
   </div>
   <div class='ocr_carea' id='block_1_78' title="bbox 920 907 1710 949">
    <p class='ocr_par' dir='ltr' id='par_1_78' title="bbox 920 907 1710 949">
     <span class='ocr_line' id='line_1_78' title="bbox 920 907 1710 949; baseline 0.001 -11"><span class='ocrx_word' id='word_1_596' title='bbox 920 911 967 939; x_wconf 72' lang='grc' dir='ltr'><strong>καὶ</strong></span> <span class='ocrx_word' id='word_1_597' title='bbox 981 908 1051 946; x_wconf 75' lang='grc' dir='ltr'><strong>αἷμα</strong></span> <span class='ocrx_word' id='word_1_598' title='bbox 1065 909 1199 946; x_wconf 76' lang='grc' dir='ltr'><strong>ἐσχηκὼς,</strong></span> <span class='ocrx_word' id='word_1_599' title='bbox 1217 911 1249 937; x_wconf 71' lang='grc' dir='ltr'><strong>δι’</strong></span> <span class='ocrx_word' id='word_1_600' title='bbox 1273 907 1310 938; x_wconf 82' lang='grc' dir='ltr'><strong>ὧν</strong></span> <span class='ocrx_word' id='word_1_601' title='bbox 1324 911 1399 946; x_wconf 79' lang='grc' dir='ltr'><strong>ἡμᾶς</strong></span> <span class='ocrx_word' id='word_1_602' title='bbox 1415 911 1598 947; x_wconf 73' lang='grc' dir='ltr'><strong>ὲξηγοράσατο</strong></span> <span class='ocrx_word' id='word_1_603' title='bbox 1608 932 1616 944; x_wconf 87' lang='grc'><strong>,</strong></span> <span class='ocrx_word' id='word_1_604' title='bbox 1630 913 1654 939; x_wconf 84' lang='grc' dir='ltr'>εἰ</span> <span class='ocrx_word' id='word_1_605' title='bbox 1672 913 1710 949; x_wconf 76' lang='grc' dir='ltr'><strong>μὴ</strong></span> 
     </span>
    </p>
   </div>
   <div class='ocr_carea' id='block_1_79' title="bbox 918 957 1708 994">
    <p class='ocr_par' dir='ltr' id='par_1_79' title="bbox 918 957 1708 994">
     <span class='ocr_line' id='line_1_79' title="bbox 918 957 1708 994; baseline 0.001 -9"><span class='ocrx_word' id='word_1_606' title='bbox 918 959 967 994; x_wconf 79' lang='grc' dir='ltr'><strong>τὴν</strong></span> <span class='ocrx_word' id='word_1_607' title='bbox 984 957 1100 994; x_wconf 79' lang='grc' dir='ltr'><strong>ἀρχαίαν</strong></span> <span class='ocrx_word' id='word_1_608' title='bbox 1124 957 1221 985; x_wconf 80' lang='grc' dir='ltr'><strong>πλάσιν</strong></span> <span class='ocrx_word' id='word_1_609' title='bbox 1236 958 1282 985; x_wconf 82' lang='grc' dir='ltr'><strong>τοῦ</strong></span> <span class='ocrx_word' id='word_1_610' title='bbox 1305 958 1392 994; x_wconf 79' lang='grc' dir='ltr'><strong>Ἀδὰμ</strong></span> <span class='ocrx_word' id='word_1_611' title='bbox 1407 959 1447 990; x_wconf 75' lang='grc' dir='ltr'><strong>εἰς</strong></span> <span class='ocrx_word' id='word_1_612' title='bbox 1463 958 1558 985; x_wconf 80' lang='grc' dir='ltr'><strong>ἑαυτὸν</strong></span> <span class='ocrx_word' id='word_1_613' title='bbox 1574 959 1708 994; x_wconf 81' lang='grc' dir='ltr'><strong>ἁνεκεφα-</strong></span> 
     </span>
    </p>
   </div>
   <div class='ocr_carea' id='block_1_80' title="bbox 920 1000 1709 1041">
    <p class='ocr_par' dir='ltr' id='par_1_80' title="bbox 920 1000 1709 1041">
     <span class='ocr_line' id='line_1_80' title="bbox 920 1000 1709 1041; baseline 0.003 -11"><span class='ocrx_word' id='word_1_614' title='bbox 920 1003 1064 1030; x_wconf 80' lang='grc' dir='ltr'><strong>λαιώσατο.</strong></span> <span class='ocrx_word' id='word_1_615' title='bbox 1084 1011 1094 1028; x_wconf 76' lang='grc' dir='ltr'><strong>ε</strong></span> <span class='ocrx_word' id='word_1_616' title='bbox 1113 1000 1180 1036; x_wconf 83' lang='lat' dir='ltr'><strong>Quia</strong></span> <span class='ocrx_word' id='word_1_617' title='bbox 1200 1003 1271 1030; x_wconf 82' lang='lat' dir='ltr'><strong>idern</strong></span> <span class='ocrx_word' id='word_1_618' title='bbox 1284 1008 1325 1031; x_wconf 89' lang='lat' dir='ltr'><strong>est</strong></span> <span class='ocrx_word' id='word_1_619' title='bbox 1339 1003 1429 1032; x_wconf 86' lang='lat' dir='ltr'><strong>dicere</strong></span> <span class='ocrx_word' id='word_1_620' title='bbox 1445 1004 1534 1039; x_wconf 89' lang='lat' dir='ltr'><strong>specie</strong></span> <span class='ocrx_word' id='word_1_621' title='bbox 1550 1012 1612 1032; x_wconf 90' lang='lat' dir='ltr'><strong>eum</strong></span> <span class='ocrx_word' id='word_1_622' title='bbox 1625 1013 1709 1041; x_wconf 85' lang='lat' dir='ltr'><strong>appa-</strong></span> 
     </span>
    </p>
   </div>
   <div class='ocr_carea' id='block_1_81' title="bbox 920 1048 1708 1085">
    <p class='ocr_par' dir='ltr' id='par_1_81' title="bbox 920 1048 1708 1085">
     <span class='ocr_line' id='line_1_81' title="bbox 920 1048 1708 1085; baseline 0.004 -9"><span class='ocrx_word' id='word_1_623' title='bbox 920 1050 1017 1082; x_wconf 89' lang='lat' dir='ltr'><strong>ruisse,</strong></span> <span class='ocrx_word' id='word_1_624' title='bbox 1034 1054 1062 1076; x_wconf 90' lang='lat' dir='ltr'><strong>et</strong></span> <span class='ocrx_word' id='word_1_625' title='bbox 1084 1049 1150 1076; x_wconf 92' lang='lat' dir='ltr'><strong>nihil</strong></span> <span class='ocrx_word' id='word_1_626' title='bbox 1170 1049 1203 1077; x_wconf 87' lang='lat' dir='ltr'><strong>de</strong></span> <span class='ocrx_word' id='word_1_627' title='bbox 1228 1048 1311 1077; x_wconf 76' lang='lat' dir='ltr'><strong>Maria</strong></span> <span class='ocrx_word' id='word_1_628' title='bbox 1338 1050 1497 1084; x_wconf 86' lang='lat' dir='ltr'><strong>sumpsisse.</strong></span> <span class='ocrx_word' id='word_1_629' title='bbox 1522 1049 1616 1085; x_wconf 87' lang='lat' dir='ltr'><strong>Neque</strong></span> <span class='ocrx_word' id='word_1_630' title='bbox 1636 1052 1708 1079; x_wconf 87' lang='lat' dir='ltr'><strong>enim</strong></span> 
     </span>
    </p>
   </div>
   <div class='ocr_carea' id='block_1_82' title="bbox 920 1096 1711 1132">
    <p class='ocr_par' dir='ltr' id='par_1_82' title="bbox 920 1096 1711 1132">
     <span class='ocr_line' id='line_1_82' title="bbox 920 1096 1711 1132; baseline 0.004 -10"><span class='ocrx_word' id='word_1_631' title='bbox 920 1103 985 1124; x_wconf 89' lang='lat' dir='ltr'><strong>vere</strong></span> <span class='ocrx_word' id='word_1_632' title='bbox 999 1103 1111 1123; x_wconf 88' lang='lat' dir='ltr'><strong>carnem</strong></span> <span class='ocrx_word' id='word_1_633' title='bbox 1125 1100 1153 1123; x_wconf 87' lang='lat' dir='ltr'><strong>ct</strong></span> <span class='ocrx_word' id='word_1_634' title='bbox 1170 1096 1330 1131; x_wconf 80' lang='lat' dir='ltr'><strong>sanguinem</strong></span> <span class='ocrx_word' id='word_1_635' title='bbox 1347 1096 1503 1129; x_wconf 79' lang='lat' dir='ltr'><strong>habuisset,</strong></span> <span class='ocrx_word' id='word_1_636' title='bbox 1524 1104 1574 1130; x_wconf 90' lang='lat' dir='ltr'><strong>per</strong></span> <span class='ocrx_word' id='word_1_637' title='bbox 1586 1105 1647 1132; x_wconf 72' lang='lat' dir='ltr'><strong>quae</strong></span> <span class='ocrx_word' id='word_1_638' title='bbox 1660 1106 1711 1126; x_wconf 87' lang='lat' dir='ltr'><strong>nos</strong></span> 
     </span>
    </p>
   </div>
   <div class='ocr_carea' id='block_1_83' title="bbox 920 1142 1709 1178">
    <p class='ocr_par' dir='ltr' id='par_1_83' title="bbox 920 1142 1709 1178">
     <span class='ocr_line' id='line_1_83' title="bbox 920 1142 1709 1178; baseline 0 -8"><span class='ocrx_word' id='word_1_639' title='bbox 920 1143 1047 1174; x_wconf 90' lang='lat' dir='ltr'><strong>redemit,</strong></span> <span class='ocrx_word' id='word_1_640' title='bbox 1063 1143 1116 1170; x_wconf 89' lang='lat' dir='ltr'><strong>nisi</strong></span> <span class='ocrx_word' id='word_1_641' title='bbox 1132 1147 1212 1171; x_wconf 84' lang='lat' dir='ltr'><strong>vetus</strong></span> <span class='ocrx_word' id='word_1_642' title='bbox 1224 1142 1322 1170; x_wconf 83' lang='lat' dir='ltr'><strong>Adami</strong></span> <span class='ocrx_word' id='word_1_643' title='bbox 1337 1142 1495 1178; x_wconf 82' lang='lat' dir='ltr'><strong>iigtnentum</strong></span> <span class='ocrx_word' id='word_1_644' title='bbox 1510 1143 1538 1171; x_wconf 90' lang='lat' dir='ltr'><strong>in</strong></span> <span class='ocrx_word' id='word_1_645' title='bbox 1552 1150 1612 1171; x_wconf 85' lang='lat' dir='ltr'><strong>sese</strong></span> <span class='ocrx_word' id='word_1_646' title='bbox 1624 1143 1709 1171; x_wconf 84' lang='lat' dir='ltr'><strong>colle-</strong></span> 
     </span>
    </p>
   </div>
   <div class='ocr_carea' id='block_1_84' title="bbox 919 1188 1709 1225">
    <p class='ocr_par' dir='ltr' id='par_1_84' title="bbox 919 1188 1709 1225">
     <span class='ocr_line' id='line_1_84' title="bbox 919 1188 1709 1225; baseline 0.001 -9"><span class='ocrx_word' id='word_1_647' title='bbox 919 1189 1013 1224; x_wconf 83' lang='lat' dir='ltr'><strong>gisset.</strong></span> <span class='ocrx_word' id='word_1_648' title='bbox 1039 1198 1048 1215; x_wconf 77' lang='grc' dir='ltr'><strong>ι</strong></span> <span class='ocrx_word' id='word_1_649' title='bbox 1072 1188 1267 1217; x_wconf 76' lang='lat' dir='ltr'><strong>Ilzereticorum</strong></span> <span class='ocrx_word' id='word_1_650' title='bbox 1291 1197 1372 1224; x_wconf 88' lang='lat' dir='ltr'><strong>porro</strong></span> <span class='ocrx_word' id='word_1_651' title='bbox 1395 1190 1503 1217; x_wconf 93' lang='lat' dir='ltr'><strong>illorum</strong></span> <span class='ocrx_word' id='word_1_652' title='bbox 1532 1190 1709 1225; x_wconf 82' lang='lat' dir='ltr'><strong>nequissimis</strong></span> 
     </span>
    </p>
   </div>
   <div class='ocr_carea' id='block_1_85' title="bbox 919 1235 1710 1271">
    <p class='ocr_par' dir='ltr' id='par_1_85' title="bbox 919 1235 1710 1271">
     <span class='ocr_line' id='line_1_85' title="bbox 919 1235 1710 1271; baseline 0.003 -9"><span class='ocrx_word' id='word_1_653' title='bbox 919 1242 1038 1262; x_wconf 88' lang='lat' dir='ltr'><strong>consona</strong></span> <span class='ocrx_word' id='word_1_654' title='bbox 1049 1235 1150 1263; x_wconf 83' lang='lat' dir='ltr'><strong>dixisse</strong></span> <span class='ocrx_word' id='word_1_655' title='bbox 1164 1235 1310 1271; x_wconf 84' lang='lat' dir='ltr'><strong>Origenem</strong></span> <span class='ocrx_word' id='word_1_656' title='bbox 1325 1237 1474 1263; x_wconf 85' lang='lat' dir='ltr'><strong>adversarii</strong></span> <span class='ocrx_word' id='word_1_657' title='bbox 1488 1237 1547 1270; x_wconf 81' lang='lat' dir='ltr'><strong>ejus</strong></span> <span class='ocrx_word' id='word_1_658' title='bbox 1559 1236 1710 1264; x_wconf 87' lang='lat' dir='ltr'><strong>calumnia-</strong></span> 
     </span>
    </p>
   </div>
   <div class='ocr_carea' id='block_1_86' title="bbox 919 1281 1708 1318">
    <p class='ocr_par' dir='ltr' id='par_1_86' title="bbox 919 1281 1708 1318">
     <span class='ocr_line' id='line_1_86' title="bbox 919 1281 1708 1318; baseline 0.001 -9"><span class='ocrx_word' id='word_1_659' title='bbox 919 1281 1028 1309; x_wconf 88' lang='lat' dir='ltr'><strong>bantur.</strong></span> <span class='ocrx_word' id='word_1_660' title='bbox 1042 1290 1051 1307; x_wconf 75' lang='grc' dir='ltr'><strong>ι</strong></span> <span class='ocrx_word' id='word_1_661' title='bbox 1067 1281 1167 1315; x_wconf 90' lang='lat' dir='ltr'><strong>Quarta</strong></span> <span class='ocrx_word' id='word_1_662' title='bbox 1180 1281 1360 1318; x_wconf 90' lang='lat' dir='ltr'><strong>(criminatio)</strong></span> <span class='ocrx_word' id='word_1_663' title='bbox 1372 1288 1431 1317; x_wconf 85' lang='lat' dir='ltr'><strong>post</strong></span> <span class='ocrx_word' id='word_1_664' title='bbox 1447 1282 1513 1310; x_wconf 89' lang='lat' dir='ltr'><strong>istas</strong></span> <span class='ocrx_word' id='word_1_665' title='bbox 1527 1287 1578 1315; x_wconf 84' lang='lat' dir='ltr'><strong>est,</strong></span> <span class='ocrx_word' id='word_1_666' title='bbox 1590 1291 1599 1309; x_wconf 78' lang='grc' dir='ltr'><strong>ι</strong></span> <span class='ocrx_word' id='word_1_667' title='bbox 1619 1283 1708 1318; x_wconf 88' lang='lat' dir='ltr'><strong>inquit</strong></span> 
     </span>
    </p>
   </div>
   <div class='ocr_carea' id='block_1_87' title="bbox 920 1327 1709 1364">
    <p class='ocr_par' dir='ltr' id='par_1_87' title="bbox 920 1327 1709 1364">
     <span class='ocr_line' id='line_1_87' title="bbox 920 1327 1709 1364; baseline 0.003 -10"><span class='ocrx_word' id='word_1_668' title='bbox 920 1327 1077 1362; x_wconf 83' lang='lat' dir='ltr'><strong>Pamphilus</strong></span> <span class='ocrx_word' id='word_1_669' title='bbox 1093 1328 1119 1355; x_wconf 95' lang='lat' dir='ltr'><strong>in</strong></span> <span class='ocrx_word' id='word_1_670' title='bbox 1133 1327 1278 1364; x_wconf 82' lang='lat' dir='ltr'><strong>Apologia,</strong></span> <span class='ocrx_word' id='word_1_671' title='bbox 1296 1337 1305 1355; x_wconf 74' lang='grc' dir='ltr'><strong>ε</strong></span> <span class='ocrx_word' id='word_1_672' title='bbox 1323 1336 1383 1363; x_wconf 64' lang='lat' dir='ltr'><strong>qua:</strong></span> <span class='ocrx_word' id='word_1_673' title='bbox 1398 1329 1459 1357; x_wconf 81' lang='lat' dir='ltr'><strong>istis</strong></span> <span class='ocrx_word' id='word_1_674' title='bbox 1471 1329 1596 1357; x_wconf 93' lang='lat' dir='ltr'><strong>omnibus</strong></span> <span class='ocrx_word' id='word_1_675' title='bbox 1611 1329 1709 1356; x_wconf 87' lang='lat' dir='ltr'><strong>adver-</strong></span> 
     </span>
    </p>
   </div>
   <div class='ocr_carea' id='block_1_88' title="bbox 919 1373 1709 1410">
    <p class='ocr_par' dir='ltr' id='par_1_88' title="bbox 919 1373 1709 1410">
     <span class='ocr_line' id='line_1_88' title="bbox 919 1373 1709 1410; baseline 0.001 -8"><span class='ocrx_word' id='word_1_676' title='bbox 919 1379 994 1402; x_wconf 90' lang='lat' dir='ltr'><strong>satur</strong></span> <span class='ocrx_word' id='word_1_677' title='bbox 1006 1373 1087 1409; x_wconf 67' lang='lat' dir='ltr'><strong>(caeca</strong></span> <span class='ocrx_word' id='word_1_678' title='bbox 1101 1374 1173 1401; x_wconf 93' lang='lat' dir='ltr'><strong>enim</strong></span> <span class='ocrx_word' id='word_1_679' title='bbox 1189 1379 1230 1402; x_wconf 88' lang='lat' dir='ltr'><strong>est</strong></span> <span class='ocrx_word' id='word_1_680' title='bbox 1247 1374 1372 1410; x_wconf 80' lang='lat' dir='ltr'><strong>malitia),</strong></span> <span class='ocrx_word' id='word_1_681' title='bbox 1387 1375 1458 1409; x_wconf 90' lang='lat' dir='ltr'><strong>quod</strong></span> <span class='ocrx_word' id='word_1_682' title='bbox 1474 1376 1567 1402; x_wconf 90' lang='lat' dir='ltr'><strong>dicunt</strong></span> <span class='ocrx_word' id='word_1_683' title='bbox 1579 1383 1641 1403; x_wconf 89' lang='lat' dir='ltr'><strong>eum</strong></span> <span class='ocrx_word' id='word_1_684' title='bbox 1666 1376 1709 1403; x_wconf 90' lang='lat' dir='ltr'><strong>di—</strong></span> 
     </span>
    </p>
   </div>
   <div class='ocr_carea' id='block_1_89' title="bbox 920 1420 1710 1456">
    <p class='ocr_par' dir='ltr' id='par_1_89' title="bbox 920 1420 1710 1456">
     <span class='ocr_line' id='line_1_89' title="bbox 920 1420 1710 1456; baseline 0 -8"><span class='ocrx_word' id='word_1_685' title='bbox 920 1428 981 1448; x_wconf 89' lang='lat' dir='ltr'><strong>cere</strong></span> <span class='ocrx_word' id='word_1_686' title='bbox 997 1421 1116 1456; x_wconf 83' lang='grc' dir='ltr'><strong>δοκήσει,</strong></span> <span class='ocrx_word' id='word_1_687' title='bbox 1132 1420 1158 1448; x_wconf 92' lang='lat' dir='ltr'><strong>id</strong></span> <span class='ocrx_word' id='word_1_688' title='bbox 1174 1425 1226 1454; x_wconf 87' lang='lat' dir='ltr'><strong>est,</strong></span> <span class='ocrx_word' id='word_1_689' title='bbox 1240 1421 1359 1454; x_wconf 84' lang='lat' dir='ltr'><strong>putative</strong></span> <span class='ocrx_word' id='word_1_690' title='bbox 1377 1425 1492 1454; x_wconf 85' lang='lat' dir='ltr'><strong>tantum,</strong></span> <span class='ocrx_word' id='word_1_691' title='bbox 1507 1427 1534 1449; x_wconf 86' lang='lat' dir='ltr'><strong>et</strong></span> <span class='ocrx_word' id='word_1_692' title='bbox 1549 1429 1598 1456; x_wconf 86' lang='lat' dir='ltr'><strong>per</strong></span> <span class='ocrx_word' id='word_1_693' title='bbox 1611 1421 1710 1456; x_wconf 70' lang='lat' dir='ltr'><strong>allego-</strong></span> 
     </span>
    </p>
   </div>
   <div class='ocr_carea' id='block_1_90' title="bbox 920 1467 1708 1502">
    <p class='ocr_par' dir='ltr' id='par_1_90' title="bbox 920 1467 1708 1502">
     <span class='ocr_line' id='line_1_90' title="bbox 920 1467 1708 1502; baseline 0 -8"><span class='ocrx_word' id='word_1_694' title='bbox 920 1467 989 1494; x_wconf 88' lang='lat' dir='ltr'><strong>riam</strong></span> <span class='ocrx_word' id='word_1_695' title='bbox 1001 1487 1009 1500; x_wconf 93' lang='lat'><strong>,</strong></span> <span class='ocrx_word' id='word_1_696' title='bbox 1035 1475 1087 1495; x_wconf 94' lang='lat' dir='ltr'><strong>non</strong></span> <span class='ocrx_word' id='word_1_697' title='bbox 1105 1467 1187 1495; x_wconf 88' lang='lat' dir='ltr'><strong>etiam</strong></span> <span class='ocrx_word' id='word_1_698' title='bbox 1203 1467 1351 1494; x_wconf 86' lang='lat' dir='ltr'><strong>secundum</strong></span> <span class='ocrx_word' id='word_1_699' title='bbox 1368 1475 1399 1494; x_wconf 85' lang='lat' dir='ltr'><strong>ea</strong></span> <span class='ocrx_word' id='word_1_700' title='bbox 1423 1475 1482 1502; x_wconf 67' lang='lat' dir='ltr'><strong>qua:</strong></span> <span class='ocrx_word' id='word_1_701' title='bbox 1500 1474 1549 1502; x_wconf 88' lang='lat' dir='ltr'><strong>per</strong></span> <span class='ocrx_word' id='word_1_702' title='bbox 1565 1467 1708 1495; x_wconf 80' lang='lat' dir='ltr'><strong>historiam</strong></span> 
     </span>
    </p>
   </div>
   <div class='ocr_carea' id='block_1_91' title="bbox 921 1511 1709 1548">
    <p class='ocr_par' dir='ltr' id='par_1_91' title="bbox 921 1511 1709 1548">
     <span class='ocr_line' id='line_1_91' title="bbox 921 1511 1709 1548; baseline 0.001 -9"><span class='ocrx_word' id='word_1_703' title='bbox 921 1511 1171 1548; x_wconf 78' lang='lat' dir='ltr'><strong>referuntur.gesta</strong></span> <span class='ocrx_word' id='word_1_704' title='bbox 1187 1520 1247 1540; x_wconf 89' lang='lat' dir='ltr'><strong>esse</strong></span> <span class='ocrx_word' id='word_1_705' title='bbox 1263 1513 1352 1540; x_wconf 89' lang='lat' dir='ltr'><strong>omnia</strong></span> <span class='ocrx_word' id='word_1_706' title='bbox 1368 1521 1428 1548; x_wconf 69' lang='lat' dir='ltr'><strong>quae</strong></span> <span class='ocrx_word' id='word_1_707' title='bbox 1443 1522 1457 1540; x_wconf 94' lang='lat' dir='ltr'><strong>a</strong></span> <span class='ocrx_word' id='word_1_708' title='bbox 1475 1513 1616 1541; x_wconf 88' lang='lat' dir='ltr'><strong>Salvatore</strong></span> <span class='ocrx_word' id='word_1_709' title='bbox 1632 1519 1709 1548; x_wconf 76' lang='lat' dir='ltr'><strong>gesta</strong></span> 
     </span>
    </p>
   </div>
   <div class='ocr_carea' id='block_1_92' title="bbox 919 1558 1708 1594">
    <p class='ocr_par' dir='ltr' id='par_1_92' title="bbox 919 1558 1708 1594">
     <span class='ocr_line' id='line_1_92' title="bbox 919 1558 1708 1594; baseline 0.003 -9"><span class='ocrx_word' id='word_1_710' title='bbox 919 1563 992 1586; x_wconf 87' lang='lat' dir='ltr'><strong>sunt.</strong></span> <span class='ocrx_word' id='word_1_711' title='bbox 1018 1569 1028 1585; x_wconf 70' lang='grc' dir='ltr'><strong>ι</strong></span> <span class='ocrx_word' id='word_1_712' title='bbox 1056 1559 1176 1586; x_wconf 86' lang='lat' dir='ltr'><strong>Zonaras</strong></span> <span class='ocrx_word' id='word_1_713' title='bbox 1195 1567 1304 1594; x_wconf 85' lang='lat' dir='ltr'><strong>quoque</strong></span> <span class='ocrx_word' id='word_1_714' title='bbox 1328 1560 1375 1587; x_wconf 87' lang='lat' dir='ltr'><strong>lib.</strong></span> <span class='ocrx_word' id='word_1_715' title='bbox 1401 1567 1419 1586; x_wconf 96' lang='grc' dir='ltr'><strong>ιι</strong></span> <span class='ocrx_word' id='word_1_716' title='bbox 1443 1558 1587 1594; x_wconf 88' lang='lat' dir='ltr'><strong>Origenem</strong></span> <span class='ocrx_word' id='word_1_717' title='bbox 1613 1560 1708 1587; x_wconf 62' lang='lat' dir='ltr'><strong>existi-</strong></span> 
     </span>
    </p>
   </div>
   <div class='ocr_carea' id='block_1_93' title="bbox 920 1604 1710 1641">
    <p class='ocr_par' dir='ltr' id='par_1_93' title="bbox 920 1604 1710 1641">
     <span class='ocr_line' id='line_1_93' title="bbox 920 1604 1710 1641; baseline 0.001 -9"><span class='ocrx_word' id='word_1_718' title='bbox 920 1612 1009 1632; x_wconf 82' lang='lat' dir='ltr'><strong>masse</strong></span> <span class='ocrx_word' id='word_1_719' title='bbox 1034 1610 1115 1640; x_wconf 89' lang='lat' dir='ltr'><strong>negat</strong></span> <span class='ocrx_word' id='word_1_720' title='bbox 1137 1604 1276 1633; x_wconf 87' lang='lat' dir='ltr'><strong>Christum</strong></span> <span class='ocrx_word' id='word_1_721' title='bbox 1305 1605 1338 1633; x_wconf 91' lang='lat' dir='ltr'><strong>de</strong></span> <span class='ocrx_word' id='word_1_722' title='bbox 1363 1605 1468 1641; x_wconf 83' lang='lat' dir='ltr'><strong>virgine</strong></span> <span class='ocrx_word' id='word_1_723' title='bbox 1488 1605 1572 1633; x_wconf 85' lang='lat' dir='ltr'><strong>Maria</strong></span> <span class='ocrx_word' id='word_1_724' title='bbox 1601 1613 1710 1634; x_wconf 74' lang='lat' dir='ltr'><strong>carnem</strong></span> 
     </span>
    </p>
   </div>
   <div class='ocr_carea' id='block_1_94' title="bbox 919 1650 1711 1687">
    <p class='ocr_par' dir='ltr' id='par_1_94' title="bbox 919 1650 1711 1687">
     <span class='ocr_line' id='line_1_94' title="bbox 919 1650 1711 1687; baseline 0.003 -10"><span class='ocrx_word' id='word_1_725' title='bbox 919 1651 1077 1685; x_wconf 85' lang='lat' dir='ltr'><strong>sumpsisse.</strong></span> <span class='ocrx_word' id='word_1_726' title='bbox 1089 1650 1165 1679; x_wconf 85' lang='lat' dir='ltr'><strong>Hane</strong></span> <span class='ocrx_word' id='word_1_727' title='bbox 1177 1656 1268 1678; x_wconf 87' lang='lat' dir='ltr'><strong>autem</strong></span> <span class='ocrx_word' id='word_1_728' title='bbox 1280 1651 1445 1679; x_wconf 83' lang='lat' dir='ltr'><strong>calumniam</strong></span> <span class='ocrx_word' id='word_1_729' title='bbox 1460 1652 1518 1686; x_wconf 85' lang='lat' dir='ltr'><strong>ipse</strong></span> <span class='ocrx_word' id='word_1_730' title='bbox 1531 1659 1545 1678; x_wconf 92' lang='lat' dir='ltr'><strong>a</strong></span> <span class='ocrx_word' id='word_1_731' title='bbox 1559 1659 1588 1679; x_wconf 89' lang='lat' dir='ltr'><strong>se</strong></span> <span class='ocrx_word' id='word_1_732' title='bbox 1602 1653 1711 1687; x_wconf 78' lang='lat' dir='ltr'><strong>egregie</strong></span> 
     </span>
    </p>
   </div>
   <div class='ocr_carea' id='block_1_95' title="bbox 919 1695 1712 1734">
    <p class='ocr_par' dir='ltr' id='par_1_95' title="bbox 919 1695 1712 1734">
     <span class='ocr_line' id='line_1_95' title="bbox 919 1695 1712 1734; baseline 0.003 -11"><span class='ocrx_word' id='word_1_733' title='bbox 919 1697 1029 1731; x_wconf 86' lang='lat' dir='ltr'><strong>depellit</strong></span> <span class='ocrx_word' id='word_1_734' title='bbox 1043 1695 1176 1731; x_wconf 85' lang='lat' dir='ltr'><strong>Origenes</strong></span> <span class='ocrx_word' id='word_1_735' title='bbox 1194 1697 1227 1725; x_wconf 87' lang='lat' dir='ltr'><strong>iis</strong></span> <span class='ocrx_word' id='word_1_736' title='bbox 1244 1697 1335 1725; x_wconf 85' lang='lat' dir='ltr'><strong>verbis</strong></span> <span class='ocrx_word' id='word_1_737' title='bbox 1349 1705 1409 1733; x_wconf 67' lang='lat' dir='ltr'><strong>qua</strong></span> <span class='ocrx_word' id='word_1_738' title='bbox 1421 1697 1448 1726; x_wconf 87' lang='lat' dir='ltr'><strong>in</strong></span> <span class='ocrx_word' id='word_1_739' title='bbox 1465 1698 1559 1726; x_wconf 88' lang='lat' dir='ltr'><strong>eodem</strong></span> <span class='ocrx_word' id='word_1_740' title='bbox 1575 1698 1712 1734; x_wconf 79' lang='lat' dir='ltr'><strong>Apologia:</strong></span> 
     </span>
    </p>
   </div>
   <div class='ocr_carea' id='block_1_96' title="bbox 920 1742 1712 1779">
    <p class='ocr_par' dir='ltr' id='par_1_96' title="bbox 920 1742 1712 1779">
     <span class='ocr_line' id='line_1_96' title="bbox 920 1742 1712 1779; baseline 0.003 -10"><span class='ocrx_word' id='word_1_741' title='bbox 920 1742 979 1770; x_wconf 90' lang='lat' dir='ltr'><strong>loco</strong></span> <span class='ocrx_word' id='word_1_742' title='bbox 994 1742 1154 1775; x_wconf 86' lang='lat' dir='ltr'><strong>recitantur,</strong></span> <span class='ocrx_word' id='word_1_743' title='bbox 1169 1744 1322 1779; x_wconf 87' lang='lat' dir='ltr'><strong>probatque</strong></span> <span class='ocrx_word' id='word_1_744' title='bbox 1338 1751 1370 1771; x_wconf 81' lang='lat' dir='ltr'><strong>ex</strong></span> <span class='ocrx_word' id='word_1_745' title='bbox 1394 1744 1543 1779; x_wconf 83' lang='lat' dir='ltr'><strong>Scripturis</strong></span> <span class='ocrx_word' id='word_1_746' title='bbox 1559 1744 1661 1771; x_wconf 89' lang='lat' dir='ltr'><strong>sanctis</strong></span> <span class='ocrx_word' id='word_1_747' title='bbox 1677 1744 1712 1772; x_wconf 85' lang='lat' dir='ltr'><strong>de</strong></span> 
     </span>
    </p>
   </div>
   <div class='ocr_carea' id='block_1_97' title="bbox 920 1788 1710 1818">
    <p class='ocr_par' dir='ltr' id='par_1_97' title="bbox 920 1788 1710 1818">
     <span class='ocr_line' id='line_1_97' title="bbox 920 1788 1710 1818; baseline 0.003 -3"><span class='ocrx_word' id='word_1_748' title='bbox 920 1788 1023 1816; x_wconf 86' lang='lat' dir='ltr'><strong>semine</strong></span> <span class='ocrx_word' id='word_1_749' title='bbox 1038 1788 1173 1816; x_wconf 82' lang='lat' dir='ltr'><strong>Abraham</strong></span> <span class='ocrx_word' id='word_1_750' title='bbox 1188 1794 1215 1816; x_wconf 90' lang='lat' dir='ltr'><strong>et</strong></span> <span class='ocrx_word' id='word_1_751' title='bbox 1229 1789 1313 1817; x_wconf 90' lang='lat' dir='ltr'><strong>David</strong></span> <span class='ocrx_word' id='word_1_752' title='bbox 1334 1797 1397 1817; x_wconf 86' lang='lat' dir='ltr'><strong>vere</strong></span> <span class='ocrx_word' id='word_1_753' title='bbox 1420 1795 1512 1817; x_wconf 89' lang='lat' dir='ltr'><strong>natum</strong></span> <span class='ocrx_word' id='word_1_754' title='bbox 1530 1790 1613 1818; x_wconf 81' lang='lat' dir='ltr'><strong>fuisse</strong></span> <span class='ocrx_word' id='word_1_755' title='bbox 1627 1789 1710 1818; x_wconf 88' lang='lat' dir='ltr'><strong>Chri-</strong></span> 
     </span>
    </p>
   </div>
   <div class='ocr_carea' id='block_1_98' title="bbox 920 1835 1711 1871">
    <p class='ocr_par' dir='ltr' id='par_1_98' title="bbox 920 1835 1711 1871">
     <span class='ocr_line' id='line_1_98' title="bbox 920 1835 1711 1871; baseline 0.005 -11"><span class='ocrx_word' id='word_1_756' title='bbox 920 1840 990 1861; x_wconf 89' lang='lat' dir='ltr'><strong>stum</strong></span> <span class='ocrx_word' id='word_1_757' title='bbox 1003 1854 1011 1866; x_wconf 95' lang='lat'><strong>,</strong></span> <span class='ocrx_word' id='word_1_758' title='bbox 1035 1841 1122 1869; x_wconf 80' lang='lat' dir='ltr'><strong>neque</strong></span> <span class='ocrx_word' id='word_1_759' title='bbox 1139 1844 1148 1861; x_wconf 79' lang='grc' dir='ltr'><strong>ι</strong></span> <span class='ocrx_word' id='word_1_760' title='bbox 1168 1835 1308 1870; x_wconf 89' lang='lat' dir='ltr'><strong>putative,</strong></span> <span class='ocrx_word' id='word_1_761' title='bbox 1330 1840 1356 1863; x_wconf 88' lang='lat' dir='ltr'><strong>et</strong></span> <span class='ocrx_word' id='word_1_762' title='bbox 1373 1844 1420 1871; x_wconf 89' lang='lat' dir='ltr'><strong>per</strong></span> <span class='ocrx_word' id='word_1_763' title='bbox 1439 1837 1607 1871; x_wconf 84' lang='lat' dir='ltr'><strong>phantasiam</strong></span> <span class='ocrx_word' id='word_1_764' title='bbox 1628 1846 1637 1864; x_wconf 79' lang='grc' dir='ltr'><strong>ι</strong></span> <span class='ocrx_word' id='word_1_765' title='bbox 1666 1845 1711 1864; x_wconf 79' lang='lat' dir='ltr'><strong>res</strong></span> 
     </span>
    </p>
   </div>
   <div class='ocr_carea' id='block_1_99' title="bbox 920 1881 1709 1917">
    <p class='ocr_par' dir='ltr' id='par_1_99' title="bbox 920 1881 1709 1917">
     <span class='ocr_line' id='line_1_99' title="bbox 920 1881 1709 1917; baseline 0.001 -10"><span class='ocrx_word' id='word_1_766' title='bbox 920 1888 983 1908; x_wconf 87' lang='lat' dir='ltr'><strong>suas</strong></span> <span class='ocrx_word' id='word_1_767' title='bbox 995 1881 1131 1915; x_wconf 81' lang='lat' dir='ltr'><strong>gessisse;</strong></span> <span class='ocrx_word' id='word_1_768' title='bbox 1148 1889 1235 1917; x_wconf 86' lang='lat' dir='ltr'><strong>neque</strong></span> <span class='ocrx_word' id='word_1_769' title='bbox 1252 1882 1374 1917; x_wconf 87' lang='lat' dir='ltr'><strong>spiritale</strong></span> <span class='ocrx_word' id='word_1_770' title='bbox 1387 1889 1499 1916; x_wconf 83' lang='lat' dir='ltr'><strong>corpus,</strong></span> <span class='ocrx_word' id='word_1_771' title='bbox 1515 1882 1562 1910; x_wconf 90' lang='lat' dir='ltr'><strong>sed</strong></span> <span class='ocrx_word' id='word_1_772' title='bbox 1581 1890 1709 1910; x_wconf 88' lang='lat' dir='ltr'><strong>carneum</strong></span> 
     </span>
    </p>
   </div>
   <div class='ocr_carea' id='block_1_100' title="bbox 919 1928 1711 1963">
    <p class='ocr_par' dir='ltr' id='par_1_100' title="bbox 919 1928 1711 1963">
     <span class='ocr_line' id='line_1_100' title="bbox 919 1928 1711 1963; baseline 0.003 -10"><span class='ocrx_word' id='word_1_773' title='bbox 919 1932 946 1953; x_wconf 83' lang='lat' dir='ltr'><strong>et</strong></span> <span class='ocrx_word' id='word_1_774' title='bbox 967 1931 1105 1954; x_wconf 89' lang='lat' dir='ltr'><strong>terrenum</strong></span> <span class='ocrx_word' id='word_1_775' title='bbox 1131 1928 1354 1961; x_wconf 89' lang='lat' dir='ltr'><strong>circumtulisse;</strong></span> <span class='ocrx_word' id='word_1_776' title='bbox 1381 1935 1432 1956; x_wconf 89' lang='lat' dir='ltr'><strong>nec</strong></span> <span class='ocrx_word' id='word_1_777' title='bbox 1456 1928 1556 1955; x_wconf 84' lang='lat' dir='ltr'><strong>iactum</strong></span> <span class='ocrx_word' id='word_1_778' title='bbox 1575 1935 1637 1956; x_wconf 84' lang='lat' dir='ltr'><strong>eum</strong></span> <span class='ocrx_word' id='word_1_779' title='bbox 1663 1936 1711 1963; x_wconf 86' lang='lat' dir='ltr'><strong>per</strong></span> 
     </span>
    </p>
   </div>
   <div class='ocr_carea' id='block_1_101' title="bbox 921 1972 1711 2009">
    <p class='ocr_par' dir='ltr' id='par_1_101' title="bbox 921 1972 1711 2009">
     <span class='ocr_line' id='line_1_101' title="bbox 921 1972 1711 2009; baseline 0.004 -11"><span class='ocrx_word' id='word_1_780' title='bbox 921 1972 1072 2006; x_wconf 87' lang='lat' dir='ltr'><strong>mulierem,</strong></span> <span class='ocrx_word' id='word_1_781' title='bbox 1088 1973 1135 2000; x_wconf 88' lang='lat' dir='ltr'><strong>sed</strong></span> <span class='ocrx_word' id='word_1_782' title='bbox 1152 1980 1186 2000; x_wconf 85' lang='lat' dir='ltr'><strong>ex</strong></span> <span class='ocrx_word' id='word_1_783' title='bbox 1201 1973 1325 2001; x_wconf 88' lang='lat' dir='ltr'><strong>muliere.</strong></span> <span class='ocrx_word' id='word_1_784' title='bbox 1343 1973 1458 2001; x_wconf 86' lang='lat' dir='ltr'><strong>Faciunt</strong></span> <span class='ocrx_word' id='word_1_785' title='bbox 1473 1979 1500 2001; x_wconf 82' lang='lat' dir='ltr'><strong>et</strong></span> <span class='ocrx_word' id='word_1_786' title='bbox 1521 1982 1554 2001; x_wconf 87' lang='lat' dir='ltr'><strong>ea</strong></span> <span class='ocrx_word' id='word_1_787' title='bbox 1580 1982 1628 2008; x_wconf 92' lang='lat' dir='ltr'><strong>pro</strong></span> <span class='ocrx_word' id='word_1_788' title='bbox 1652 1975 1711 2009; x_wconf 85' lang='lat' dir='ltr'><strong>ipso</strong></span> 
     </span>
    </p>
   </div>
   <div class='ocr_carea' id='block_1_102' title="bbox 920 2021 1711 2056">
    <p class='ocr_par' dir='ltr' id='par_1_102' title="bbox 920 2021 1711 2056">
     <span class='ocr_line' id='line_1_102' title="bbox 920 2021 1711 2056; baseline -0.001 -8"><span class='ocrx_word' id='word_1_789' title='bbox 920 2027 980 2055; x_wconf 84' lang='lat' dir='ltr'><strong>quae</strong></span> <span class='ocrx_word' id='word_1_790' title='bbox 993 2021 1103 2056; x_wconf 89' lang='lat' dir='ltr'><strong>scripsit</strong></span> <span class='ocrx_word' id='word_1_791' title='bbox 1124 2021 1218 2048; x_wconf 88' lang='lat' dir='ltr'><strong>homil.</strong></span> <span class='ocrx_word' id='word_1_792' title='bbox 1232 2022 1246 2049; x_wconf 78' lang='grc'><strong>1</strong></span> <span class='ocrx_word' id='word_1_793' title='bbox 1261 2022 1289 2048; x_wconf 81' lang='lat' dir='ltr'><strong>in</strong></span> <span class='ocrx_word' id='word_1_794' title='bbox 1302 2021 1412 2054; x_wconf 76' lang='lat' dir='ltr'><strong>Ezech.,</strong></span> <span class='ocrx_word' id='word_1_795' title='bbox 1427 2030 1490 2048; x_wconf 90' lang='lat' dir='ltr'><strong>num</strong></span> <span class='ocrx_word' id='word_1_796' title='bbox 1505 2022 1522 2049; x_wconf 73' lang='grc'><strong>4</strong></span> <span class='ocrx_word' id='word_1_797' title='bbox 1536 2031 1542 2048; x_wconf 88' lang='lat'>:</span> <span class='ocrx_word' id='word_1_798' title='bbox 1564 2031 1573 2047; x_wconf 76' lang='grc' dir='ltr'><strong>ι</strong></span> <span class='ocrx_word' id='word_1_799' title='bbox 1589 2021 1711 2056; x_wconf 69' lang='lat' dir='ltr'><strong>Respon-</strong></span> 
     </span>
    </p>
   </div>
   <div class='ocr_carea' id='block_1_103' title="bbox 920 2065 1710 2103">
    <p class='ocr_par' dir='ltr' id='par_1_103' title="bbox 920 2065 1710 2103">
     <span class='ocr_line' id='line_1_103' title="bbox 920 2065 1710 2103; baseline 0 -10"><span class='ocrx_word' id='word_1_800' title='bbox 920 2065 1001 2094; x_wconf 84' lang='lat' dir='ltr'><strong>deant</strong></span> <span class='ocrx_word' id='word_1_801' title='bbox 1015 2067 1081 2094; x_wconf 89' lang='lat' dir='ltr'><strong>mihi</strong></span> <span class='ocrx_word' id='word_1_802' title='bbox 1098 2067 1231 2100; x_wconf 65' lang='lat' dir='ltr'><strong>haeretici,</strong></span> <span class='ocrx_word' id='word_1_803' title='bbox 1245 2067 1291 2103; x_wconf 87' lang='lat' dir='ltr'><strong>qui</strong></span> <span class='ocrx_word' id='word_1_804' title='bbox 1314 2067 1482 2095; x_wconf 81' lang='lat' dir='ltr'><strong>nativitatem</strong></span> <span class='ocrx_word' id='word_1_805' title='bbox 1501 2067 1571 2095; x_wconf 87' lang='lat' dir='ltr'><strong>illius</strong></span> <span class='ocrx_word' id='word_1_806' title='bbox 1586 2067 1710 2103; x_wconf 86' lang='lat' dir='ltr'><strong>(Christi)</strong></span> 
     </span>
    </p>
   </div>
   <div class='ocr_carea' id='block_1_104' title="bbox 919 2112 1710 2149">
    <p class='ocr_par' dir='ltr' id='par_1_104' title="bbox 919 2112 1710 2149">
     <span class='ocr_line' id='line_1_104' title="bbox 919 2112 1710 2149; baseline 0 -10"><span class='ocrx_word' id='word_1_807' title='bbox 919 2117 950 2140; x_wconf 90' lang='lat' dir='ltr'><strong>ut</strong></span> <span class='ocrx_word' id='word_1_808' title='bbox 964 2113 1125 2148; x_wconf 85' lang='lat' dir='ltr'><strong>phantasma</strong></span> <span class='ocrx_word' id='word_1_809' title='bbox 1137 2113 1260 2146; x_wconf 89' lang='lat' dir='ltr'><strong>eludunt,</strong></span> <span class='ocrx_word' id='word_1_810' title='bbox 1276 2121 1361 2149; x_wconf 86' lang='lat' dir='ltr'><strong>quare</strong></span> <span class='ocrx_word' id='word_1_811' title='bbox 1377 2113 1503 2141; x_wconf 89' lang='lat' dir='ltr'><strong>Christus</strong></span> <span class='ocrx_word' id='word_1_812' title='bbox 1519 2113 1603 2141; x_wconf 85' lang='lat' dir='ltr'><strong>Filius</strong></span> <span class='ocrx_word' id='word_1_813' title='bbox 1620 2112 1710 2140; x_wconf 87' lang='lat' dir='ltr'><strong>homi-</strong></span> 
     </span>
    </p>
   </div>
   <div class='ocr_carea' id='block_1_105' title="bbox 920 2158 1709 2194">
    <p class='ocr_par' dir='ltr' id='par_1_105' title="bbox 920 2158 1709 2194">
     <span class='ocr_line' id='line_1_105' title="bbox 920 2158 1709 2194; baseline 0.001 -9"><span class='ocrx_word' id='word_1_814' title='bbox 920 2159 962 2185; x_wconf 87' lang='lat' dir='ltr'><strong>nis</strong></span> <span class='ocrx_word' id='word_1_815' title='bbox 976 2159 1144 2194; x_wconf 86' lang='lat' dir='ltr'><strong>appellatur;</strong></span> <span class='ocrx_word' id='word_1_816' title='bbox 1161 2169 1170 2185; x_wconf 78' lang='grc' dir='ltr'><strong>ι</strong></span> <span class='ocrx_word' id='word_1_817' title='bbox 1185 2163 1214 2186; x_wconf 85' lang='lat' dir='ltr'><strong>et</strong></span> <span class='ocrx_word' id='word_1_818' title='bbox 1226 2167 1287 2192; x_wconf 62' lang='lat' dir='ltr'><strong>qua</strong></span> <span class='ocrx_word' id='word_1_819' title='bbox 1302 2164 1381 2187; x_wconf 87' lang='lat' dir='ltr'><strong>tract.</strong></span> <span class='ocrx_word' id='word_1_820' title='bbox 1396 2167 1469 2186; x_wconf 76' lang='lat' dir='ltr'><strong>xxxv</strong></span> <span class='ocrx_word' id='word_1_821' title='bbox 1481 2161 1508 2186; x_wconf 78' lang='lat' dir='ltr'><strong>in</strong></span> <span class='ocrx_word' id='word_1_822' title='bbox 1519 2158 1709 2190; x_wconf 75' lang='lat' dir='ltr'><strong>Matth..num.</strong></span> 
     </span>
    </p>
   </div>
   <div class='ocr_carea' id='block_1_106' title="bbox 920 2205 1709 2242">
    <p class='ocr_par' dir='ltr' id='par_1_106' title="bbox 920 2205 1709 2242">
     <span class='ocr_line' id='line_1_106' title="bbox 920 2205 1709 2242; baseline -0.001 -10"><span class='ocrx_word' id='word_1_823' title='bbox 920 2205 965 2238; x_wconf 75' lang='lat'><strong>92,</strong></span> <span class='ocrx_word' id='word_1_824' title='bbox 979 2213 1040 2240; x_wconf 82' lang='lat' dir='ltr'><strong>pag.</strong></span> <span class='ocrx_word' id='word_1_825' title='bbox 1049 2205 1116 2240; x_wconf 35' lang='lat'><strong>902,:</strong></span> <span class='ocrx_word' id='word_1_826' title='bbox 1135 2215 1144 2232; x_wconf 73' lang='grc' dir='ltr'><strong>ι</strong></span> <span class='ocrx_word' id='word_1_827' title='bbox 1163 2205 1320 2240; x_wconf 88' lang='lat' dir='ltr'><strong>Suscipiens</strong></span> <span class='ocrx_word' id='word_1_828' title='bbox 1335 2206 1407 2234; x_wconf 88' lang='lat' dir='ltr'><strong>enim</strong></span> <span class='ocrx_word' id='word_1_829' title='bbox 1421 2205 1568 2242; x_wconf 84' lang='lat' dir='ltr'><strong>(Christus)</strong></span> <span class='ocrx_word' id='word_1_830' title='bbox 1584 2211 1709 2232; x_wconf 84' lang='lat' dir='ltr'><strong>naturam</strong></span> 
     </span>
    </p>
   </div>
   <div class='ocr_carea' id='block_1_107' title="bbox 922 2252 1710 2287">
    <p class='ocr_par' dir='ltr' id='par_1_107' title="bbox 922 2252 1710 2287">
     <span class='ocr_line' id='line_1_107' title="bbox 922 2252 1710 2287; baseline -0.001 -9"><span class='ocrx_word' id='word_1_831' title='bbox 922 2252 1010 2279; x_wconf 89' lang='lat' dir='ltr'><strong>carnis</strong></span> <span class='ocrx_word' id='word_1_832' title='bbox 1022 2252 1155 2285; x_wconf 67' lang='lat' dir='ltr'><strong>humanae,</strong></span> <span class='ocrx_word' id='word_1_833' title='bbox 1165 2260 1259 2280; x_wconf 88' lang='lat' dir='ltr'><strong>omnes</strong></span> <span class='ocrx_word' id='word_1_834' title='bbox 1274 2253 1454 2287; x_wconf 89' lang='lat' dir='ltr'><strong>proprietates</strong></span> <span class='ocrx_word' id='word_1_835' title='bbox 1468 2252 1599 2285; x_wconf 78' lang='lat' dir='ltr'><strong>implevit,</strong></span> <span class='ocrx_word' id='word_1_836' title='bbox 1611 2257 1640 2279; x_wconf 88' lang='lat' dir='ltr'><strong>ut</strong></span> <span class='ocrx_word' id='word_1_837' title='bbox 1657 2258 1710 2279; x_wconf 83' lang='lat' dir='ltr'><strong>non</strong></span> 
     </span>
    </p>
   </div>
   <div class='ocr_carea' id='block_1_108' title="bbox 922 2296 1710 2332">
    <p class='ocr_par' dir='ltr' id='par_1_108' title="bbox 922 2296 1710 2332">
     <span class='ocr_line' id='line_1_108' title="bbox 922 2296 1710 2332; baseline 0.001 -8"><span class='ocrx_word' id='word_1_838' title='bbox 922 2296 949 2324; x_wconf 90' lang='lat' dir='ltr'><strong>in</strong></span> <span class='ocrx_word' id='word_1_839' title='bbox 968 2297 1109 2332; x_wconf 82' lang='lat' dir='ltr'><strong>phantasia</strong></span> <span class='ocrx_word' id='word_1_840' title='bbox 1126 2297 1254 2325; x_wconf 87' lang='lat' dir='ltr'><strong>habuisse</strong></span> <span class='ocrx_word' id='word_1_841' title='bbox 1276 2305 1389 2326; x_wconf 84' lang='lat' dir='ltr'><strong>carnem</strong></span> <span class='ocrx_word' id='word_1_842' title='bbox 1419 2299 1637 2330; x_wconf 82' lang='lat' dir='ltr'><strong>existimaretur,</strong></span> <span class='ocrx_word' id='word_1_843' title='bbox 1663 2298 1710 2325; x_wconf 78' lang='lat' dir='ltr'><strong>sed</strong></span> 
     </span>
    </p>
   </div>
   <div class='ocr_carea' id='block_1_109' title="bbox 921 2343 1711 2377">
    <p class='ocr_par' dir='ltr' id='par_1_109' title="bbox 921 2343 1711 2377">
     <span class='ocr_line' id='line_1_109' title="bbox 921 2343 1711 2377; baseline 0.001 -8"><span class='ocrx_word' id='word_1_844' title='bbox 921 2343 948 2370; x_wconf 89' lang='lat' dir='ltr'><strong>in</strong></span> <span class='ocrx_word' id='word_1_845' title='bbox 964 2343 1098 2377; x_wconf 89' lang='lat' dir='ltr'><strong>veritate;</strong></span> <span class='ocrx_word' id='word_1_846' title='bbox 1117 2353 1127 2370; x_wconf 76' lang='grc' dir='ltr'><strong>ι</strong></span> <span class='ocrx_word' id='word_1_847' title='bbox 1144 2350 1171 2372; x_wconf 85' lang='lat' dir='ltr'><strong>et</strong></span> <span class='ocrx_word' id='word_1_848' title='bbox 1186 2344 1280 2372; x_wconf 92' lang='lat' dir='ltr'><strong>homil.</strong></span> <span class='ocrx_word' id='word_1_849' title='bbox 1295 2345 1330 2372; x_wconf 72' lang='lat' dir='ltr'><strong>M</strong></span> <span class='ocrx_word' id='word_1_850' title='bbox 1352 2345 1380 2371; x_wconf 82' lang='lat' dir='ltr'><strong>in</strong></span> <span class='ocrx_word' id='word_1_851' title='bbox 1392 2344 1479 2372; x_wconf 87' lang='lat' dir='ltr'><strong>Luc.:</strong></span> <span class='ocrx_word' id='word_1_852' title='bbox 1501 2345 1579 2372; x_wconf 69' lang='lat' dir='ltr'><strong>Jews</strong></span> <span class='ocrx_word' id='word_1_853' title='bbox 1593 2349 1649 2371; x_wconf 81' lang='lat' dir='ltr'><strong>erat</strong></span> <span class='ocrx_word' id='word_1_854' title='bbox 1669 2344 1711 2370; x_wconf 79' lang='lat' dir='ltr'><strong>iu-</strong></span> 
     </span>
    </p>
   </div>
   <div class='ocr_carea' id='block_1_110' title="bbox 921 2389 1710 2426">
    <p class='ocr_par' dir='ltr' id='par_1_110' title="bbox 921 2389 1710 2426">
     <span class='ocr_line' id='line_1_110' title="bbox 921 2389 1710 2426; baseline 0.001 -11"><span class='ocrx_word' id='word_1_855' title='bbox 921 2389 1001 2416; x_wconf 69' lang='lat' dir='ltr'><strong>dutua</strong></span> <span class='ocrx_word' id='word_1_856' title='bbox 1014 2390 1125 2417; x_wconf 75' lang='lat' dir='ltr'><strong>vestibus</strong></span> <span class='ocrx_word' id='word_1_857' title='bbox 1138 2390 1254 2417; x_wconf 75' lang='lat' dir='ltr'><strong>sordidis</strong></span> <span class='ocrx_word' id='word_1_858' title='bbox 1269 2390 1304 2418; x_wconf 83' lang='lat'><strong>&quot;.</strong></span> <span class='ocrx_word' id='word_1_859' title='bbox 1324 2400 1334 2416; x_wconf 86' lang='grc'><strong><em>‹</em></strong></span> <span class='ocrx_word' id='word_1_860' title='bbox 1353 2390 1430 2424; x_wconf 84' lang='lat' dir='ltr'><strong>Quod</strong></span> <span class='ocrx_word' id='word_1_861' title='bbox 1445 2390 1555 2426; x_wconf 86' lang='lat' dir='ltr'><strong>quidem</strong></span> <span class='ocrx_word' id='word_1_862' title='bbox 1571 2397 1598 2418; x_wconf 86' lang='lat' dir='ltr'><strong>et</strong></span> <span class='ocrx_word' id='word_1_863' title='bbox 1612 2391 1710 2417; x_wconf 83' lang='lat' dir='ltr'><strong>adver-</strong></span> 
     </span>
    </p>
   </div>
   <div class='ocr_carea' id='block_1_111' title="bbox 921 2434 1711 2471">
    <p class='ocr_par' dir='ltr' id='par_1_111' title="bbox 921 2434 1711 2471">
     <span class='ocr_line' id='line_1_111' title="bbox 921 2434 1711 2471; baseline 0.001 -10"><span class='ocrx_word' id='word_1_864' title='bbox 921 2442 967 2461; x_wconf 88' lang='lat' dir='ltr'><strong>sus</strong></span> <span class='ocrx_word' id='word_1_865' title='bbox 980 2442 1027 2462; x_wconf 90' lang='lat' dir='ltr'><strong>eos</strong></span> <span class='ocrx_word' id='word_1_866' title='bbox 1041 2434 1107 2463; x_wconf 77' lang='lat' dir='ltr'><strong>facit</strong></span> <span class='ocrx_word' id='word_1_867' title='bbox 1121 2436 1166 2470; x_wconf 93' lang='lat' dir='ltr'><strong>qui</strong></span> <span class='ocrx_word' id='word_1_868' title='bbox 1188 2440 1287 2471; x_wconf 80' lang='lat' dir='ltr'><strong>negant</strong></span> <span class='ocrx_word' id='word_1_869' title='bbox 1302 2436 1444 2464; x_wconf 91' lang='lat' dir='ltr'><strong>Dominum</strong></span> <span class='ocrx_word' id='word_1_870' title='bbox 1471 2442 1593 2465; x_wconf 89' lang='lat' dir='ltr'><strong>nostrum</strong></span> <span class='ocrx_word' id='word_1_871' title='bbox 1617 2437 1711 2463; x_wconf 86' lang='lat' dir='ltr'><strong>Imma-</strong></span> 
     </span>
    </p>
   </div>
   <div class='ocr_carea' id='block_1_112' title="bbox 922 2480 1711 2517">
    <p class='ocr_par' dir='ltr' id='par_1_112' title="bbox 922 2480 1711 2517">
     <span class='ocr_line' id='line_1_112' title="bbox 922 2480 1711 2517; baseline 0.003 -11"><span class='ocrx_word' id='word_1_872' title='bbox 922 2488 986 2507; x_wconf 93' lang='lat' dir='ltr'><strong>num</strong></span> <span class='ocrx_word' id='word_1_873' title='bbox 1001 2480 1128 2508; x_wconf 85' lang='lat' dir='ltr'><strong>habuisse</strong></span> <span class='ocrx_word' id='word_1_874' title='bbox 1141 2489 1250 2517; x_wconf 90' lang='lat' dir='ltr'><strong>corpus,</strong></span> <span class='ocrx_word' id='word_1_875' title='bbox 1266 2483 1313 2509; x_wconf 88' lang='lat' dir='ltr'><strong>sed</strong></span> <span class='ocrx_word' id='word_1_876' title='bbox 1330 2482 1488 2510; x_wconf 88' lang='lat' dir='ltr'><strong>coelestibus</strong></span> <span class='ocrx_word' id='word_1_877' title='bbox 1503 2487 1530 2509; x_wconf 88' lang='lat' dir='ltr'><strong>et</strong></span> <span class='ocrx_word' id='word_1_878' title='bbox 1543 2482 1711 2517; x_wconf 79' lang='lat' dir='ltr'><strong>spiritalibus</strong></span> 
     </span>
    </p>
   </div>
   <div class='ocr_carea' id='block_1_113' title="bbox 921 2525 1707 2559">
    <p class='ocr_par' dir='ltr' id='par_1_113' title="bbox 921 2525 1707 2559">
     <span class='ocr_line' id='line_1_113' title="bbox 921 2525 1707 2559; baseline 0 -8"><span class='ocrx_word' id='word_1_879' title='bbox 921 2525 1005 2554; x_wconf 79' lang='lat' dir='ltr'><strong>fuisse</strong></span> <span class='ocrx_word' id='word_1_880' title='bbox 1017 2530 1184 2556; x_wconf 78' lang='lat' dir='ltr'><strong>contextum.</strong></span> <span class='ocrx_word' id='word_1_881' title='bbox 1199 2527 1228 2554; x_wconf 83' lang='lat' dir='ltr'><strong>Si</strong></span> <span class='ocrx_word' id='word_1_882' title='bbox 1250 2528 1322 2555; x_wconf 89' lang='lat' dir='ltr'><strong>enitn</strong></span> <span class='ocrx_word' id='word_1_883' title='bbox 1338 2528 1371 2555; x_wconf 92' lang='lat' dir='ltr'><strong>de</strong></span> <span class='ocrx_word' id='word_1_884' title='bbox 1385 2527 1553 2559; x_wconf 77' lang='lat' dir='ltr'><strong>caelestibus,</strong></span> <span class='ocrx_word' id='word_1_885' title='bbox 1568 2531 1597 2554; x_wconf 90' lang='lat' dir='ltr'><strong>et</strong></span> <span class='ocrx_word' id='word_1_886' title='bbox 1623 2531 1653 2553; x_wconf 87' lang='lat' dir='ltr'><strong>ut</strong></span> <span class='ocrx_word' id='word_1_887' title='bbox 1669 2526 1707 2552; x_wconf 92' lang='lat' dir='ltr'><strong>illi</strong></span> 
     </span>
    </p>
   </div>
   <div class='ocr_carea' id='block_1_114' title="bbox 922 2570 1710 2608">
    <p class='ocr_par' dir='ltr' id='par_1_114' title="bbox 922 2570 1710 2608">
     <span class='ocr_line' id='line_1_114' title="bbox 922 2570 1710 2608; baseline -0.001 -10"><span class='ocrx_word' id='word_1_888' title='bbox 922 2570 989 2599; x_wconf 82' lang='lat' dir='ltr'><strong>falso</strong></span> <span class='ocrx_word' id='word_1_889' title='bbox 1002 2576 1139 2604; x_wconf 87' lang='lat' dir='ltr'><strong>asserunt,</strong></span> <span class='ocrx_word' id='word_1_890' title='bbox 1157 2572 1192 2600; x_wconf 87' lang='lat' dir='ltr'><strong>de</strong></span> <span class='ocrx_word' id='word_1_891' title='bbox 1209 2573 1355 2606; x_wconf 87' lang='lat' dir='ltr'><strong>sideribus,</strong></span> <span class='ocrx_word' id='word_1_892' title='bbox 1370 2578 1399 2600; x_wconf 92' lang='lat' dir='ltr'><strong>et</strong></span> <span class='ocrx_word' id='word_1_893' title='bbox 1415 2573 1468 2600; x_wconf 91' lang='lat' dir='ltr'><strong>alia</strong></span> <span class='ocrx_word' id='word_1_894' title='bbox 1483 2572 1599 2608; x_wconf 88' lang='lat' dir='ltr'><strong>quadam</strong></span> <span class='ocrx_word' id='word_1_895' title='bbox 1625 2571 1710 2598; x_wconf 85' lang='lat' dir='ltr'><strong>subli-</strong></span> 
     </span>
    </p>
   </div>
   <div class='ocr_carea' id='block_1_115' title="bbox 922 2617 1711 2654">
    <p class='ocr_par' dir='ltr' id='par_1_115' title="bbox 922 2617 1711 2654">
     <span class='ocr_line' id='line_1_115' title="bbox 922 2617 1711 2654; baseline -0.003 -9"><span class='ocrx_word' id='word_1_896' title='bbox 922 2617 1000 2646; x_wconf 91' lang='lat' dir='ltr'><strong>miori</strong></span> <span class='ocrx_word' id='word_1_897' title='bbox 1014 2618 1184 2653; x_wconf 82' lang='lat' dir='ltr'><strong>spiritalique</strong></span> <span class='ocrx_word' id='word_1_898' title='bbox 1201 2623 1297 2646; x_wconf 83' lang='lat' dir='ltr'><strong>natura</strong></span> <span class='ocrx_word' id='word_1_899' title='bbox 1312 2627 1412 2654; x_wconf 85' lang='lat' dir='ltr'><strong>corpus</strong></span> <span class='ocrx_word' id='word_1_900' title='bbox 1421 2619 1482 2654; x_wconf 87' lang='lat' dir='ltr'><strong>ejus</strong></span> <span class='ocrx_word' id='word_1_901' title='bbox 1497 2617 1588 2649; x_wconf 79' lang='lat' dir='ltr'><strong>fuerit,</strong></span> <span class='ocrx_word' id='word_1_902' title='bbox 1599 2624 1711 2651; x_wconf 77' lang='lat' dir='ltr'><strong>reSpon-</strong></span> 
     </span>
    </p>
   </div>
   <div class='ocr_carea' id='block_1_116' title="bbox 925 2662 1709 2700">
    <p class='ocr_par' dir='ltr' id='par_1_116' title="bbox 925 2662 1709 2700">
     <span class='ocr_line' id='line_1_116' title="bbox 925 2662 1709 2700; baseline -0.003 -10"><span class='ocrx_word' id='word_1_903' title='bbox 925 2665 1006 2691; x_wconf 86' lang='lat' dir='ltr'><strong>deant</strong></span> <span class='ocrx_word' id='word_1_904' title='bbox 1014 2671 1098 2698; x_wconf 88' lang='lat' dir='ltr'><strong>quare</strong></span> <span class='ocrx_word' id='word_1_905' title='bbox 1108 2664 1227 2698; x_wconf 90' lang='lat' dir='ltr'><strong>potuerit</strong></span> <span class='ocrx_word' id='word_1_906' title='bbox 1238 2664 1359 2699; x_wconf 89' lang='lat' dir='ltr'><strong>spiritale</strong></span> <span class='ocrx_word' id='word_1_907' title='bbox 1370 2672 1472 2700; x_wconf 80' lang='lat' dir='ltr'><strong>corpus</strong></span> <span class='ocrx_word' id='word_1_908' title='bbox 1480 2670 1542 2691; x_wconf 79' lang='lat' dir='ltr'><strong>esse</strong></span> <span class='ocrx_word' id='word_1_909' title='bbox 1554 2662 1709 2693; x_wconf 85' lang='lat' dir='ltr'><strong>sordidum;</strong></span> 
     </span>
    </p>
   </div>
   <div class='ocr_carea' id='block_1_117' title="bbox 925 2707 1710 2745">
    <p class='ocr_par' dir='ltr' id='par_1_117' title="bbox 925 2707 1710 2745">
     <span class='ocr_line' id='line_1_117' title="bbox 925 2707 1710 2745; baseline -0.004 -9"><span class='ocrx_word' id='word_1_910' title='bbox 925 2714 971 2736; x_wconf 88' lang='lat' dir='ltr'><strong>aut</strong></span> <span class='ocrx_word' id='word_1_911' title='bbox 990 2709 1126 2744; x_wconf 90' lang='lat' dir='ltr'><strong>quomodo</strong></span> <span class='ocrx_word' id='word_1_912' title='bbox 1148 2709 1202 2738; x_wconf 89' lang='lat' dir='ltr'><strong>hoc</strong></span> <span class='ocrx_word' id='word_1_913' title='bbox 1214 2710 1428 2745; x_wconf 81' lang='lat' dir='ltr'><strong>interpretentur</strong></span> <span class='ocrx_word' id='word_1_914' title='bbox 1442 2709 1513 2745; x_wconf 85' lang='lat' dir='ltr'><strong>quod</strong></span> <span class='ocrx_word' id='word_1_915' title='bbox 1538 2707 1682 2744; x_wconf 88' lang='lat' dir='ltr'><strong>posuimus</strong></span> <span class='ocrx_word' id='word_1_916' title='bbox 1702 2715 1710 2733; x_wconf 91' lang='lat'><strong>:</strong></span> 
     </span>
    </p>
   </div>
   <div class='ocr_carea' id='block_1_118' title="bbox 924 2753 1711 2792">
    <p class='ocr_par' dir='ltr' id='par_1_118' title="bbox 924 2753 1711 2792">
     <span class='ocr_line' id='line_1_118' title="bbox 924 2753 1711 2792; baseline -0.005 -9"><span class='ocrx_word' id='word_1_917' title='bbox 924 2754 1066 2792; x_wconf 57' lang='lat' dir='ltr'><strong>latuerat</strong></span> <span class='ocrx_word' id='word_1_918' title='bbox 1084 2755 1193 2784; x_wconf 69' lang='lat' dir='ltr'><strong>indutus</strong></span> <span class='ocrx_word' id='word_1_919' title='bbox 1205 2756 1316 2784; x_wconf 72' lang='lat' dir='ltr'><strong>vestibus</strong></span> <span class='ocrx_word' id='word_1_920' title='bbox 1334 2756 1469 2785; x_wconf 64' lang='lat' dir='ltr'><strong>sordidis?</strong></span> <span class='ocrx_word' id='word_1_921' title='bbox 1482 2765 1493 2783; x_wconf 81' lang='grc' dir='ltr'><strong>ι</strong></span> <span class='ocrx_word' id='word_1_922' title='bbox 1504 2760 1529 2783; x_wconf 85' lang='lat' dir='ltr'><strong>et</strong></span> <span class='ocrx_word' id='word_1_923' title='bbox 1544 2755 1592 2782; x_wconf 86' lang='lat' dir='ltr'><strong>lib.</strong></span> <span class='ocrx_word' id='word_1_924' title='bbox 1609 2762 1627 2782; x_wconf 92' lang='grc' dir='ltr'><strong>ιι</strong></span> <span class='ocrx_word' id='word_1_925' title='bbox 1643 2753 1711 2788; x_wconf 77' lang='grc' dir='ltr'><strong>Περὶ</strong></span> 
     </span>
    </p>
   </div>
   <div class='ocr_carea' id='block_1_119' title="bbox 1515 2889 1554 2919">
    <p class='ocr_par' dir='ltr' id='par_1_119' title="bbox 1515 2889 1554 2919">
     <span class='ocr_line' id='line_1_119' title="bbox 1515 2889 1554 2919; baseline 0 0"><span class='ocrx_word' id='word_1_926' title='bbox 1515 2889 1554 2919; x_wconf 64' lang='grc' dir='ltr'><strong>ἓβ</strong></span> 
     </span>
    </p>
   </div>
  </div>
