1904 3077
831 124 861 152 Ρ.
884 124 1041 152 ΠΑΝΙΕΙᾸΒ
1061 123 1178 153 HUETII

1770 126 1821 154 διε

197 186 309 222 ἀρχῶν,
325 192 384 221 cap.
399 184 428 218 6,
445 191 518 212 num.
534 182 570 210 2:
590 192 599 209 ι
616 182 728 218 Propter
744 184 815 218 quod
833 191 893 211 cum
910 184 983 211 omni
999 188 1022 216 Α
1072 184 1154 212 Trahi
1169 190 1276 219 quoque
1289 183 1353 211 illud
1367 188 1453 219 potest
1469 184 1495 211 in
1510 183 1671 211 calumniam
1685 185 1756 219 quod
1771 186 1819 212 ha-

198 239 270 261 metu
287 236 313 260 et
336 230 485 259 reverentia
507 229 742 264 contemplandum
763 234 821 263 est,
839 234 869 256 ut
889 229 916 256 in
932 237 986 257 uno

197 279 346 313 eodemque
359 277 553 310 itavutriusqne
573 279 675 302 natura:
689 275 791 303 veritas
815 276 985 303 demonSIre—

197 331 243 353 tur
255 345 262 358 ,
281 329 311 352 ut
328 330 415 358 neque
432 322 533 357 aliquid
556 321 694 357 indignum
709 326 736 349 et
757 321 885 349 indecens
900 323 926 349 in
943 322 985 349 di-

196 372 258 398 vina
286 370 332 397 illa
356 374 384 397 et
405 367 533 396 ineii'abili
557 366 707 394 substantia
733 368 875 401 sentiatur,
897 375 985 402 neque

196 423 304 444 rttrsum
318 422 378 450 qua:
390 419 464 450 gesta
482 417 546 441 suttt
563 413 638 440 falsis
653 413 730 440 illusa
748 413 912 448 imaginibus
926 413 985 440 exi-

197 463 360 495 stimentur;
384 470 394 487 ι
410 465 438 489 et
453 460 500 488 lib.
518 467 532 485 v
550 459 578 486 in
592 458 677 494 Epist.
693 461 728 486 ad
743 459 830 492 Rom,
855 467 931 488 num.
945 459 982 487 9:

199 518 211 535 r
228 509 282 537 Sed
304 508 356 536 hoc
373 515 426 535 non
447 506 626 541 intelligentes
646 506 756 540 quidam
784 505 984 537 haereticorum,

196 555 285 584 conati
310 560 375 583 sunt
395 561 428 582 ex
455 553 508 581 hoc
528 552 649 587 Apostoli
674 551 733 579 loco
748 551 840 587 (Rom.
858 559 894 584 vr,
913 551 941 585 5,
956 551 984 586 6)

196 609 321 630 asserere
343 601 414 636 quod
437 600 563 628 Christus
585 607 638 626 non
659 606 723 626 vere
739 602 862 625 mortuus
876 597 921 631 sit,
937 598 984 624 sed

195 647 402 676 similitudinem
426 646 522 673 mortis
538 645 674 678 habuerit,
699 649 726 672 et
741 645 816 672 visus
835 644 871 672 sit
897 643 984 678 magis

195 695 286 727 mori,
301 701 381 729 quam
398 700 461 720 vere
480 697 603 720 mortuus
628 692 672 719 sit.
694 691 798 724 Quibus
822 689 985 725 respondere

196 741 326 777 quoniam
340 739 468 774 perfacile
480 744 532 770 est,
544 746 595 766 non
607 742 671 773 puto
685 737 869 765 necessarium
883 743 916 764 ex
933 743 986 763 ca:-

196 787 311 816 terisvel
327 786 461 820 Apostoli,
473 786 515 814 vel
529 785 738 820 Evangeliorum
751 783 845 814 dictis,
858 782 903 810 ubi
919 783 985 810 sitn-

195 833 301 869 pliciter
316 839 389 859 tnors
406 831 473 865 ejus,
491 836 518 859 et
535 838 588 858 non
606 829 755 857 similitudo
770 829 868 855 mortis
885 827 983 855 scribi-

197 884 252 910 tur.
268 875 483 904 testimoniorum
499 876 604 911 pondus
619 873 757 905 adhibere,
773 880 834 900 cutn
850 873 983 907 possimus

195 923 229 951 ad
241 931 287 951 eos
301 923 392 950 dicere
406 931 412 949 :
428 922 457 949 Si
470 921 618 949 similitudo
633 920 839 953 mortist‘uit,'et
854 927 906 947 non
921 927 982 947 vera

195 969 372 1002 resurrectio,
383 973 411 996 et
427 976 475 996 nos
485 975 550 1003 ergo
561 967 713 994 videbimur
727 973 878 1002 resurgere,
892 971 918 993 et
930 973 983 993 non

196 1022 382 1050 resurgemus:
397 1019 424 1042 et
434 1013 586 1041 videbimur
599 1013 667 1040 mori
679 1016 799 1047 peccato,
812 1016 839 1040 et
855 1019 908 1038 non
921 1018 983 1038 vere

197 1062 363 1089 moriemur:
378 1066 406 1088 et
418 1067 499 1088 onme
511 1066 576 1095 ergo
590 1059 660 1094 quod
676 1063 780 1093 gestum
795 1063 849 1091 est,
866 1062 893 1085 et
909 1057 984 1092 geri-

197 1114 251 1140 tur,
265 1108 352 1135 visum
368 1112 410 1134 est
424 1106 499 1142 geri,
514 1105 562 1133 sed
587 1112 640 1132 non
660 1109 701 1132 est
718 1109 834 1140 gestum.
854 1103 985 1137 Superest

196 1155 279 1189 igitur
293 1159 321 1180 ιιι
335 1158 362 1180 et
375 1153 446 1188 quod
467 1152 563 1180 salvati
587 1159 692 1183 sumus,
707 1151 758 1178 visi
774 1151 859 1177 simus
873 1149 982 1182 salvari,

196 1201 244 1227 sed
257 1207 308 1227 non
323 1206 385 1226 vere
403 1197 497 1225 salvati
511 1197 604 1224 simus.
617 1195 694 1223 Unde
708 1196 834 1230 quoniam
852 1195 909 1222 hate
930 1199 983 1221 tam

196 1246 312 1274 absurda
334 1250 407 1279 sunt,
426 1249 519 1272 utnon
542 1244 682 1279 indigeant
704 1241 918 1278 probationibus,
936 1248 984 1267 nos

196 1293 229 1320 :.d
243 1291 459 1326 explanationem
473 1297 568 1318 eorum
582 1297 642 1325 quae
655 1289 789 1316 habentur
803 1288 829 1315 in
848 1286 985 1321 sequenti-

195 1347 246 1367 ).us
259 1343 466 1370 convertamur;
487 1347 497 1363 θ
512 1341 539 1364 et
570 1337 617 1364 lib.
635 1344 653 1363 ll
676 1340 766 1362 contra
792 1333 861 1361 Cels.
874 1354 880 1363 ,
908 1341 982 1360 num.

197 1385 242 1419 :6,
266 1392 326 1420 pag.
344 1383 417 1411 402:
441 1382 539 1410 Ἐλαθε
557 1383 585 1409 δὲ
606 1381 686 1408 αὑτὸν
709 1381 739 1407 τὸ
762 1379 900 1416 εἰρηκέναι
923 1378 985 1406 τινὰ

196 1432 250 1459 ’.λῶν
263 1432 292 1458 ὲν
303 1431 362 1462 ταῖς
376 1429 506 1466 αἱρέσεσι,
521 1429 631 1464 δοκήσει
651 1427 696 1454 τὸν
716 1426 820 1462 Ἰησοῦν
832 1425 918 1452 ταῦτα
935 1434 985 1452 πε-

196 1477 334 1508 πονθέναι,
348 1476 378 1503 οὺ
395 1475 556 1502 πεπονθότα.
575 1474 612 1502 οὐ
629 1473 682 1510 γὰρ
714 1472 841 1507 ἐγνωκὼς
854 1470 913 1498 εἷπε
933 1471 983 1497 τό·

196 1524 257 1551 dies
270 1523 324 1559 γὰρ
335 1522 414 1549 τοῦτο
433 1521 522 1548 εἷπε-τε
532 1542 539 1554 ,
553 1521 594 1547 ὅτι
607 1519 693 1546 ἐδόκει
720 1520 768 1555 μὲν
783 1521 840 1551 τοῖς
862 1518 985 1546 ἀσεϐέσιν

197 1568 350 1604 ἀνθρώποις
365 1567 451 1594 ταῦτα
468 1567 593 1601 πάσχειν,
605 1566 654 1592 οὐκ
665 1565 767 1600 ἔπασχε
781 1564 823 1591 δέ’
839 1563 896 1591 ἀλλ’
911 1564 984 1591 ἄντι-

197 1624 266 1651 λρυς
281 1615 377 1642 παθεῖν
397 1613 585 1650 ὁμολογεῖται·
604 1612 662 1639 ἀλλ’
683 1613 765 1647 ἡμεῖς
786 1611 816 1637 τὸ
835 1610 924 1637 δοκεῖν
939 1610 985 1636 ἐπὶ

196 1661 242 1688 τοῦ
259 1661 354 1687 παθεῖν
367 1659 396 1686 οὗ
411 1660 545 1695 τάσσομεν
555 1680 561 1692 ,
581 1658 623 1685 ἵνα
643 1658 679 1694 μὴ
696 1657 796 1693 ψευδὴς
814 1655 897 1683 αὑτοῦ
908 1656 983 1692 καὶὴ

196 1706 343 1737 ἀνάστασις
359 1703 387 1741 ᾖ,
400 1704 457 1732 ἀλλ’
473 1704 586 1740 ἀληθής.
604 1704 632 1730 '0
647 1702 702 1739 γὰρ
713 1701 820 1738 ἀληθῶς
833 1700 984 1733 ἀποθανὼν,

197 1753 222 1780 εἰ
241 1753 340 1788 ἀνέστη
350 1771 357 1784 ,
372 1750 479 1787 ἀληθῶς
490 1750 601 1786 ἀνέστη.
624 1749 654 1777 ‘0
666 1749 695 1775 δὲ
710 1747 797 1775 δοκῶν
815 1747 984 1782 τεθνηκέναι,

196 1798 248 1825 οὐκ
265 1797 375 1833 ἀληθῶς
389 1797 500 1832 ἀνέστη.
515 1796 583 1824 Hinc
598 1795 670 1823 illius
685 1795 711 1822 in
733 1793 913 1821 Marcionistis
926 1793 985 1828 opi-

197 1844 287 1871 nionis
303 1843 462 1870 damnanda:
483 1849 515 1870 ac
529 1841 698 1869 eonfutandaz
711 1841 802 1875 partes
824 1839 985 1866 Adamantio

197 1893 271 1916 recte
289 1888 384 1915 tribuit
399 1892 495 1915 auctor
511 1886 609 1921 dialogi
633 1886 672 1913 De
691 1889 762 1912 recta
779 1885 808 1912 in
821 1883 904 1911 Deum
920 1883 985 1918 ﬁde,

197 1940 264 1963 sect.
278 1934 304 1961 4.

234 1980 289 2008 XII.
307 1980 373 2014 Qum
388 1987 450 2007 cutn
466 1979 502 2006 ita
515 1979 587 2010 sint,
606 1977 703 2004 mirum
717 1976 801 2004 videri
814 1976 908 2011 possit,
921 1975 985 2010 quid

197 2025 233 2052 sit
256 2033 305 2052 cur
328 2025 420 2052 liontil.
439 2024 469 2050 l7
488 2024 514 2050 in
531 2022 595 2049 Luc.
617 2023 653 2050 ita
677 2022 818 2057 scripserit
836 2021 984 2056 Origenes:

200 2080 210 2097 ι
231 2071 328 2098 llahuit
344 2078 442 2105 corpus
454 2071 600 2097 humanum
608 2068 757 2104 (Christus)
775 2072 802 2095 et
815 2068 867 2095 hoc
880 2068 985 2102 signum

198 2122 240 2144 est
256 2117 297 2144 cui
316 2115 521 2143 contradicitur.
536 2114 590 2142 Alii
605 2114 677 2142 enim
696 2114 789 2141 dicunt
800 2120 861 2141 eum
880 2113 987 2140 venisse

198 2163 232 2190 de
245 2162 341 2194 cretis;
358 2161 403 2188 alii
427 2161 480 2188 tale
501 2161 582 2195 quale
605 2168 654 2188 nos
675 2167 773 2195 corpus
798 2159 944 2191 habuisse,
959 2163 988 2186 ttt

198 2215 247 2242 per
268 2207 471 2234 similitudinem
492 2206 615 2240 corporis
646 2206 727 2233 etiam
753 2209 844 2232 nostra
873 2211 986 2239 corpora

198 2253 344 2280 redimeret
357 2260 372 2279 a
394 2251 523 2286 peccatis.
543 2256 570 2279 et
587 2252 664 2278 daret
678 2249 756 2278 nobis
772 2257 847 2284 spem
864 2256 986 2277 resurre-

198 2298 309 2325 ctionis.
329 2307 338 2323 ι
360 2297 544 2332 lleprehendit
566 2303 612 2324 eos
629 2295 761 2331 Origenes
783 2296 830 2329 qui
847 2295 984 2322 Christum

198 2343 293 2370 dicunt
309 2351 318 2367 ι
340 2341 392 2368 tale
417 2341 498 2375 quale
520 2348 569 2368 nos
595 2348 693 2374 corpus
720 2339 864 2373 habuisse;
885 2348 895 2364 ι
920 2346 986 2374 ergo

199 2394 298 2421 corpus
312 2386 397 2413 nostri
419 2386 548 2413 dissimile
559 2391 679 2422 gestasse
692 2384 806 2420 putavit.
823 2384 850 2411 lu
867 2392 920 2419 quo
936 2393 986 2411 au-

201 2438 254 2460 tem
271 2432 357 2467 posita
379 2431 462 2459 fuerit
474 2439 505 2458 ea
523 2431 728 2464 dissimilitudo,
740 2431 798 2465 ipse
823 2431 947 2458 edisserit
959 2432 985 2457 in

199 2478 333 2514 promutio
350 2476 480 2504 librorum
500 2477 571 2512 Περὶ
585 2476 702 2511 ἀρχῶν,
721 2484 796 2503 nntn.
812 2476 849 2503 ιε
869 2485 878 2501 ι
897 2476 987 2503 incar-

201 2530 280 2552 natus
296 2529 337 2552 est
351 2523 496 2558 (Christus)
513 2531 575 2551 cum
592 2524 662 2549 Deus
673 2527 756 2555 esset,
771 2527 799 2550 et
814 2523 894 2549 homo
908 2530 986 2549 utan-

200 2572 235 2598 sit
251 2570 321 2606 quod
345 2570 417 2598 Deus
434 2575 503 2598 erat.
520 2570 623 2604 Corptts
647 2569 794 2604 assumpsit
815 2573 909 2596 nostro
924 2576 988 2596 θοι·-

200 2617 258 2652 pori
273 2616 372 2648 simile,
388 2624 421 2643 eo
433 2616 493 2644 solo
508 2615 636 2643 diﬂerens
648 2615 719 2650 quod
731 2619 823 2641 natum
833 2622 865 2642 ex
878 2615 988 2649 Virgine

201 2663 235 2690 de
252 2662 353 2697 Spiritu
367 2667 462 2690 saneto
477 2667 530 2690 est.
546 2661 579 2688 Et
596 2661 723 2696 quoniam
743 2661 793 2695 [hic
812 2659 891 2687 Jesus
909 2659 988 2687 Chri-

201 2713 260 2734 stus
282 2713 361 2734 natus
384 2712 412 2734 et
436 2714 531 2742 passus
555 2711 597 2734 est
622 2706 648 2733 ill
672 2710 796 2738 veritate,
815 2710 842 2733 et
864 2713 917 2732 non
941 2711 989 2738 per

202 2753 372 2788 phantasiam
400 2759 571 2780 communem
599 2752 669 2779 hanc
699 2756 813 2779 mortem
849 2750 989 2782 sustinttit,

201 2805 266 2825 vere
289 2803 411 2830 mortuus
435 2802 477 2827 cst
499 2807 506 2826 :
533 2805 597 2826 vere
622 2798 694 2826 enim
720 2806 735 2826 a
759 2797 872 2826 mortuis
900 2803 990 2824 resur-

204 2844 283 2876 rexit,
300 2852 309 2869 ι
324 2847 378 2870 etc.

1035 231 1082 258 bet
1092 230 1222 266 Origenes
1237 231 1262 257 iu
1276 230 1402 269 Apologia
1415 229 1545 266 Pamphili
1558 238 1590 258 ex
1604 231 1651 258 lib.
1669 238 1677 258 l
1692 231 1720 258 in
1734 230 1819 266 Epist.

1036 276 1071 303 ad
1089 275 1175 304 Galat.
1190 283 1199 302 :
1216 286 1225 303 ι
1244 275 1296 304 Sed
1311 281 1335 304 et
1351 277 1564 304 circumcisionis
1577 277 1635 312 ejus
1653 278 1722 305 ratio
1744 279 1821 306 nobis

1035 323 1146 358 quidem
1168 330 1222 350 non
1245 322 1386 357 generabit
1407 323 1577 357 angustiam,
1593 323 1745 351 dicentibus
1761 331 1820 351 eum

1036 372 1235 403 consequenter
1243 367 1364 395 humano
1377 374 1492 402 corpore
1501 371 1529 394 et
1544 367 1736 395 circumcisum
1751 376 1819 401 esse.

1036 419 1064 441 et
1077 413 1237 448 prreputiunt
1253 413 1311 446 ejus
1328 416 1407 439 terra:
1424 413 1581 440 mandatum
1600 412 1724 441 fortassis
1737 422 1820 448 usque

1035 461 1069 487 ad
1093 465 1218 496 tempus;
1235 464 1282 487 aut
1298 459 1320 487 si
1344 459 1424 487 aliter
1437 464 1480 486 est
1491 479 1498 491 ,
1517 459 1543 486 in
1560 459 1613 487 alia
1637 460 1821 495 disputatione

1037 507 1199 542 requiretur.
1215 505 1279 533 Haec
1291 510 1379 534 tamen
1394 506 1452 541 ejus
1467 506 1639 534 circumcisio
1654 507 1722 534 satis
1739 514 1819 534 coan-

1036 553 1156 588 gustabit
1171 559 1218 580 eos
1239 552 1285 586 qui
1307 559 1339 579 ex
1365 552 1471 580 diverso
1497 558 1559 580 sunt
1575 553 1613 588 (id
1633 557 1684 585 est,
1699 553 1819 589 ἑτεροδό-

1036 600 1107 633 ξους,
1125 607 1178 635 qua
1202 599 1311 627 notione
1330 599 1424 626 eadem
1447 600 1547 627 locutio
1560 599 1623 627 alibi
1645 601 1817 635 usurpatur);

1035 646 1157 682 Spiritale
1176 645 1248 673 enim
1265 652 1364 680 corpus
1382 646 1517 680 quomodo
1540 650 1646 680 poterat
1660 646 1820 674 circumcidi

1037 692 1109 720 ferro
1121 696 1229 719 terreno
1239 691 1251 718 ?
1261 690 1372 726 Propter
1383 691 1452 725 quod
1467 699 1519 718 non
1532 691 1700 718 erubuerunt
1712 692 1820 727 quidam

1035 742 1068 762 es
1084 735 1150 770 ipsis
1162 735 1195 762 de
1217 735 1347 770 pneputio
1366 735 1582 763 circumcisionis
1599 735 1657 771 ejus
1682 737 1766 764 etiam
1789 737 1820 764 li-

1035 780 1099 809 bros
1117 782 1215 812 edere.
1232 781 1330 816 quibus
1355 780 1497 808 ostendere
1515 780 1685 809 conarentur
1701 783 1773 817 quod
1795 784 1819 810 iu

1037 827 1215 854 substantiam
1232 825 1345 854 cesserit
1367 826 1527 860 spiritalem.
1542 826 1599 853 Non
1624 828 1715 855 minus
1730 832 1818 855 autem

1037 873 1251 907 angustabuntur
1265 872 1346 899 etiam
1364 872 1400 898 illi
1417 872 1463 906 qui
1482 872 1600 900 animale
1613 880 1714 907 corpus
1730 872 1821 900 dicunt

1036 925 1096 946 esse
1111 925 1207 952 corpus
1222 916 1333 944 Christi.
1354 926 1363 943 ι
1381 917 1452 952 Ergo
1468 917 1584 945 animale
1603 924 1704 952 corpus
1717 917 1822 945 Christo

1036 963 1188 997 abjudicat;
1214 963 1261 990 sed
1287 967 1314 990 et
1341 962 1662 995 humanum,humauum
1689 963 1820 998 siquidem

1039 1018 1049 1035 ι
1065 1015 1165 1044 corpus
1184 1008 1300 1036 animale
1318 1017 1328 1034 ι
1351 1008 1426 1042 juxta
1442 1008 1598 1043 Apostolunt
1617 1009 1626 1036 I
1641 1009 1705 1036 Cor.
1726 1017 1776 1041 xv,
1790 1009 1822 1036 ιι

1036 1059 1064 1081 et
1078 1061 1135 1088 seq.
1150 1053 1310 1081 Verum-res
1325 1054 1404 1081 aliter
1415 1055 1532 1088 putanda
1549 1059 1601 1083 est.
1617 1054 1820 1082 Valentiuianos

1037 1099 1168 1135 siquidem
1196 1100 1372 1135 perstringit,
1399 1100 1446 1134 qui
1472 1107 1533 1127 cum
1561 1100 1658 1135 triplex
1683 1100 1821 1128 hominum

1037 1152 1122 1180 genus
1137 1152 1196 1172 esse
1210 1145 1369 1177 sciscerent.
1385 1144 1440 1171 τῶν
1457 1144 1663 1179 πνευματικῶν,
1678 1144 1735 1171 τῶν
1745 1145 1822 1180 ψυχι-

1037 1191 1104 1224 κῶν,
1128 1195 1156 1219 et
1170 1190 1223 1217 τῶν
1239 1191 1339 1226 χοῖκῶν
1355 1192 1400 1226 qui
1425 1196 1452 1219 et
1474 1191 1577 1223 ὑλικοὶ,
1595 1195 1623 1218 et
1649 1192 1778 1226 σαρκικοί
1798 1197 1822 1218 et

1036 1237 1126 1273 γήϊνοι
1146 1236 1246 1264 abillis
1269 1236 1448 1270 dicebantur,
1467 1241 1495 1264 et
1517 1237 1606 1272 priera
1631 1237 1685 1264 duo
1708 1237 1821 1264 salutem

1037 1289 1164 1310 aeternam
1180 1283 1288 1317 assequi
1302 1289 1391 1317 posse.
1404 1283 1538 1317 posterius
1551 1284 1711 1317 neutiquam
1727 1291 1734 1315 ;
1747 1283 1822 1310 Citri-

1039 1334 1110 1356 sttun
1123 1335 1176 1356 non
1186 1327 1373 1364 πνευματικὴν
1381 1328 1478 1360 solum,
1494 1328 1540 1356 sed
1549 1327 1668 1364 ψυχικὴν
1684 1328 1768 1355 etiam
1779 1336 1823 1354 na-

1039 1380 1126 1402 tttram
1142 1374 1321 1409 assumpsisse
1335 1374 1511 1402 deﬁniebant.
1532 1374 1639 1402 Testem
1664 1374 1761 1402 damus
1775 1374 1824 1401 Iro-

1039 1429 1125 1448 naeum
1139 1421 1208 1455 apud
1226 1421 1404 1458 Epiphanium
1420 1422 1484 1448 hazr.
1499 1428 1581 1454 xui,
1608 1428 1669 1455 cap.
1691 1420 1730 1447 20
1751 1430 1759 1448 :
1780 1420 1823 1447 Διὸ

1038 1467 1085 1495 καὶ
1100 1467 1202 1503 κόσμον
1214 1467 1430 1495 κατεσκευάσθαι
1444 1467 1567 1502 λέγουσι,
1588 1468 1635 1494 καὶ
1651 1468 1697 1494 τὸν
1712 1467 1823 1503 Σωτῆρα

1038 1513 1067 1540 δὲ
1082 1514 1128 1541 ἐπὶ
1141 1513 1219 1540 τοῦτο
1230 1513 1445 1549 παραγεγονέναι
1460 1514 1491 1540 ἰνδ
1504 1514 1628 1548 ψυχικὸν,
1644 1513 1706 1540 ἐπεὶ
1721 1513 1768 1540 καὶ
1779 1513 1811 1540 αὐ

1036 1559 1171 1593 τεξούσιόν
1193 1561 1278 1592 ἐστιν,
1301 1561 1375 1592 ὅπως
1395 1559 1461 1586 αὐτὸ
1480 1559 1566 1596 σώσῃ.
1583 1557 1634 1586 Ὧν
1659 1559 1716 1596 γὰρ
1732 1559 1823 1595 ἔμελλε

1036 1605 1151 1638 σώζειν,
1174 1605 1224 1638 τὰς
1244 1606 1370 1641 ἀπαρχὰς
1394 1605 1483 1632 αὐτῶν
1508 1606 1647 1641 εἰληφέναι
1662 1606 1822 1640 φάσκουσιν,

1036 1652 1090 1679 ἀπὸ
1106 1651 1155 1688 μὲν
1175 1652 1225 1688 τῆς
1244 1652 1368 1688 Ἀχαμὼθ
1387 1653 1416 1679 τὸ
1434 1653 1631 1687 manna-ttbe,
1656 1653 1712 1679 ἀπὸ
1730 1653 1758 1679 δὲ
1779 1651 1822 1678 τοῦ

1035 1698 1207 1734 Δημιουργοῦ
1225 1698 1377 1725 ἐνδεδύσθαι
1391 1699 1423 1725 τὸ
1440 1699 1554 1734 ψυχικὸν
1572 1698 1707 1734 Χριστὸν,
1723 1699 1777 1726 ἀπὸ
1796 1698 1823 1725 δὲ

1035 1744 1085 1780 τῆς
1098 1745 1253 1780 οἰκονομίας
1264 1745 1462 1780 περιτεθεῖσθαι
1479 1744 1556 1780 σῶμα
1569 1744 1688 1780 ψυχικὴν
1705 1744 1767 1780 ἔχον
1781 1744 1823 1770 οὑ-

1036 1789 1107 1821 σίαν,
1128 1790 1382 1825 κατεσκευασμένον
1404 1789 1433 1816 δὲ
1455 1790 1567 1826 ἀρῤήτῳ
1587 1791 1667 1825 τέχνῃ
1681 1810 1688 1821 ,
1707 1790 1775 1826 πρὸς
1795 1789 1824 1816 τδ

1035 1835 1084 1862 καὶ
1105 1835 1211 1872 ὁρατὸν,
1234 1836 1281 1863 καὶ
1303 1836 1473 1871 ψηλαφητὺν,
1497 1837 1546 1863 καὶ
1568 1836 1688 1872 παθητὸν
1711 1835 1823 1871 γεγενῆ-

1036 1881 1108 1908 σθαι.
1135 1882 1190 1908 Καὶ
1215 1881 1308 1908 ὑλικὸν
1327 1882 1355 1908 δὲ
1382 1882 1436 1908 οὐδ’
1457 1881 1546 1908 ὁτιοῦν
1568 1882 1708 1917 εἰληφέναι
1733 1881 1822 1915 λέγου-

1037 1937 1079 1955 σιν
1098 1928 1189 1957 αὐτόν.
1208 1927 1254 1964 Μὴ
1272 1927 1327 1964 γὰρ
1354 1925 1423 1954 εἶναι
1443 1928 1492 1963 τὴν
1509 1927 1574 1963 ὓλην
1593 1928 1720 1964 δεκτικὴν
1740 1936 1823 1963 σωτη-

1037 1973 1107 2009 ρίας.
1128 1983 1137 1999 ι
1154 1973 1285 2007 Quocirca
1297 1978 1324 2000 et
1342 1974 1469 2001 mundum
1486 1974 1625 2001 conditum
1641 1982 1703 2002 esse
1719 1975 1819 2006 dicunt,

1037 2024 1064 2046 et
1075 2019 1248 2047 Servatorem
1263 2018 1297 2046 ad
1316 2017 1432 2046 animale
1448 2018 1513 2046 illud
1528 2020 1680 2051 devenisse.
1695 2020 1820 2054 quoniam

1037 2065 1163 2093 libertate
1177 2065 1280 2092 arhitrii
1295 2065 1387 2100 pollet,
1401 2068 1430 2091 ut
1444 2064 1470 2092 id
1487 2071 1619 2092 servaret.
1632 2065 1738 2098 Quibus
1753 2064 1820 2092 enim

1037 2112 1149 2139 salutent
1168 2117 1375 2147 comparaturus
1389 2117 1481 2145 esset,
1504 2119 1598 2139 eorum
1622 2112 1758 2147 primitias
1780 2119 1822 2138 as-

1038 2157 1186 2191 sumpsisse
1207 2157 1320 2191 dicunt;
1336 2160 1370 2184 ab
1385 2157 1538 2185 Achamoth
1562 2157 1671 2192 quidem
1688 2158 1818 2192 spiritale,

1038 2203 1072 2230 ab
1083 2202 1186 2237 Opiﬁce
1201 2209 1267 2229 vero
1281 2202 1398 2230 animale
1408 2202 1546 2230 Christum
1560 2203 1681 2230 tttduisse
1694 2213 1701 2230 :
1719 2209 1822 2237 propter

1038 2248 1302 2276 administrationem
1334 2254 1424 2276 autem
1454 2257 1530 2276 suain
1554 2249 1776 2283 circumpositum
1799 2248 1821 2274 ei

1039 2294 1122 2322 fuisse
1140 2301 1238 2329 corpus
1262 2293 1370 2320 animali
1395 2299 1492 2322 natura
1517 2295 1658 2329 prmditum
1673 2314 1680 2326 ,
1699 2293 1821 2321 ineﬂ'abili

1038 2347 1103 2368 vero
1117 2345 1176 2367 arte
1187 2345 1386 2373 constructum,
1400 2346 1429 2368 ιιι
1440 2341 1538 2373 videri,
1555 2342 1626 2374 tangi
1641 2345 1668 2367 et
1692 2341 1747 2373 pati
1766 2347 1822 2374 pos-

1039 2391 1092 2413 set.
1107 2385 1179 2413 Nihil
1195 2391 1284 2413 autetn
1301 2389 1414 2414 materia
1429 2392 1557 2414 constans
1581 2387 1657 2413 illum
1673 2386 1821 2419 suscepisse

1040 2432 1132 2459 dicunt
1150 2440 1158 2465 ;
1181 2433 1322 2460 materiam
1347 2434 1447 2469 quippe
1471 2434 1570 2461 salutis
1589 2433 1746 2467 neutiquam
1766 2439 1821 2458 esse

1041 2486 1179 2514 capacem.
1199 2488 1209 2505 ›

1077 2524 1144 2552 Xlll.
1165 2525 1203 2552 Ac
1222 2525 1353 2561 cogitanti
1370 2526 1434 2553 mihi
1451 2526 1522 2554 unde
1538 2526 1609 2552 hanc
1621 2525 1655 2552 de
1671 2533 1702 2552 se
1719 2524 1821 2550 violata:

1041 2569 1218 2598 humanitatis
1231 2571 1344 2605 Christi,
1360 2572 1438 2606 eique
1455 2571 1514 2598 l'alsi
1538 2570 1619 2597 amoti
1637 2570 1761 2604 corporis
1779 2576 1821 2594 su—

1041 2616 1189 2650 spicionem
1201 2618 1379 2644 conunoverit
1391 2617 1534 2651 Origenes,
1547 2617 1636 2643 locum
1656 2624 1739 2642 unum
1755 2622 1817 2648 prta.

1043 2665 1085 2687 ter
1097 2661 1250 2695 superiores
1268 2661 1337 2688 duos
1361 2662 1476 2695 reperio,
1491 2661 1561 2688 unde
1576 2662 1633 2687 haec
1658 2661 1744 2695 potuit
1759 2658 1816 2685 oriri

1041 2705 1205 2733 criminatio.
1222 2706 1247 2733 ls
1264 2706 1380 2734 habetur
1395 2712 1474 2734 tract.
1489 2714 1561 2733 xuv
1579 2707 1605 2733 in
1621 2705 1729 2736 ΜαιιΙιη
1751 2711 1817 2731 ηιιιιι.

1042 2751 1104 2784 100.
1116 2759 1181 2787 νη.-
1193 2752 1265 2780 906:
1282 2761 1292 2778 ι
1305 2751 1386 2780 Venit
1402 2758 1492 2780 autem
1515 2752 1624 2779 traditio
1640 2752 1699 2778 talis
1720 2751 1751 2777 ad
1775 2755 1818 2776 uos

1042 2799 1075 2824 de
1087 2804 1130 2829 eo,
1142 2798 1267 2832 quoniam
1281 2805 1333 2825 non
1346 2798 1432 2826 solum
1445 2798 1504 2826 dua:
1516 2798 1609 2825 forma:
1620 2798 1688 2824 ineo
1701 2796 1816 2823 fixerunt:

1043 2851 1095 2870 una
1110 2843 1217 2878 quidem
1239 2844 1388 2872 secundum
1408 2852 1489 2880 quam
1502 2851 1597 2872 omnes
1606 2850 1669 2872 eum
1682 2842 1816 2872 videbant;
