1904 3077
78 128 126 156 815

472 125 759 154 ORIGENIANORUM
779 126 843 155 ΗΒ.
866 127 897 159 ll,
919 128 995 155 CAP.
1017 128 1049 162 ll,
1069 129 1209 163 QUEST.
1231 130 1274 158 ιιι.

1643 134 1695 161 κει

78 190 156 216 altera
180 192 267 214 autem
293 186 440 214 secundum
467 194 547 221 qttam
574 188 781 224 transﬁguratus
816 194 858 216 cst
873 193 895 220 Α
912 190 1082 222 tellexerant,
1105 191 1173 219 adeo
1186 196 1216 218 ttt
1237 191 1309 219 aliud
1336 191 1461 227 aliudque
1480 192 1594 227 singulis
1613 200 1696 228 appa-

78 243 162 263 c0rum
177 233 315 268 discipulis
328 233 385 260 suis
405 234 430 260 itt
445 239 546 267 monte,
558 238 665 269 quando
680 241 707 263 et
731 236 854 270 reSplen-

77 282 128 309 duit
146 281 227 307 facies
248 279 306 314 ejus
324 285 452 316 tanquam
468 281 519 312 sol,
536 282 582 308 sed
609 282 690 308 etiam
709 282 854 317 unicuique

77 326 214 361 apparebat
233 325 381 352 secundum
406 326 476 359 quod
503 326 590 352 fuerat
614 326 721 360 dignus.
737 326 770 353 Et
793 334 854 353 cum

77 373 163 399 fuisset
180 372 247 406 ipse,
263 371 340 405 quasi
364 379 416 398 non
446 372 503 405 ipse
521 371 647 399 omnibus
675 372 828 399 videbatur.
844 382 853 398 ι

77 418 107 445 Et
131 417 208 452 paulo
235 422 317 451 post:
337 416 392 443 «Et
406 423 459 443 non
477 417 541 444 mihi
561 417 667 447 videtur
689 418 857 445 incredibilis

76 471 131 491 esse
145 463 253 491 traditio
276 463 343 495 hare,
359 463 417 491 sive
444 463 626 498 corporaliter
641 468 753 499 propter
769 465 855 498 ipsum

76 509 172 540 Iesum,
188 513 216 536 ut
232 508 284 535 alio
298 512 326 535 et
342 508 397 535 alio
419 508 498 536 modo
519 508 658 536 videretur
684 509 856 542 hominibus;

76 555 129 582 sive
143 559 250 589 propter
273 553 358 588 ipsam
377 553 458 581 Verbi
481 559 603 581 naturam
624 555 695 589 qttod
713 562 766 581 non
782 554 857 581 simi-

76 601 132 627 liter
150 600 253 626 ('llllCllS
271 604 394 634 apparet.
423 599 451 626 Si
475 604 565 626 autem
590 601 641 628 hoc
659 601 695 628 ita
713 608 743 627 se
765 601 855 633 habet,

75 646 194 681 possibile
214 651 255 673 est
282 645 443 673 solutionem
455 645 515 679 ejus
532 646 654 674 invenire
674 647 744 681 quod
759 646 858 681 quaeri-

77 698 126 719 tur.
143 691 273 725 Quoniam
293 692 345 718 etsi
373 691 531 726 frequenter
549 698 611 718 eum
632 691 759 719 viderttut
771 692 857 719 turbat

75 737 209 765 venientes
227 744 288 764 cum
312 736 391 768 .luda,
417 737 592 764 nihilominus
616 744 684 771 opus
709 737 855 769 habebant,

76 790 179 820 propter
193 782 452 811 transformationes
466 781 535 817 ejus,
553 782 598 817 qui
618 790 680 810 eunt
702 783 858 810 ostenderet

75 831 121 864 eis,
135 830 235 857 habens
251 829 375 856 notitiam
390 828 448 864 ejus
464 828 669 856 familiariorem
686 836 734 864 per
746 829 856 856 multam

910 241 992 266 reret,
1008 237 1129 270 proclive
1141 237 1174 264 iis
1187 238 1238 264 fuit
1249 238 1408 265 existimare
1420 239 1603 267 mutuatitium
1621 240 1695 272 illud.

907 287 937 309 et
960 283 1079 309 aseititia
1107 283 1253 310 conﬂatum
1278 284 1443 317 substantia,
1467 292 1519 312 nou
1542 287 1694 320 proprium,

908 335 959 354 nec
976 329 1058 355 nostri
1074 328 1172 360 simile,
1186 329 1309 356 eumdem
1325 331 1484 358 credidisse.
1509 331 1536 358 Si
1554 339 1632 366 quem
1646 341 1695 358 au-

909 378 961 399 tem
976 373 1089 401 oll‘endit
1102 378 1286 400 contmentttm
1301 373 1378 404 illud.
1392 374 1481 402 varias
1497 374 1636 402 Christum
1653 375 1697 402 itt-

909 418 1000 445 dnisse
1026 418 1140 450 fortnas,
1163 423 1190 445 et
1211 426 1273 446 sese
1295 426 1342 454 pro
1361 419 1439 446 lihitu
1468 420 1640 454 versipellem
1657 421 1697 447 fe-

908 464 993 494 cisse;
1009 468 1084 491 notet
1099 463 1146 491 ille
1163 464 1331 498 propositum
1350 464 1434 492 fuisse
1451 465 1504 492 hoc
1522 465 1556 493 ab
1568 465 1695 501 Origene,

910 515 1039 544 tanquam
1057 509 1091 536 ab
1102 509 1162 537 aliis
1176 509 1227 536 sibi
1250 510 1387 542 traditum,
1406 517 1458 537 non
1473 510 1547 538 velut
1560 518 1575 537 a
1590 518 1620 538 se
1634 518 1695 538 con-

910 555 1016 587 lictttnt;
1034 560 1063 582 ιιι
1092 563 1148 582 rem
1176 556 1287 583 mininte
1313 555 1500 584 incredibilem
1515 577 1523 589 ,
1543 564 1596 584 non
1618 557 1694 591 quasi

910 606 1079 636 compertam
1091 621 1097 632 .
1111 602 1269 634 dubitando,
1284 610 1337 628 non
1352 603 1508 630 assereudo.

946 646 1015 675 XIV.
1038 647 1110 675 lnter
1132 655 1229 675 novem
1257 647 1463 676 criminationes
1494 655 1560 683 quas
1585 647 1694 683 Origeni

911 693 1024 728 impingi
1042 693 1138 720 solitas
1154 693 1256 721 refutat
1269 693 1426 728 Pamphilus
1439 694 1466 720 in
1483 693 1622 728 Apologia,
1640 698 1696 720 ter-

910 740 944 766 tia
964 739 1007 766 illa
1020 743 1074 771 est,
1091 748 1100 764 ι
1115 739 1186 773 quod
1209 739 1300 766 dicunt
1317 746 1379 765 eum
1393 738 1542 765 secundum
1565 739 1695 765 Arteman

912 784 954 812 vel
968 785 1079 812 Paulum
1095 784 1313 816 Satnosatenum,
1328 792 1425 818 pttrum
1439 784 1587 817 hominem,
1605 784 1630 811 id
1642 789 1694 815 est,

911 839 964 858 non
980 831 1061 857 etiattt
1075 830 1162 857 Deum
1174 830 1265 858 dicere
1279 830 1416 858 Christum
1433 830 1531 857 Filium
1547 830 1603 858 Dei.
1620 839 1630 856 ι
1647 829 1695 856 Ni—

75 874 309 902 commorationem
321 881 383 902 cum
396 881 440 905 eo,
454 878 482 900 ut
498 873 662 908 intelligeret
677 873 856 901 transformat»
873 881 893 907 Β
909 877 1044 911 cephorus
1067 876 1178 910 quidem
1203 876 1250 903 lib.
1267 883 1334 908 xvn,
1351 883 1412 910 cap.
1429 875 1475 907 27,
1487 875 1520 902 de
1533 875 1643 903 Christo
1655 875 1696 902 di-

76 920 157 948 tiones
169 919 228 954 ejus
247 920 398 947 secundttm
423 926 492 954 quas
513 919 570 946 suis
585 926 717 954 apparere
740 919 854 947 solebat.

76 965 127 992 Hoc
146 965 214 992 idem
232 965 404 1001 significatur
420 965 501 992 etiam
518 973 566 999 per
584 964 716 992 Joannem
739 973 856 1000 evange-

76 1011 168 1044 listam,
183 1010 228 1037 ubi
245 1011 336 1037 sciens
347 1009 427 1038 .lesus
441 1018 501 1044 quae
514 1013 708 1045 superventura
721 1015 800 1037 erant
813 1010 851 1042 ei,

76 1055 218 1090 procedens
228 1055 302 1082 foras
309 1055 376 1082 dixit
390 1064 397 1082 :
411 1064 419 1080 ι
436 1055 520 1088 Quem
534 1055 674 1089 quaeritis?
686 1057 720 1082 At
730 1055 766 1082 illi
776 1055 850 1081 dixe-

76 1107 143 1134 runt,
160 1101 251 1129 Jesum
278 1100 460 1128 Nazarenam.
490 1101 524 1128 Et
541 1101 610 1128 dixit
627 1100 667 1128 eis
682 1109 689 1127 :
704 1100 760 1134 Ego
777 1108 854 1133 sunt;

75 1151 100 1174 et
113 1147 246 1179 abierunt,
260 1152 288 1174 et
303 1147 462 1175 ceciderunt
480 1152 628 1174 retrorsum
640 1147 674 1174 ⁷³.
687 1146 783 1174 »νίαθε
793 1146 855 1180 quia

77 1201 123 1220 uott
136 1200 195 1220 eum
216 1193 435 1228 cognoscebant,
452 1201 513 1220 cum
541 1192 700 1228 frequenter
714 1192 855 1223 vidissent,

76 1246 175 1274 propter
199 1237 453 1275 transfiguratioues
485 1240 579 1275 ipsius.
603 1249 612 1266 ι
643 1239 706 1266 Han:
734 1244 857 1274 repetere

77 1293 207 1313 necessum
229 1285 386 1318 habuimus,
401 1294 434 1314 ne
444 1285 511 1321 quid
526 1286 559 1313 de
576 1285 710 1313 sententia
731 1285 855 1320 Origenis

76 1333 269 1368 decerperetur.
285 1332 336 1366 Qui
353 1335 428 1368 ergo:
441 1332 614 1367 frequentem
629 1331 778 1358 formarum
792 1339 852 1358 mll-

76 1379 194 1407 tationem
217 1379 322 1407 Christi
349 1378 457 1414 corpori
477 1378 635 1414 assignasse
654 1377 798 1412 Origenetu
811 1377 854 1404 itt-

106 1437 128 1452 "
143 1437 219 1464 Joan.
236 1444 314 1470 xvnt,
335 1436 402 1464 4-6.

910 922 984 948 xisse
1006 920 1148 956 Origeuem
1171 920 1263 951 tradit.
1286 920 1326 947 ὅτι
1340 920 1417 956 ψιλδς
1432 920 1573 955 ἄνθρωπος
1583 918 1627 956 ἦν.
1643 921 1696 957 Cy--

909 967 1000 994 riacus
1010 973 1128 1001 quoque,
1147 966 1216 1000 apud
1233 966 1387 993 Simeonem
1404 965 1610 1000 Metaphrastetu
1629 965 1695 993 Viue

908 1011 969 1046 ejus
984 1011 1159 1046 scriptorem,
1175 1011 1344 1046 Origenistas
1359 1011 1528 1039 Palaestinam
1553 1017 1631 1040 sexto
1643 1019 1694 1039 sa-

908 1057 969 1084 culo
988 1057 1137 1084 insidentes
1154 1056 1256 1084 dixisse
1267 1056 1381 1084 alilrmat
1395 1065 1405 1083 ι
1415 1057 1553 1084 Christmn
1569 1065 1621 1085 non
1635 1064 1695 1084 esse

909 1110 991 1130 unum
1007 1110 1041 1130 ex
1055 1102 1198 1129 Trinitate.
1212 1112 1222 1128 ι
1241 1101 1317 1130 lianc
1333 1103 1552 1130 criminationem
1570 1103 1630 1131 aliis
1646 1111 1691 1130 su-

908 1149 1000 1184 perius
1022 1156 1037 1175 a
1062 1155 1091 1175 se
1114 1148 1337 1176 commemoratis
1356 1148 1434 1176 valde
1452 1149 1617 1176 contrariam
1633 1157 1695 1177 esse

908 1195 974 1222 dicit
987 1194 1156 1229 Pamphilus,
1170 1193 1216 1221 sed
1233 1194 1318 1220 multo
1334 1195 1420 1229 magis
1435 1194 1517 1222 etiam
1535 1200 1638 1230 quarta!
1650 1203 1694 1224 re.

909 1246 1021 1275 pugnat,
1036 1248 1118 1275 quam
1143 1240 1169 1267 in
1197 1240 1321 1274 proxime
1342 1241 1555 1275 praecedentibus
1575 1241 1694 1269 examini

909 1292 1003 1313 nostro
1027 1285 1208 1319 Sultjeeimus;
1225 1286 1295 1312 unde
1309 1285 1469 1313 alterutrius
1485 1287 1592 1314 falsitas
1605 1288 1691 1314 mani-

908 1332 975 1360 feste
988 1333 1091 1365 clm-et;
1108 1331 1164 1367 (‘25)
1173 1333 1219 1359 sed
1229 1332 1328 1359 clarius
1342 1333 1423 1359 etiam
1441 1334 1518 1360 tertia
1531 1333 1574 1360 illa
1586 1335 1696 1361 convel-

909 1379 974 1406 litur
991 1386 1024 1405 ex
1037 1378 1175 1406 sexcentis
1195 1377 1320 1413 Origeuis
1345 1378 1475 1406 adversus
1499 1379 1640 1412 Ebiouetu,
1653 1381 1697 1408 vel

108 1495 158 1532 (i5)
176 1497 226 1523 Sed
249 1497 352 1523 clarim
380 1497 459 1524 etiam
482 1501 559 1524 tertia
586 1497 634 1524 illa
657 1498 810 1526 convellitur
823 1506 855 1525 ex
868 1501 892 1531 ρ
907 1502 949 1524 tra
966 1497 1089 1524 ethnicos
1105 1496 1273 1529 defensione,
1290 1497 1311 1524 si
1327 1502 1356 1524 ut
1372 1497 1404 1524 ad
1425 1496 1539 1524 tollenda
1552 1504 1695 1531 pinnatum

74 1533 203 1564 uxr-antis,
217 1536 273 1560 etc.
293 1532 373 1559 Clare
389 1533 471 1559 etiam
489 1533 650 1559 convellitur
671 1541 703 1560 ex
731 1533 856 1567 plurimis

75 1573 157 1593 contra
181 1566 286 1594 Celsum
314 1566 391 1598 locis,
408 1575 468 1601 qua:
491 1567 600 1601 collegit
619 1566 793 1595 doctissimus
808 1576 856 1594 no-

75 1607 126 1628 ster
148 1601 263 1629 dotnnus
276 1601 438 1629 Prudentius
453 1602 544 1629 Maruu
562 1603 587 1629 itt
605 1610 654 1630 suo
672 1602 708 1630 De
720 1603 857 1630 divinitate

75 1636 166 1672 Christi
192 1637 263 1664 libro
287 1644 341 1672 In,
355 1644 416 1671 cap.
438 1638 466 1668 5,
486 1645 561 1664 ntttn.
577 1637 595 1664 2
613 1642 641 1664 et
668 1645 738 1672 seq..
752 1643 780 1665 et
797 1646 858 1672 qua:

76 1671 115 1698 hic
133 1672 233 1699 rcierre
256 1679 311 1699 non
336 1671 433 1699 inutile
445 1672 580 1700 ducimus.
596 1681 606 1698 ‹
623 1672 683 1700 Non
698 1671 801 1707 elfugit.
815 1673 856 1699 iu-

76 1707 138 1740 quit,
157 1707 253 1748 Celsus
263 1707 523 1748 J‘BPI‘CIICIISlOﬂCﬂl
534 1707 658 1748 Qrigenis
669 1727 676 1740 ,
697 1709 805 1748 quoties
814 1743 820 1748 _
831 1709 857 1734 iu

75 1742 225 1775 exponenda
258 1741 414 1768 Judaeorum
444 1747 471 1769 et
494 1741 713 1770 Christianorum
734 1743 859 1770 doctrina

76 1777 218 1811 claudit-at;
232 1777 308 1804 velut
328 1784 389 1804 cuiu
410 1776 530 1804 .Iuda-um
552 1778 578 1804 in
602 1778 733 1805 miracula
757 1781 784 1805 et
800 1778 858 1804 visa

76 1811 175 1839 t-trlitus
187 1812 292 1843 oblata,
319 1812 343 1838 iu
367 1813 555 1846 praedii-tiones
567 1817 595 1839 et
613 1813 742 1840 vaticinia
765 1812 860 1845 iocan-

77 1851 134 1877 tem,
149 1852 196 1873 aut
212 1847 246 1874 de
280 1846 384 1875 Messi-aa
405 1847 487 1874 futttri
509 1847 655 1880 divinitate
684 1847 858 1874 confitentem

77 1881 180 1913 inducit,
198 1881 257 1916 (lib.
274 1889 294 1913 I,
324 1889 400 1909 num.
419 1882 454 1909 45
470 1887 497 1909 et
507 1881 553 1917 49)
570 1887 685 1910 autcum
701 1882 784 1909 Deum
798 1890 860 1909 cor-

77 1923 180 1952 porcum
191 1918 309 1950 (lih.vII,
325 1925 351 1944 ιι.
365 1917 421 1952 56).
434 1917 571 1944 Christum
585 1917 715 1945 Creatore
730 1917 859 1952 majorem

77 1958 89 1976 a
112 1951 281 1988 Christianis
308 1952 370 1987 litigi
393 1951 497 1979 dictitat
519 1953 578 1988 (lib.
604 1959 662 1986 VIII,
678 1960 711 1988 in.
730 1952 785 1988 l5).
806 1952 859 1979 Sed

76 1993 132 2012 cum
150 1987 219 2013 iaetu
236 1987 333 2014 Celsus
350 1987 447 2021 quaerit
465 1995 513 2014 cur
531 1987 601 2014 Deus
620 1988 653 2015 ad
677 1987 800 2015 homines
813 1995 860 2015 ve-

79 2021 147 2057 nerit
166 2022 226 2056 (lib.
241 2030 281 2053 Iv,
297 2030 324 2048 II.
345 2023 383 2057 ὅ),
401 2029 462 2049 cttm
474 2023 564 2049 omnia
578 2023 668 2049 divina
687 2023 787 2049 virtttte
801 2030 862 2049 cor-

77 2055 158 2093 rigere
172 2055 291 2093 posset:
306 2055 368 2093 cuiu
385 2058 537 2093 fieriposse
550 2062 630 2093 negat
641 2057 700 2091 (lib.
720 2065 757 2089 vI,
771 2066 797 2093 ιι,
816 2057 860 2090 75)

77 2064 158 2089 rigere
179 2064 291 2091 posset:
306 2064 367 2084 cutu
385 2064 537 2118 uertposse
550 2064 700 2093 negatum.
720 2065 757 2089 vI,
771 2066 797 2084 ιι.
816 2064 860 2097 va)

77 2095 103 2116 ut
122 2090 189 2128 Deus
203 2091 364 2125 descendat,
383 2097 441 2128 aut,
469 2092 549 2119 ‘Ilium
572 2100 605 2119 ac
620 2093 758 2128 proprium
768 2092 861 2128 rSpll‘l-

77 2127 248 2162 turnimittait;
266 2134 327 2153 cum
341 2135 395 2154 noll
408 2127 496 2154 minus
512 2127 663 2162 repugnare
674 2128 713 2154 ait
736 2127 796 2162 (lib.
812 2134 860 2158 ιιι,

77 2167 101 2187 II.
112 2161 155 2196 l3)
172 2166 199 2187 III
213 2161 285 2189 Deus
296 2161 405 2189 ovillam
421 2167 449 2189 et
463 2162 495 2189 fel
508 2161 642 2196 ed’at,’aut
656 2163 857 2201 acetuttrbibat.
875 2172 898 2201 ι)

75 2202 149 2232 quam
164 2201 193 2223 ut
210 2202 332 2224 stercore
356 2202 496 2230 vescatur;
514 2205 567 2224 nou
590 2198 714 2231 queritur
728 2198 860 2232 Origenes

76 2230 165 2257 falsam
192 2232 348 2265 opinionem
380 2232 544 2259 Christianis
567 2230 667 2266 allingi.
684 2233 748 2259 Erat
770 2230 857 2259 tamen

75 2265 172 2301 ᾼιίθιιιι
186 2266 313 2297 haeresis.
333 2267 412 2300 cujus
433 2267 601 2295 architectus
613 2265 643 2294 et
655 2275 755 2301 parens
773 2267 859 2294 fuisse

76 2300 190 2337 fingitur,
215 2302 249 2328 ad
275 2301 438 2337 refellendos
463 2301 534 2329 Celsi
560 2302 636 2337 jocos
655 2300 857 2337 percomtnoda.

75 2334 194 2362 Ruebant
210 2336 303 2363 omnia
318 2337 378 2372 ejus
395 2337 518 2372 dicteria,
532 2334 568 2364 δι’
579 2345 631 2364 non
648 2334 766 2363 aeternus
780 2342 806 2362 et
819 2337 860 2363 III—

75 2376 177 2398 creatus
204 2372 277 2398 Deus
300 2372 381 2399 homo
402 2371 491 2399 factus
514 2373 622 2404 fuisset,
644 2377 690 2398 aut
706 2372 729 2399 si
753 2379 805 2398 nou
822 2372 859 2398 ita

75 2410 144 2443 arcte
163 2414 224 2434 cum
251 2406 421 2434 humanitate
445 2408 617 2443 conjunctus,
630 2412 660 2433 ut
674 2406 764 2443 edisse
779 2411 806 2433 et
820 2407 860 2433 bi-

76 2441 141 2476 bisse
161 2447 187 2468 et
211 2449 309 2476 passus
329 2450 389 2469 esse
413 2441 511 2470 merito
529 2441 673 2469 diceretur.
692 2442 750 2468 Non
765 2442 788 2467 is
801 2445 861 2468 erat

75 2473 200 2512 Origenes
211 2473 263 2510 'qui
286 2484 339 2503 non
353 2478 455 2504 videret
473 2484 602 2512 quantum
620 2477 690 2503 inter
706 2476 859 2511 ltttjusntodi

76 2510 154 2537 Deum
170 2512 289 2545 intersit,
304 2517 332 2538 et
350 2520 411 2539 eutn
431 2510 601 2546 qui-nomine
622 2517 699 2539 tenus
714 2510 784 2538 Deus
805 2512 858 2542 sit;

75 2549 119 2581 aut
132 2547 195 2580 _qui,
217 2547 241 2574 si
269 2547 332 2581 quid
353 2553 450 2580 pra-.Ier
469 2555 639 2574 comtnuueut
661 2546 790 2574 Ecclesia:
811 2548 860 2572 do-

74 2580 185 2617 ctrinam
199 2580 326 2615 sentiret,
346 2588 399 2609 tam
414 2583 543 2617 prtcclara
552 2582 679 2617 facultate
694 2582 784 2609 oblata
803 2582 852 2608 dis-

75 2615 222 2653 simularet.
239 2616 297 2644 Non
314 2619 351 2645 ita
366 2625 395 2645 se
412 2615 506 2652 gerere
526 2619 605 2644 solet.
625 2616 703 2649 Quod
718 2618 790 2644 enittt
808 2616 858 2643 sibi

76 2653 262 2686 Intemperanti
288 2654 404 2687 qttadam
433 2653 534 2687 pietate
559 2654 685 2685 linxerat,
711 2653 859 2679 inferorum

76 2691 163 2717 pinnas
179 2695 233 2714 non
255 2688 288 2713 ad
305 2693 434 2715 aeternam
454 2689 594 2718 ultionem,
609 2690 656 2714 sed
672 2687 705 2715 ad
720 2687 859 2722 purganda

75 2725 283 2756 etcxcoquenda
301 2724 364 2750 vitta
378 2724 514 2757 pertinere
528 2731 620 2758 (quam
636 2729 708 2757 saepe
721 2723 772 2749 hoc
786 2730 859 2749 eont-

76 2762 191 2792 mentum
220 2758 341 2784 insinuat
354 2766 415 2785 cum
434 2758 621 2785 htereticorum
637 2758 718 2792 iutpia
733 2759 759 2785 in
776 2758 859 2784 Crea-

77 2791 341 2828 torisseveritatem
373 2793 496 2820 convicia
521 2792 630 2828 rel'ellil)
651 2793 740 2820 nullus
761 2792 856 2820 dubito

76 2826 135 2859 quin
151 2826 223 2854 idem
241 2827 361 2856 facturus
378 2828 483 2861 fuisset,
500 2826 624 2862 suscepta
644 2829 780 2863 religionis
795 2835 858 2856 ροη-

907 1532 1069 1560 zeternitatis
1089 1531 1271 1565 incommoda,
1297 1531 1334 1558 ita
1359 1533 1441 1559 etiam
1462 1532 1495 1558 ad
1519 1533 1694 1559 Iniuneuuuut

910 1567 956 1594 Dei
970 1567 1104 1594 incarnati
1127 1567 1298 1602 mysterium,
1317 1567 1388 1601 qttod
1405 1567 1489 1593 multo
1509 1567 1694 1595 incredibilius

908 1603 1064 1634 videbatur,
1082 1601 1201 1636 aliquant
1221 1602 1290 1629 viam
1311 1601 1468 1629 invenisset.
1486 1602 1521 1628 At
1545 1609 1599 1635 quo
1624 1603 1694 1629 stul-

909 1637 963 1665 tius
976 1637 1081 1664 videtur
1095 1636 1175 1664 Celso
1194 1637 1275 1664 Deum
1297 1637 1434 1664 hominem
1458 1636 1527 1668 fieri,
1545 1643 1578 1663 eo
1603 1638 1695 1664 acrius

909 1672 960 1699 hoc
975 1672 1132 1707 mysterium
1155 1676 1244 1698 tuetur
1260 1671 1400 1706 Origenes,
1415 1679 1469 1707 nec
1487 1671 1568 1698 aliam
1584 1672 1695 1699 adhibet

891 1707 948 1742 ,rei
965 1706 1132 1742 explicanda;
1153 1706 1298 1737 rationem,
1313 1715 1398 1740 quant
1422 1714 1437 1733 a
1457 1706 1584 1733 Patribus
1601 1712 1694 1734 contra

909 1742 1024 1769 Arianos
1043 1741 1178 1774 adhibita;
1197 1748 1246 1768 nec
1270 1742 1322 1768 alia
1345 1745 1515 1775 argumenta,
1530 1748 1610 1775 quam
1635 1749 1697 1776 qute

911 1778 990 1803 iidem
1006 1777 1071 1803 tanti
1091 1776 1211 1811 mysterii
1228 1776 1320 1803 facere
1334 1775 1448 1810 possint.

948 1821 956 1837 ι
970 1811 998 1838 ln
1014 1809 1124 1838 duobus
1133 1811 1228 1845 primis
1243 1811 1319 1838 libris
1335 1809 1470 1838 refellitur
1482 1809 1604 1843 Jttdteus,
1615 1817 1695 1845 quem

910 1846 1006 1874 Celsus
1023 1846 1175 1881 loquentem
1190 1845 1293 1881 inducit
1309 1855 1316 1873 :
1333 1850 1360 1873 et
1374 1854 1427 1880 quo
1443 1845 1630 1880 impudentius
1646 1846 1697 1872 iste

912 1883 937 1908 iu
948 1881 1049 1909 Christi
1059 1880 1230 1907 divinitatem
1242 1880 1360 1914 jocatur,
1377 1888 1410 1907 eo
1428 1881 1518 1908 acrius
1530 1888 1589 1907 eam
1607 1886 1697 1907 tuetur

911 1916 1051 1951 Origenes.
1072 1915 1244 1951 Demonstrat
1258 1916 1304 1942 lib.
1323 1923 1343 1947 I,
1364 1924 1446 1951 uuln.
1461 1915 1506 1951 54,
1521 1923 1535 1942 a
1557 1916 1697 1951 prophetis

910 1950 1072 1986 ptaidictum
1087 1957 1148 1986 esse
1164 1950 1334 1978 nasciturum
1344 1958 1376 1977 ex
1400 1960 1409 1977 ι
1426 1950 1548 1985 Virgine,
1564 1950 1609 1977 τὸν
1625 1950 1698 1986 ἑπώ-

911 1985 993 2022 ὺυμον
1009 1985 1055 2013 τοῦ
1075 1985 1248 2022 πράγματος,
1261 1993 1321 2022 eum
1346 1986 1392 2020 qui
1414 1993 1447 2012 ea;
1458 1993 1485 2022 re
1499 1985 1695 2022 nontenrlmltet,

911 2021 974 2056 quia
992 2030 1024 2049 eo
1038 2026 1101 2048 nato
1116 2021 1255 2056 uobiscum
1269 2021 1376 2048 futurus
1391 2025 1449 2048 erat
1467 2021 1576 2056 Deus.)
1592 2021 1698 2054 Quibus

912 2055 1002 2084 verbis
1023 2056 1143 2084 declarat
1161 2055 1311 2086 Christum,
1328 2056 1380 2083 etsi
1404 2055 1562 2082 Emmanuel
1583 2060 1697 2083 vocatus

912 2099 965 2119 non
990 2092 1035 2123 sit,
1053 2098 1083 2118 re
1097 2096 1186 2118 tamen
1202 2094 1229 2117 et
1242 2091 1377 2118 sententia
1400 2090 1601 2118 Emmanuelem
1616 2097 1696 2120 esse;

913 2132 938 2153 et
954 2127 1133 2162 propltetiatu,
1154 2133 1215 2160 quae
1243 2125 1447 2162 Emmanuelem
1470 2125 1697 2162 illutndvocatnm

915 2162 945 2188 iri
955 2159 1098 2196 puti-dixit,
1122 2159 1175 2188 non
1198 2162 1293 2192 verbo,
1310 2161 1358 2188 sed
1383 2159 1695 2196 sensudijudicantlam.

912 2194 1051 2223 Christum
1068 2196 1150 2222 Deutn
1166 2203 1228 2223 esse
1244 2195 1341 2230 probat
1353 2203 1427 2223 num.
1442 2194 1477 2222 56
1492 2203 1525 2222 ex
1537 2195 1580 2222 his
1600 2194 1696 2229 psalmi

910 2231 1021 2259 verbis:
1039 2239 1049 2257 ι
1065 2230 1150 2258 Sedes
1175 2235 1231 2263 tua,
1245 2229 1342 2263 ’Deus,
1363 2231 1389 2258 iu
1417 2229 1547 2257 saeculum
1580 2230 1669 2256 saeculi
1687 2239 1695 2263 ;

911 2267 988 2293 unxit
1007 2271 1033 2293 te
1054 2266 1137 2298 Deus,
1157 2265 1228 2293 Deus
1249 2270 1310 2293 tuus
1327 2266 1354 2293 in
1370 2270 1499 2292 aeternum
1517 2264 1604 2301 (Paul.
1620 2272 1696 2301 serv,

909 2301 938 2333 7,
954 2302 993 2334 8),
1009 2310 1019 2326 ι
1041 2301 1171 2335 additque
1187 2301 1238 2328 hoc
1254 2301 1358 2335 psalmo
1374 2308 1450 2327 usum
1478 2307 1508 2327 se
1523 2299 1589 2327 olim
1612 2300 1697 2327 fuisse

910 2340 1005 2363 contra
1022 2335 1144 2363 Judaeum
1165 2338 1322 2370 quemdam,
1335 2336 1395 2371 qui,
1412 2343 1473 2363 cum
1488 2336 1584 2369 pedem
1598 2342 1631 2371 ex
1646 2336 1697 2361 hoc

911 2371 969 2398 loco
985 2371 1088 2398 referre
1106 2377 1159 2397 non
1187 2376 1290 2405 posset,
1313 2370 1376 2399 illuc
1397 2370 1497 2402 evasit,
1513 2370 1592 2405 utrad
1611 2370 1694 2397 Deunt

911 2407 1100 2434 universorum
1113 2404 1209 2433 referri
1225 2407 1324 2434 debere
1334 2406 1519 2434 contenderet.
1532 2404 1617 2432 Nemo
1630 2413 1696 2432 sane

910 2443 1010 2468 dixerit
1023 2442 1167 2476 Origenctn
1181 2445 1256 2468 tanto
1271 2447 1336 2469 testu
1351 2449 1412 2468 cum
1427 2439 1530 2476 ludatis
1551 2442 1695 2467 decertan-

911 2481 978 2510 tem,
995 2475 1152 2503 aliudnihil
1169 2476 1203 2503 ab
1219 2476 1259 2503 eis
1278 2477 1431 2511 exprimere
1448 2475 1576 2507 voluisse,
1592 2476 1643 2502 nisi
1666 2481 1696 2502 ut

910 2511 1048 2538 Christum
1063 2518 1132 2538 νοω
1152 2516 1230 2538 tenus
1245 2511 1397 2538 faterentur
1412 2512 1505 2538 Deum.

948 2555 957 2572 ι
975 2546 1081 2573 Ridenti
1093 2545 1196 2579 Iudaeo,
1217 2553 1291 2573 num.
1305 2546 1340 2574 58
1360 2550 1387 2573 et
1402 2546 1447 2577 60,
1460 2544 1530 2577 quod
1544 2543 1662 2571 Chaldaei
1678 2552 1694 2571 a

909 2581 973 2609 .lesu
987 2581 1027 2616 ,ad
1049 2589 1110 2608 eutn
1133 2581 1265 2608 infantem
1284 2580 1452 2616 adorandqu
1469 2579 1558 2616 tracti,
1570 2580 1695 2607 diceren-

911 2623 971 2649 tur;
987 2614 1139 2650 respondet
1159 2623 1252 2651 magos
1274 2616 1335 2644 illos
1349 2621 1377 2643 et
1395 2615 1478 2643 stella:
1497 2614 1618 2642 novitate
1631 2622 1694 2649 per-

911 2653 1012 2684 culsos,
1027 2656 1054 2678 et
1067 2651 1177 2678 Balaam
1200 2650 1304 2678 craeuli
1322 2657 1457 2678 memores
1472 2658 1504 2677 ac
1522 2651 1592 2677 forte
1610 2650 1694 2677 etiam

914 2688 981 2715 artis
994 2694 1049 2715 sua:
1067 2686 1199 2713 inanitate
1213 2691 1352 2720 perspecta
1374 2684 1476 2713 nullum
1492 2684 1548 2720 jam
1570 2685 1696 2712 habentis

910 2724 1024 2755 exitum,
1041 2722 1148 2748 venisse
1166 2721 1193 2748 itt
1213 2719 1348 2754 Iudaeam,
1363 2726 1390 2748 et
1413 2727 1506 2749 aurqu
1529 2719 1638 2748 Christo
1667 2727 1696 2748 ut

911 2759 980 2792 regi,
996 2757 1134 2794 myrrham
1147 2762 1184 2794 ut,
1195 2757 1337 2789 morituro,
1353 2757 1422 2794 tltus_
1435 2760 1466 2782 ut
1486 2756 1544 2794 Deo
1553 2755 1694 2783 obtulisse.

910 2791 1003 2828 Addit,
1019 2791 1148 2829 quoniam
1168 2791 1238 2820 Deus
1255 2796 1315 2829 erat
1330 2793 1364 2824 is,
1377 2791 1425 2827 qui
1443 2792 1580 2829 potentior
1592 2794 1696 2829 angelis

912 2827 1041 2858 Servatur
1059 2828 1168 2858 humani
1186 2828 1294 2865 generis
1316 2832 1437 2861 venerat,
1457 2827 1581 2862 angelum
1600 2827 1696 2861 pietati
