1904 3077
169 78 224 107 8'23

815 78 844 107 P.
865 79 1023 107 DANIELIS
1042 79 1158 109 llUETlI

1755 84 1815 112 821»

168 143 271 175 puncto
289 139 420 175 temporis
434 139 566 167 orientem
583 142 609 165 et
621 137 793 165 occidentem
804 138 959 170 collustrat,
975 142 997 169 Α
1014 147 1144 176 rouymus
1164 140 1274 175 Apolog.
1294 141 1419 168 adversus
1431 139 1568 176 Ruﬁnum,
1586 141 1635 169 lib.
1650 148 1671 174 ι,
1691 149 1757 176 cap.
1782 143 1813 170 5.

171 195 181 209 ι
199 190 343 221 propterea
366 185 439 220 quod
462 184 556 213 omnia
585 183 689 219 implet.
705 193 715 208 ι
745 183 801 219 Ego
823 190 888 210 vero
907 191 958 210 non

168 231 348 259 humanitatis
372 231 475 259 Christi
503 230 644 263 corporeis
671 230 835 264 usurpanda:
861 229 959 261 oculis,

168 278 215 305 sed
231 277 382 304 divinitatis
397 276 481 304 menti
499 276 666 312 appariturze
679 275 854 311 praesentiam
874 276 959 310 signi-

169 323 245 350 ﬁcari
261 330 371 351 censeo.
397 322 514 350 Faciunt
539 323 618 350 tidem
642 329 703 357 quae
718 322 843 357 proxime
857 328 959 356 praece-

168 370 251 397 dunt:
271 378 280 395 ε
295 369 403 402 Quanto
425 369 511 404 magis
526 372 600 396 recte
614 368 744 396 dicuntur
754 375 850 395 omnes
864 371 960 403 gentes

168 419 231 442 ante
251 423 313 443 eum
336 415 534 454 congreganda:
549 420 577 442 et
601 414 821 448 constituendae,
848 413 961 449 quando

167 460 256 495 palam
272 461 402 489 omnibus
420 466 474 489 tam
492 462 572 489 bonis
584 469 664 496 quam
681 460 772 494 malis,
796 465 852 488 tam
872 460 959 488 ﬁdeli-

167 508 218 534 bus
245 515 327 542 quam
345 507 498 536 inﬁdelibus
512 506 597 535 fuerit
611 507 700 535 factus
709 506 881 540 manifestus,
896 510 960 533 ante

168 553 262 580 oculos
277 553 377 581 mentis
394 561 489 581 eorum
509 552 566 588 jam
588 561 642 581 non
661 553 724 581 ﬁdei
745 558 793 581 aut
814 553 960 588 diligentiae

169 597 288 633 alicujus
307 599 484 634 inquisitione
501 605 634 635 repertus,
643 600 693 628 sed
703 601 789 635 ipsius
812 600 960 628 divinitatis

169 652 225 672 sua:
243 645 463 674 manifestatione
478 646 617 678 praelatus.
634 655 643 672 ι
671 645 767 674 Fidem
791 653 900 681 quoque
918 645 959 672 l'a-

169 691 256 721 ciunt.
272 699 331 725 qua:
351 697 467 720 tractatu
483 693 511 719 in
525 692 681 720 Mauhamm
699 692 845 728 superiore
871 691 961 727 legun-

172 743 225 768 tur,
250 746 325 765 uum.
348 738 393 770 65,
416 746 478 774 pag.
504 738 567 770 882,
586 738 649 772 883,
666 739 691 766 in
705 746 761 774 quo
790 739 959 771 edisserens,

171 782 260 810 Homo
272 784 379 818 quidam
393 793 498 820 peregre
510 786 691 820 proﬁciscens,
707 792 774 819 etc.,
791 786 889 821 quaerit.
912 786 958 821 qui

170 830 336 869 peregrinari
349 831 401 858 dici
415 831 502 866 possit
516 831 656 865 Christus,
682 840 763 868 quem
781 832 884 867 ubique
895 839 957 860 esse

170 876 268 905 littera
285 885 369 906 sacrm
386 879 661 913 demonstrant;tum
675 880 785 915 subjicit
808 880 958 912 Cbrismm,

169 932 222 958 qua
238 929 280 952 est
295 925 365 953 Deus
377 925 507 959 Verbum,
523 929 551 953 et
566 924 718 960 Sapientia,
741 929 769 954 et
793 925 916 958 Justitia,
932 930 961 953 et

170 969 288 1003 Veritas,
304 979 437 1006 corporeo
453 971 558 999 ambitu
578 979 632 999 non
658 971 848 1005 eirrumcludi,
865 977 893 1000 et
914 979 960 1000 se-

169 1018 286 1045 cundum
304 1018 476 1046 divinitatem
490 1025 567 1046 suam
581 1025 613 1045 ac
630 1018 758 1046 virtutem
775 1018 875 1054 ubique
886 1026 958 1050 esse,

169 1064 217 1091 sed
235 1073 244 1090 l
259 1064 408 1092 secundum
423 1065 656 1099 dispensationem
671 1065 796 1099 corporis
809 1065 880 1099 quod
899 1073 960 1092 sus-

169 1109 254 1144 cepit,
282 1119 294 1137 ›
326 1109 506 1145 peregrinari.
533 1109 606 1138 Idem
633 1110 732 1137 astruit
761 1109 856 1138 homil.
882 1110 900 1137 6
933 1110 959 1137 in

170 1153 249 1187 Luc..
266 1160 294 1182 et
308 1155 459 1188 Christum,
474 1163 527 1190 qna
546 1155 634 1183 virtus
648 1160 690 1183 est
711 1155 770 1188 Dei,
789 1155 880 1183 omnia
897 1164 959 1191 per-

169 1202 270 1229 vadere
293 1201 383 1235 docet,
403 1201 536 1236 coelestia,
556 1202 698 1230 terrestria
725 1208 753 1230 et
779 1201 897 1231 inferna.
927 1203 960 1230 Et

171 1247 218 1275 lib.
240 1256 289 1276 vni
317 1248 344 1275 in
376 1247 465 1282 Epist.
485 1249 519 1275 ad
536 1249 626 1282 Rom.,
654 1257 729 1277 num.
754 1249 783 1282 2,
807 1257 869 1285 pag.
896 1250 959 1283 622,

171 1299 316 1329 postquam
329 1294 465 1322 Christum
481 1303 534 1323 non
549 1295 665 1330 alicujus
689 1296 740 1323 loci
763 1297 887 1324 terminis
904 1298 960 1324 cir~

170 1340 328 1373 .mmscribi,
345 1341 391 1368 sed
408 1341 508 1376 ubique
523 1347 678 1376 penetrare,
696 1347 724 1369 et
739 1349 788 1377 per
803 1343 895 1370 omnia
910 1343 960 1371 dif-

171 1386 248 1413 fundi
264 1386 431 1419 declaravit;
454 1396 463 1414 ι
486 1387 533 1415 sed
552 1388 600 1420 ita,
626 1388 725 1423 inquit,
748 1389 831 1416 debes
856 1390 960 1418 sentire

171 1432 206 1460 de
220 1432 483 1468 Christo,‘tanquam
499 1435 532 1461 de
547 1433 649 1467 Verbo,
667 1440 695 1463 et
708 1434 840 1468 Veritate,
861 1439 888 1463 et
906 1436 957 1463 Sa-

1012 195 1022 212 (
1044 185 1155 221 Origeni
1173 191 1230 218 tuo,
1247 187 1346 222 inquit,
1371 187 1434 214 licet
1455 187 1594 215 Christum
1617 189 1713 217 dicere
1737 196 1815 222 sape

1010 240 1133 267 passum,
1145 237 1172 260 et
1184 232 1282 267 saepius
1292 240 1447 267 passurum.
1461 238 1490 260 ut
1505 234 1577 268 quod
1588 234 1674 262 semel
1689 235 1811 269 profuit,

1011 287 1119 314 semper
1136 279 1222 314 prosit
1237 284 1405 314 assumptum
1421 288 1429 310 ;
1452 289 1461 306 ›
1477 286 1504 307 et
1520 281 1600 316 epist.
1614 280 1661 314 61,
1676 282 1710 308 ad
1726 283 1810 309 Avil.

1011 333 1071 359 cap.
1092 325 1109 351 4
1120 333 1127 351 :
1140 334 1150 351 ι
1162 325 1285 359 Cumque
1297 325 1410 352 dixisset
1425 324 1578 361 (Origenes)
1589 327 1671 361 juxta
1686 325 1813 355 Joannis

1011 370 1214 405 Apocalypsim,
1249 369 1425 405 Evangelium
1451 371 1672 406 sempiternum,
1696 371 1726 399 id
1753 377 1811 404 est,

1011 417 1132 444 futurum
1149 417 1176 443 in
1193 416 1283 450 ctelis,
1302 421 1404 444 tantum
1430 417 1584 451 prmcedere
1604 417 1657 445 hoc
1677 422 1811 445 nostrum

1012 462 1201 498 Evangelium,
1218 467 1354 497 quantum
1377 462 1480 490 Christi
1500 463 1658 497 praedicatio
1672 462 1746 497 legis
1760 471 1812 491 ve.-

1012 509 1080 536 teris
1102 513 1296 541 sacramenta;
1322 509 1357 535 ad
1380 513 1534 536 extremum
1561 508 1650 536 intulit
1674 509 1765 544 (quod
1781 513 1813 537 et.

1011 554 1148 589 cogitasse
1176 553 1339 589 sacrilegum
1367 553 1421 590 est)
1452 561 1501 588 pro
1528 553 1616 582 salute
1645 554 1810 582 daemonum

1011 600 1152 628 Christum
1168 600 1251 628 etiam
1278 600 1305 627 in
1321 607 1384 628 aere
1403 605 1431 627 et
1454 600 1481 627 in
1500 602 1628 635 supernis
1642 600 1723 633 f-locis
1745 609 1811 629 esse

1010 653 1165 682 passurum.
1192 646 1225 673 Et
1249 646 1315 673 licet
1341 645 1386 673 ille
1411 654 1465 673 nou
1494 646 1604 679 dixerit,
1623 653 1715 674 tamen
1732 648 1809 682 quod

1011 700 1185 728 consequens
1208 692 1244 720 sit
1273 692 1441 727 intelligitur
1462 700 1470 719 :
1489 693 1560 720 sicut
1573 700 1623 728 pro
1645 693 1810 720 hominibus

1011 740 1092 768 homo
1113 739 1200 767 factus
1215 744 1269 772 est,
1282 744 1312 766 ut
1327 739 1452 767 homines
1475 739 1627 772 liberaret;
1650 741 1691 768 sic
1709 745 1740 767 et
1758 748 1810 775 pro

1012 786 1099 814 salute
1123 786 1275 813 daemonum
1301 786 1384 813 Deum
1403 785 1523 812 futurum
1541 786 1614 820 quod
1635 791 1700 813 sunt
1713 786 1757 818 hi,
1774 787 1809 813 ad

1010 840 1079 867 quos
1102 837 1234 860 venturus
1253 836 1296 859 est
1321 832 1487 859 liberandos.
1506 841 1517 857 ι
1545 831 1613 859 Tum
1634 832 1719 859 verba
1747 831 1807 866 ipsa

1009 878 1138 914 Origenis
1154 878 1276 913 exhibet,
1294 879 1366 905 unde
1381 878 1550 906 accusationi
1575 885 1631 906 suae
1655 879 1745 906 robur
1758 878 1809 905 ad-

1010 927 1067 959 dat,
1082 931 1110 953 et
1129 933 1178 953 nos
1192 933 1223 953 ea
1238 932 1347 960 quoque
1371 924 1443 952 ini'ra
1467 924 1628 952 referemus.
1646 923 1807 952 Notandum

1011 972 1120 999 interim
1142 972 1243 1000 diserte
1265 971 1402 999 allirmare
1428 970 1625 1006 Hieronymum
1643 970 1806 1004 neutiquam

1011 1019 1112 1047 dixisse
1136 1019 1282 1054 Origenem
1307 1018 1447 1046 Christum
1468 1025 1517 1053 pro
1543 1018 1630 1045 salute
1647 1018 1806 1045 daemonum

1012 1068 1161 1093 dmmonem
1181 1065 1314 1096 futurum.
1334 1065 1406 1099 quod
1422 1072 1509 1100 neque
1523 1065 1592 1100 apud
1609 1065 1683 1092 illum
1699 1065 1806 1100 legerat

1012 1111 1179 1147 Theophilus
1195 1120 1202 1145 ;
1222 1111 1269 1139 sed
1285 1119 1318 1139 ex
1339 1111 1464 1147 Origenis
1485 1112 1566 1139 dictis
1581 1111 1608 1139 id
1629 1116 1751 1146 uterque
1764 1118 1807 1137 ra-

1014 1157 1172 1185 tlocinando
1192 1156 1303 1192 collegit
1321 1165 1329 1189 ;
1345 1164 1407 1184 eum
1427 1157 1564 1185 Christum
1580 1162 1670 1185 tamen
1699 1157 1807 1192 angelis

1013 1210 1041 1231 et
1061 1202 1218 1232 coelestibus
1237 1203 1387 1232 virtutibus
1418 1204 1445 1231 in
1470 1211 1519 1231 sua
1539 1203 1692 1238 quibusque
1715 1203 1805 1230 forma

1014 1249 1171 1284 apparuisse
1197 1249 1349 1285 scripserit,
1372 1255 1403 1277 ut
1428 1250 1602 1277 ostendemus
1625 1248 1706 1283 paulo
1730 1253 1804 1283 post.

1013 1295 1192 1330 Superiorum
1211 1295 1295 1333 etiarn
1308 1295 1407 1323 similis
1425 1300 1467 1323 est
1485 1295 1575 1323 Orosii
1590 1296 1661 1330 apud
1675 1294 1806 1330 Angusti-

1012 1349 1077 1368 nnm
1098 1341 1228 1369 adversus
1252 1341 1424 1373 Origenistas
1444 1341 1606 1377 conquestio
1625 1341 1650 1368 in
1675 1339 1805 1368 Commo-

1013 1387 1122 1420 nitorio,
1143 1387 1214 1422 quod
1227 1389 1298 1415 inter
1311 1388 1457 1423 Augustini
1476 1386 1577 1423 Opera,
1592 1387 1618 1414 in
1638 1387 1728 1420 capite
1740 1385 1806 1413 libri

1012 1439 1103 1460 contra
1120 1432 1343 1461 Priscillianislas
1357 1439 1381 1461 et
1398 1433 1562 1469 Origenistas
1579 1433 1620 1460 edi
1639 1432 1726 1460 solet:
1743 1441 1753 1458 ε
1768 1431 1805 1458 De

172 1479 286 1513 pientia,
306 1483 333 1507 et
347 1478 458 1507 Justitia
478 1481 536 1508 Dei.
555 1480 617 1508 Haec
636 1486 726 1509 autem
751 1482 843 1509 omnia
861 1489 913 1510 non
933 1483 958 1510 in
974 1487 995 1516 ε
1012 1486 1127 1514 corpore
1146 1487 1212 1506 vero
1239 1479 1346 1507 Domini
1374 1479 1414 1507 sic
1443 1479 1625 1511 tradiderunt.
1649 1479 1712 1513 quin
1740 1485 1804 1505 CIII“

171 1524 231 1552 loco
246 1530 414 1560 qureantur,
439 1526 487 1554 sed
509 1526 609 1562 ubique
633 1527 742 1560 adsunt,
766 1535 855 1563 neque
872 1528 906 1556 ab
921 1528 960 1556 in-

172 1571 257 1599 l'eruis
266 1572 333 1600 locis
346 1577 506 1606 evocantur,
518 1574 565 1601 sed
577 1579 668 1601 mente
683 1574 740 1602 sola
765 1574 960 1610 intellectuque

170 1619 326 1652 capiuntur.
355 1628 364 1645 ι
392 1619 481 1654 Atque
511 1619 548 1646 ita
577 1619 773 1655 intelligendus
796 1625 862 1648 tom.
886 1629 907 1648 ιι
933 1622 961 1648 in

169 1664 262 1698 10am,
280 1672 356 1692 num.
371 1664 417 1697 29,
433 1673 493 1693 cum
514 1666 551 1693 ait
565 1675 571 1693 :
585 1666 664 1693 Μετὰ
677 1665 801 1693 δὲταῦτα
812 1666 878 1702 ἄλλη
891 1675 961 1703 μαρ-

169 1711 248 1744 τυρία
276 1711 324 1738 τοῦ
355 1711 437 1739 αὐτοῦ
472 1712 624 1739 Βαπτιστοῦ
658 1713 722 1749 περὶ
746 1713 865 1749 Χριστοῦ
890 1715 960 1746 ἐστι,

169 1757 218 1793 τὴν
240 1758 451 1794 προηγουμένην
464 1758 547 1786 αὐτοῦ
563 1759 711 1787 ὑπόστασιν
726 1759 766 1786 ἐτι
783 1760 958 1792 διδάσδωυσα,

168 1802 314 1838 διήκουσαν
334 1803 381 1830 ἐπὶ
402 1804 491 1831 πάντα
507 1804 554 1831 τὸν
570 1804 682 1840 κόσμον,
704 1805 776 1832 κατὰ
799 1805 848 1837 τὰς
873 1806 960 1841 ψυχὰς

168 1848 218 1880 τὰς
239 1849 361 1883 λογικὰς,
387 1850 431 1876 ὅτε
455 1850 536 1886 φησί’
562 1849 663 1883 Μέσος
676 1850 761 1886 ὑμῶν
780 1851 910 1886 ἔστηκεν·
925 1852 961 1878 ὃν

169 1895 254 1930 ὑμεῖς
270 1897 327 1922 οὐκ
341 1896 451 1927 οἴδατε.
465 1897 563 1923 ὀπίσω
572 1905 633 1931 μου
645 1896 814 1932 ἐρχόμενος.

205 1941 266 1968 XX.
285 1941 414 1975 Sequitur
431 1941 560 1976 placitum
583 1941 655 1969 aliud
677 1941 802 1977 Origenis
822 1943 856 1970 de
873 1947 962 1970 morte

170 1986 285 2020 Christi,
300 1995 353 2014 non
368 1987 526 2014 hominibus
544 1987 717 2015 solummodo
728 1988 798 2020 utili,
812 1988 861 2016 sed
876 1996 961 2023 ange-

170 2032 204 2060 lis
229 2033 324 2065 etiam,
347 2037 374 2060 et
394 2034 541 2065 sideribus,
562 2040 595 2061 ac
618 2035 698 2061 rebus
722 2035 822 2062 creatis
847 2035 962 2069 quibus-

171 2087 289 2116 cunque.
303 2081 344 2108 Ab
358 2089 390 2108 eo
412 2080 434 2107 si
448 2081 509 2115 quis
523 2082 640 2110 alienum
670 2081 779 2116 penitus
800 2081 885 2109 fuisse
898 2081 961 2109 Ori-

171 2133 266 2161 genem
289 2127 451 2161 pertendere
475 2127 552 2159 velit,
576 2127 722 2155 candorem
743 2126 789 2155 ille
805 2134 913 2154 omnem
929 2135 962 2155 ac

1013 1532 1099 1560 usque
1119 1526 1151 1553 ad
1173 1533 1223 1554 nos
1239 1527 1352 1554 veniens
1364 1525 1450 1553 Filius
1464 1525 1511 1553 Dei
1526 1530 1586 1560 post
1600 1529 1639 1552 tot
1655 1524 1742 1551 millia
1755 1532 1803 1551 an-

1012 1579 1107 1599 norum
1120 1573 1226 1600 otiosus
1243 1579 1276 1599 eo
1291 1579 1379 1607 usque
1394 1580 1447 1599 non
1462 1571 1554 1603 fuerit,
1578 1571 1626 1598 sed
1650 1570 1803 1605 prmdicans

1013 1618 1202 1646 remissionem
1222 1617 1337 1653 angelis,
1353 1617 1535 1652 potestatibus
1562 1621 1644 1651 atque
1663 1616 1804 1644 universis

1011 1664 1208 1700 superioribus,
1235 1672 1297 1691 cum
1318 1664 1478 1699 qualitatem
1499 1662 1593 1691 formae
1611 1670 1707 1690 eorum
1734 1669 1803 1697 quos

1011 1711 1131 1738 visitaret
1147 1715 1313 1743 assumeret,
1333 1717 1419 1745 usque
1435 1710 1469 1737 ad
1486 1709 1699 1745 palpahiiitatem
1711 1709 1800 1736 carnis

1011 1756 1207 1791 assumptionis
1223 1757 1315 1791 specie
1335 1756 1504 1783 transivisse.
1526 1765 1536 1781 ι
1564 1755 1604 1783 Ex
1634 1763 1667 1783 eo
1692 1762 1800 1789 quoque

1012 1803 1182 1838 potissimum
1204 1802 1314 1838 Origeni
1341 1801 1474 1830 conﬂasse
1499 1803 1629 1829 invidiam
1655 1800 1800 1837 Egyptios

1011 1849 1155 1884 episcopos
1174 1849 1259 1876 relert
1274 1848 1484 1876 Posthumianus
1500 1848 1571 1883 apud
1585 1847 1736 1882 Sulpicium
1752 1847 1801 1874 Se-

1012 1903 1106 1923 verum
1128 1895 1232 1930 Dialog.
1247 1902 1265 1927 ι,
1285 1902 1351 1930 cap.‘
1364 1895 1392 1928 '5,
1407 1895 1479 1930 quod
1505 1895 1531 1921 in
1555 1893 1613 1928 ejus
1631 1894 1708 1921 libris
1727 1893 1799 1929 lege-

1013 1947 1097 1974 retur,
1129 1950 1144 1967 «-
1167 1941 1230 1975 quia
1261 1941 1391 1968 Dominus
1423 1940 1513 1972 Jesus.
1533 1940 1604 1968 sicut
1623 1947 1673 1975 pro
1692 1940 1799 1967 redem-

1013 1987 1105 2022 ptione
1119 1981 1238 2014 hor'ninis
1252 1987 1278 2013 in
1298 1994 1381 2014 carne
1398 1987 1528 2018 venisset,
1550 1994 1657 2013 crucem
1680 1993 1728 2021 pro
1750 1986 1799 2013 ho-

1013 2032 1095 2061 minis
1120 2032 1208 2060 salute
1223 2041 1331 2067 passus,
1363 2037 1479 2060 mortem
1493 2040 1541 2067 pro
1558 2032 1677 2060 hominis
1690 2032 1798 2060 interni-

1015 2083 1071 2106 tate
1090 2083 1237 2114 gustasset,
1263 2079 1301 2106 ita
1320 2084 1394 2106 esset
1420 2079 1521 2106 eodem
1544 2078 1640 2106 ordine
1666 2079 1799 2113 passionis

1013 2125 1096 2152 etiam
1110 2125 1249 2152 diabolum
1267 2125 1478 2160 redempturus:
1493 2126 1555 2160 quia
1576 2126 1626 2152 hoc
1641 2125 1756 2153 bonitati
1769 2126 1799 2152 il-

174 2173 302 2205 pudorem
319 2173 569 2208 projiciatnecesse
581 2178 636 2207 est,
653 2181 715 2201 cum
729 2174 799 2201 hanc
815 2174 841 2200 in
854 2181 886 2201 eo
898 2181 961 2201 sen-
977 2161 1000 2190 θ
1015 2171 1080 2204 lius,
1095 2171 1246 2206 pietatique
1258 2176 1432 2205 congrueret,
1452 2175 1483 2199 ut
1496 2172 1540 2206 qui
1562 2171 1697 2207 perditum
1714 2172 1799 2200 homi-

172 2219 285 2246 tentiam
307 2220 443 2255 castigent
458 2227 490 2248 ac
509 2225 660 2256 coarguant
671 2224 777 2247 veteres
790 2219 923 2254 plerique,
933 2225 960 2247 et

171 2271 232 2291 eam
249 2264 333 2292 claris
350 2273 381 2293 ac
399 2266 504 2294 iteratis
521 2267 683 2295 testimoniis
695 2267 882 2301 consignatum
895 2266 960 2293 reli-

172 2311 273 2346 querit.
289 2311 342 2339 Sed
359 2313 487 2347 quoniam
503 2321 547 2341 res
564 2314 690 2341 intricata
706 2317 749 2341 est
769 2317 797 2340 et
821 2313 959 2348 perplexa,

173 2357 327 2384 accuratius
341 2357 448 2384 videtur
462 2358 668 2392 perscrutanda.

209 2401 282 2429 XXI.
301 2411 311 2428 ι
328 2401 494 2438 Theophilus
516 2403 628 2437 epistola
655 2402 779 2430 Paschal.
795 2403 825 2434 2.
842 2402 961 2430 sensisse

174 2456 235 2476 eum
254 2449 379 2483 queritur
395 2457 408 2474 «τ
422 2448 562 2476 Christum
585 2456 634 2484 pro
647 2449 817 2476 dazmonibus
829 2456 861 2476 ac
878 2449 961 2483 spiri—

175 2494 295 2521 tualihns
310 2494 440 2529 nequitiis
453 2494 524 2530 apud
539 2502 652 2529 superos
665 2494 827 2528 alligendum
841 2495 934 2528 cruci;
950 2505 959 2521 I

175 2545 258 2574 atque
285 2540 342 2567 haec
366 2541 482 2568 dicendo
509 2540 607 2568 deinde
634 2540 802 2575 ampliﬁcans
820 2549 870 2575 pro
887 2548 962 2568 more

173 2591 222 2612 suo
244 2590 272 2612 et
293 2585 454 2617 extendens,
475 2585 558 2612 multa
586 2585 649 2612 inde
679 2585 806 2619 pestifera
833 2586 962 2620 consequi

175 2631 305 2658 ostendit.
323 2631 362 2658 Ac
380 2631 459 2666 hujus
484 2631 582 2659 deinde
599 2631 762 2659 auctoritate
777 2635 804 2659 et
818 2632 909 2659 verbis
927 2632 960 2659 ad

175 2677 299 2704 eumdem
316 2675 512 2712 proﬂigandum
527 2684 647 2704 errorem
665 2685 730 2705 usus
744 2682 784 2705 est
800 2677 960 2705 [lincmarus

175 2721 203 2749 in
219 2721 267 2749 lib.
281 2721 318 2749 De
336 2723 579 2757 prlzdestinalione,
593 2731 655 2758 cap.
672 2723 718 2751 27.
731 2723 790 2751 Non
806 2723 886 2752 aliter
898 2723 960 2751 llic-

215 2805 238 2821 “
253 2805 324 2833 Psal.
339 2806 492 2839 uxtn,12.
531 2808 553 2824 ⁷⁸
569 2807 648 2836 Rom.
665 2815 702 2840 γι,
722 2809 748 2835 'J.

1014 2224 1076 2244 nem
1103 2216 1290 2250 reformasset,
1314 2217 1468 2252 prolapsum
1493 2226 1601 2253 quoque
1625 2219 1748 2253 angelum
1765 2218 1797 2246 li-

1014 2263 1132 2291 beraret.
1152 2272 1162 2289 I
1190 2262 1259 2291 Hinc
1289 2263 1444 2291 Bernardus
1471 2271 1554 2291 serm.
1578 2264 1613 2291 M
1643 2264 1670 2291 in
1692 2265 1798 2294 Cantica

1013 2309 1168 2336 comisan:
1197 2317 1206 2334 ε
1224 2308 1354 2344 Denique,
1365 2309 1463 2344 inquit,
1478 2316 1608 2345 operatus
1627 2316 1669 2338 est
1686 2311 1797 2339 salutem

1014 2356 1041 2382 in
1070 2355 1160 2385 medio
1180 2360 1260 2383 terra:
1281 2355 1305 2370 ⁷⁵
1325 2364 1332 2382 :
1362 2356 1484 2391 nunquid
1502 2361 1530 2383 et
1552 2357 1579 2383 in
1598 2357 1687 2384 medio
1707 2357 1797 2385 aeris?

1015 2401 1072 2429 lloc
1098 2402 1240 2429 adv'ersum
1268 2400 1423 2437 Origenem,
1452 2403 1498 2437 qui
1519 2403 1545 2429 in
1566 2410 1630 2430 aere
1659 2403 1796 2431 Dominum

1014 2448 1108 2483 gloriae
1127 2448 1217 2475 denuo
1237 2455 1287 2483 pro
1311 2448 1479 2476 daemonibus
1501 2449 1648 2484 impudenti
1668 2450 1798 2485 crucillgit

1017 2494 1178 2527 mendacio;
1212 2502 1275 2521 cum
1297 2494 1376 2528 hujus
1395 2495 1523 2522 conscius
1550 2494 1673 2529 mysterii
1702 2494 1797 2524 Paulus

1015 2539 1143 2573 affirmet,
1163 2541 1236 2575 quod
1254 2549 1392 2575 resurgens
1407 2549 1440 2568 ea:
1459 2542 1569 2568 mortuis
1580 2541 1639 2575 jam
1653 2549 1704 2568 non
1721 2543 1798 2569 mori-

1015 2590 1077 2618 tur;
1094 2594 1164 2614 mors
1182 2587 1222 2614 illi
1236 2587 1307 2613 ultra
1321 2595 1372 2613 non
1385 2587 1563 2614 dominabitur
1577 2587 1619 2619 7';
1633 2597 1643 2613 ι
1663 2593 1691 2615 et
1706 2588 1797 2615 Alber-

1017 2637 1061 2659 tus
1081 2632 1194 2667 Magnus
1220 2633 1247 2660 in
1273 2633 1408 2668 epistolam
1424 2632 1440 2660 8
1461 2632 1579 2668 Dionysii
1600 2641 1632 2660 :1
1650 2633 1707 2661 Non
1731 2635 1796 2668 quod

1016 2677 1140 2705 futurum
1162 2679 1197 2706 sit
1216 2679 1357 2706 Christum
1372 2678 1470 2705 iterum
1488 2679 1554 2713 pati,
1572 2681 1719 2706 secundum
1741 2680 1796 2708 Ori-

1014 2725 1240 2766 gcniseryrorcm.
1258 2735 1268 2751 ι
1287 2725 1368 2761 Pejus
1381 2725 1444 2760 quid
1465 2733 1498 2753 cx
1518 2725 1584 2760 ipsis
1599 2725 1723 2760 Origenis
1739 2733 1795 2753 rer-
