1904 3077
49 144 96 174 8Ξ5

49 205 85 232 his
111 207 285 239 reprasentat
307 202 479 232 Justinianus
505 203 654 238 imperator
669 203 696 230 in
708 201 824 236 epistola
840 201 864 231 Α

49 251 77 276 ad
94 249 205 281 Menam,
220 249 339 276 futurum
356 257 452 284 nempe
468 253 498 276 ut
517 257 567 284 pro
580 249 750 276 daemonibus
761 256 826 275 eru-

49 296 161 328 ciﬁgatur
175 294 310 327 Christus,
332 295 413 330 idque
438 302 624 329 smpenumero
649 302 697 329 per
725 293 825 322 sazcula

50 343 139 368 futura.
154 341 221 368 Tum
241 341 266 368 in
287 341 419 376 subjectis
438 341 501 369 huic
523 341 646 376 epistolae
665 341 827 368 anathema-

50 389 128 416 tistnis
141 388 286 423 Origeuem
306 389 403 423 tangit,
423 396 485 416 cum
505 396 552 416 eos
563 389 675 416 damnat
689 388 734 422 qui
749 388 826 415 dixe-

49 435 96 460 rint
109 433 224 461 Verbum
244 433 437 469 Serapltintum
448 434 548 462 factum
563 442 625 462 esse
642 434 825 470 Seraphintis.

48 485 71 506 et
83 479 196 508 similem
215 480 327 514 reliquis
346 480 408 508 caeli
429 481 576 508 virtutibus
596 490 604 514 ;
625 485 652 508 et
669 488 730 507 cum
752 480 827 506 addit

49 526 181 554 anathema
197 534 261 554 esse
279 527 326 562 qui
345 527 448 554 dixerit
462 527 600 554 Christum
619 527 646 554 in
664 526 763 554 saeculo
784 525 827 552 l‘u-

50 577 103 600 turo
124 572 285 600 crueillxutn
306 572 339 600 iri
362 580 410 607 pro
431 573 610 605 daamonibus,
639 572 710 600 sicut
730 577 758 598 et
777 579 826 606 pro

50 619 204 646 hominibus.
239 619 316 647 Unde
335 618 504 654 Nicephorus
529 619 577 646 lib.
600 627 669 651 xvu,
693 626 755 653 cap.
779 618 825 651 27,

50 666 114 692 inter
138 665 255 692 haereses
279 664 390 700 Origeui
415 666 549 700 ascriptas
571 665 729 692 damnatam
753 665 826 691 illam

50 711 122 738 fuisse
145 710 226 738 refert
244 719 252 738 :
268 711 330 738 Ὅτι
349 711 419 747 ὑπὲρ
428 711 563 748 δαιμόνων
584 711 623 738 δεῖ
648 711 693 738 τὺν
710 710 826 747 Χριστὸν

50 756 238 792 σταυρωθῆναι.
268 758 316 783 καὶ
349 757 478 788 πολλάκις
512 757 591 784 τοῦτο
617 757 657 789 εἰς
682 756 827 792 ἐσομένους

49 802 138 834 αἰῶνας
167 802 263 829 παθεῖν
281 802 333 828 ὑπὸ
360 802 414 828 τῶν
433 802 597 837 πνευμάτων
618 803 668 837 τῆς
695 801 826 837 πονηρίας

49 848 95 874 τῶν
103 849 129 874 ἐν
138 850 190 880 τοῖς
203 848 385 883 ἐπουρανίοις.
397 857 407 873 ι
419 848 550 882 Oporlere
561 848 695 875 Christum
705 848 824 882 crnciligi

50 901 93 926 pro
106 893 280 926 dazmouibns,
300 898 327 920 et
349 894 446 927 sapius
467 893 494 920 in
512 893 610 920 futuris
632 893 737 921 saeculis
756 894 825 920 idettt
844 883 866 911 Β

51 939 141 973 perpeti
151 947 164 965 a
176 938 318 973 spiritibus
331 939 459 974 nequitia:
468 939 512 973 qui
527 943 590 966 sunt
602 939 628 965 in
640 938 824 966 coalestihusa

52 985 174 1012 llorribile
193 992 260 1012 vero
280 989 323 1012 est
347 989 374 1012 et
399 985 596 1013 exsecrandum
613 985 685 1020 qttod
709 984 828 1012 Joannes

51 1029 222 1056 llamascentts
241 1029 267 1057 in
286 1029 357 1057 libro
375 1029 412 1057 De
426 1030 569 1058 Ita’resibus
584 1029 695 1065 Origeni
714 1037 829 1064 persua-

51 1082 100 1101 sum
119 1075 198 1103 fuisse
218 1076 269 1109 ait,
293 1083 390 1110 nempe
418 1085 428 1102 ι
453 1076 592 1103 Christum
613 1083 666 1102 una
687 1083 749 1103 curn
768 1075 829 1102 dia-

54 1121 107 1146 hulo
128 1130 142 1147 a
162 1120 234 1156 Rege
249 1122 430 1157 gubernatum
459 1122 504 1153 iri.
532 1128 650 1156 eumque
676 1121 702 1148 in
719 1129 827 1149 crucem

52 1171 130 1193 actum
150 1167 320 1195 diemonihus
333 1167 402 1195 falsa
423 1167 655 1194 deuuntiatttrum.
672 1176 683 1194 ο

80 1212 154 1240 XXII.
175 1213 263 1244 Nunc,
284 1215 350 1242 rivis
368 1215 493 1246 omissis,
518 1222 552 1241 ex
576 1214 635 1248 ipso
656 1214 730 1242 fonte
761 1214 829 1241 hau-

52 1259 150 1285 riamus.
170 1259 304 1293 Origenes
326 1259 420 1287 homil.
443 1260 513 1287 lOin
536 1258 602 1285 Luc.
618 1267 650 1286 ex
674 1266 707 1286 eo
732 1259 829 1293 probat

51 1301 104 1328 lesu
120 1303 218 1330 Christi
237 1305 385 1331 adventum
400 1303 507 1331 Veteris
521 1304 687 1331 Testamenti
702 1304 829 1332 Patribus

52 1348 183 1382 profuisse,
199 1351 272 1384 quod
287 1350 447 1378 cmlestibns
458 1350 603 1384 profuerit,
615 1351 691 1386 juxta
712 1352 829 1386 Aposto-

53 1394 97 1420 lum
109 1394 209 1422 Coloss.
229 1403 248 1428 ι,
264 1395 308 1422 20.
330 1395 389 1428 Quo
409 1395 484 1422 l’auli
510 1396 570 1424 loco
583 1397 609 1423 in
625 1397 749 1424 eamdem
766 1397 829 1424 abu-

53 1439 108 1465 titur
120 1441 282 1468 sententiam
295 1440 367 1468 ltotn.
384 1441 431 1468 tiu
448 1441 626 1473 Leuit.,num.
645 1442 672 1474 5,
692 1446 719 1469 et
744 1442 790 1469 lib.
812 1449 828 1468 ν

51 1485 74 1512 in
89 1485 166 1520 Epist.
179 1487 212 1513 ad
230 1486 320 1520 ηοιιι.¹
336 1495 413 1514 nttm.
435 1487 480 1519 10,
500 1495 561 1522 pag.
581 1488 644 1515 568.
661 1487 717 1516 Hoc
738 1493 827 1515 autem

52 1534 188 1562 rwlestiuttt
206 1535 328 1567 nomine,
348 1542 400 1562 non
421 1535 580 1570 angelorum
602 1536 683 1562 modo
705 1535 825 1567 ordines,

52 1580 90 1606 sed
102 1580 182 1607 sidera
202 1588 312 1615 quoque
333 1581 449 1612 notavit,
471 1585 562 1615 utpote
582 1588 643 1615 qua:
667 1587 719 1607 non
737 1581 826 1607 anima

53 1625 130 1657 modo.
145 1627 189 1654 sed
210 1627 318 1654 ratione
337 1628 420 1654 etiam
441 1627 554 1661 praedita
572 1627 721 1656 censuerit.
747 1626 829 1660 Qua:-

52 1679 146 1706 cunque
161 1678 252 1700 autent
276 1674 381 1700 ratione
395 1673 507 1708 pollent,
533 1679 646 1708 peccato
665 1681 726 1700 esse
744 1675 830 1700 obno-

54 1719 100 1751 xia,
116 1727 146 1745 ac
161 1720 276 1754 proinde
292 1720 451 1754 purgatione
464 1720 585 1755 indigere
602 1719 753 1747 arbitratus
766 1725 807 1746 est
821 1729 827 1752 ;

53 1766 208 1799 purgationis
237 1773 303 1793 vero
329 1766 446 1793 cilicium
470 1765 524 1793 illis
557 1771 645 1794 morte
675 1773 725 1792 sua
751 1766 830 1792 exhi-

53 1809 140 1843 buisse,
159 1813 328 1847 salutemque
344 1820 504 1848 procurasse
519 1812 672 1844 Christum,
686 1812 828 1848 ἀπροσδεῆ

53 1857 141 1889 παντδς
156 1858 322 1891 οὑτινοσοῦν,
344 1859 413 1894 πλὴν
441 1859 490 1894 τῆς
512 1858 663 1894 ἀνθρώπων
682 1859 828 1894 σωτηρίας,

52 1901 93 1928 nl.
109 1903 203 1936 παντὸς
217 1903 341 1938 λογικοῦ.
359 1903 405 1930 Sic
426 1910 505 1930 error
519 1904 607 1930 errori
626 1903 755 1930 cohaeret.
773 1902 829 1928 lia-

53 1947 148 1976 timtalia
159 1957 239 1984 porro
251 1957 418 1976 euunterans
433 1954 497 1976 tom.
515 1956 523 1975 ι
547 1948 574 1974 in
596 1947 690 1978 10am,
705 1947 829 1980 nunt.54,

53 1995 152 2028 angelos
171 1996 197 2023 itt
230 1996 277 2027 iis,
301 1997 425 2023 homines
449 2003 481 2022 ac
510 1995 649 2022 dmmones
674 1994 828 2035 collocavit.

53 2040 131 2069 Asti-is
150 2047 238 2069 autem
260 2043 378 2070 animam
399 2042 514 2074 addidit,
531 2048 547 2069 e
560 2041 686 2076 supernis
701 2040 829 2067 nimirum

54 2088 162 2116 coalitum
177 2089 319 2116 ordinibus
336 2090 534 2124 depromptum,
553 2090 586 2115 ad
602 2095 683 2122 quam
706 2094 831 2121 peraeque

55 2135 139 2161 mortis
162 2135 263 2163 Christi
293 2135 456 2162 beneﬁcium
479 2134 654 2168 pertinuerit.
671 2132 830 2160 Commenta

55 2178 92 2205 illa
107 2180 190 2213 palam
207 2180 312 2215 profert
329 2186 394 2209 tom.
408 2188 427 2214 t,
444 2188 521 2207 nuttt.
534 2180 569 2207 40
586 2180 612 2206 iu
636 2178 731 2210 leam,
753 2178 831 2206 Chri-

441 140 729 170 ORICENIANOBUM
750 140 814 168 LIB.
837 138 869 171 ll,

889 139 966 168 CAP.
987 139 1021 173 ll,
1038 139 1178 174 QUIEST.
1199 139 1244 167 Ill.
1617 139 1669 169 836

881 201 980 229 ﬁnibus
995 202 1093 230 mortis
1107 201 1208 229 Christi
1226 201 1347 237 pretium
1363 205 1391 229 et
1411 202 1530 230 valorem
1549 202 1670 230 circnm—

880 248 1025 283 scripsisse
1038 249 1113 275 visus
1125 252 1179 281 est,
1197 247 1244 275 sed
1257 247 1291 274 ad
1307 255 1351 274 res
1368 253 1475 275 creatas
1495 256 1590 276 omnes
1605 257 1671 283 por-

881 295 1004 322 rexisse:
1028 295 1067 322 ait
1092 294 1165 321 enim
1188 299 1254 321 tom.
1278 301 1326 321 xttt
1350 293 1378 320 in
1410 293 1521 326 Mnuh.,
1551 295 1669 325 nunt.8.

880 341 1017 369 Cltristum
1034 348 1142 375 passum
1167 340 1238 376 ὑπὲρ
1259 339 1420 376 ἀνθρώπων,
1437 340 1454 376 ἢ
1475 341 1522 368 καὶ
1537 341 1598 368 ὅλου
1622 341 1669 368 τοῦ

881 387 998 422 κόσμου,
1016 391 1044 413 et
1057 391 1122 413 tom.
1137 394 1155 413 ιι
1171 386 1198 412 in
1211 385 1305 418 Joan.,
1323 394 1398 413 ntun.
1415 387 1431 414 6
1447 394 1454 414 :
1474 388 1507 414 Ἦ
1525 388 1594 422 τάχα
1610 388 1670 414 ἐστὶ

881 435 926 460 καὶ
940 433 1019 460 τοῦτο
1029 434 1128 465 εἰπεῖν,
1141 433 1182 459 ὅτι
1195 433 1280 459 ἐδεῖτο
1296 434 1312 468 ἡ
1331 433 1422 464 κτίσις
1436 434 1506 470 ὑπὲρ
1522 434 1569 461 τοῦ
1591 435 1668 461 ἐλευ-

881 479 1034 516 θερωθῆναι
1051 479 1105 505 ἀπὸ
1127 479 1178 514 τῆς
1195 479 1318 511 δουλείας
1339 480 1390 515 τῆς
1409 480 1522 516 φθορᾶς,
1539 480 1607 508 ἀλλὰ
1622 482 1670 508 καὶ

880 525 910 552 τὸ
925 525 980 552 τῶν
1005 524 1157 561 ἀνθρώπων
1179 525 1267 560 γένος,
1286 525 1424 562 μακαρίας
1437 527 1484 553 καὶ
1498 527 1572 559 θείας
1588 527 1669 554 δυνά-

881 579 956 606 μεως
974 570 1214 607 ὲνανθρωπούσης,
1231 571 1293 607 ἥτις
1310 571 1487 607 διορθώσεται
1503 573 1550 600 καὶ
1571 573 1607 600 τὰ
1622 572 1670 600 sui.

878 617 929 653 τῆς
939 617 1002 653 γῆς.

917 663 1009 692 ΧΧΙΙΙ.
1024 663 1083 691 Non
1099 664 1169 692 satis
1183 671 1248 691 vero
1265 664 1324 698 ipse
1337 663 1390 692 sibi
1407 664 1515 693 videtur
1531 670 1669 699 constare,

880 715 941 734 cum
956 708 1088 735 rationem
1108 708 1271 743 modumque
1281 708 1420 743 explanat,
1430 717 1484 743 quo
1497 718 1540 738 res
1555 711 1670 740 rationis

879 759 1019 789 compotes
1041 762 1056 781 a
1081 754 1266 788 corruptionis
1280 755 1412 782 servitute
1426 755 1553 784 Christus
1568 757 1670 784 libera-

880 801 928 828 vit.
948 800 1016 827 Nam
1031 799 1146 835 singulis
1160 800 1317 835 angelorum
1329 801 1484 833 ordinibus,
1501 802 1528 830 iu
1544 811 1592 830 sua
1606 803 1670 830 uui-

880 847 980 881 cnique
998 847 1083 874 forma
1103 846 1276 882 apparuisse,
1291 847 1467 882 Evnngelittm
1495 848 1669 884 prtetlicasse,

879 898 906 920 et
922 893 948 920 in
961 893 1032 920 curio
1043 892 1161 928 denique
1176 899 1292 921 mortetu
1316 901 1366 928 pro
1389 894 1424 920 iis
1435 895 1537 922 obiisse
1552 896 1670 924 sciscere

880 940 986 967 videtur
1001 939 1158 974 aliquando.
1169 940 1248 968 Velut
1264 949 1325 968 cutn
1337 941 1376 967 ait
1391 941 1464 968 hom.
1479 941 1496 968 8
1521 942 1548 968 in
1561 941 1668 974 Genu.

879 993 954 1012 num.
976 985 1011 1013 8:
1038 996 1047 1012 ι
1061 985 1297 1013 Considerandum
1323 991 1365 1013 est
1384 987 1447 1020 quia
1475 987 1588 1021 angelus
1611 987 1670 1015 hare

879 1031 1000 1058 refertur
1015 1031 1048 1058 ad
1068 1031 1204 1058 Abraham
1231 1031 1349 1064 locutus,
1377 1037 1405 1060 et
1429 1033 1493 1067 quia
1522 1033 1549 1060 in
1572 1041 1669 1061 conse-

879 1077 1023 1112 quentibus
1036 1077 1178 1105 evidenter
1193 1078 1237 1105 hic
1261 1078 1374 1113 angelus
1391 1078 1521 1106 Dominus
1542 1081 1668 1107 ostendi-

880 1127 934 1151 tur.
948 1122 1026 1150 Unde
1053 1129 1118 1158 pnto
1144 1125 1216 1158 quod
1234 1124 1306 1151 sicut
1332 1125 1403 1152 inter
1417 1133 1466 1152 nos
1480 1125 1604 1153 homines
1621 1126 1670 1153 ha-

878 1168 936 1196 hittt
968 1174 1091 1204 repertus
1116 1175 1160 1198 est
1187 1175 1217 1198 ut
1236 1170 1328 1203 homo,
1354 1171 1391 1198 ita
1416 1176 1445 1198 et
1467 1172 1537 1199 inter
1559 1172 1669 1207 angelos

878 1215 971 1243 habittt
984 1221 1026 1243 est
1039 1221 1163 1250 repertus
1178 1222 1207 1243 ut
1223 1217 1344 1252 angelus.
1362 1226 1371 1243 ι
1396 1217 1429 1244 Et
1452 1224 1513 1244 cum
1534 1222 1607 1245 tomo
1634 1225 1668 1245 xv

878 1263 905 1289 in
919 1261 1030 1294 Matth.,
1047 1270 1123 1290 ntttn.
1138 1263 1165 1295 7.
1180 1263 1291 1298 angelos
1321 1263 1421 1291 Christi
1443 1263 1591 1296 discipulos
1617 1271 1667 1298 ap-

879 1308 973 1342 pellari
991 1316 1073 1342 posse
1103 1309 1203 1336 asserit
1224 1316 1232 1335 :
1255 1309 1369 1336 Φθάνειν
1393 1309 1447 1345 γὰρ
1471 1310 1518 1336 ἐπὶ
1541 1309 1669 1342 τοιαύτας

878 1353 1008 1389 δυνάμεις
1033 1353 1063 1380 τὸ
1090 1354 1143 1381 τῶν
1164 1355 1295 1391 μαθητῶν
1325 1355 1411 1390 Ἰησοῦ
1435 1355 1522 1391 ὄνομα
1547 1355 1668 1390 εὔλογον,

879 1399 922 1426 ἵνα
939 1399 977 1435 μὴ
995 1399 1075 1435 μόνον
1086 1402 1110 1427 οἱ
1127 1400 1266 1436 ἄνθρωποι
1279 1401 1353 1436 αὐτῷ
1369 1401 1586 1437 μαθητεὺωνται,
1601 1401 1669 1429 ἀλλὰ

879 1445 927 1471 καὶ
940 1445 964 1471 ot
978 1445 1087 1479 ἄγγελοι
1106 1442 1146 1477 οἷς
1165 1445 1254 1482 ὤφθη,
1272 1447 1319 1473 καὶ⁹
1336 1446 1364 1473 εἴ
1382 1456 1425 1478 τις
1440 1447 1515 1483 αὺτῷ
1529 1446 1670 1474 πιστεύειν

880 1490 1004 1526 βούλεται
1030 1490 1084 1517 ἀπὸ
1112 1491 1210 1523 παντὸς
1240 1492 1370 1527 ὀνόματος
1397 1493 1608 1528 ὀνομαζομένου,
1637 1493 1669 1520 οὐ

881 1535 959 1570 μόνον
973 1536 1001 1562 ὲν
1017 1535 1055 1571 τῷ
1072 1535 1150 1563 αἰῶνι
1165 1536 1263 1572 τούτῳ,
1287 1536 1355 1564 ἀλλὰ
1373 1538 1420 1564 καὶ
1437 1538 1466 1564 ὲν
1478 1537 1517 1573 τῷ
1534 1537 1668 1571 μέλλοντι.

881 1581 913 1607 Ιιὶι
930 1589 990 1608 cum
1007 1586 1072 1609 tom.
1083 1589 1129 1609 vui
1143 1587 1236 1608 contra
1249 1581 1306 1609 Cels
1322 1601 1330 1614 ,
1348 1582 1486 1610 Christum
1503 1582 1569 1609 dicit
1583 1581 1668 1618 πολλῇ

879 1626 992 1662 δυνάμει
1018 1627 1221 1663 ὲπεσπαρκέναι
1238 1627 1283 1654 τὸν
1300 1627 1431 1655 καθαρὸν.
1448 1629 1498 1663 τῆς
1515 1627 1670 1659 θεοσεϐείας

879 1674 958 1708 λόγον
977 1675 1010 1710 τῇ
1026 1673 1100 1710 πάσῃ
1117 1674 1170 1701 τῶν
1195 1674 1345 1710 ἀνθρώπων
1367 1675 1513 1710 οἰκουμένῃ
1532 1683 1538 1690 ι
1555 1675 1585 1701 οὺ
1601 1674 1669 1709 ψεύ-

881 1727 963 1754 σομαι
977 1720 1020 1756 δὴ,
1040 1721 1135 1754 inquit,
1154 1721 1310 1756 προστιθεὶς
1328 1721 1375 1747 καὶ
1388 1720 1485 1754 λέγων,
1501 1721 1543 1747 ὅτι
1554 1721 1600 1747 καὶ
1613 1720 1669 1746 τῶν

879 1765 967 1792 ἄλλων
977 1765 1094 1800 λογικῶν
1112 1766 1159 1793 καὶ
1172 1766 1307 1801 δεομένων
1316 1766 1495 1802 διορθώσεως,
1514 1767 1562 1793 καὶ
1587 1766 1670 1802 θερα-

881 1811 972 1843 πείας,
989 1811 1036 1838 καὶ
1051 1811 1204 1846 μεταϐολῆς
1222 1812 1272 1847 τῆς
1288 1811 1341 1838 ἀπὸ
1354 1811 1405 1846 τῆς
1421 1812 1530 1843 κακίας.
1562 1811 1594 1838 Ει
1606 1819 1668 1838 Cum

881 1859 969 1892 primo
986 1858 1013 1884 in
1029 1858 1161 1885 Joannem
1179 1863 1262 1890 tomo,
1276 1865 1352 1886 ttunt.
1366 1858 1412 1888 54,
1433 1857 1609 1885 Servatorent
1629 1858 1669 1884 ait

881 1904 982 1931 factum
998 1903 1088 1930 omnia
1105 1904 1241 1936 omnibus,
1256 1909 1284 1930 ut
1301 1911 1397 1931 omnes
1414 1903 1596 1935 lucrifaceret.
1609 1903 1670 1938 qui-

880 1957 986 1984 cunque
1016 1949 1131 1977 salutem
1155 1950 1267 1984 adipisci
1294 1955 1432 1985 poteraut,
1458 1950 1530 1984 quod
1556 1949 1670 1976 rationis

881 2001 973 2025 essent
987 1996 1154 2032 participes;
1174 2000 1230 2022 tum
1246 2002 1290 2023 res
1303 1996 1408 2023 ratione
1424 1995 1554 2030 pollentes
1572 2002 1669 2022 recen-

880 2049 933 2077 set,
949 2051 1100 2078 earumque
1116 2043 1250 2078 triplicem
1265 2042 1409 2069 constituit
1428 2042 1525 2068 seriem
1539 2049 1548 2074 ;
1563 2048 1596 2068 ac
1611 2041 1670 2075 pri-

881 2098 953 2116 ntam
968 2089 1073 2125 angelis
1088 2089 1218 2123 assignat,
1243 2093 1272 2115 et
1299 2088 1407 2115 dubitat
1427 2086 1524 2114 deinde
1537 2086 1677 2121 posterio‘

882 2143 962 2163 resne
976 2140 1067 2170 partes
1079 2136 1199 2163 ascribat
1215 2134 1383 2166 hominibus,
1402 2141 1436 2160 an
1461 2135 1517 2165 τοῖς
1538 2132 1673 2169 καταχθο-

881 2182 958 2215 νίοις,
972 2190 1088 2217 quorum
1107 2189 1123 2209 e
1138 2189 1252 2208 ttutttero
1267 2181 1413 2211 daemones,
1441 2180 1484 2207 vel
1501 2187 1607 2212 omnes,
1629 2178 1674 2214 vel

55 2231 167 2260 stumque
181 2227 283 2254 asserit
298 2234 424 2262 magnum
438 2233 499 2253 esse
517 2226 685 2260 pontificem,
711 2233 764 2252 non
782 2231 831 2258 pro
848 2234 870 2262 ι)
883 2229 990 2263 aliquos
1005 2235 1066 2255 esse
1080 2232 1213 2254 autumat.
1227 2226 1260 2253 Et
1270 2234 1331 2253 cunt
1349 2227 1417 2253 libro
1433 2226 1520 2261 prittto
1531 2225 1674 2253 Commen-

55 2271 196 2300 homiuihns
212 2274 303 2305 modo,
318 2273 364 2300 sed
381 2280 428 2307 pro
440 2272 513 2299 omni
530 2273 612 2299 etiam
628 2272 700 2306 quod
718 2271 833 2298 rationis

54 2323 117 2344 esset
131 2326 212 2353 capax
227 2328 235 2351 ',
252 2324 334 2353 atque
349 2319 385 2345 ita
401 2318 510 2345 demum
527 2318 668 2345 concludit
684 2326 690 2343 :
708 2317 763 2344 Καὶ
777 2316 832 2353 γὰρ

53 2363 142 2391 ἀτοπον
167 2366 237 2402 ὑπὲρ
258 2366 438 2401 ἀνθρωπίνων
455 2366 504 2402 μὲν
519 2365 600 2392 αὑτὸν
613 2364 728 2399 φάσκειν
742 2364 833 2399 ἁμαρ-

53 2410 171 2444 τημάτων
196 2411 346 2446 γεύσασθαι
369 2411 494 2443 θανάτου,
508 2410 600 2438 οὐκέτι
616 2410 644 2436 δὲ
660 2410 731 2445 ὑπὲρ
752 2409 832 2436 ἄλλου

54 2456 117 2488 τινὸς
143 2457 216 2493 παρὰ
243 2458 288 2485 τὸν
311 2458 454 2494 ἄνθρωπον
476 2459 504 2484 ὲν
522 2457 704 2492 ἁμαρτήμασι
720 2464 833 2491 γεγενη-

56 2502 137 2535 μένου,
154 2501 208 2531 οἷον
228 2504 298 2541 ὑπὲρ
317 2505 434 2540 ἇστρων,
451 2503 510 2530 οὐδὲ
530 2502 584 2529 τῶν
600 2502 707 2538 ἄστρων
725 2501 832 2533 πάντως

55 2548 170 2585 καθαρῶν
197 2551 280 2577 livsz
306 2549 421 2577 ἐνώπιον
434 2549 481 2576 τοῦ
507 2548 587 2579 Θεοῦ,
609 2549 646 2580 ὡς
668 2549 697 2574 ὲν
711 2547 750 2583 τῷ
771 2546 832 2574 Ἰὼϐ

55 2595 214 2632 ἀνέγνωμεν*
227 2598 314 2633 ἄστρα
337 2597 365 2624 δὲ
385 2597 424 2623 οὐ·
433 2596 543 2631 καθαρὰ
555 2595 670 2622 ἐνώπιον
690 2595 772 2622 αὑτοῦ
783 2604 790 2610 ·
808 2595 833 2621 εί

57 2640 88 2677 μή
102 2642 152 2678 ἄρα
167 2644 354 2679 ὑπερϐολικῶς
370 2643 451 2670 τοῦτο
460 2643 578 2679 εἴρηται.
604 2642 698 2669 Simile
715 2641 779 2676 qttid
792 2641 832 2668 iu-

56 2688 106 2714 nuit
128 2695 190 2718 tom.
217 2698 234 2718 II
262 2691 291 2718 in
317 2690 414 2722 10am,
441 2697 516 2716 nttm.
536 2688 580 2721 l6,
601 2696 663 2716 cum
693 2687 831 2715 Christum

57 2730 134 2762 lucem
145 2744 205 2764 esse
217 2736 264 2770 ait,
283 2745 336 2764 non
357 2736 498 2764 hominum
512 2736 655 2767 duntaxat,
673 2734 720 2762 sed
739 2738 766 2762 et
785 2740 832 2760 co-

57 2785 108 2807 l‘llttl
127 2783 247 2810 omniunt
271 2784 319 2819 qui
343 2783 459 2812 rationis
481 2789 595 2811 capaces
618 2786 690 2810 sunt.
716 2779 768 2809 Nec
785 2781 827 2808 ltis

88 2870 109 2887 ’τ
122 2872 202 2907 Apoc.
223 2881 276 2907 xw,
291 2875 318 2901 6.

884 2275 1015 2301 tariorum
1039 2274 1066 2300 in
1091 2273 1243 2308 Epistulam
1261 2272 1296 2298 ad
1316 2271 1405 2304 Rom.,
1435 2279 1511 2300 num.
1532 2271 1560 2303 4,
1576 2273 1678 2306 ιιυιετίι.

884 2328 982 2346 annon
996 2319 1122 2347 Christus
1138 2328 1147 2344 ι
1158 2317 1349 2346 tnattil‘estatns
1362 2317 1388 2344 in
1405 2325 1501 2349 carne,
1516 2325 1577 2345 cum
1590 2325 1674 2352 appa-

885 2366 972 2393 ruerit
986 2365 1100 2400 augelis,
1114 2375 1123 2391 ι
1134 2364 1212 2399 juxta
1229 2364 1398 2400 Apostolum,
1411 2365 1449 2392 eis
1465 2365 1567 2399 absque
1583 2364 1677 2391 Evan-

886 2411 956 2447 gelio
981 2419 1034 2439 nott
1058 2411 1216 2446 apparuerit
1239 2420 1247 2438 :
1275 2415 1330 2438 ttun
1351 2411 1462 2445 subjicit
1476 2411 1594 2438 deinde:
1617 2420 1625 2435 ι
1644 2409 1676 2437 Si

885 2465 950 2491 ergo
963 2465 1024 2484 cum
1036 2457 1162 2491 apparuit
1177 2456 1254 2484 nobis
1270 2456 1437 2488 hominibus,
1451 2465 1503 2484 non
1516 2457 1574 2483 sine
1589 2456 1678 2483 Evan-

886 2503 956 2538 gelio
981 2502 1116 2537 apparuit.
1150 2502 1343 2536 consequentia
1378 2502 1487 2528 videtur
1512 2501 1677 2533 ostendere,

886 2548 959 2583 quod
973 2547 1056 2574 etiam
1074 2547 1197 2582 angelico
1213 2547 1302 2575 ordini
1317 2555 1371 2574 non
1385 2548 1445 2575 sine
1461 2546 1610 2581 Evangelia
1625 2554 1675 2578 ap-

888 2594 1021 2629 paruerit,
1040 2593 1085 2620 illo
1096 2592 1222 2620 fortassis
1237 2594 1308 2628 quod
1325 2598 1457 2621 a-ternum
1474 2592 1676 2627 Evangeliuma

885 2639 990 2668 Joanne
1016 2644 1195 2666 memoratum
1219 2639 1243 2655 ⁷⁷
1273 2647 1355 2674 supra
1375 2638 1545 2666 edocuitnus.
1565 2637 1593 2664 Si
1609 2644 1677 2664 vero

886 2689 967 2715 etiam
981 2687 1008 2715 in
1027 2686 1141 2722 reliquis
1160 2687 1322 2715 omlestibus
1344 2686 1486 2714 ordinibus
1505 2685 1560 2712 tale
1574 2684 1678 2719 aliquid

887 2740 992 2770 gestum
1012 2741 1074 2761 esse
1096 2733 1131 2760 ab
1145 2741 1178 2760 eo
1194 2733 1386 2769 suspicandum
1404 2732 1451 2765 sit,
1466 2733 1492 2759 in
1506 2739 1536 2759 ea
1552 2739 1604 2766 qtta
1620 2730 1677 2758 sin-

891 2782 944 2818 guli
961 2781 1062 2817 quique
1078 2785 1140 2809 sttnt
1153 2779 1239 2808 forma
1253 2788 1387 2817 apparens
1404 2779 1452 2815 cis,
1467 2784 1494 2807 et
1509 2778 1680 2807 annuntians
