1904 3077
243 133 296 161 89.7

877 135 907 164 P.
925 136 1083 164 DANIELIS
1103 135 1220 165 HUETII

1816 137 1859 165 διδ

241 202 350 230 pacem,
364 195 492 229 quoniam
508 194 619 229 quidem
632 202 681 229 per
697 195 857 231 sanguinem
874 197 963 225 crucis
976 206 1032 225 sua:
1046 201 1068 228 Α
1085 197 1302 224 manifestatum.
1316 206 1326 223 ι
1343 195 1396 223 Sed
1411 194 1501 223 Ruﬁni
1517 199 1607 223 tamen
1622 195 1769 231 perﬁdiam
1783 196 1858 224 denuo

244 241 395 276 paciﬁcavit
415 248 466 267 non
488 240 576 268 solum
594 249 654 275 qme
672 241 697 269 in
715 247 800 276 terra,
816 243 863 270 sed
877 248 905 271 et
920 251 980 278 qua:
1004 244 1030 271 in

243 288 321 314 caelis
332 291 395 314 sunt
411 286 445 319 "‘,
459 287 539 314 etiam
556 292 583 314 tu
599 287 670 322 apud
683 289 856 323 temetipsum
867 289 1005 318 discutito.
1018 300 1029 317 ›

245 333 349 360 Etcum
365 333 457 360 hontil.
473 334 485 361 Ι
504 338 532 361 et
554 333 572 361 2
594 334 622 360 in
640 333 735 367 Levita,
752 335 891 362 Christum
911 345 920 362 ι
935 336 960 363 in
976 343 1032 364 cm-

243 380 357 407 lcstihus
371 380 478 407 vitalem
495 380 620 414 corporis
647 380 688 408 sui
717 381 856 414 virtutem,
877 382 950 409 velut
968 390 1031 410 cor-

243 425 336 459 porale
359 426 496 460 quoddam
520 426 689 453 sacriﬁcimu
717 426 872 455 immolasse
896 437 906 454 ›
931 428 979 461 ait,
1005 434 1032 456 et

241 471 365 499 caelestia
380 476 494 499 eatenus
512 472 673 506 paciﬁcasse
688 480 736 506 per
752 474 914 508 sanguinem
940 482 1031 509 suum,

242 522 381 553 quatenus
403 518 428 545 in
445 518 524 546 caelis
542 526 591 553 pro
610 526 724 546 tnunere
735 519 844 547 oblatus
859 524 911 547 est.

278 563 314 590 At
326 570 421 591 contra
439 571 492 591 una
516 568 602 591 morte
625 565 651 590 in
674 565 757 592 terris
775 566 848 592 obita
872 566 952 594 rebus
973 567 1032 595 uni-

243 609 334 637 versis
366 610 474 637 ratione
517 610 660 638 instructis
699 611 814 639 salutem
849 614 1032 647 promeruisse

243 655 384 683 Christum
398 656 522 691 pluribus
539 656 606 683 locis
621 657 755 686 decernit.
773 657 839 685 Nam
855 664 956 693 praeter
973 668 1032 688 ma-

243 709 324 736 gnam
345 708 441 728 eorum
474 707 578 736 partem
601 702 647 736 qui
672 709 754 737 supra
782 703 933 738 deprompti
957 711 1030 739 sunt,

245 746 315 773 unde
331 747 355 773 id
370 747 449 774 facile
473 747 597 782 colligas,
614 753 641 774 et
661 749 732 776 hunc
753 749 905 783 prmsertim
924 751 990 778 torni
1005 752 1032 779 in

242 790 375 818 Joannem
393 792 501 826 prioris,
516 800 590 819 num.
608 792 655 823 40,
673 793 698 819 in
721 800 774 828 quo
792 793 919 823 Christus
932 796 1033 823 dicitur

244 836 332 871 μέγας
347 837 502 873 ἀρχιερεὺς,
526 839 574 874 οὐχ
597 839 665 876 ὑπὲρ
685 834 837 876 ἀνθρώπων
856 841 945 877 μόνον,
962 841 1031 869 ἀλλὰ

243 883 290 909 καὶ
302 884 402 915 παντὸς
416 883 536 918 λογικοῦ,
551 885 600 920 τὴν
612 885 685 919 ἅπαξ
697 885 792 913 θυσίαν
803 888 1031 923 προσενεχθεῖσαν

242 929 336 956 ἑαυτὸν
354 929 524 964 ἀνενεγκών·
553 936 580 958 et
599 931 680 958 istum
709 937 839 966 praeterea
854 941 869 960 e
893 938 961 961 tom.
992 942 1029 962 vn

242 979 335 1002 contra
353 975 434 1008 Cela"
458 985 521 1004 num
547 977 590 1010 17,
617 985 679 1012 pag.
711 978 763 1005 706
791 979 979 1015 ι’Υπέμεινεν
994 981 1031 1012 ὡς

241 1020 324 1055 σοφὸς
337 1021 382 1047 καὶ
399 1021 512 1054 τέλειος,
533 1022 605 1058 ἅπερ
626 1023 710 1059 ἐχρῆν
734 1024 878 1060 ὑπομεῖναι
899 1026 943 1052 τὸν
961 1026 1032 1064 ὑπὲρ

242 1067 343 1099 παντὸς
353 1068 403 1094 τοῦ
414 1067 510 1102 γένους
522 1068 575 1095 τῶν
587 1068 749 1105 ἀνθρώπων,
763 1071 780 1106 ἢ
796 1072 842 1098 καὶ
853 1072 907 1099 τῶν
914 1073 1031 1107 λογικῶν

241 1113 334 1140 πάντα
353 1114 524 1149 πράττοντα·
539 1123 607 1142 unus
622 1115 666 1143 ille
682 1123 731 1150 pro
745 1117 873 1145 omnibtts
890 1125 951 1146 esse
968 1127 1030 1153 pos-

242 1164 295 1191 set,
310 1159 355 1193 qui
373 1160 489 1186 habetur
502 1159 528 1187 in
547 1160 598 1187 ﬁne
617 1160 663 1187 lib.
698 1169 714 1187 v
736 1161 764 1188 in
787 1161 873 1193 Epist.
889 1164 924 1190 ad
938 1162 1030 1198 Rom.,

242 1212 318 1232 num.
341 1205 386 1236 l0.
400 1213 460 1241 pag.
479 1206 543 1240 568,
562 1206 605 1233 ubi
622 1207 715 1234 mirari
740 1215 770 1235 se
791 1208 857 1235 dicit
874 1218 884 1235 ‹
898 1210 1030 1244 quosdam

242 1256 338 1279 contra
354 1252 424 1279 hanc
443 1253 675 1281 evidentissimam
696 1253 771 1281 Pauli
787 1256 950 1283 sententiam
964 1256 1032 1284 velle

242 1304 379 1331 asserere,
394 1299 466 1333 quod
483 1299 508 1325 in
523 1298 622 1327 futuris
639 1300 736 1327 iterum
756 1301 863 1329 saeculis
878 1302 919 1329 vel
936 1303 1030 1330 eadem

243 1343 286 1370 vel
306 1344 403 1371 similia
426 1346 480 1379 pali
497 1353 608 1373 necesse
630 1346 666 1372 sit
692 1345 841 1378 Christum.
864 1353 894 1375 ut
919 1348 1030 1376 liberari

243 1389 349 1423 possint
367 1390 449 1417 etiam
477 1390 504 1418 hi
528 1399 596 1426 quos
613 1392 638 1419 in
655 1393 783 1426 praesenti
807 1393 862 1420 vita
891 1394 1033 1429 dispensa-

245 1435 327 1462 tionis
342 1435 400 1469 ejus
414 1437 545 1465 medicina
563 1445 662 1466 sanare
687 1447 739 1467 non
762 1442 858 1475 potuit.
871 1449 880 1466 ι
906 1441 940 1468 Et
953 1442 1032 1476 paulo

243 1486 322 1516 post:
341 1482 419 1509 «Sed
440 1483 473 1510 ad
505 1484 572 1516 hmc,
602 1485 698 1520 inquit.
727 1493 775 1512 nos
806 1486 924 1514 breviter
952 1493 1032 1522 prout

1047 875 1067 902 Β

1083 244 1269 271 recordemur.

1119 291 1154 318 At
1168 290 1223 317 vim
1237 283 1296 317 eam
1309 289 1373 316 licet
1390 288 1469 316 morti
1487 288 1622 323 quondam
1645 288 1674 315 in
1701 288 1782 315 terris
1794 289 1859 316 Chri-

1083 342 1126 365 sto
1139 337 1221 364 illatae
1246 336 1368 363 tribuant
1385 335 1436 363 loci
1460 342 1540 369 supra
1561 334 1683 365 adducti,
1700 342 1761 369 quae
1784 334 1858 362 homi-

1083 390 1148 410 num
1165 382 1381 417 angelorumque
1395 381 1535 408 servandis
1548 381 1693 408 ordinibus
1718 379 1857 415 sufﬁceret;

1083 428 1181 456 iterum
1212 432 1301 454 tamen
1330 427 1356 454 in
1384 426 1563 461 sequentibus
1591 427 1702 453 saeculis
1731 434 1856 461 passurum

1083 474 1220 502 Christum
1233 474 1340 501 videtur
1357 472 1491 500 alIirmare
1508 473 1582 500 hom.
1609 473 1623 499 ί
1639 473 1668 499 in
1688 472 1784 504 ἰλύι..
1796 481 1856 500 num.

1082 521 1137 549 5.1
1153 520 1208 548 Nisi
1234 520 1296 555 quia
1331 519 1410 553 forte,
1438 519 1536 554 inquit.
1565 519 1617 546 hoc
1650 519 1769 553 intelligi
1788 519 1858 546 voluit

1084 566 1290 602 (Moyses)quod
1307 567 1417 601 sanguis
1430 565 1493 593 Jesu
1507 573 1561 593 non
1578 565 1665 593 solum
1683 566 1712 592 in
1723 564 1856 593 Jerusalem

1083 612 1186 641 eﬁ‘usus
1202 618 1253 646 est,
1271 613 1315 640 ubi
1329 617 1388 640 erat
1405 612 1500 644 altare,
1519 617 1546 640 et
1564 612 1638 639 basis
1651 611 1726 645 ejus,
1741 616 1766 639 el
1783 613 1857 639 taber-

1084 659 1209 687 naculum
1241 659 1408 693 testimonii;
1425 658 1483 694 (24)
1502 658 1549 686 sed
1569 663 1597 686 et
1620 658 1695 693 quod
1711 666 1790 693 super
1803 658 1854 685 illud

1083 705 1180 739 altare,
1195 706 1268 741 quod
1283 710 1325 734 est
1345 706 1372 733 in
1389 705 1478 738 ccelis,
1502 704 1546 732 ubi
1563 710 1591 732 et
1608 704 1737 731 Ecclesia
1758 704 1857 738 primiti-

1082 760 1177 780 vorum
1197 757 1250 785 est,
1270 753 1341 779 idem
1369 752 1426 788 ipse
1442 751 1554 787 sanguis
1577 751 1740 786 asperserit.
1761 760 1770 776 ι
1786 750 1856 777 Mani-

1083 798 1168 827 festus
1181 807 1245 826 vero
1258 798 1362 826 erroris
1377 797 1456 833 hujus
1472 797 1549 825 locus
1563 796 1609 824 illc
1629 801 1673 824 est
1692 803 1775 831 quem
1791 796 1855 823 exhi-

1083 845 1129 872 bet
1142 845 1309 872 Justinianus
1329 844 1355 872 in
1372 844 1451 879 epist.
1469 845 1502 871 ad
1515 843 1622 870 Menam
1635 848 1663 870 et
1680 843 1732 870 lib.
1749 850 1783 870 tv.
1799 843 1855 877 Περὶ

1082 891 1194 926 ἀρχῶν,
1229 899 1304 919 num.
1337 891 1382 918 25.
1418 890 1464 917 Sic
1490 889 1536 917 ille
1565 890 1649 924 vulgo
1686 889 1777 916 editus
1800 893 1856 916 est:

1082 937 1144 963 Ὀτι
1158 937 1205 963 καὶ
1213 936 1282 972 ὑπὲρ
1292 936 1426 972 δαιμόνων
1434 936 1474 962 δεῖ
1484 935 1529 962 τὸν
1538 935 1656 970 Χριστὸν
1671 935 1855 970 σταυρωθῆναι,

1082 984 1129 1010 καὶ
1144 983 1275 1015 πολλάκις
1286 983 1365 1010 τοῦτο
1376 984 1414 1015 εἰς
1425 983 1489 1014 τοὺς
1505 981 1650 1017 ἐσομένους
1668 981 1771 1013 αἰῶνας
1782 989 1789 996 ο
1803 981 1857 1007 ἀλλὰ

1082 1030 1134 1057 κᾶν
1157 1029 1239 1065 μέχρι
1256 1028 1302 1056 τοῦ
1332 1029 1435 1060 πάθους
1450 1038 1492 1060 τις
1509 1028 1626 1064 ζητήσῃ,
1645 1027 1783 1064 το).μηῴν
1800 1027 1855 1059 δόξει

1083 1077 1170 1104 ποιεῖν
1193 1076 1256 1112 περὶ
1275 1076 1329 1102 τῶν
1345 1075 1478 1110 οὐρανίων
1500 1075 1591 1101 τόπων
1607 1074 1676 1101 αὐτὸ
1696 1073 1797 1108 ζητῶν·
1811 1073 1856 1099 ἀλλ’

1082 1124 1106 1150 ει
1123 1123 1181 1149 ἔστι
1197 1121 1371 1157 πνευματικὰ
1382 1121 1432 1157 τῆς
1444 1120 1577 1156 πονηρίας
1594 1121 1623 1146 ἐν
1645 1120 1706 1151 τοῖς
1727 1118 1855 1154 οὐρανίοις,

1083 1170 1137 1205 ἄρα
1156 1170 1181 1195 εἰ
1197 1169 1291 1205 ὥσπερ
1315 1168 1408 1195 ἐνθάδε
1435 1167 1486 1194 οὐκ
1501 1165 1649 1202 αἰδούμεθα
1671 1164 1856 1200 σταυρούμενον

1082 1215 1224 1251 ὁμολογεῖν
1237 1215 1283 1241 ἐπὶ
1296 1214 1465 1250 καθαιρέσει,
1481 1209 1518 1240 ὧν
1532 1211 1639 1240 καθεῖλε
1654 1211 1702 1238 διὰ
1715 1211 1761 1238 τοῦ
1774 1219 1856 1237 πεπον-

1083 1262 1158 1289 θέναι
1172 1271 1179 1279 ·
1200 1262 1271 1289 οὕτω
1287 1261 1318 1288 τὸ
1335 1261 1415 1288 κὰκεὶ
1436 1259 1626 1296 παραπλήσιον
1650 1258 1772 1289 διδόντες
1798 1256 1856 1291 γίνε-

1083 1309 1145 1336 σοαι
1168 1309 1202 1336 τὰ
1221 1309 1268 1336 καὶ
1289 1308 1363 1344 ἑξῆς,
1383 1308 1436 1339 ἕως
1458 1307 1508 1343 τῆς
1529 1305 1688 1337 συντελείας
1709 1305 1755 1331 τοῦ
1773 1303 1856 1335 παντὸς

1082 1355 1190 1387 αἰῶνος,
1206 1354 1237 1381 οὑ
1251 1353 1473 1390 φοϐηθησόμεθα.
1502 1352 1588 1385 Quem
1615 1352 1708 1378 locum
1734 1351 1856 1385 aliquanto

1079 1401 1241 1436 pmpliorem
1268 1405 1296 1427 et
1317 1399 1415 1427 Latino
1440 1400 1480 1427 sic
1506 1403 1668 1433 conceptum
1687 1404 1808 1425 sermone
1821 1404 1855 1423 rc-

1082 1451 1230 1482 prazsentat
1245 1446 1425 1482 Hieronymus
1437 1446 1464 1472 in
1477 1444 1557 1480 epist.
1569 1444 1613 1477 6|,
1626 1445 1659 1472 ad
1678 1442 1855 1478 Avit..cap.l:

1085 1502 1096 1519 ι
1118 1492 1196 1520 Sicut
1207 1492 1279 1520 enim
1296 1500 1346 1528 per
1360 1492 1483 1519 umbram
1500 1490 1637 1526 Evangelii
1654 1490 1780 1518 umbram
1802 1489 1855 1523 legis

244 1535 388 1562 possumus
405 1530 642 1564 respondebimus.
667 1531 778 1560 Manere
800 1533 908 1567 quidem
927 1539 1030 1561 natura!
1044 1543 1065 1572 α
1082 1538 1204 1574 implevit
1223 1548 1232 1570 ;
1257 1539 1306 1571 sic,
1321 1538 1383 1573 quia
1405 1537 1495 1565 omnis
1506 1537 1546 1564 lea
1566 1536 1726 1572 exemplum
1739 1542 1765 1564 et
1776 1537 1855 1563 umbra

245 1574 400 1602 rationabili
430 1583 539 1612 semper
561 1576 675 1605 liberum
702 1578 845 1606 arbitrium
869 1587 923 1607 non
947 1587 1031 1616 nega-

243 1627 322 1654 mus;
339 1621 385 1648 sed
400 1626 501 1649 tantam
518 1630 578 1651 esse
594 1623 647 1650 vim
663 1624 754 1652 crucis
766 1625 878 1659 Christi,
892 1630 919 1654 et
935 1627 1032 1654 mortis

245 1666 335 1700 hujus,
350 1675 431 1702 quam
448 1668 474 1695 in
487 1669 647 1696 saeculorum
661 1669 714 1697 ﬁne
727 1671 856 1706 suscepit,
871 1672 1029 1706 asserimtts,

243 1720 304 1746 quae
315 1713 348 1739 ad
363 1714 507 1742 sanitatem
522 1719 550 1742 et
567 1715 716 1742 remedium
733 1724 787 1744 non
802 1718 890 1745 solum
907 1726 1029 1753 praesen-

244 1758 280 1785 tis
300 1763 328 1786 et
346 1759 442 1793 futuri,
467 1762 512 1788 sed
532 1763 614 1790 etiam
628 1764 827 1798 praeteritorum
848 1765 1028 1799 saeculorum;

243 1809 270 1830 et
303 1813 355 1833 non
386 1806 474 1834 solum
504 1808 623 1836 humano
649 1811 712 1837 huic
734 1816 827 1838 nostro
850 1812 952 1844 ordini,
982 1813 1030 1839 sed

243 1851 326 1878 etiam
342 1854 501 1881 caelestibus
517 1855 664 1883 virtutibus
690 1857 884 1892 ordinibusque
905 1858 1029 1887 suﬁiciat.

244 1897 397 1925 Secundum
413 1900 578 1928 sententiam
594 1909 710 1936 namque
725 1902 809 1937 ipsius
826 1903 902 1931 Pauli
915 1905 1029 1939 apostoli

243 1945 366 1972 Christus
395 1945 548 1981 paciﬁcavit
578 1954 625 1981 per
657 1949 817 1983 sanguinem
849 1950 940 1978 crucis
962 1958 1029 1983 suae,

244 1998 296 2017 non
308 1992 395 2018 solum
410 1999 470 2026 qua:
484 1992 509 2019 in
527 1998 600 2019 terra
611 1999 684 2027 sunt,
694 1995 776 2022 sedet
789 2003 849 2030 quin
864 1996 891 2023 in
905 1995 1001 2024 ctelis:
1017 2006 1027 2023 ›

242 2038 284 2065 vel
303 2039 349 2066 ille
373 2047 387 2067 e
403 2040 472 2067 libro
500 2049 519 2068 ιι
537 2041 608 2075 Περὶ
630 2041 743 2076 ἀρχῶν,
764 2050 823 2077 cap.
850 2044 878 2076 3,
905 2052 981 2072 num.
1001 2045 1028 2071 5.

244 2092 255 2110 ε
288 2084 371 2113 Docet
402 2091 503 2118 autem,
526 2087 624 2122 inquit,
646 2093 756 2115 sanctus
776 2089 920 2123 Apostolus
956 2089 1028 2124 quod

241 2129 368 2158 Christus
385 2130 411 2158 in
426 2139 459 2159 eo
471 2132 569 2159 saeculo
592 2133 663 2168 quod
681 2137 745 2160 ante
761 2133 814 2161 hoc
828 2134 900 2169 lfuit,
919 2141 972 2162 non
988 2139 1030 2162 est

242 2184 349 2210 passus,
365 2177 412 2204 sed
427 2186 461 2205 ne
474 2178 500 2205 in
515 2178 560 2205 illo
574 2178 682 2213 quidem
693 2180 764 2213 quod
778 2183 841 2207 ante
857 2179 944 2214 ipsum
960 2180 1027 2207 fuit:

1084 1589 1124 1613 est
1137 1585 1360 1612 cmretnoniarum
1378 1583 1540 1616 caelestium,
1551 1583 1713 1618 diligentius
1732 1582 1855 1618 requiren-

1083 1632 1157 1665 dum,
1173 1636 1262 1658 utrum
1281 1635 1354 1658 recte
1374 1630 1558 1664 intelligamus
1583 1629 1670 1665 legem
1691 1636 1795 1665 quoque
1811 1635 1855 1655 cte-

1082 1677 1188 1709 lestem,
1202 1682 1229 1705 et
1240 1677 1417 1705 caeremonias
1431 1676 1539 1711 superni
1563 1675 1653 1703 cultus
1673 1675 1852 1711 plenitudinem

1082 1730 1134 1749 nou
1153 1722 1264 1753 habere,
1280 1721 1327 1749 sed
1343 1721 1466 1756 indigere
1489 1719 1631 1754 Evangelii
1652 1720 1781 1751 veritate,
1795 1717 1853 1753 quod

1083 1767 1110 1793 in
1123 1766 1236 1794 Joannis
1249 1765 1411 1801 Apocalypsi
1425 1765 1603 1800 Evangelium
1626 1764 1746 1799 legimus
1772 1761 1854 1796 sempi-

1082 1817 1188 1840 ternum
1205 1813 1240 1846 ⁵ο,
1261 1812 1295 1839 ad
1310 1811 1543 1846 comparationem
1562 1810 1695 1838 videlicet
1716 1809 1793 1844 hujus
1812 1815 1853 1834 ιιον

1082 1860 1131 1887 stri
1150 1859 1300 1894 Evangelii,
1317 1859 1390 1893 quod
1407 1858 1556 1893 temporale
1571 1861 1623 1889 est,
1639 1862 1668 1884 et
1679 1857 1705 1884 in
1724 1855 1853 1882 transitum

1082 1906 1183 1933 mutulo
1195 1913 1227 1933 ac
1239 1905 1338 1932 saeculo
1352 1904 1541 1940 praedicatum.
1551 1903 1627 1936 Quod
1639 1902 1752 1936 quidem
1763 1899 1852 1928 etiamsi

1081 1959 1169 1986 usque
1188 1951 1221 1978 ad
1236 1951 1391 1986 passionem
1417 1950 1525 1977 Domini
1554 1948 1708 1976 Salvatoris
1732 1946 1852 1981 inquirere

1081 1997 1269 2024 voluerimus:
1294 2004 1448 2032 quanquam
1470 1996 1559 2023 audax
1586 1999 1614 2022 et
1635 1993 1808 2021 temerarium
1825 1990 1854 2017 sit

1081 2044 1108 2071 in
1122 2042 1191 2070 caelo
1208 2043 1268 2078 ejus
1282 2050 1406 2077 quaerere
1424 2042 1595 2080 passionem;
1621 2045 1714 2067 tamen
1741 2039 1764 2066 sl
1784 2035 1852 2071 spiri-

1083 2088 1146 2115 talia
1162 2087 1289 2122 nequitiae
1304 2087 1329 2114 in
1342 2087 1501 2115 coelestibus
1516 2091 1590 2119 sunt,
1606 2089 1635 2112 et
1658 2091 1714 2111 non
1730 2081 1850 2111 erubesci-

1081 2141 1142 2160 mus
1157 2139 1265 2160 crucem
1289 2131 1396 2159 Domini
1422 2131 1545 2159 conﬁteri
1574 2134 1686 2166 propter
1706 2127 1850 2157 destructis

1081 2186 1144 2206 nem
1158 2185 1264 2210 eorum,
1289 2186 1349 2213 qua:
1363 2185 1412 2205 sua
1433 2178 1559 2213 passione
1579 2177 1717 2204 destruxit
1735 2184 1743 2209 ;
1768 2182 1810 2202 cur
1827 2173 1853 2199 li-

242 2226 271 2249 et
299 2222 390 2250 nescio
410 2224 432 2251 si
457 2231 619 2252 enumerare
645 2224 778 2252 sufﬁciam
796 2231 899 2260 quanta
930 2225 1030 2253 fuerint
1046 2221 1068 2247 Ι)
1084 2233 1206 2253 meatuus
1218 2224 1301 2252 etiam
1317 2224 1342 2251 in
1360 2225 1486 2260 supernis
1499 2224 1576 2258 locis,
1590 2225 1616 2251 in
1632 2221 1851 2251 consummatione

242 2271 378 2297 anteriora
393 2271 489 2298 saecula
505 2271 531 2298 in
547 2272 644 2306 quibus
660 2279 757 2306 passus
776 2277 896 2300 nonest.
916 2272 956 2301 Ex
970 2274 1032 2307 qui-

243 2317 293 2343 bus
305 2322 396 2344 autem
417 2318 589 2346 sermonibus
605 2317 680 2346 Pauli
702 2319 736 2345 ad
756 2319 927 2347 occasionem
951 2319 1031 2353 hujus

243 2362 430 2397 intelligentia:
447 2364 577 2395 venerim,
592 2366 739 2398 proferam.
758 2365 803 2391 Ait
817 2365 889 2392 enim
916 2372 924 2392 :
951 2365 1030 2392 Nunc

1084 2271 1245 2299 saeculorum
1274 2272 1376 2306 aliquid
1406 2271 1495 2299 simile
1521 2270 1667 2306 suspicari,
1697 2274 1727 2297 ut
1749 2267 1850 2295 onmium

1084 2318 1203 2346 locorum
1224 2323 1318 2354 gentes
1339 2318 1410 2346 illius
1427 2318 1555 2352 passione
1569 2315 1731 2345 salventur?
1744 2324 1754 2340 ι
1767 2314 1800 2341 Es
1812 2313 1852 2339 hac

1084 2365 1241 2401 llierouymi
1271 2365 1495 2400 interpretatione
1527 2364 1611 2400 liquet
1635 2357 1849 2398 perperamaJu-

242 2417 300 2435 vero
317 2409 396 2436 semel
413 2410 440 2436 in
462 2412 687 2438 consummatione
715 2411 874 2438 mculorum
898 2411 933 2438 ad
952 2411 1032 2446 refel-
1057 2427 1063 2433 -
1082 2411 1200 2439 stiuiano
1224 2416 1336 2447 accepta
1357 2411 1441 2439 fuisse
1460 2411 1542 2439 verba
1566 2410 1708 2445 Origeuis;
1723 2416 1779 2436 nam
1792 2404 1849 2439 quod

241 2454 348 2480 laridum
358 2460 495 2489 peccatum
508 2463 555 2490 per
570 2456 682 2482 hostiam
695 2457 735 2483 sui
747 2457 935 2491 manifestatur
946 2464 984 2484 est
997 2458 1031 2484 ⁷⁸.

242 2501 331 2528 Semel
361 2502 433 2528 enim
465 2503 503 2529 ait
524 2502 638 2530 hostiam
656 2502 794 2536 effectum,
812 2507 840 2530 et
854 2504 881 2530 in
898 2511 1028 2531 consum-

241 2548 361 2575 matione
376 2547 539 2575 szeculorum
556 2548 590 2575 ad
608 2548 784 2576 refellendum
809 2554 953 2583 peccatum
970 2557 1030 2577 csse

277 2615 300 2631 ⁷⁸
313 2615 418 2643 Coloss.
435 2623 455 2650 ι,
470 2615 515 2643 20.
553 2616 576 2632 ⁷⁵
587 2615 670 2644 Hebr.
696 2624 734 2649 Ix,
757 2615 804 2645 26.

278 2683 335 2721 (2})
353 2685 406 2712 Sed
417 2690 440 2712 et
464 2685 534 2721 quod
553 2694 631 2720 super
648 2686 725 2718 illud,
741 2691 794 2714 etc.
811 2686 953 2719 Vitiosam,
969 2694 1030 2721 quae

243 2720 270 2756 iu
296 2720 474 2747 Geuebrardi'
492 2721 614 2748 editione
639 2726 696 2753 est,
731 2721 874 2749 lectionem
905 2720 1030 2756 sequitur

245 2755 376 2791 l_|uetius:
395 2763 459 2782 vera
478 2760 520 2782 est
545 2761 636 2784 autem
662 2756 706 2783 illa
737 2764 818 2791 quam
836 2757 919 2784 editio
935 2755 1027 2784 nostra

245 2788 282 2826 es
297 2790 349 2816 ﬁde
367 2790 487 2826 omnium
510 2790 633 2818 codicum
652 2788 899 2826 manuscriptorum
922 2792 962 2819 sic
981 2800 1029 2819 ex-

247 2824 322 2861 hibet
335 2832 342 2850 :
363 2834 372 2850 ‹
390 2825 442 2861 Sed
456 2829 483 2861 et
508 2826 578 2861 quod
592 2834 739 2859 supernum
752 2824 838 2853 altare
861 2827 931 2861 quod
945 2831 986 2854 est
1000 2827 1027 2854 in

247 2859 335 2891 caelis,
353 2859 396 2886 ubi
413 2863 439 2886 ct
458 2859 574 2887 Erclcsin
589 2861 786 2896 prizuitivorum
810 2859 956 2895 cstfidcm
973 2862 1029 2897 ipse

1081 2459 1151 2492 apud
1164 2466 1225 2486 eum
1241 2458 1338 2494 legitur
1354 2468 1360 2486 :
1377 2458 1452 2491 Ἕως
1466 2457 1516 2494 τῆς
1532 2456 1688 2488 συντελείας
1702 2456 1748 2483 τοῦ
1766 2452 1848 2482 παντὸς

1084 2504 1192 2536 αἰῶνος,
1213 2508 1304 2532 tamne
1332 2503 1428 2538 supine
1453 2508 1481 2531 et
1505 2502 1676 2538 negligenter
1705 2499 1848 2528 intellexisse

1084 2551 1227 2579 credemus
1241 2550 1447 2586 Hieronymum,
1467 2555 1495 2577 ut
1511 2553 1640 2583 verteret,
1673 2558 1683 2576 ι
1701 2549 1727 2576 in
1738 2552 1846 2576 consum-

841 2617 865 2633 ⁸⁸
885 2616 972 2652 Apoc.
993 2625 1051 2650 διν,
1066 2617 1092 2645 6.

1084 2687 1197 2722 sanguis
1209 2688 1366 2722 asperserit.
1383 2697 1392 2714 ι
1415 2687 1452 2714 Ex
1473 2687 1524 2723 hac
1539 2693 1655 2723 genuina
1681 2683 1789 2723 lectione
1799 2687 1844 2716 per-

1084 2721 1176 2755 peram
1191 2721 1338 2750 inferretur
1355 2723 1493 2750 Christum
1505 2722 1580 2755 juxta
1606 2721 1749 2756 Qr-igenem
1763 2721 1842 2756 item"!

1085 2752 1111 2784 in
1126 2758 1302 2795 st-qumitihus
1325 2758 1430 2785 saeculis
1446 2752 1601 2795 passurum.
1623 2752 1756 2795 ld'unttiu
1772 2752 1840 2795 colligi

1084 2785 1183 2829 potesi,
1198 2791 1299 2829 Christi
1314 2799 1428 2829 mortem
1444 2785 1495 2819 non
1510 2791 1599 2829 solum
1613 2790 1789 2829 lerrcstribnsi
1805 2785 1840 2829 551‘

1084 2824 1111 2853 et
1128 2827 1285 2854 ctelestilms
1312 2828 1447 2862 profuisse
1470 2836 1476 2854 :
1495 2826 1565 2862 quod
1583 2826 1707 2854 docuisse
1733 2824 1839 2858 Origenes

1085 2862 1184 2897 passim
1204 2862 1319 2889 videtur.
