1904 3077
67 137 124 167 839

448 144 454 148 '
481 141 768 170 ORIGENIANORUM
788 142 852 171 LIB.
875 143 906 175 ll,
927 145 1002 172 CAP.
1024 145 1055 178 ll,
1075 145 1215 179 QUIEST.
1237 147 1279 176 Ill.

1647 153 1699 180 2'50

69 197 195 225 matiaue
216 197 378 225 saeculorum
393 198 405 225 ?
424 209 433 225 ι
455 198 549 227 Potius
564 204 607 227 est
629 205 658 228 ιιι
684 201 805 228 dicamus
823 201 861 229 le-
875 205 898 233 Α
914 203 1104 238 terrestribus,
1122 205 1168 233 sed
1186 205 1267 233 etiam
1286 213 1335 241 pro
1353 205 1510 235 caelestibus
1530 207 1637 236 oblatus
1658 215 1700 236 est

67 244 201 276 gendum,
228 245 274 271 ἐπὶ
285 245 333 280 τῆς
349 245 504 277 συντελείας
525 246 571 272 τοῦ
591 246 699 279 αἰῶνος,
729 248 800 275 lacili
817 248 861 274 lit-

68 294 193 317 terartnu
212 291 429 325 permutatione:
443 300 504 319 nam
519 297 545 320 et
559 292 606 320 lib.
636 301 651 320 v
679 294 707 321 in
726 293 810 326 Epist.
826 294 861 321 ad

70 337 164 370 Rom.,
197 345 271 365 uttm.
302 337 348 370 lO,
374 346 435 373 pag.
461 338 524 370 568,
553 339 598 366 ttbi
627 340 709 367 vertit
735 339 859 372 Rufinus,

70 392 81 408 ι
97 384 194 411 ntortis
207 384 297 418 hujus,
317 393 398 419 quam
417 386 442 413 in
457 386 618 414 saaculurum
637 387 690 415 line
703 388 835 422 suscepit,
849 397 858 414 ι

66 430 223 458 verisimile
235 437 278 459 est
293 432 437 465 scripsisse
456 432 549 460 itidem
563 432 720 468 Origenem.
746 435 792 461 ἐπὶ
812 436 861 470 τῆς

68 476 230 508 συντελείας
251 477 298 504 τοῦ
324 478 432 509 αἰῶνος.
460 478 487 505 Ιι]
513 478 535 505 si
562 479 597 506 ita
620 483 672 511 est,
695 479 860 515 Origeniano

67 522 136 550 huic
152 522 213 550 loco
230 523 328 550 lemma
351 523 504 557 huiusmodi
527 523 699 552 Justinianus
725 526 862 554 immerito

67 567 221 602 prmﬁxerit
234 577 241 595 :
255 568 316 594 Ὅτι
332 569 378 595 καὶ
390 569 459 605 ὑπὲρ
473 570 607 606 δαιμόνων
623 570 664 597 δεῖ
676 571 722 597 τὸν
744 571 862 607 Χριστὸν

68 615 275 651 σταυρωθῆναι,
290 616 337 643 καὶ
349 616 478 648 πολλάκις
492 617 570 643 τοῦτο
586 617 627 649 εἰς
637 617 700 649 τοὺς
715 617 861 653 ἐσομένους

68 659 184 692 αἰῶνας.
201 670 210 686 ι
225 660 358 695 Oportere
378 660 516 688 Christmn
533 662 615 689 etiam
630 670 678 697 pro
694 662 862 690 dtemnnibus

67 706 208 741 crttcillgi,
224 706 307 741 idque
322 707 419 740 smpius
435 706 460 733 in
476 707 575 734 futuris
597 707 722 735 saeculis:
750 717 760 734 ι
787 709 860 743 quod

67 759 135 779 cum
154 757 233 778 extra
250 752 375 779 ordinem
391 753 418 779 itt
437 751 526 780 fronte
542 753 752 781 describendum
775 759 859 787 esset,

67 796 142 824 male
159 798 336 832 sequentibus
348 797 374 824 iu
389 805 469 824 unam
484 798 582 826 seriem
599 803 731 826 attextum
750 804 802 827 est.

104 842 202 871 XXIV.
223 843 301 870 Certe
315 844 349 870 de
372 848 459 871 morte
484 851 499 870 ιι
516 843 626 872 Christo
641 845 758 879 appetita
778 846 859 873 aliter

66 889 191 917 sensisse
208 889 351 924 Origenem
378 897 410 916 ac
433 890 513 924 vulgo
534 890 560 917 in
585 897 646 917 eum
667 891 798 926 jactalur,
827 900 860 919 ex

65 935 223 971 perspectis
240 939 344 962 attenta
368 936 588 963 consideratione
608 936 666 971 ejus
689 937 781 965 verbis
797 946 861 965 cou-

56 980 207 1014 jecluram
235 982 331 1015 capio;
361 988 449 1015 neque
475 982 547 1008 enirn
569 982 726 1016 persuaderi
750 990 859 1017 possum

65 1031 176 1054 tantum
195 1026 221 1054 in
242 1034 275 1054 eo
292 1026 376 1054 fuisse
392 1028 524 1055 vecordiae
535 1048 543 1060 ,
559 1033 589 1054 ut
607 1027 705 1055 iterata
720 1028 859 1057 Christum

64 1072 109 1099 vel
131 1080 254 1107 passum,
272 1072 315 1099 vel
334 1080 476 1107 passurum
502 1080 563 1100 esse
580 1074 705 1101 crederet
715 1074 859 1108 supplicia,

64 1124 115 1148 aut
131 1120 159 1146 in
174 1119 255 1152 caelo,
274 1123 320 1146 aut
336 1119 361 1146 in
380 1126 463 1151 aere;
481 1119 523 1146 vel
545 1119 651 1154 angeli,
671 1119 713 1148 vel
731 1120 860 1149 daemonis

64 1165 193 1192 indutum
210 1165 308 1192 forma.
330 1164 478 1192 Calumuite
502 1165 566 1193 huic
584 1166 732 1199 pra-buisse
754 1166 861 1194 videtur

63 1217 162 1237 ansam
180 1218 250 1237 unus
266 1210 310 1237 ille
324 1211 400 1237 locus
429 1217 508 1244 quem
522 1211 672 1245 proferunt
691 1210 860 1239 Justiuianns

63 1262 93 1284 et
111 1257 303 1292 Hieronymus.
323 1256 388 1283 Nam
414 1256 496 1283 alium
514 1257 615 1284 nullum
642 1259 780 1293 expressis
808 1259 860 1286 Ine-

64 1310 164 1330 reseos
181 1303 261 1338 hujus
273 1303 345 1331 nolis
365 1303 499 1338 insignem
516 1304 586 1337 apud
604 1311 665 1331 eum
683 1306 800 1339 reperio,
812 1314 861 1332 ncc

63 1350 138 1377 ullos
155 1349 181 1376 in
198 1349 231 1376 iis
247 1350 384 1376 exstitisse
400 1349 634 1377 lucubrationibus
656 1350 803 1378 verisimile
819 1356 861 1379 est

63 1402 128 1429 qttaa
142 1395 361 1427 interciderunt;
378 1403 429 1423 nec
448 1402 496 1422 eos
514 1396 614 1431 quippe
630 1396 747 1423 intactos
764 1397 861 1423 adrer-

64 1441 135 1469 sarii
145 1441 203 1476 ejus
216 1441 467 1476 praetermisissent.
480 1441 515 1468 At
527 1441 614 1469 locum
630 1442 702 1469 hunc
715 1438 861 1470 Justiniat'ti

64 1493 230 1522 corruptum
252 1487 336 1515 fuisse
352 1487 611 1516 demonstravimus.
635 1488 711 1521 Quod
727 1488 749 1515 si
765 1487 862 1516 Hieru-

65 1533 146 1569 nymi
162 1533 380 1569 interpretationi
405 1534 592 1561 adhaereamus
604 1554 612 1567 ,
628 1542 682 1561 non
698 1538 752 1561 tam
769 1540 861 1569 aperta

65 1579 121 1606 erit
132 1579 278 1612 sententia,
296 1583 325 1606 ut
348 1579 411 1606 inde
433 1579 564 1614 consequi
582 1579 677 1607 demus
700 1580 727 1607 id
745 1580 860 1608 voluisse

66 1625 122 1653 sibi
150 1625 315 1661 Origenem,
343 1625 482 1653 Chrislutn
499 1633 549 1660 pro
573 1626 742 1655 daemonibus
762 1627 860 1654 iterum

67 1676 188 1700 mortem
208 1673 404 1707 appetiturum.
434 1673 578 1702 Maximam
597 1678 726 1708 praeterea
744 1678 772 1701 et
793 1681 860 1708 pluc-

66 1718 178 1753 cipuam
205 1719 339 1754 dogmatis
367 1719 448 1754 hujus
476 1724 590 1754 partem,
620 1726 680 1753 qua:
701 1726 749 1753 pro
774 1719 861 1746 salute

67 1766 224 1793 dtemonum
234 1765 384 1792 daemonem
399 1767 518 1800 futurum
534 1765 671 1793 Christum
687 1765 791 1797 statuit.
810 1765 861 1792 mi-

69 1811 147 1839 nime
160 1812 186 1838 in
205 1811 331 1846 Origenis
348 1816 456 1839 exstare
472 1811 549 1838 libris
564 1811 666 1838 fatetur
680 1811 862 1846 Hieronymus

68 1859 154 1893 epist.
166 1857 198 1885 61
214 1858 246 1885 ad
259 1858 348 1891 Avit.,
363 1865 423 1892 cap.
437 1857 465 1891 4,
484 1858 531 1885 sed
549 1865 581 1884 ex
598 1857 657 1892 ejus
673 1861 774 1884 tantum
799 1865 862 1892 pro-

68 1904 205 1932 nuntiatis
219 1904 370 1931 nccessario
385 1903 518 1938 proﬂuere
528 1903 679 1930 arbitratus
697 1907 756 1936 est;
770 1903 862 1930 itidem

69 1955 101 1977 ut
126 1949 328 1976 Alexandrinus
355 1949 400 1977 ille
422 1948 606 1982 Theophilus,
634 1948 862 1983 quemadmodum

69 1995 141 2029 dixi,
157 2002 218 2022 cum
234 2002 328 2022 eorum
348 1994 539 2022 accusationes
562 2000 743 2020 recenserem.
762 1991 864 2020 Genui-

69 2049 136 2069 nam
164 2048 230 2076 ergo
252 2041 286 2068 de
317 2045 403 2068 morte
433 2039 536 2067 Christi
563 2038 712 2067 doctrinam
738 2037 863 2072 Origeuis

70 2088 144 2116 hanc
153 2087 235 2114 fuisse
256 2094 371 2115 censeo:
385 2085 469 2113 semel
481 2084 592 2112 omnino
601 2084 738 2112 Christum
753 2084 863 2116 obiisse,

70 2136 98 2163 in
116 2134 197 2162 terris
214 2134 353 2166 nimirum,
379 2140 442 2160 cum
460 2140 475 2159 a
492 2131 589 2160 Pontio
608 2131 694 2158 Pilato
712 2131 792 2158 morti
815 2131 864 2158 ad-

70 2182 166 2210 dictos
184 2186 227 2209 est
245 2190 252 2208 :
271 2185 415 2216 postquam
431 2184 520 2207 autem
539 2182 653 2205 crttento
666 2177 720 2205 illic
733 2181 865 2204 mactatus

914 248 1003 276 hostia
1022 249 1112 283 Jesus,
1135 255 1163 278 et
1177 251 1221 279 hic
1244 251 1352 287 quidem
1373 260 1423 287 pro
1441 253 1596 282 hominibus
1614 255 1698 290 ipsam

913 295 1081 329 corporalem
1102 297 1241 324 materiam
1259 299 1398 334 sanguinis
1412 300 1454 326 sui
1475 300 1561 327 fudit:
1576 301 1602 328 in
1618 302 1701 328 caele-

913 341 999 368 stibus
1015 349 1080 369 vero
1092 343 1312 372 ministrantibus
1338 346 1379 380 (si
1398 346 1443 380 qui
1467 346 1504 372 illi
1530 346 1595 373 inibi
1617 347 1698 382 sunt)

913 387 1115 420 sacerdotibus,
1131 389 1240 416 vitalem
1258 391 1379 425 corporis
1398 392 1439 419 sui
1458 391 1607 426 virtutem,
1627 393 1700 420 velut

912 432 1053 467 corporale
1072 434 1208 468 quoddam
1223 436 1398 470 sacrificium,
1415 437 1577 465 immolavit.
1591 447 1601 463 ι
1618 438 1700 465 Addit

912 477 1009 506 deinde
1030 479 1164 514 duplicem
1181 481 1207 508 in
1225 488 1258 509 eo
1274 481 1359 510 fuisse
1382 483 1515 516 hostiam,
1540 492 1620 511 unam
1645 490 1700 512 ter-

912 524 1046 552 restribus
1071 527 1289 559 convenientem,
1306 528 1386 555 aliam
1409 534 1500 563 aptam
1521 530 1698 563 ctalestibus;

911 575 1012 597 etcum
1034 571 1133 606 duplici
1158 572 1203 600 illo
1229 573 1379 607 ve!amine,
1408 575 1479 609 quod
1505 582 1700 604 commemorat

911 615 1009 643 Paulus
1024 617 1049 644 in
1073 617 1192 652 Epistola
1207 619 1240 646 ad
1258 618 1387 647 Ilcbra-os
1403 620 1437 653 ⁸²,
1452 628 1516 648 caro
1532 621 1645 654 Christi,
1672 627 1700 649 et

912 662 1011 690 ctelutn
1025 664 1096 698 quod
1115 664 1172 699 ipse
1193 666 1358 699 penetravit,
1376 666 1579 701 significentur,
1601 667 1698 702 duplex

911 709 1025 743 proinde
1050 709 1254 746 intelligendum
1281 718 1341 738 esse
1370 712 1534 739 sacriﬁcium
1557 720 1605 747 per
1627 715 1698 748 quod

913 755 1088 783 terrestribus
1099 760 1127 784 et
1141 756 1297 785 caelestibus
1314 757 1427 785 salutem
1445 759 1619 793 compararit.
1638 758 1700 786 Haec

912 805 1013 829 attente
1029 807 1170 837 perspecta
1182 803 1377 838 expositionem
1389 811 1450 838 qua:
1462 804 1494 831 ad
1511 812 1587 831 oram
1595 805 1699 839 adjecta

912 851 967 880 est,
986 847 1130 875 manifesto
1146 853 1288 882 respuent,
1305 857 1358 884 qua
1376 850 1487 876 cmleste
1503 849 1567 876 illud
1594 850 1700 877 sacriﬁ-

913 893 983 920 ciqu
999 892 1199 920 Eucharistiam
1215 901 1286 926 esse,
1317 899 1447 921 terrestre
1471 901 1536 921 vero
1558 894 1698 922 toleratam

913 938 940 966 iu
955 946 1038 966 cruce
1054 944 1166 966 mortem
1185 940 1326 967 asseritur.
1345 940 1478 967 Praeterea
1501 948 1553 967 non
1572 948 1620 975 pro
1634 948 1697 975 pec-

912 988 983 1016 cato,
1006 985 1052 1011 sed
1067 991 1116 1018 pro
1151 991 1263 1012 munere
1276 984 1395 1011 ohlntttm
1422 985 1447 1011 iu
1476 985 1545 1012 ccelo
1561 985 1699 1012 Christum

912 1030 1067 1063 pronuntiat
1085 1031 1157 1057 hom.
1181 1037 1200 1057 ιι
1217 1030 1244 1056 iu
1259 1029 1354 1063 Levit.,
1370 1037 1444 1057 num.
1458 1030 1474 1056 5
1492 1039 1498 1057 :
1517 1039 1526 1056 ι
1541 1030 1607 1058 Vide
1623 1038 1698 1065 ergo.

913 1075 1011 1109 inquit,
1024 1083 1057 1103 ne
1073 1075 1144 1103 forte
1163 1074 1253 1106 Jesus,
1270 1083 1351 1110 quem
1371 1076 1471 1103 Paulus
1487 1076 1509 1091 ⁸³
1523 1075 1589 1103 dicit
1605 1076 1699 1110 pacili-

912 1128 989 1148 casse
1002 1129 1049 1155 per
1064 1122 1223 1156 sanguinem
1242 1129 1320 1149 suum
1335 1129 1387 1148 non
1401 1122 1489 1149 solmn
1499 1129 1557 1157 qme
1567 1121 1593 1149 in
1609 1123 1698 1153 terris.

912 1169 958 1195 sed
972 1172 999 1194 et
1016 1176 1076 1202 qua:
1093 1168 1119 1195 in
1133 1168 1212 1196 ctelis
1229 1172 1303 1200 sunt,
1322 1168 1392 1195 idem
1410 1168 1467 1203 ipse
1482 1169 1516 1196 sit
1531 1168 1640 1202 vitulus,
1653 1169 1699 1204 qui

912 1213 939 1241 in
959 1214 1035 1241 uelis
1052 1214 1161 1248 quidem
1177 1221 1231 1241 non
1245 1221 1293 1248 pro
1308 1218 1436 1248 peccato,
1459 1214 1505 1240 sed
1524 1221 1574 1247 pro
1589 1221 1701 1241 munere

911 1259 1018 1286 oblatus
1034 1263 1096 1286 est:
1113 1258 1141 1285 in
1161 1258 1241 1286 terris
1255 1263 1363 1290 autem,
1383 1258 1428 1285 ubi
1454 1258 1489 1285 ab
1511 1257 1596 1285 Adam
1615 1265 1702 1294 usque

912 1305 945 1331 ad
962 1304 1080 1340 Moysem
1105 1305 1228 1340 regnavit
1243 1309 1384 1340 peccatum
1409 1304 1444 1337 “,
1472 1304 1578 1332 oblatus
1595 1304 1631 1331 sit
1653 1312 1701 1338 pro

912 1355 1025 1385 peccato
1039 1359 1046 1377 :
1062 1354 1090 1376 et
1104 1350 1156 1377 hoc
1178 1353 1220 1376 est
1243 1357 1352 1384 passum
1382 1357 1443 1377 esse
1465 1354 1542 1376 extra
1571 1354 1673 1379 castra.
1689 1359 1699 1375 ι

912 1395 1051 1429 Quomodo
1066 1400 1155 1423 autem
1169 1396 1314 1431 unicuique
1328 1396 1354 1423 in
1369 1403 1417 1423 sua
1434 1395 1521 1423 forma
1534 1395 1701 1430 apparuerit,

912 1442 1023 1476 exponit
1038 1441 1096 1476 ipse
1111 1447 1175 1469 tom.
1196 1450 1204 1469 ι
1218 1442 1246 1468 in
1257 1440 1351 1474 10am,
1369 1449 1444 1469 num.
1459 1442 1505 1473 54,
1523 1445 1550 1468 ει
1565 1441 1701 1468 hominem

912 1488 1067 1516 hominibus
1086 1487 1186 1515 factum
1210 1494 1271 1515 esse
1287 1488 1375 1520 docet,
1393 1488 1500 1523 quando
1519 1497 1527 1514 ι
1544 1486 1702 1514 manifesta-

914 1538 957 1559 tus
969 1537 1013 1560 est
1030 1532 1057 1560 in
1071 1539 1172 1565 carne;
1184 1531 1208 1548 ⁸⁵
1221 1541 1230 1558 ι
1252 1531 1383 1566 Angelum
1393 1532 1497 1566 angelis
1507 1551 1515 1563 ,
1528 1532 1636 1566 quando
1652 1539 1702 1566 pa-

914 1577 1039 1605 triarcbis
1051 1582 1078 1605 et
1092 1577 1232 1612 prophetis
1245 1577 1320 1604 viSus
1336 1581 1388 1610 est,
1404 1577 1489 1613 Moysi
1506 1582 1569 1612 puta
1587 1577 1612 1604 in
1624 1577 1700 1607 rubo;

912 1623 1007 1651 inferis
1022 1627 1126 1656 autem,
1149 1622 1257 1658 quando
1285 1631 1295 1647 c
1310 1621 1410 1649 Factus
1433 1626 1475 1649 est
1495 1621 1566 1649 inter
1582 1627 1703 1648 mortuos

911 1669 981 1697 lber
998 1669 1050 1696 “.1
1077 1668 1242 1696 Praedieasse
1267 1674 1373 1702 quoque
1387 1667 1491 1702 angelis
1511 1666 1702 1701 Evangelium.

912 1715 964 1742 dici
980 1719 1078 1750 potest,
1094 1714 1202 1748 quando
1217 1714 1314 1740 futura:
1329 1713 1526 1740 lucarnationis
1542 1712 1701 1748 mysterium

913 1761 977 1796 ipsis
1004 1760 1128 1795 aperuit;
1162 1759 1348 1786 subterraneis
1370 1766 1445 1791 vero,
1462 1758 1570 1792 quando
1593 1766 1602 1783 ι
1616 1757 1703 1784 Pene-

914 1807 995 1834 travit
1014 1813 1109 1834 onmes
1141 1805 1284 1832 inferiores
1299 1809 1390 1838 partes
1415 1809 1505 1835 teme,
1534 1807 1562 1830 et
1587 1803 1704 1837 inspexit

913 1860 1007 1881 omnes
1028 1851 1206 1883 dormientes,
1223 1854 1250 1877 et
1269 1849 1433 1878 illuminaVit
1455 1856 1549 1876 omnes
1564 1853 1705 1883 sperantes

914 1899 940 1926 itt
965 1898 1077 1926 Domino
1098 1897 1165 1930 ⁸⁷;»
1202 1897 1309 1932 quando
1341 1905 1350 1922 ι
1386 1895 1566 1923 mortificatus
1594 1893 1704 1928 quidem

914 1952 1004 1977 carne,
1025 1944 1175 1971 vivificatus
1190 1948 1280 1970 autem
1295 1942 1404 1976 spiritu,
1433 1942 1460 1968 in
1485 1948 1518 1968 eo
1544 1940 1587 1967 his
1604 1940 1650 1975 qui
1677 1940 1704 1967 in

915 1997 1025 2018 carcere
1047 1994 1126 2017 erant
1157 1989 1296 2024 spiritibus
1319 1988 1431 2015 veniens
1461 1987 1627 2022 praedicavit,
1657 1986 1703 2020 qui

916 2036 1047 2064 increduli
1067 2036 1175 2064 fuerant
1188 2035 1354 2070 aliquando.
1371 2035 1481 2069 quando
1504 2034 1702 2067 exspectabant

917 2083 962 2110 Dei
979 2081 1137 2116 patientiam
1151 2081 1177 2107 in
1194 2080 1288 2108 diebus
1304 2079 1360 2107 Noe
1375 2079 1417 2111 “;
1433 2088 1443 2106 ι
1469 2078 1577 2113 quando
1605 2087 1614 2103 t
1630 2085 1705 2104 mor-

916 2129 969 2157 tuis
982 2127 1197 2162 evangelizatum
1213 2131 1264 2159 est,
1278 2131 1307 2153 ut
1321 2126 1477 2161 iudicentur
1490 2125 1598 2159 quidem
1609 2131 1705 2151 secun-

917 2175 980 2202 dtnn
999 2174 1123 2202 homines
1147 2173 1173 2200 in
1199 2180 1294 2204 carne,
1323 2173 1415 2200 vivant
1441 2175 1531 2198 autem
1557 2170 1704 2198 secundum

70 2227 211 2255 sacriﬁcio
226 2215 367 2255 hominum
386 2231 497 2262 peccata
512 2225 578 2253 eluit
591 2245 599 2256 ,
616 2223 730 2259 spiritali
747 2223 862 2258 quodam
879 2224 904 2252 ι)
919 2221 1001 2248 Deum
1018 2220 1044 2247 in
1063 2220 1159 2255 spiritu
1170 2219 1204 2246 ”.
1219 2228 1230 2245 ι
1250 2218 1298 2246 Vel
1312 2223 1375 2245 tunc
1390 2218 1473 2245 etiam
1486 2215 1706 2262 angelisrdroctri-

71 2274 209 2302 Sacrificio
223 2273 386 2305 cwlcstium,
404 2272 575 2306 aliarumque
588 2277 676 2297 rerum
687 2289 695 2302 ,
710 2276 770 2304 qua!
785 2268 866 2295 ratio-

72 2320 116 2347 nis
128 2323 267 2354 compotes
286 2322 394 2351 essent,
408 2324 495 2345 noxas
511 2315 684 2344 abstersisse.
705 2323 714 2340 ι
730 2313 787 2341 Nisi
802 2313 864 2348 quia

72 2366 156 2397 forte,
173 2374 183 2392 ι
213 2365 301 2399 inquit
326 2365 399 2391 hom.
418 2364 429 2390 l
448 2363 475 2390 in
498 2362 593 2395 Levit.,
619 2368 693 2388 num.
726 2359 754 2391 5,
783 2368 792 2384 ι
814 2359 864 2385 hoc

72 2411 189 2446 intelligi
204 2410 291 2438 voluit
311 2409 440 2446 (Moyses)
456 2409 526 2443 quod
538 2407 649 2443 sanguis
663 2405 727 2433 Jesu
745 2405 771 2432 iu
785 2404 865 2432 Jeru-

72 2457 157 2485 salem
171 2455 274 2483 eﬂ‘usus
287 2460 338 2487 est,
351 2455 395 2482 ubi
409 2458 468 2481 erat
484 2454 582 2492 altare,
604 2457 631 2480 et
650 2452 723 2479 basis
745 2451 804 2485 ejus
815 2470 822 2482 ,
837 2453 865 2476 et

74 2502 281 2530 tabernaculum
305 2500 473 2534 testimonii;
498 2500 545 2527 sed
570 2504 596 2527 et
619 2499 690 2534 quod
716 2504 864 2532 supernum

75 2551 163 2577 altare
176 2549 249 2584 quod
264 2548 344 2575 estin
357 2547 445 2580 ccelis,
472 2546 517 2573 ubi
540 2550 567 2572 ct
584 2544 703 2572 Ecclesia
717 2543 866 2579 primitivo-

74 2603 134 2624 rum
147 2601 200 2627 est,
215 2595 285 2622 idem
300 2595 358 2629 ipse
373 2595 484 2628 sanguis
499 2592 658 2627 asperserit,
674 2590 744 2618 sicut
759 2589 867 2624 etApo-

75 2642 161 2671 stolus
175 2641 262 2671 dicit:
282 2640 351 2673 Quia
366 2639 514 2675 paci/ienuit
534 2646 579 2668 per
601 2636 754 2672 sanguinem
777 2635 864 2662 crucis

76 2697 140 2721 sua,
160 2688 214 2715 sive
234 2695 292 2723 qua:
309 2687 421 2713 interra
434 2689 504 2717 sunt,
529 2684 581 2711 sive
602 2691 661 2718 quw
683 2683 710 2709 in
735 2681 808 2709 caelis
828 2681 862 2708 '“.

77 2733 161 2764 Recte
178 2740 244 2767 ergo
260 2731 381 2760 secundo
409 2729 532 2757 nominat
561 2729 647 2756 altare
658 2747 666 2760 ,
687 2727 758 2762 quod
774 2731 815 2753 est
831 2725 864 2753 ad

75 2780 177 2808 ostium
197 2775 364 2805 tabernaculi
382 2773 541 2807 testimonii,
563 2773 626 2808 quia
643 2780 696 2799 non
713 2771 799 2799 solum
815 2777 864 2806 pro

109 2839 132 2855 "
148 2835 253 2865 Coluss.
281 2843 301 2867 ι,
321 2834 368 2861 20.
424 2833 446 2849 "
467 2832 551 2867 Capp.
579 2839 618 2862 vt,
644 2829 698 2867 207;
723 2838 750 2858 κ.
766 2829 817 2867 A20.

855 2829 879 2844 ⁸³
898 2829 1001 2856 Coloss.
1032 2836 1051 2858 ι.
1076 2827 1121 2854 9.0.
1158 2826 1182 2842 5"
1200 2826 1278 2853 Rom.
1298 2833 1325 2858 ν,
1347 2825 1392 2853 15.

915 2274 977 2292 nam
996 2273 1072 2292 suam
1092 2265 1258 2301 prmdicasse
1270 2263 1398 2291 dicendus
1410 2267 1469 2294 est,
1492 2269 1553 2290 cuin
1568 2261 1601 2288 ad
1619 2261 1707 2288 homi-

915 2320 962 2339 nes
975 2312 1056 2339 verba
1078 2311 1199 2344 faciens,
1225 2315 1372 2345 praesentes
1401 2315 1510 2343 quoque
1536 2307 1646 2342 angelos
1665 2311 1707 2334 est

913 2357 1054 2384 allocutus.
1084 2357 1111 2384 id
1138 2357 1227 2384 innuit
1249 2355 1380 2390 Origenes
1395 2355 1487 2382 hutnil.
1519 2354 1555 2381 25
1566 2355 1593 2380 in
1614 2352 1678 2379 Luc.
1696 2359 1705 2378 .'

916 2412 925 2429 ι
941 2402 1022 2430 Docet
1038 2403 1121 2438 igitur
1136 2402 1263 2430 Salvator
1280 2406 1385 2434 noster,
1410 2405 1437 2428 et
1455 2400 1574 2434 Spiritus
1588 2404 1700 2426 sanctus

913 2449 958 2484 qui
976 2449 1080 2475 locutus
1094 2453 1136 2475 est
1159 2448 1186 2475 in
1210 2447 1366 2483 prophetis,
1391 2455 1443 2474 non
1462 2447 1547 2474 solum
1568 2445 1705 2477 homines.

914 2494 961 2521 sed
991 2494 1072 2520 etiam
1100 2493 1222 2528 angelos,
1252 2498 1279 2520 et
1312 2494 1428 2519 virtutes
1451 2491 1646 2524 invisibiles”
1680 2494 1708 2516 et

914 2539 1035 2567 deinde:
1058 2548 1067 2565 ι
1087 2538 1167 2566 Venit
1190 2538 1263 2566 enim
1291 2546 1346 2566 ιιυιι
1375 2537 1495 2565 Joannes
1515 2541 1542 2564 et
1569 2536 1708 2571 propheta:

916 2589 1032 2617 tantum,
1048 2584 1094 2612 sed
1111 2584 1194 2611 etiam
1211 2584 1269 2618 ipse
1284 2583 1409 2611 Salvator
1420 2603 1427 2615 ,
1447 2587 1475 2610 et
1491 2582 1646 2610 hominibus
1659 2601 1667 2612 .
1681 2586 1707 2608 et

918 2631 1031 2666 angelis,
1045 2635 1072 2657 et
1083 2629 1228 2657 virtutibus
1243 2629 1348 2656 caneris
1363 2629 1508 2656 salutarem
1520 2627 1707 2662 paenitentiam

919 2677 1078 2713 praedicare,
1099 2680 1129 2702 ut
1144 2675 1171 2702 in
1184 2675 1294 2702 nomine
1308 2674 1369 2702 Jesu
1390 2681 1470 2701 omne
1483 2681 1552 2708 genu
1567 2673 1707 2705 ﬂectatur.

918 2723 1083 2756 caelestium,
1103 2722 1270 2750 terrestrium
1289 2726 1315 2749 el
1333 2721 1500 2748 infernorum
1516 2720 1549 2748 ”.
1563 2729 1572 2746 ι
1591 2719 1709 2754 Angelos

919 2770 1019 2806 quippe
1030 2768 1150 2805 peccatis
1176 2767 1308 2795 obnoxios
1321 2774 1382 2795 esse
1398 2766 1524 2799 censuit,
1541 2770 1572 2792 ut
1586 2765 1710 2793 dicenms

1428 2824 1451 2840 "
1479 2823 1488 2850 Ι
1514 2822 1585 2850 Tim.
1605 2831 1646 2856 ιιι,
1666 2823 1708 2850 lli.

76 2875 98 2892 “
111 2859 397 2904 szt‘I'iTtE'm’t,T5','6.
435 2868 457 2885 ⁸⁷
471 2859 552 2895 Εεὶίί.
565 2859 638 2900 xxiv,
653 2859 698 2894 vis.
735 2865 773 2892 ’“l
787 2866 857 2893 l'ctr.
876 2872 915 2899 ιιι,
936 2863 1033 2891 18-20.
1072 2863 1094 2880 ⁸³
1116 2862 1135 2890 ιι
1159 2862 1231 2890 Pctr.
1250 2869 1286 2896 tv,
1298 2861 1325 2889 6.
1363 2861 1386 2878 "
1403 2859 1519 2896 Philipp.
1538 2867 1568 2894 ιι,
1594 2860 1636 2886 lt).
