1904 3077
240 132 290 161 831

877 135 908 164 Ρ.
929 136 1021 163 DAN"

1073 136 1088 164 5
1104 136 1222 165 llUETll
1807 143 1848 170 832

241 193 324 221 infra.
340 192 395 221 Nec
407 192 547 220 Christum
562 193 705 228 duntaxat,
719 195 765 222 sed
782 199 809 222 et
823 197 984 231 prophetas,
998 201 1031 239 et
1048 198 1066 225 Α
1081 201 1107 225 et
1135 197 1239 230 angelis
1268 196 1337 230 ejus,
1371 204 1508 232 nunquam
1529 202 1617 224 tamen
1647 197 1700 225 illis
1730 200 1848 229 restitutio

241 240 386 276 apostolos,
401 240 618 275 quotiescunque
639 242 673 267 ad
691 242 816 270 homines
827 244 979 271 oralionem
998 245 1031 272 de

240 287 339 314 divinis
355 287 434 313 rebus
445 285 608 318 habuerunt,
619 287 652 314 ad
666 287 775 322 angelos
785 296 891 324 quoque
902 290 1031 318 habuisse

239 333 332 360 eadem
346 332 455 358 homilia
471 332 634 359 declaravit.
653 333 692 370 lta_
717 338 807 361 autent
822 340 849 362 et
864 336 967 370 angelis
979 356 987 370 ,
1003 343 1030 364 et

239 377 445 409 subterraneis,
471 383 498 405 et
524 378 681 407 hominibus
709 380 846 407 Christum
874 383 1030 416 apparuisse

238 423 352 456 putavit,
378 428 408 449 ut
432 424 519 451 unicae
541 432 596 451 suae
609 426 703 453 mortis
730 426 756 453 iu
775 434 888 460 corpore
912 428 1030 456 lmmano

240 468 358 496 toleratio
373 469 533 497 beneﬁcium
550 471 582 498 iis
596 471 753 505 applicaret,
767 481 820 500 non
841 479 870 500 ut
881 475 1029 508 assumptis

238 513 344 541 illorum
360 515 452 543 formis
463 525 546 544 novas
558 523 660 545 mortes
673 519 829 547 sustineret.
845 520 923 553 Quod
937 526 1027 548 autem

237 560 337 587 alicubi
364 563 466 589 sentire
497 563 614 596 videtur,
636 563 776 591 Christum
798 574 850 593 non
875 573 924 600 pro
945 567 1027 594 rebus

238 607 319 634 modo
347 608 455 635 ratione
471 610 591 644 praeditis
611 610 712 638 obiisse
735 617 849 638 mortem
863 631 870 644 ,
904 613 951 640 sed
978 621 1028 648 pro

239 654 340 680 creatis
359 653 439 680 etiam
455 655 664 690 quibuscunque
677 656 756 684 facile
770 657 967 692 explicabimus
978 680 985 692 ,
1004 659 1026 687 si

241 698 445 726 meminerimus
474 699 604 736 refragari
627 701 653 728 id
670 702 800 730 doctrinae
817 703 901 737 ipsius
915 710 1028 732 contex-

239 743 277 769 tui
295 748 322 769 et
336 744 464 778 sequelae,
482 753 544 772 nam
561 747 673 774 rationis
696 747 808 782 capacia
821 748 912 774 omnia
930 756 1026 784 perpe-

239 794 314 815 tuum
342 789 442 817 habere
471 789 605 818 libertatis
620 800 698 819 usum
727 794 851 827 opinatus
881 799 942 827 est;
967 802 1027 829 quae

238 834 325 862 libera
348 841 453 867 autem,
484 844 516 864 ea
537 838 656 872 peccatis
683 838 816 872 obnoxia;
837 847 896 874 qua:
919 841 1024 875 peccati

239 889 299 913 rea,
313 889 344 908 ea
363 883 525 917 purgatione
546 891 642 918 egere;
666 885 852 920 purgationem
874 894 938 914 vero
959 895 1024 914 con-

239 927 312 954 ferre
326 928 409 954 solam
425 929 526 955 Christi
544 934 658 956 mortem
676 930 806 964 potuisse.
830 931 864 957 At
879 939 922 959 res
939 932 1024 959 ratio-

237 974 279 1000 nis
293 980 419 1008 expertes
433 975 557 1002 libcrtate
577 983 672 1004 carere
685 997 692 1009 ,
711 984 743 1003 ac
756 977 870 1011 proinde
895 986 946 1004 non
963 985 1025 1011 pec-

235 1028 299 1047 care
316 1022 430 1052 censuit,
452 1030 501 1048 nec
518 1022 639 1057 indigere
662 1024 823 1057 purgatione
836 1043 844 1055 ,
868 1029 1025 1058 propterea-

235 1074 290 1100 qne
312 1067 408 1094 mortis
423 1067 525 1095 Christi
552 1068 669 1095 fructum
688 1069 846 1103 neutiquam
873 1070 1023 1103 percipere.

235 1110 288 1137 Per
314 1110 402 1137 κτίσιν
433 1112 526 1145 igitur,
563 1112 670 1140 ratione
696 1113 808 1147 praedita
838 1114 883 1141 Dei
917 1115 1023 1149 opiﬁcia

236 1157 406 1192 signiﬁcasse
420 1157 508 1193 ipsum
522 1159 667 1186 dicendum
686 1163 737 1192 est,
750 1160 838 1195 posito
856 1168 956 1196 genere
975 1169 1024 1196 pro

234 1203 335 1236 specie.

270 1248 355 1276 XXV.
368 1248 450 1275 Pater
463 1249 556 1284 itaque
569 1257 601 1277 ex
616 1250 708 1285 priore
722 1250 773 1278 hoc
795 1251 924 1287 ﬁgmento
936 1273 944 1285 ,
969 1261 1024 1287 quo

234 1300 393 1328 perpetuum
417 1294 550 1323 libertatis
569 1303 647 1323 usum
672 1297 753 1324 rebus
767 1298 895 1325 omnibus
917 1298 1023 1326 ratione

234 1341 355 1374 prmditis
369 1341 505 1375 ascripsit,
521 1349 554 1369 eo
573 1341 656 1370 fuisse
683 1343 836 1378 perpulsum
865 1343 1021 1380 Origenen,

235 1391 264 1413 ut
287 1387 508 1415 reconciliatione
543 1396 611 1423 opus
648 1389 701 1417 illis
729 1397 789 1417 esse
814 1395 938 1425 putaret;
970 1392 1022 1419 hoc

234 1435 323 1458 autem
337 1433 405 1466 ipsis
421 1433 584 1460 beneﬁcium
599 1439 715 1462 mortem
737 1435 838 1463 Christi
862 1437 1020 1465 contulisse.

235 1476 335 1503 Eodem
359 1477 446 1510 ipsum
470 1478 642 1506 adduxerunt
662 1479 714 1506 duo
732 1479 807 1507 Pauli
826 1480 889 1513 loci,
908 1481 977 1508 alter
987 1489 1022 1509 ex

1083 243 1246 276 repromissa
1263 248 1314 269 est.
1330 242 1437 270 Nullum
1454 244 1610 270 mandatum
1631 244 1664 270 de
1681 244 1767 272 salute
1778 254 1846 282 ange-

1082 288 1167 315 lorum
1180 289 1300 324 suscepit
1313 289 1436 316 Cbristus
1452 296 1466 315 a
1486 288 1578 317 Patre.
1591 289 1667 323 Quod
1682 289 1761 318 Pater
1776 299 1847 327 neque

1083 335 1247 368 repromisit,
1261 343 1348 370 neque
1362 335 1515 366 mandavit,
1534 334 1657 362 Christus
1674 336 1847 365 administrare

1082 389 1134 407 non
1161 381 1258 413 potuit.
1271 390 1281 406 ι
1307 381 1382 408 llauc
1400 385 1489 407 autem
1513 380 1638 415 Origenis
1657 384 1812 410 sententiain
1826 384 1846 411 in

1081 427 1293 456 Commentarios
1311 436 1372 454 suos
1397 429 1425 455 in
1442 428 1528 462 Epist.
1556 429 1590 455 ad
1612 427 1710 461 Ephes.
1729 430 1848 456 transtulit

1081 473 1270 508 Hieranyntns,
1295 474 1371 508 cujus
1387 474 1444 501 haec
1464 475 1544 502 verba
1565 479 1628 502 sunt
1648 474 1696 502 lib.
1718 483 1737 507 ι,
1756 476 1781 502 in
1798 484 1845 510 cap.

1080 528 1101 552 ι,
1121 527 1192 546 vers.
1214 519 1250 546 22
1270 529 1276 546 :
1298 529 1306 545 ι
1321 520 1377 547 Cur
1397 525 1486 547 autem
1506 521 1617 553 onmia,
1642 521 1668 547 id
1691 526 1732 548 est
1762 522 1844 555 angeli,

1080 565 1183 599 throni,
1204 565 1591 600 dominationes,.potcstates
1621 571 1649 593 et
1672 566 1785 593 virtutes
1806 575 1846 594 cae-

1080 617 1155 644 teraa.
1175 620 1236 647 quae
1254 620 1391 647 nunquam
1410 612 1522 640 fuerunt
1544 612 1690 640 contrariae
1710 613 1776 643 Deo.
1801 614 1847 647 ejus

1078 659 1192 693 pedibus
1222 659 1413 694 subjiciuntur.
1445 659 1555 686 videtur
1578 659 1738 686 obscurum.
1771 658 1846 687 Potest

1078 705 1169 740 itaque
1192 706 1351 740 responderi
1376 706 1447 740 quod
1470 706 1571 740 absque
1587 711 1701 740 peccato
1721 706 1845 739 nullussit,

1077 756 1105 779 et
1115 751 1205 778 sidera
1219 751 1275 786 ipsa
1288 759 1340 779 non
1350 751 1405 779 sint
1422 752 1522 778 munda
1537 759 1629 779 coram
1641 752 1710 784 Deo,
1723 754 1846 788 omnisque

1077 802 1203 824 creatura
1219 802 1317 832 paveat
1335 797 1475 824 Creatoris
1490 798 1645 825 adventum.
1663 797 1742 826 Unde
1754 803 1780 825 et
1794 806 1846 826 crux

1078 843 1229 870 Salvatoris
1244 850 1296 869 non
1311 843 1397 870 solum
1408 850 1438 870 ea
1449 851 1509 878 qua:
1524 843 1550 870 iit
1573 849 1656 874 terra,
1677 843 1725 870 sed
1739 844 1810 871 etiam
1821 852 1845 872 ea

1076 896 1136 922 qua:
1158 888 1184 915 iu
1204 888 1283 915 cmlis
1302 893 1394 921 erant,
1414 896 1545 924 purgasse
1566 889 1764 924 perltibcturp
1784 895 1808 917 et
1825 891 1846 918 iu

1076 943 1136 969 cap.
1156 942 1186 966 ll,
1214 942 1287 961 vers.
1320 935 1353 962 l4
1370 944 1378 964 :
1398 945 1407 961 ι
1421 936 1554 963 (Σωιειυιιι
1586 936 1631 970 qui
1663 936 1728 963 illud
1742 937 1844 971 Apostoli

1075 981 1149 1015 legit,
1179 981 1213 1008 de
1230 980 1339 1008 Christo
1368 982 1563 1010 memorantis:
1587 981 1686 1010 Pacem
1704 983 1845 1018 facienspcr

1075 1031 1235 1066 sanguinem
1256 1031 1348 1058 crucis
1367 1038 1424 1058 suae
1443 1031 1486 1058 his
1505 1039 1566 1066 qua?
1588 1032 1614 1059 in
1635 1037 1711 1060 terra
1727 1037 1813 1064 erant,
1825 1037 1845 1060 et

1075 1078 1117 1105 his
1129 1085 1188 1113 qum
1202 1078 1228 1105 in
1248 1077 1324 1105 caelis
1340 1079 1374 1104 ".
1386 1098 1393 1105 .
1406 1097 1431 1105 ..
1449 1077 1519 1105 hanc
1549 1082 1633 1106 totam
1655 1078 1843 1114 intelligentiam

1075 1124 1107 1151 ad
1121 1124 1240 1158 angelos,
1252 1125 1419 1159 virtutesque
1435 1124 1569 1158 cwlestes,
1584 1131 1611 1153 et
1624 1126 1656 1152 ad
1674 1127 1777 1153 animas
1790 1131 1844 1154 tem-

1074 1168 1178 1203 perabit
1204 1169 1338 1196 humanas
1351 1188 1376 1196 ..
1390 1189 1397 1196 .
1412 1188 1419 1195 .
1444 1174 1526 1204 atque
1551 1170 1587 1197 ita
1613 1170 1673 1198 ﬁeri
1694 1171 1801 1205 putabit,
1821 1176 1844 1197 ut

1073 1224 1139 1244 crux
1153 1216 1256 1243 Domini
1271 1224 1322 1243 non
1336 1216 1422 1243 solum
1433 1220 1521 1250 terrae,
1533 1217 1579 1244 sed
1593 1222 1621 1244 ct
1632 1217 1704 1244 caelo
1716 1217 1843 1252 profuerit';

1073 1269 1127 1288 non
1151 1261 1238 1289 solum
1266 1262 1430 1293 hominibus,
1456 1263 1503 1289 sed
1527 1267 1555 1290 et
1582 1263 1700 1298 angelis,
1725 1267 1751 1290 et
1772 1263 1844 1290 omnis

1073 1312 1197 1335 creatura
1215 1307 1322 1334 Domini
1342 1308 1382 1336 sui
1398 1315 1496 1336 cruore
1509 1313 1621 1343 purgata
1635 1309 1692 1342 sit;
1707 1319 1716 1334 ι
1732 1313 1759 1337 et
1773 1308 1815 1336 lib.
1828 1316 1844 1336 ιι

1073 1353 1098 1380 in
1113 1353 1231 1388 ejusdem
1245 1353 1371 1388 Epistola:
1390 1360 1451 1387 cap.
1467 1361 1515 1387 ιιι,
1529 1361 1600 1382 vers.
1624 1353 1669 1385 10,
1695 1361 1796 1381 crucem
1814 1354 1843 1380 ait

1071 1398 1184 1432 Christi,
1200 1406 1254 1426 non
1271 1399 1357 1426 solum
1367 1400 1454 1432 nobis,
1469 1400 1515 1427 sed
1529 1404 1555 1427 et
1570 1399 1686 1433 angelis,
1704 1399 1844 1434 cunctisque

1072 1446 1098 1472 in
1112 1446 1181 1472 (mlo
1194 1446 1340 1474 virtutibus
1353 1446 1487 1480 profuisse
1499 1467 1506 1479 ,
1529 1453 1578 1480 per
1597 1453 1656 1474 eam
1677 1447 1773 1481 quippe
1792 1446 1843 1477 illis,

1072 1491 1164 1519 itidem
1182 1496 1211 1518 ut
1225 1492 1314 1526 nobis,
1339 1492 1485 1520 revelatam
1502 1492 1586 1520 fuisse
1611 1493 1784 1528 multiplicem
1806 1492 1843 1520 Dei

234 1521 320 1556 Epist.
337 1522 369 1548 ad
383 1522 494 1557 Ephes.,
516 1532 575 1559 cap.
590 1532 610 1557 t,
624 1532 697 1552 vers.
719 1525 763 1558 l0,
783 1526 853 1553 alter
875 1534 909 1554 ex
931 1528 1018 1562 Epist.

1073 1537 1290 1571 sapientiam;et
1305 1539 1333 1566 in
1351 1546 1411 1574 cap.
1433 1547 1471 1572 tv,
1485 1546 1556 1567 vers.
1575 1538 1620 1571 10,
1639 1548 1647 1564 ι
1664 1539 1758 1574 Neque
1774 1539 1842 1569 enim,

234 1569 266 1594 ad
281 1567 399 1602 Coloss.,
409 1576 468 1604 cap.
487 1578 510 1602 ι,
527 1578 599 1598 vers.
611 1571 657 1604 20,
668 1579 748 1606 quem
765 1579 836 1607 saepe
851 1573 929 1601 nobis
942 1582 1022 1610 ogge-

233 1613 280 1641 rit.
308 1613 384 1641 Hunc
410 1615 510 1642 rectius
537 1616 623 1644 multo
646 1624 678 1644 ac
706 1618 802 1645 melius
827 1618 1022 1653 interpretatur

234 1659 327 1687 homil.
348 1660 365 1687 4
382 1660 409 1687 in
430 1660 525 1695 Levit.,
543 1670 618 1690 num.
634 1663 665 1690 4.
693 1673 702 1689 r
721 1664 774 1691 Sed
800 1669 827 1691 et
855 1670 1020 1698 sanctorum,

233 1706 331 1741 inquit,
356 1707 445 1734 socios
470 1715 520 1735 nos
536 1709 601 1736 dicit
617 1710 773 1744 Apostolus,
792 1719 842 1739 nec
861 1711 970 1739 mirum.
991 1712 1020 1739 Si

231 1752 303 1778 enim
314 1760 374 1779 cum
387 1753 466 1781 Patre
480 1754 585 1782 etFilio
598 1756 698 1783 dicitur
717 1757 795 1784 nobis
807 1765 868 1785 esse
890 1759 1020 1791 societas,

232 1800 367 1832 quomodo
388 1809 440 1828 non
464 1807 491 1829 et
513 1810 574 1829 cum
601 1806 716 1838 sanctis,
741 1812 794 1832 non
819 1805 905 1833 solntn
927 1807 972 1840 qui
993 1806 1019 1833 in

231 1847 304 1871 terra
314 1851 387 1877 sunt,
400 1847 446 1874 sed
463 1853 489 1874 et
508 1848 552 1882 qui
566 1849 591 1875 in
603 1849 770 1884 cmlis?quia
791 1857 816 1878 et
830 1851 956 1879 Christus
972 1860 1021 1886 per

232 1893 392 1926 sanguinem
412 1901 490 1920 suum
507 1894 660 1928 paciﬁcavit
676 1896 809 1928 cmlestia,
824 1901 850 1924 et
867 1899 1018 1931 terrestria,

233 1942 262 1963 ut
277 1938 433 1965 cmlestibus
452 1944 560 1967 terrena
581 1942 700 1969 sociaret
721 1943 754 1969 “.
768 1952 777 1969 ι
795 1943 861 1976 Quae
875 1945 965 1972 verior
979 1950 1020 1972 est

232 1983 298 2010 dicti
323 1984 403 2019 hujus
439 1986 581 2020 apostolici
602 1989 745 2022 expositio,
765 1993 793 2016 et
821 1997 901 2023 quam
929 1996 1020 2018 tuetur

231 2028 398 2064 Augustinus
410 2031 435 2058 in
450 2030 605 2060 Enrhiridio
621 2035 654 2061 ad
666 2034 875 2071 Laurent.,cap.
887 2037 931 2065 6i.
943 2037 1018 2071 Quod

231 2075 254 2101 si
278 2075 341 2102 olim
367 2084 475 2111 quoque
502 2086 646 2112 passurum
667 2080 816 2113 Christuut,
845 2082 950 2116 reipsa,
981 2085 1018 2111 uti

231 2120 327 2154 fertur,
349 2123 499 2150 autumavit
515 2123 658 2159 Origenes,
675 2126 831 2160 opinionem
851 2136 928 2155 suam
955 2129 1018 2156 fun-

232 2167 336 2194 daverit
358 2175 440 2203 super
457 2169 561 2198 dictum
590 2171 654 2198 illttd
680 2173 801 2200 'Avasv
820 2174 908 2209 μέλλω
935 2184 1018 2203 σταυ-

231 2213 356 2250 ροῦσθαι,
379 2215 450 2249 quod
469 2215 495 2242 in
511 2216 584 2244 Actis
603 2217 679 2245 l’auli
702 2218 812 2247 Christo
829 2221 968 2253 tribuitur,
989 2227 1018 2249 ut
1034 2215 1056 2242 Ῐ)

230 2266 262 2285 ex
278 2259 396 2294 Origene
414 2261 474 2296 ipso
488 2263 618 2291 discimus
637 2268 710 2292 torno
730 2273 764 2292 xx
783 2265 809 2293 in
827 2265 920 2300 Jouu.,
942 2277 1015 2297 num.

231 2305 275 2331 12.

267 2352 361 2381 XXVI.
383 2353 474 2388 Neque
496 2362 560 2382 vero
576 2355 602 2382 in
619 2363 651 2383 eo
673 2357 788 2391 primum
808 2358 865 2386 haec
882 2359 914 2387 de
930 2367 1017 2388 morte

230 2398 328 2426 Christi
353 2399 479 2426 damnata
504 2405 545 2427 est
568 2402 658 2435 opinio
673 2410 681 2430 :
695 2403 816 2430 confutat
834 2412 894 2431 eam
911 2405 1017 2433 Tertul-

230 2444 318 2472 lianus
331 2445 376 2472 lib.
397 2445 434 2472 De
453 2454 530 2473 carne
541 2446 649 2481 Christi,
679 2456 740 2482 cap.
764 2449 798 2475 14
813 2456 820 2475 :
836 2459 845 2476 ι
860 2450 912 2477 Sed
934 2459 1016 2487 attge-

230 2490 296 2522 lum,
312 2491 397 2524 aittnl,
410 2493 527 2526 gestavit
538 2492 675 2521 Christus.
688 2494 746 2528 Qua
770 2497 898 2523 ratione?
914 2497 973 2530 Qua
988 2504 1016 2525 et

230 2537 378 2565 hominem.
406 2539 506 2566 Eadem
528 2547 593 2574 ergo
612 2546 654 2568 est
670 2548 698 2569 et
719 2550 812 2577 causa,
833 2548 862 2570 ut
878 2544 1014 2572 hominem

229 2588 357 2617 gestaret.
375 2584 498 2613 Christus
519 2586 591 2613 salus
605 2587 723 2615 hominis
737 2588 802 2621 fuit;
819 2597 900 2618 causa
913 2591 1018 2618 scilicet

228 2630 262 2656 ad
288 2631 483 2658 restituendum
514 2633 586 2666 quod
613 2633 742 2667 perierat.
777 2634 863 2661 llotno
886 2636 1015 2670 perierat,

229 2673 365 2702 hominem
383 2676 489 2703 restitui
510 2682 679 2711 oportuerat.
702 2678 736 2706 Ut
753 2681 877 2714 angelum
901 2686 1018 2716 gestaret

229 2718 369 2753 Christus,
395 2722 463 2748 nihil
482 2722 535 2749 tale
549 2723 581 2750 de
593 2732 674 2752 causa
690 2729 743 2757 est,
771 2734 832 2753 nam
850 2727 901 2754 etsi
926 2728 1014 2761 angeli

230 2765 343 2797 perditio
367 2771 507 2800 reputatur
530 2768 557 2796 in
585 2769 674 2804 ignem
696 2777 876 2807 praeparatum
897 2772 1014 2807 diabolo,

265 2856 287 2871 "
302 2857 408 2885 Coloss.
424 2866 445 2892 I,
457 2859 503 2887 20.
542 2861 564 2878 “
576 2861 641 2888 ibid.

1073 1583 1168 1618 inquit,
1188 1584 1259 1612 scire
1276 1592 1420 1618 possumus
1431 1606 1439 1618 ,
1454 1585 1589 1620 quomodo
1604 1589 1633 1613 et
1643 1587 1762 1621 angelis,
1775 1591 1800 1613 et
1812 1585 1844 1612 his

1071 1630 1118 1664 qui
1140 1630 1165 1656 in
1192 1630 1299 1657 inferno
1322 1635 1401 1657 erant
1415 1631 1525 1666 sanguis
1548 1631 1648 1658 Christi
1665 1631 1800 1666 profuerit,
1822 1635 1844 1657 et

1073 1681 1162 1704 tamen
1180 1677 1243 1711 quin
1257 1676 1388 1711 profuerit
1403 1677 1509 1705 nescire
1531 1685 1585 1704 non
1594 1685 1769 1711 possumus»
1792 1676 1843 1710 Qua

1071 1723 1142 1758 quod
1159 1723 1262 1757 absque
1286 1723 1472 1750 confutatione
1491 1723 1647 1757 protulisset
1668 1723 1840 1758 Hieronymus,

1070 1777 1084 1795 ιι
1100 1768 1197 1796 Ruﬁno
1213 1770 1392 1802 reprehensus
1415 1775 1456 1797 est
1486 1770 1533 1798 lib.
1559 1777 1567 1797 ι
1590 1769 1729 1802 (necuim,
1757 1770 1799 1798 sed
1820 1770 1840 1796 in

1071 1815 1197 1850 Apologia
1211 1815 1383 1843 nihilominus
1396 1816 1484 1843 valide
1500 1824 1530 1843 se
1547 1821 1645 1843 tuetur.
1659 1816 1738 1843 Facit
1752 1822 1842 1850 quoque

1070 1863 1103 1888 ad
1122 1863 1325 1889 excusationem
1351 1862 1476 1898 Origenis
1492 1862 1610 1898 Cyrillus
1620 1863 1674 1898 ιιι).
1693 1871 1718 1890 tx
1738 1863 1774 1889 De
1786 1863 1842 1888 ado-

1070 1907 1183 1940 ratione,
1207 1907 1251 1934 ubi
1280 1908 1319 1935 sic
1337 1908 1606 1944 ΙοᾳιιὶιιιτεΧριστοῦ
1630 1908 1686 1944 γὰρ
1714 1906 1841 1944 μέτοχοςῦ

1071 1951 1145 1979 πᾶσά
1168 1953 1241 1979 ἐστιν
1253 1953 1350 1989 ὁρατὴ,
1369 1954 1416 1980 καὶ
1431 1953 1546 1990 ἀόρατος
1559 1955 1657 1986 κτίσις.
1679 1953 1799 1987 Ἄγγελοι
1818 1959 1841 1978 τε

1069 1998 1133 2034 γὰρ,
1150 1998 1197 2024 καὶ
1218 1999 1392 2034 ἀρχάγγελοι,
1418 2000 1464 2026 καὶ
1485 1999 1519 2025 τὰ
1543 1999 1582 2026 ἔτι
1602 2000 1705 2026 τούτων
1720 1999 1840 2028 ἐπέκεινα,

1070 2045 1117 2071 καὶ
1133 2044 1203 2070 αὐτὰ.
1220 2045 1248 2071 δὲ
1263 2045 1297 2071 τὰ
1313 2045 1456 2081 χερουσὶμ,
1472 2046 1521 2080 οὐχ
1536 2046 1637 2081 ἑτέρως
1652 2046 1717 2079 ἆγια
1736 2045 1799 2080 πλὴν
1809 2044 1841 2073 ὅτι

1069 2089 1113 2116 διὰ
1130 2089 1210 2125 μόνου
1226 2091 1344 2126 Χριστοῦ
1357 2092 1385 2118 ὲν
1402 2092 1472 2126 ἁγίῳ
1482 2091 1651 2126 lli/stipatur
1674 2091 1770 2118 Christi
1782 2090 1841 2117 enim

1069 2135 1205 2170 particeps
1220 2140 1261 2162 est
1273 2136 1361 2163 onmis
1376 2137 1559 2170 aspectabilis,
1574 2141 1600 2163 et
1614 2143 1666 2163 non
1685 2134 1842 2171 aspectabilis

1069 2185 1209 2208 creatum.
1220 2181 1315 2217 Angeli
1336 2182 1447 2216 quippe,
1462 2186 1490 2209 et
1502 2182 1669 2216 archangeli,
1688 2187 1715 2208 et
1730 2188 1841 2216 quaecun-

1071 2234 1123 2261 que
1136 2232 1267 2262 prmterea
1287 2232 1362 2261 sunt,
1375 2232 1401 2254 et
1422 2228 1479 2262 ipsa
1494 2235 1604 2262 quoque
1619 2228 1758 2255 cherubim
1769 2247 1777 2260 ,
1796 2233 1839 2252 non

1070 2273 1149 2301 aliter
1173 2279 1268 2301 sancta
1284 2279 1357 2306 sunt,
1379 2281 1460 2308 quam
1475 2281 1523 2309 per
1554 2281 1636 2301 unum
1661 2275 1791 2301 Christum
1818 2273 1839 2299 in

1070 2324 1162 2348 sancto
1177 2319 1289 2354 Spiritu.
1305 2329 1314 2346 ι
1332 2319 1365 2347 Et
1385 2319 1549 2353 Augustinus
1561 2319 1610 2346 lib.
1631 2327 1650 2352 ι,
1671 2320 1710 2347 De
1728 2325 1838 2346 conum

1069 2365 1303 2400 euangelistarum,
1319 2372 1380 2399 cap.
1394 2364 1439 2396 35,
1457 2364 1501 2391 ubi
1520 2369 1623 2392 tuentes
1633 2372 1727 2392 omnes
1742 2362 1838 2391 rationis

1069 2416 1218 2445 compotes,
1232 2411 1290 2438 sive
1302 2410 1471 2445 angelorum,
1492 2410 1549 2438 sive
1571 2410 1709 2437 bontinum
1721 2430 1729 2442 ,
1747 2407 1837 2436 nonnisi

1069 2456 1185 2489 Christi,
1198 2457 1243 2491 qui
1262 2456 1396 2490 sapientia
1411 2461 1453 2483 est
1466 2475 1474 2488 ,
1492 2457 1697 2492 participatione
1720 2455 1837 2490 sapientes

1069 2510 1129 2530 esse
1144 2503 1248 2535 definit,
1264 2502 1457 2537 Christumque
1484 2510 1622 2538 «congrua
1648 2502 1726 2530 saluti
1753 2504 1836 2528 nostra

1068 2549 1183 2576 dicendo
1195 2553 1222 2575 et
1234 2547 1357 2575 faciendo
1369 2556 1377 2581 ;
1391 2548 1518 2582 patiendo
1528 2552 1555 2574 et
1570 2547 1736 2578 sustinendo,
1750 2546 1833 2573 factum

1066 2600 1126 2620 esse
1137 2597 1163 2620 et
1181 2593 1305 2620 deorsum
1319 2593 1474 2621 hominibus
1488 2594 1639 2628 exemplum
1660 2592 1799 2624 redeundi,
1813 2594 1834 2615 et

1065 2638 1105 2665 eis
1125 2638 1170 2673 qui
1186 2646 1292 2666 sursum
1309 2644 1374 2666 sttnt
1389 2639 1492 2673 angelis
1510 2640 1664 2674 exemplum
1683 2637 1806 2666 manendi.
1822 2643 1830 2660 ι

1066 2684 1192 2712 Ecclesiae
1217 2693 1284 2713 sane
1310 2686 1427 2713 decretis
1449 2687 1605 2720 neutiquam
1638 2688 1764 2721 repugnat
1785 2683 1832 2710 hac

1066 2731 1231 2766 propositio;
1259 2731 1371 2766 primatu
1392 2733 1523 2767 .gratiam
1544 2732 1664 2767 angelis,
1693 2738 1724 2758 ac
1751 2726 1832 2756 deinde

1070 2777 1279 2811 perseverantiae
1293 2777 1393 2805 donum
1414 2778 1552 2806 Christum
1570 2777 1700 2812 sanguine
1717 2783 1761 2804 suo
1779 2779 1831 2808 pro-
