1904 3077
49 126 102 154 835

461 125 748 154 ORIGENIANORUM
768 126 832 154 LIB.
854 127 886 160 ll,
906 127 982 155 CAP.
1001 127 1034 159 II,
1055 126 1194 160 QUAEST.
1210 127 1255 155 Ill.

1627 127 1679 156 87:4

51 181 195 214 meruisse,
212 185 245 209 ιιι
256 188 288 209 eo
303 188 383 208 senm
397 181 558 215 angelorum
572 189 681 216 quoque
696 189 841 210 conserva-
855 185 879 214 Α
893 183 1037 217 scripsisse
1063 182 1147 210 refert
1160 183 1336 217 Serapionem
1370 184 1396 210 in
1423 183 1619 212 Commentario
1651 187 1680 212 in

51 234 102 258 tor.
122 232 150 255 et
169 232 199 254 ut
218 228 336 262 loquilur
357 227 560 260 ’I‘ertullianus,
584 227 768 256 Salutiﬁcator
788 229 840 256 dici

49 275 141 311 possit.
162 273 276 301 Minime
288 281 352 301 vero
378 273 483 308 Didymi
507 273 665 310 suffragium
696 275 740 302 hic
772 283 841 310 pne-

51 321 140 354 tendo,
155 321 258 355 quippe
269 321 313 355 qui
328 319 490 356 Origenismi
515 328 598 348 causa
616 321 685 348 male
703 321 839 355 audierit;

52 367 106 394 bzec
121 366 300 393 nihilominus
316 365 396 393 verba
416 366 500 400 ipsius
514 367 652 401 proferam
670 374 685 394 e
701 365 841 394 Commen-

51 414 118 440 tario
132 412 159 439 in
176 411 191 438 1
211 411 284 439 Petr.
300 420 342 444 ιιι,
365 419 425 446 qua:
438 411 603 448 Origeuiano
626 412 759 441 fermento
781 419 839 440 tur-

49 463 130 494 gent:
152 468 162 484 ‹
178 458 259 486 Sicut
273 459 346 485 enim
359 458 483 486 homines
505 459 672 486 abstinentes
687 467 701 486 a
722 459 840 494 peccatis

49 505 161 540 subjecti
175 509 257 538 sunt;
282 506 318 533 ita
340 511 368 533 et
390 507 530 540 superiora
554 506 694 533 rationalia
717 511 840 534 correcta

49 550 207 586 spontaneis
220 550 318 585 culpis,
332 559 392 585 qua:
406 550 519 578 forsitan
541 552 705 584 habuerunt,
727 552 750 578 ei
777 552 840 579 sub-

47 596 114 630 jvcta
130 602 205 630 sunt,
223 597 357 632 completa
371 598 574 633 dispensatione
591 598 682 626 habita
693 605 741 633 pro
753 598 840 626 salute

50 648 220 669 ('llllClOl‘llllI.
238 652 247 668 ι

82 687 142 715 Huc
155 688 237 720 adde,
255 695 424 723 quaecunque
437 689 494 717 fere
516 696 600 724 super
623 697 656 717 eo
679 695 840 725 argumento

50 734 186 769 proposuit
203 734 335 770 Origenes
348 755 355 768 ,
372 735 522 763 ltaasitando
539 741 566 764 et
591 736 764 770 inquirendo,
785 745 838 763 non

51 780 208 807 alIirmando
221 782 393 816 proposuisse
406 790 413 808 :
428 781 500 809 velut
513 782 538 809 in
556 783 602 809 illo
618 783 715 817 insigni
730 783 789 810 loco
805 791 838 809 ex

52 827 142 854 homil.
157 834 164 853 l
181 827 207 853 in
223 826 319 859 Levia,
331 835 406 856 num.
420 829 438 856 3
454 837 460 854 :
483 838 492 855 ι
508 828 561 856 Sed
584 834 611 855 et
638 829 689 856 hoc
711 828 837 861 fortasse,

890 229 986 264 psalm.
1016 237 1093 256 xvtn.
1118 228 1245 256 Profecto
1271 228 1441 264 Origenistas
1467 231 1597 265 quosdam
1627 239 1679 259 non

893 275 1007 303 multum
1018 275 1152 302 absimilis
1166 274 1252 309 culpa:
1265 275 1402 302 insimulat
1424 275 1540 304 Orosius
1558 277 1584 304 in
1601 277 1680 305 Caut-

891 322 1033 349 monitorio
1051 321 1084 348 ad
1111 321 1306 355 Augustinum;
1334 323 1495 356 pertendere
1516 331 1564 351 eos
1588 324 1681 351 dicens

891 368 1034 395 Christum
1053 372 1201 402 antequam
1215 368 1242 394 in
1263 373 1350 395 terras
1364 369 1542 396 descenderet
1555 389 1562 401 ,
1583 370 1681 396 remis-

891 413 995 441 sionem
1016 413 1130 447 angclis.
1153 418 1293 447 assumpto
1308 421 1402 440 eorum
1421 421 1489 448 quos
1507 415 1600 442 adibat
1614 423 1677 441 cor-

891 465 975 493 pore,
1006 458 1186 493 praedicasse;
1213 466 1245 485 ac
1272 459 1380 485 tandem
1407 459 1554 486 humanum
1578 466 1681 494 corpus

891 505 1023 537 induisse,
1047 514 1056 530 ε
1073 505 1125 532 hoc
1141 505 1268 539 passione
1279 509 1306 532 et
1326 505 1527 533 resurrectione
1549 507 1680 533 determi-

892 556 1012 581 uautem.
1042 558 1137 578 rursus
1160 550 1247 578 donec
1268 557 1353 585 usque
1375 552 1408 578 ad
1431 551 1536 578 Patrem
1563 552 1678 584 veniret,

891 597 1063 624 ascendendo
1078 601 1203 624 tenuasse
1214 605 1221 623 :
1232 597 1269 624 ita
1285 604 1373 631 neque
1390 597 1544 631 depositqu
1560 605 1679 632 unquam

891 642 974 670 fuisse
993 650 1102 677 corpus,
1125 650 1175 669 nec
1190 642 1216 669 in
1234 650 1349 676 corpore
1375 642 1429 670 ullo
1448 647 1604 676 regnantem
1621 644 1679 670 cir-

890 688 1036 715 cutnscribi
1058 689 1152 716 Demn.
1169 697 1179 714 ›
1207 689 1271 721 Qua:
1292 696 1354 715 cum
1382 689 1408 716 in
1439 689 1508 716 libro
1535 690 1679 725 Augustini

890 740 982 761 contra
996 734 1216 762 Priscillianistas
1232 740 1255 761 et
1272 735 1450 769 Origcnistar,
1465 740 1496 762 ut
1509 735 1555 762 alii
1566 744 1675 763 eorum—

891 782 952 807 detn
964 788 1071 808 errores
1084 781 1134 816 ipsi
1153 780 1186 807 ab
1198 772 1298 808 Orosio
1309 781 1452 816 propositi,
1467 789 1600 815 nusquam
1615 790 1681 809 eon—

890 825 977 853 futata
995 831 1154 861 appareant,
1180 826 1315 853 concludo
1332 831 1438 860 partem
1458 827 1576 861 aliquant
1595 827 1677 855 librili

52 874 145 908 inquit,
165 881 220 900 non
236 875 294 901 sine
309 882 391 902 causa
410 876 456 907 sit,
475 885 484 901 ι
503 880 556 903 etc.
573 875 638 902 ltcnt
654 875 733 910 paulo
747 875 836 902 infra:
855 866 876 894 Β
891 871 971 905 huius
988 871 1173 899 inlel‘cIdisSe-

53 929 61 945 ι
74 919 203 954 Nisiquia
232 920 302 947 forte
319 920 371 948 hoc
392 921 500 956 intelligi
528 921 624 954 voluit,
642 931 651 948 ιι
679 926 784 953 etc.,et
810 921 837 949 in

51 966 132 993 altero
150 973 184 993 ex
203 966 298 994 homil.
316 967 344 999 2,
366 975 441 994 num.
464 968 502 995 5:
518 967 607 995 «Vide
628 974 693 1002 ergo
713 975 747 995 ne
769 967 838 996 forte

51 1010 132 1044 Iesus,
148 1020 158 1037 ι
181 1016 236 1039 etc.
254 1011 321 1039 Tum
339 1011 365 1038 in
379 1019 412 1039 eo
427 1012 471 1047 qui
488 1013 588 1047 petitus
604 1017 645 1040 est
666 1020 682 1040 e
698 1016 764 1040 tom.
779 1021 787 1040 ι
809 1013 837 1040 iu

51 1055 157 1090 Ianum,
188 1065 265 1085 num.
289 1057 343 1091 δι,
376 1058 511 1092 quomodo
534 1058 722 1086 subterraneis
739 1057 838 1085 similis

51 1102 134 1130 factus
148 1103 196 1133 sit.
216 1103 299 1130 dubie
315 1103 439 1138 inquirit.
454 1103 633 1138 Apertissime
648 1111 712 1130 vero
727 1103 837 1131 fluctua-

53 1148 145 1176 tionem
167 1157 245 1176 suam
268 1149 457 1184 exprimitlib.
483 1157 491 1177 ι
517 1150 544 1176 in
568 1149 655 1184 Epist.
688 1150 722 1176 ad
746 1149 835 1183 Rom.,

51 1201 118 1221 num.
130 1194 157 1224 4.
171 1203 233 1222 cum
250 1195 342 1223 varias
354 1195 413 1223 illas
430 1195 531 1223 Christi
545 1196 729 1230 apparitiones
743 1203 836 1223 recen-

53 1245 111 1267 set:
131 1249 140 1266 ε
158 1240 195 1268 De
228 1241 337 1276 quibus,
366 1240 466 1275 inquit,
497 1241 622 1276 quamvis
653 1240 835 1275 periculosum

52 1286 167 1314 videatur
200 1287 333 1314 chartulis
359 1289 532 1315 committere
560 1295 724 1320 sermonem,
746 1292 835 1314 tamen

54 1339 102 1359 non
116 1333 201 1361 otiose
221 1335 409 1368 praetereunda
434 1338 497 1361 sunt
522 1333 593 1361 dicta
619 1333 782 1368 sapientium
798 1337 836 1368 _et

53 1379 188 1414 aenigmata
209 1379 248 1412 ",
262 1380 309 1407 sed
333 1379 425 1407 subtili
441 1379 586 1407 admodum
604 1379 702 1406 mentis
716 1379 774 1406 acie
789 1379 834 1414 (in

54 1431 176 1460 quantum
189 1433 234 1453 res
249 1426 370 1461 patitur)
388 1425 462 1452 velut
482 1433 530 1460 per
548 1425 681 1459 quoddatu
695 1425 834 1460 speculum

53 1471 267 1505 contemplanda;
286 1478 319 1497 ne
331 1472 400 1498 forte
425 1471 447 1498 is
463 1470 509 1505 qui
532 1471 642 1498 verbum
659 1478 722 1498 caro
747 1470 835 1498 factus

53 1517 169 1550 apparuit
182 1517 289 1552 positus
305 1517 331 1544 in
347 1524 440 1548 carne,
460 1526 469 1541 ι
483 1522 537 1544 etc.

87 1560 186 1588 XXVII.
203 1561 278 1590 Inter
292 1562 422 1597 sacrilega
435 1561 645 1589 Manichaeorum
660 1561 730 1589 dicta
750 1561 833 1589 refert

54 1607 151 1642 insigne
170 1609 237 1635 illud
262 1609 429 1644 Augustinus
458 1608 504 1634 lib.
522 1615 556 1634 xx
583 1613 674 1635 contra
691 1607 834 1642 Faustum,

54 1661 108 1688 esp.
123 1654 149 1682 2.
168 1655 305 1682 Christum
324 1655 369 1689 qui
385 1654 432 1681 Dei
455 1654 543 1681 virtus
566 1659 594 1681 et
618 1654 750 1689 sapientia
781 1659 835 1686 est,

54 1701 122 1733 quasi
137 1700 293 1735 bipertitum
315 1700 340 1727 in
362 1701 419 1728 sole
435 1706 463 1728 et
484 1701 547 1728 Inita
572 1701 713 1734 habitare;
745 1707 776 1727 ac
808 1700 834 1727 in

55 1745 104 1771 sole
113 1746 230 1780 quidem,
246 1753 298 1781 qua
315 1746 360 1773 Dei
377 1747 463 1774 virtus
484 1750 540 1776 est;
561 1746 587 1773 in
609 1746 671 1773 luna
685 1753 766 1779 vero,
782 1753 835 1780 qua

55 1790 187 1823 sapientia.
203 1791 359 1819 Philastrus
379 1792 442 1818 item
462 1792 528 1819 ha:r.
551 1800 594 1822 ιν,
622 1797 650 1819 et
666 1791 833 1826 Augustinus

55 1834 84 1860 ad
96 1835 317 1868 Quodvultdenm.
338 1837 394 1863 Inter
418 1845 474 1869 ux,
499 1836 641 1864 Seleucum
655 1842 681 1863 et
698 1836 834 1863 Ilermiam

55 1886 172 1914 arguunt,
187 1887 318 1915 negantes
331 1892 340 1907 ι
356 1881 526 1909 Salvatorem
543 1882 568 1908 in
585 1889 667 1908 carne
683 1881 776 1908 sedere
798 1882 831 1908 ad

55 1924 168 1952 dextram
183 1926 283 1961 Patris,
298 1928 344 1955 sed
363 1928 527 1963 exspoliasse
540 1933 660 1959 carnem,
672 1932 699 1954 ct
714 1927 836 1962 posuisse

56 1970 81 1997 in
92 1972 144 1999 sole
154 1974 336 2007 aestimarint;
363 1973 414 2001 hoe
426 1974 558 2001 adductos
576 1974 714 2008 propheta:
735 1973 833 2008 psaltn.

57 2023 125 2051 xvtu,
150 2019 176 2052 6,
204 2029 213 2046 ι
230 2020 258 2047 In
282 2020 340 2047 sole
364 2021 453 2055 posuit
485 2021 687 2048 tabernaculum
716 2019 806 2047 suuui.
823 2029 832 2046 ι

57 2062 173 2094 Criminis
185 2066 307 2101 ejusdem
333 2066 529 2102 Ilertnogenem
550 2067 695 2102 cotnpellat
709 2065 834 2094 Theodo-

57 2115 121 2138 retus
133 2111 177 2139 lib.
193 2121 200 2140 l
230 2112 330 2140 eret.
352 2113 449 2147 fubul.,
463 2120 522 2147 cap.
536 2111 580 2144 I9,
591 2120 606 2139 a
622 2120 676 2148 quo
690 2112 836 2139 verisimile

56 2159 93 2181 est
123 2156 193 2185 virus
216 2158 383 2192 hujusmodi,
416 2162 447 2184 ut
470 2157 523 2184 alia
549 2156 643 2189 multa,
671 2148 835 2184 blanicba‘os

57 2201 167 2235 suxisse;
195 2212 250 2231 non
274 2205 307 2230 ab
331 2202 457 2238 Origene,
480 2210 559 2238 quem
586 2208 674 2230 tamen
696 2203 834 2230 insimulat

58 2244 175 2282 Serapion
191 2250 346 2282 Tmuensis.
357 2255 538 2285 cognomento
549 2249 740 2282 Scholasticus,
757 2249 833 2284 quasi

58 2295 149 2321 erroris
167 2295 247 2331 hujus
273 2295 429 2323 Mauiclneis
451 2300 548 2322 auctor
565 2295 658 2327 fuerit,
673 2299 769 2330 utpote
785 2295 832 2329 qui

58 2340 169 2371 proxime
194 2342 333 2369 laudatum
359 2342 469 2369 Davidis
489 2341 578 2368 locum
595 2341 736 2368 illustrans
753 2340 834 2368 Chri-

59 2390 121 2414 stum
133 2389 288 2425 scripserit,
311 2398 372 2417 rum
389 2390 415 2417 in
429 2389 528 2417 cmlum
547 2389 719 2421 ascenderet,
735 2389 836 2416 obdor-

60 2433 145 2467 misse.
172 2441 199 2464 et
232 2437 355 2468 deposito
375 2436 402 2463 in
430 2435 487 2463 sole
515 2443 640 2470 corpore,
661 2435 780 2462 animam
809 2435 835 2462 in

62 2478 148 2508 malum
160 2483 191 2509 ad
203 2483 327 2510 dextram
349 2482 438 2509 Patris
454 2482 589 2509 intulisse.
610 2481 673 2509 Ilaec
684 2482 792 2516 quidem
808 2481 834 2509 in

62 2522 124 2552 libro
136 2528 292 2564 Serapionis
308 2531 435 2557 adversus
452 2529 614 2556 Manichaee:
627 2528 721 2556 haberi
737 2527 833 2555 scribit

62 2568 144 2599 Sinus
158 2574 286 2603 Senensis
297 2575 423 2603 Biblioth.
435 2581 521 2603 sanat.
538 2575 584 2602 lib.
598 2582 624 2607 v,
634 2580 661 2602 et.
676 2580 736 2610 post
746 2574 834 2608 ipsum

62 2614 237 2649 Genebrardus
263 2622 289 2648 in
309 2621 483 2648 Collectaneis
515 2621 625 2656 Origeui
649 2620 778 2655 prmlixis.
796 2621 837 2655 ,At

63 2661 122 2690 nihil
145 2665 293 2700 huiusmodi
309 2667 417 2701 reperio
440 2667 467 2693 in
493 2667 544 2694 hoc
566 2666 725 2701 Serapionis
741 2673 835 2701 opere,

62 2715 131 2742 ιπουι
149 2714 248 2742 editum
274 2714 409 2749 reperitur
426 2714 453 2741 in
468 2713 634 2741 Bibliotheca
649 2713 771 2740 Patrum.
788 2713 834 2740 Bi-

63 2762 131 2785 netus
143 2766 204 2789 vero
225 2761 251 2789 in
273 2761 364 2790 libello
380 2761 417 2789 De
432 2761 515 2789 salute
540 2760 664 2796 Origenis
679 2760 731 2788 hoc
748 2760 834 2795 ipsum

64 2842 81 2858 "
99 2844 169 2875 Prov.
183 2856 201 2884 ι,
214 2849 240 2879 6.
277 2850 300 2867 “
318 2850 389 2879 Psal.
407 2856 483 2883 svnt,
497 2848 524 2876 6.

926 928 976 962 Qui
992 933 1081 955 autem
1100 928 1125 955 in
1147 936 1178 956 ea
1194 928 1297 955 versari
1319 929 1453 956 sententia
1477 929 1564 964 potuit
1584 928 1680 964 Orige-

891 981 957 1006 nes,
973 981 1053 1009 quem
1068 973 1124 1001 haec
1137 974 1280 1009 Scripsisse
1296 974 1378 1001 refert
1391 974 1547 1009 Pamphilus
1565 975 1589 1001 in
1611 975 1680 1008 Apa-

890 1018 960 1053 logiu
980 1027 990 1046 :
1013 1027 1022 1045 c
1039 1019 1109 1052 Quid
1129 1023 1171 1046 est
1184 1019 1254 1053 quod
1271 1019 1340 1046 dixit
1357 1027 1363 1045 :
1380 1018 1412 1045 In
1425 1020 1480 1046 sole
1494 1020 1581 1053 posuit
1594 1020 1680 1046 taber-

891 1065 1014 1092 naculum
1034 1073 1110 1092 suum
1124 1064 1167 1091 "7
1189 1064 1303 1097 Quidam
1328 1066 1436 1099 quidem
1463 1065 1588 1093 dicebant
1607 1066 1678 1100 quod

891 1110 1016 1138 Salvator
1038 1116 1133 1138 noster
1152 1112 1303 1138 ascendens
1325 1118 1340 1138 e
1361 1112 1442 1138 terris
1468 1112 1500 1138 ad
1521 1111 1637 1144 cmlum,
1652 1116 1680 1139 et

891 1166 989 1192 corpus
1003 1165 1081 1185 suum
1100 1165 1252 1191 assumens,
1270 1158 1392 1192 pervenit
1404 1165 1490 1192 usque
1504 1159 1537 1185 ad
1549 1166 1611 1186 eum
1625 1158 1679 1186 cir-

889 1205 980 1232 culum
996 1205 1041 1240 qui
1061 1203 1129 1231 solis
1146 1211 1213 1231 zona
1226 1205 1398 1236 nominatur;
1415 1209 1442 1231 et
1457 1204 1504 1237 ibi,
1520 1205 1612 1238 aiunt,
1630 1212 1679 1239 po-

890 1251 946 1278 suit
964 1250 1170 1278 tabernaculum
1193 1249 1317 1284 corporis
1339 1249 1380 1277 sui
1406 1257 1412 1276 :
1431 1257 1484 1276 non
1509 1250 1582 1278 enim
1607 1250 1677 1277 ultra

889 1302 948 1325 erat
965 1295 1093 1332 possibile
1107 1296 1133 1323 id
1149 1295 1285 1330 progredi.
1300 1295 1353 1322 Sed
1370 1295 1426 1322 haec
1440 1295 1477 1322 illi
1493 1295 1528 1322 ita
1546 1296 1677 1328 sentiunt,

889 1350 939 1377 pro
952 1349 985 1369 eo
1002 1343 1075 1376 quod
1096 1341 1253 1376 allegoriam
1268 1341 1365 1367 nolunt
1381 1340 1407 1367 in
1425 1340 1566 1374 Scriptura
1585 1340 1678 1368 divina

889 1387 1022 1421 recipere,
1037 1392 1066 1414 et
1086 1387 1145 1414 ideo
1165 1393 1239 1420 pura:
1261 1385 1382 1413 historiae
1403 1385 1605 1419 deservientes,
1627 1385 1680 1412 hu—

885 1433 1003 1468 justnodi
1019 1433 1123 1461 fabulas
1143 1437 1171 1460 et
1189 1433 1316 1467 figmenta
1330 1437 1509 1468 componunt.
1528 1441 1538 1458 »
1550 1432 1618 1459 Tutn
1639 1432 1679 1459 Io-

889 1488 951 1507 cum
970 1480 1042 1507 hunc
1058 1480 1196 1514 propheta!
1211 1478 1382 1513 postmodum
1408 1479 1444 1506 ita
1469 1479 1677 1513 interpretatur,

891 1526 1093 1553 tabernaculum
1107 1525 1207 1553 Christi
1232 1532 1292 1552 esse
1309 1524 1472 1557 Eeclesiant;
1494 1523 1577 1551 solent
1602 1530 1678 1555 vero,

890 1571 985 1604 Deum,
1012 1570 1059 1605 qui
1088 1570 1132 1598 lux
1157 1574 1258 1597 aeterna
1276 1574 1333 1603 est,
1357 1574 1385 1597 et
1399 1569 1440 1596 sol
1456 1567 1580 1603 justitize.
1608 1567 1678 1601 Quin

887 1618 969 1644 etiam
986 1616 1186 1651 Hermogenem
1211 1615 1292 1649 hujus
1315 1618 1542 1650 propugnatorem
1567 1614 1680 1641 insania!

887 1663 1046 1691 confutasse
1076 1662 1222 1697 Origenem
1259 1661 1343 1688 tradit
1376 1660 1563 1688 Theodoretus
1602 1659 1678 1687 liter.

887 1707 935 1735 lib.
955 1715 975 1740 t,
995 1715 1056 1742 cap.
1081 1707 1127 1734 I9.
1143 1706 1235 1734 Placet
1257 1713 1321 1740 ergo
1337 1705 1406 1733 Sixti
1428 1705 1559 1732 Senensis
1581 1709 1607 1732 et
1624 1704 1679 1732 Ge«

888 1753 1016 1780 nebrardi
1043 1753 1221 1787 conjectura,
1243 1751 1370 1778 dcliritnn
1397 1749 1461 1776 illud
1483 1757 1498 1776 a
1521 1748 1679 1776 Manichmis

888 1799 973 1826 fuisse
989 1798 1100 1833 Origeni
1122 1798 1257 1830 aliietutn,
1285 1801 1482 1831 corruptosque
1510 1795 1567 1829 ejus
1593 1795 1678 1822 libros

889 1844 922 1870 ad
939 1843 1135 1871 conciliandam
1150 1842 1280 1876 impietati
1296 1849 1351 1869 sua:
1366 1842 1459 1868 fidem;
1481 1840 1593 1867 Minime
1613 1846 1679 1865 vero

887 1889 975 1924 placet
986 1889 1069 1916 altera
1076 1887 1240 1915 Genebrardi
1254 1887 1403 1922 responsio,
1415 1886 1507 1921 negari
1520 1885 1680 1920 simpliciter

887 1934 912 1962 id
933 1942 1023 1969 posse,
1048 1935 1109 1969 quia
1131 1933 1255 1968 Origenis
1270 1934 1337 1961 liber
1355 1942 1406 1960 non
1422 1938 1510 1960 exstat
1526 1940 1533 1958 ε
1548 1939 1609 1958 nam
1625 1939 1679 1966 quo

887 1981 991 2008 recidet
1008 1981 1166 2016 Serapionis
1181 1980 1346 2012 auctoritas,
1365 1987 1445 2014 quem
1458 1978 1565 2005 extollit
1583 1978 1678 2005 lliero-

887 2027 1004 2063 nymus?

924 2073 1043 2101 XXVIII.
1069 2073 1210 2101 Ditiicilins
1231 2072 1367 2100 sententia
1384 2072 1443 2099 haec
1465 2069 1554 2097 atiinis
1578 2068 1678 2103 prioris

886 2120 958 2148 illius
981 2119 1105 2148 excltsari
1132 2123 1233 2154 potest,
1260 2125 1341 2153 quam
1368 2117 1463 2145 homil.
1493 2116 1527 2143 29
1557 2116 1583 2142 in
1611 2114 1677 2141 Luc.

887 2165 1057 2201 cousignavit
1071 2166 1213 2200 Origenes.
1229 2173 1238 2190 (
1260 2163 1337 2197 Quod
1361 2163 1403 2196 si,
1427 2163 1529 2198 inquit,
1546 2166 1678 2192 tentatus,

888 2211 963 2238 illum
984 2211 1146 2246 (Christum)
1162 2210 1284 2237 imitatus
1298 2209 1383 2237 fueris
1400 2210 1445 2244 qui
1473 2216 1522 2244 pro
1543 2212 1570 2236 te
1587 2212 1678 2235 tenta-

888 2263 930 2285 tus
942 2262 1021 2285 estet
1036 2265 1117 2285 omne
1129 2256 1228 2284 viceris
1246 2260 1456 2287 tentamentum,
1476 2254 1589 2282 habebis
1601 2259 1678 2288 spem

886 2311 947 2330 cum
963 2311 996 2330 eo
1013 2303 1057 2338 qui
1073 2307 1137 2330 tunc
1153 2303 1233 2329 homo
1250 2301 1311 2334 fuit,
1327 2308 1398 2328 nunc
1412 2306 1503 2328 autem
1524 2301 1604 2328 homo
1617 2306 1680 2326 esse

886 2350 1014 2376 cessavit.
1028 2349 1095 2376 Nam
1107 2349 1129 2376 si
1145 2349 1191 2383 qui
1207 2347 1345 2383 quondam
1356 2349 1439 2374 homo
1451 2351 1521 2379 erat,
1534 2351 1677 2381 postquam

886 2400 1007 2424 tentatus
1031 2400 1084 2427 est,
1109 2399 1137 2422 et
1160 2394 1272 2422 recessit
1290 2394 1324 2422 ab
1337 2401 1370 2421 eo
1385 2393 1522 2425 diabolus,
1541 2399 1629 2426 usque
1642 2390 1677 2417 ad

887 2445 991 2474 tempus
1007 2440 1102 2467 mortis
1118 2447 1132 2466 a
1150 2441 1265 2466 mortuis
1289 2445 1433 2473 resurgens
1459 2437 1529 2464 ultra
1547 2444 1600 2463 non
1622 2442 1678 2462 mo-

887 2486 990 2520 rietur;
1015 2486 1104 2513 oumis
1125 2491 1215 2513 autem
1246 2487 1328 2513 homo
1356 2484 1436 2512 morti
1462 2484 1607 2515 subiacet:
1628 2482 1678 2508 istc

886 2541 951 2568 ergo
963 2532 1008 2567 qui
1024 2539 1196 2567 nequaquam
1214 2532 1341 2564 moritur,
1357 2531 1412 2566 jam
1440 2537 1493 2556 non
1516 2532 1558 2555 e'st
1585 2528 1676 2560 homo,

886 2579 932 2606 sed
949 2577 1020 2605 Deus
1033 2583 1084 2605 est.
1106 2587 1115 2603 ι
1135 2577 1193 2604 Dixi
1216 2578 1380 2604 sententiam
1402 2580 1472 2603 hanc
1485 2574 1584 2609 prioris
1605 2573 1677 2600 illius

885 2631 945 2651 esse
961 2623 1084 2656 aiiinem;
1100 2631 1161 2650 nam
1183 2623 1206 2650 si
1232 2630 1393 2658 persuasum
1419 2628 1513 2648 revera
1536 2619 1678 2647 habuisset

886 2668 1017 2703 Origenes
1035 2676 1134 2703 corpus
1148 2676 1227 2696 suum
1243 2668 1269 2695 in
1284 2667 1340 2695 sole
1350 2667 1488 2694 Christum
1505 2664 1676 2699 deposuisse,

888 2715 1088 2743 consectarium
1101 2719 1160 2742 erat
1173 2722 1234 2742 eum
1256 2721 1364 2749 quoque
1383 2712 1552 2741 humanitate
1565 2715 1676 2737 exutum

888 2760 1027 2790 arbitrari.
1045 2759 1150 2788 Similis
1173 2760 1368 2796 propemodum
1393 2758 1476 2787 fuisse
1503 2757 1591 2785 fertur
1607 2755 1676 2783 λιιι-ο
