1904 3077
204 111 259 140 8ἳῦ

839 106 870 134 Ρ.
891 106 1050 136 DANIELlS
1070 107 1189 136 llUETll

1791 107 1843 134 856

195 169 265 197 'cclli
283 171 419 205 Ancyram
437 167 572 200 doctrina,
586 167 707 194 futurttm
725 167 874 200 credentis,
892 173 920 194 ut
935 175 996 195 car-
1010 174 1033 199 Α
1048 169 1198 203 responsio,
1229 176 1290 195 nam
1324 167 1462 196 Christum
1487 174 1538 202 pro
1560 166 1684 202 peccatis
1707 172 1778 192 vero
1801 167 1847 191 do-

206 224 267 244 nem
293 220 353 250 post
379 213 607 242 resurrectionem
629 213 757 241 Christus
783 213 934 248 abjiceret,
962 222 994 241 ac

205 261 286 289 homo
303 261 415 297 proinde
442 264 470 287 et
494 267 541 287 rex
569 267 629 287 esse
655 259 802 287 desineret.
819 259 854 286 At
874 260 928 287 alia
946 259 996 287 fuit

206 307 330 342 Origenis
353 305 548 337 ratiocinatio,
575 312 637 331 nam
660 312 748 340 neque
762 305 901 332 Christum
917 313 931 331 a
946 312 996 332 suo

205 360 321 388 corpore
338 353 487 387 sejunctnm
505 358 566 378 esse
586 351 691 385 putavit
709 351 754 386 (de
770 351 861 377 triduo
871 350 925 386 jam
942 358 994 378 non

206 399 312 433 loquor,
327 405 380 432 quo
397 398 423 424 in
439 396 564 432 sepulcro
580 401 714 423 mortuum
730 397 816 431 ipsius
843 395 994 430 corpusja-

205 443 285 479 cuit),
304 448 332 470 ut
352 443 617 476 demonstravimus;
634 447 662 470 et
692 450 754 470 eum
775 443 831 477 jam
860 443 995 471 hominem

205 489 308 517 idcirco
321 497 382 516 esse
398 494 490 523 negat,
504 489 567 523 quia
583 489 708 524 quisquis
724 490 806 516 morti
825 497 878 517 non
904 489 997 524 subja-

205 540 260 567 cet.
280 536 437 570 neutiquam
451 535 588 562 hominem
604 542 666 562 esse
677 539 783 562 censet.
797 535 825 562 ln
840 543 894 570 quo
911 543 998 570 quan-

205 589 286 616 quatn
303 582 377 609 circa
398 582 514 609 hominis
531 589 628 608 nomen
643 582 757 615 quaestio
775 587 899 609 versetur
912 601 920 614 ,
934 590 995 610 cum

205 629 240 656 de
264 636 294 655 re
309 632 432 660 constet,
457 627 596 654 fatendum
620 627 798 655 nihilominus
825 628 996 655 temerariam

205 680 268 701 esse
289 680 382 699 vocem
402 673 483 705 hanc,
499 672 614 706 ideoque
630 671 835 706 repudiandum.

241 717 338 744 XXIX.
354 717 475 745 Celebris
487 722 530 744 est
549 716 681 744 Bcrnardi
699 718 829 745 adversus
849 716 995 753 Origenem

206 764 337 799 querela,
366 764 392 790 iu
419 770 545 790 sermone
568 763 614 796 qui
645 754 822 795 inscribitur,
848 763 888 790 De
912 762 996 790 verbis

208 811 347 846 Origem's,
368 811 393 836 in
414 818 468 844 quo
488 810 609 844 graviter
631 817 692 836 eum
717 810 929 844 incessit,quod
946 810 996 837 ho—

207 857 266 884 Inil.
279 856 294 882 7
311 857 337 883 in
353 856 472 888 Leeilic.,
487 863 562 882 Itum.
584 855 612 887 2,
630 855 768 882 Christum
786 856 886 882 dixerit
912 858 994 883 etiam

208 910 278 930 nunc
291 902 382 937 lugere
397 906 507 935 peccata
525 905 637 933 nostra;
653 900 792 928 Christum
813 901 913 936 quippe
931 902 994 928 dum

207 950 324 979 viveret,
353 947 485 980 ejusmodi
513 946 702 974 aﬂectionibus
727 946 810 974 fuisse
835 947 996 980 obnoxium,

207 996 254 1022 sed
271 998 411 1030 postquam
427 993 496 1020 coelo
510 992 652 1031 successit,
665 992 721 1025 jam
736 1001 788 1019 non
800 993 893 1020 dolore
907 994 977 1028 tangi
990 1001 997 1025 ;

207 1041 388 1076 gaudentibus
402 1039 511 1074 quidem
527 1039 699 1073 adgauderc,
715 1039 762 1066 sed
781 1047 842 1067 cum
862 1039 1000 1067 merenti-

208 1087 258 1114 bus
271 1094 326 1115 non
344 1092 474 1117 maerere;
491 1084 620 1119 |quamvis
644 1084 823 1111 ellicaciorem
845 1092 894 1120 pro
914 1085 999 1112 delin-

208 1131 353 1165 quentibus
371 1130 469 1158 habeat
481 1129 620 1164 allectum,
635 1138 715 1165 quam
735 1131 780 1165 qui
807 1138 855 1165 pro
870 1129 999 1159 ﬂentibus

207 1177 281 1208 ﬂeul.
301 1182 347 1204 ant
360 1177 478 1203 animam
496 1183 598 1211 ponunt
614 1185 621 1203 :
639 1177 765 1212 idemque
785 1177 819 1205 de
832 1177 922 1205 Beatis
937 1185 998 1205 esse

208 1221 391 1248 sentiendum.
405 1221 559 1254 Respondet
570 1221 762 1249 Genebrardus
776 1221 885 1249 Collect.
899 1230 958 1258 cap.
969 1222 997 1255 ϐ,

207 1267 253 1302 pio
271 1275 352 1294 sensu
366 1267 391 1294 id
411 1267 446 1294 ab
459 1266 577 1302 Origene
591 1268 692 1295 dictum
709 1267 810 1295 frustra
828 1275 842 1294 a
859 1268 997 1296 Bernardo

209 1313 385 1347 reprehendi,
400 1320 462 1339 cutn
476 1313 574 1340 Paulus
602 1313 658 1347 ipse
673 1312 752 1340 Rom.
775 1321 834 1345 vIII,
855 1313 901 1345 “.6,
922 1314 999 1341 dixe-

211 1359 246 1385 rit
262 1368 271 1384 t
288 1359 420 1393 Spiritum
444 1359 581 1393 postulare
611 1367 659 1394 pro
686 1359 765 1386 nobis
790 1360 936 1394 gemitibus
958 1361 999 1386 in-

210 1403 419 1430 enarrabilibus.
439 1413 449 1429 ›
469 1403 526 1438 (25)
549 1404 584 1430 At
602 1411 697 1438 parum
720 1403 784 1431 mihi
800 1403 929 1438 probatur
942 1405 1000 1432 haec

1047 214 1123 247 loris,
1139 222 1220 243 sensu
1237 215 1356 250 torqueri
1374 214 1459 241 voluit
1474 213 1604 248 Origenes
1615 233 1623 244 ,
1644 216 1672 239 et.
1700 216 1800 246 aperte
1814 218 1845 238 ac

1048 260 1148 287 iterato
1172 259 1326 287 affirmavit.
1344 260 1409 288 Tale
1430 264 1519 286 autem
1543 259 1682 293 quidpiam
1705 257 1847 292 persenti-

1048 313 1126 333 scere
1138 306 1270 340 Spiritum
1283 311 1405 334 sanetum
1419 307 1530 334 tnininte
1543 305 1655 332 Paulum
1672 303 1846 331 intellexisse

1049 358 1117 388 puto
1131 360 1138 384 ;
1161 359 1210 379 nec
1224 356 1300 378 certe
1316 357 1411 386 putant
1427 353 1600 386 interpretes.
1617 350 1663 377 Sic
1681 349 1776 376 locum
1800 356 1847 375 ex-

1047 398 1122 433 ponit
1135 398 1192 432 ipse
1205 397 1334 432 Origenes
1355 397 1399 424 lib.
1412 405 1448 424 vn
1465 397 1490 424 in
1504 396 1587 431 Epist.
1603 397 1637 422 ad
1658 395 1755 426 Rom.,
1768 403 1843 421 num.

1053 443 1091 470 6:
1111 453 1121 469 ί
1139 443 1255 471 Sancttts
1279 442 1396 478 Spiritus
1422 443 1465 469 tibi
1490 441 1739 477 oppugnationibus
1753 440 1846 467 carnis

1047 490 1196 525 perturbari
1204 493 1323 516 nostrum
1332 489 1455 524 spiritum
1462 489 1596 521 viderit,et
1603 488 1772 515 nescientem
1783 485 1846 520 quid

1048 542 1126 562 orare
1137 535 1234 562 debeat
1244 535 1390 562 secundum
1400 534 1470 570 quod
1486 539 1601 569 oportet,
1611 535 1667 568 ipse
1677 533 1754 560 velut
1762 533 1847 567 magi-

1047 585 1104 607 ster
1120 581 1269 608 orationem
1292 580 1452 615 praemittit,
1464 587 1544 614 quam
1567 585 1660 606 noster
1674 578 1807 612 spiritus,
1823 577 1846 605 si

1049 631 1138 653 tamen
1166 626 1315 662 discipulus
1342 634 1402 654 esse
1425 626 1513 653 sancti
1543 625 1662 659 Spiritus
1690 624 1845 656 desiderat,

1046 677 1229 708 prosequatur
1252 681 1260 700 :
1291 673 1350 708 ipse
1372 673 1489 708 gemitus
1516 672 1605 704 oll'ert,
1632 671 1736 706 quibus
1754 675 1847 698 noster

1047 719 1160 755 spiritus
1183 719 1269 747 discat
1301 719 1498 754 ingemiscere,
1525 723 1554 744 ut
1586 716 1751 752 repropitiet
1794 716 1845 742 sibi

1049 765 1143 792 Deum.
1165 775 1176 791 ι
1192 765 1342 792 Confirmat
1362 765 1433 791 hanc
1452 764 1651 798 expositionem
1675 762 1746 790 illud
1770 761 1845 789 Pauli

1047 811 1135 839 Galat.
1152 819 1189 842 Iv,
1206 811 1222 838 6
1236 819 1242 838 :
1263 820 1272 836 ι
1288 810 1420 844 Quoniam
1435 815 1524 837 autem
1537 810 1602 837 estis
1614 809 1673 841 lilii,
1686 808 1764 836 misit
1777 807 1846 834 Deus

1011 850 1033 877 Β
1049 857 1180 892 Spiritum
1191 857 1253 884 Filii
1266 857 1307 883 sui
1323 857 1350 883 in
1362 856 1443 883 corda
1457 861 1557 888 vestra,
1570 854 1845 886 clatnantem,Abba,

1050 910 1145 940 pater;
1161 914 1170 930 ι
1188 910 1214 931 et
1230 904 1303 931 aliud
1318 902 1406 930 simile
1415 902 1494 929 Rom.
1510 909 1569 935 vnt,
1584 901 1628 929 15.
1649 900 1744 928 Nihilo
1761 900 1848 936 magis

1051 951 1155 978 arridet
1181 949 1251 977 Sixli
1276 948 1408 976 Senensis
1438 948 1577 975 excusatio
1604 947 1681 981 (26),
1714 947 1847 980 Origenis

1052 997 1135 1023 verba
1153 996 1188 1022 ita
1202 994 1373 1030 accipientis.
1386 999 1499 1021 eatenus
1514 993 1654 1020 Christum
1669 992 1846 1026 lugerepee-

1051 1046 1111 1070 cata
1140 1045 1232 1068 nostra
1245 1060 1252 1073 ,
1276 1044 1412 1075 quatenus
1438 1048 1447 1064 t
1465 1039 1492 1066 in
1511 1038 1641 1065 membris
1656 1037 1716 1064 suis
1730 1043 1846 1072 peccata

1053 1091 1144 1114 nostra
1162 1085 1251 1120 luget,
1267 1084 1330 1111 dum
1349 1083 1445 1111 electis
1465 1083 1522 1110 suis
1545 1082 1638 1109 ﬂetum
1663 1086 1691 1109 et
1713 1089 1845 1117 compas-

1052 1133 1157 1160 siouem
1179 1131 1272 1158 aliena;
1291 1129 1442 1164 iniquitatis
1462 1128 1589 1155 infundit.
1608 1137 1618 1154 ι
1639 1128 1680 1155 Ad
1691 1127 1844 1160 Christum,

1052 1185 1105 1206 non
1121 1177 1153 1204 ad
1168 1176 1269 1205 Christi
1291 1175 1411 1207 membra
1435 1174 1572 1209 pertinere
1593 1174 1761 1201 sententiain
1783 1174 1846 1202 Ori-

1051 1224 1128 1260 genis
1144 1224 1202 1251 haec
1216 1222 1302 1258 ipsius
1316 1222 1400 1250 verba
1413 1221 1558 1248 ostendunt
1575 1220 1651 1248 hom.
1674 1221 1690 1247 'l
1705 1221 1733 1247 in
1750 1219 1845 1251 Leoil..

1053 1276 1129 1297 num.
1144 1267 1172 1301 2,
1189 1276 1249 1303 pag.
1264 1267 1316 1294 221
1335 1275 1342 1294 :
1365 1275 1374 1292 t
1407 1266 1535 1294 Salvator
1554 1273 1629 1293 meus
1655 1266 1731 1301 luget
1764 1266 1846 1293 etiam

1052 1321 1124 1341 nunc
1139 1319 1250 1349 peccata
1262 1320 1331 1340 mea.
1345 1312 1472 1341 Salvator
1489 1320 1565 1340 meus
1578 1312 1665 1339 laetari
1677 1320 1731 1339 non
1745 1317 1846 1347 potest,

1053 1361 1139 1388 donec
1153 1367 1203 1396 ego
1220 1360 1247 1387 in
1263 1359 1407 1394 iniquitate
1427 1366 1584 1394 permaneo.
1610 1358 1703 1391 Quare
1721 1366 1778 1385 non
1797 1366 1844 1393 po-

1054 1406 1129 1434 test?
1144 1406 1214 1440 Quia
1231 1406 1288 1441 ipse
1306 1411 1349 1434 est
1362 1406 1510 1433 advocatus
1531 1412 1581 1441 pro
1599 1404 1720 1440 peccatis
1743 1405 1845 1432 nostris

248 1500 308 1542 (Ξῇ
324 1500 356 1540 ᾼι
369 1509 461 1532 parum
479 1501 544 1527 mihi
561 1500 998 1542 probaturlimchrtpportfiohetc.
1013 1513 1034 1542 ρ
1052 1504 1154 1538 angelis
1174 1504 1286 1542 gignunt
1304 1511 1312 1530 :
1331 1504 1366 1531 ita
1383 1510 1489 1542 ~_vereor
1516 1510 1550 1530 ne
1578 1501 1647 1542 mala
1669 1502 1846 1542 conversatio

212 1536 271 1570 Ipse
289 1536 423 1570 Origenes
448 1541 565 1571 mentem
587 1543 664 1563 suam
685 1537 771 1571 aperit
795 1536 888 1564 ltounil.
915 1538 951 1565 25
972 1539 997 1564 in

213 1571 356 1602 Numeros,
372 1578 449 1597 unm.
463 1570 491 1602 ‘2,
505 1578 565 1605 pag.
579 1571 643 1602 557,
666 1570 710 1598 ubi
721 1572 756 1597 ait
772 1573 997 1605 quemadmodum

211 1606 275 1633 Itoni
295 1611 372 1633 actus
395 1607 492 1637 nostri,
507 1610 534 1632 et
555 1606 682 1633 virtutum
703 1606 840 1641 profectus
853 1627 860 1638 ,
877 1608 997 1635 lzetitiam

213 1640 444 1675 festivitatemque
467 1641 522 1668 Deo
545 1641 615 1667 l’atri
631 1661 638 1673 ,
669 1642 783 1668 Domino
815 1650 909 1669 nostro
935 1642 998 1671 Jesu

212 1676 324 1704 Christo
341 1680 369 1702 et
390 1676 502 1710 Spiritui
529 1680 636 1708 sancto,
650 1676 792 1711 etangelis
818 1678 940 1710 pariunt,
963 1679 998 1705 ita

214 1711 313 1738 tnalatn
336 1711 571 1738 conversationem
589 1719 711 1738 nostram
731 1720 783 1738 non
801 1712 888 1739 solttm
908 1714 998 1745 terris.

213 1748 260 1782 sed
282 1751 310 1773 et
324 1746 409 1776 ccelo.
425 1752 452 1773 et
471 1746 520 1779 ipsi
543 1747 598 1773 Deo
617 1747 823 1773 lamentationes
843 1748 1000 1782 luctumque

213 1781 358 1813 inducere;
381 1782 427 1808 sed
445 1782 501 1808 haec
519 1782 608 1808 omnia
622 1782 759 1816 inquibus
781 1781 822 1808 vel
838 1783 940 1816 lugere.
956 1781 1001 1810 vel

215 1817 345 1849 gaudere,
365 1816 406 1842 vel
428 1816 528 1847 odisse,
547 1817 587 1843 vel
604 1816 688 1843 laetari
713 1817 813 1844 dicitur
831 1817 902 1844 Dens
914 1837 921 1850 ,
942 1823 999 1844 tro-

214 1852 274 1887 pico
297 1856 325 1878 et
340 1852 466 1887 humano
482 1859 556 1878 more
572 1851 729 1887 accipienda
741 1860 803 1879 esse
824 1859 839 1879 a
854 1852 998 1887 Scriptura

214 1886 268 1913 dici
291 1894 298 1912 :
322 1885 436 1912 alienant
459 1886 558 1921 quippe
582 1885 643 1914 esse
672 1886 791 1914 divinam
816 1885 940 1914 naturain
966 1888 1000 1915 ab

214 1921 288 1947 omni
314 1921 447 1956 passionis
465 1927 492 1948 et
521 1922 730 1956 permutationis
755 1922 874 1953 alfeetu,
902 1924 927 1948 in
956 1923 1001 1949 illo

215 1964 323 1990 semper
343 1956 518 1982 beatitudinis
540 1958 616 1990 apice
632 1956 797 1983 immobilem
818 1962 846 1983 et
861 1958 1002 1984 inconcus-

215 1999 273 2026 sam
287 1992 489 2026 perdurantetn.
510 1999 519 2016 (
536 1991 622 2017 llahet
640 1998 716 2026 ergo,
736 1992 832 2025 inquit,
853 1993 922 2019 Deus
944 1993 1001 2020 dies

216 2025 300 2052 festos
317 2026 400 2052 suos?
422 2025 517 2052 Habui.
532 2026 581 2052 Est
598 2025 783 2060 enint'magna
800 2027 935 2054 festivitas
952 2028 1002 2054 litt-

216 2069 296 2087 mnna
313 2061 397 2088 salus.
419 2061 474 2095 Ego
492 2067 556 2095 puto
573 2061 643 2094 quod
665 2068 714 2095 per
731 2062 852 2095 singulos
880 2069 1002 2096 quosque

216 2096 400 2127 credentium,
434 2104 481 2130 per
510 2096 631 2130 singulos
655 2097 701 2130 qui
741 2102 938 2123 convertuntur
969 2099 1000 2123 ad

217 2131 320 2164 Deum,
346 2131 390 2164 qtti
414 2131 558 2165 proliciunt
588 2131 613 2157 in
642 2131 711 2162 fide.
738 2131 873 2158 festivitas
898 2132 1002 2158 oriatur

217 2165 334 2192 Donum.
358 2165 500 2199 Quomodo
525 2171 605 2200 putas
620 2165 738 2192 ltetiﬂeal
761 2174 842 2198 eum,
871 2174 933 2201 cum
955 2167 1000 2201 qui

217 2201 305 2227 fuerat
319 2201 483 2235 impudicus,
503 2202 532 2227 lit
549 2207 651 2231 castus,
667 2206 692 2227 et
712 2202 758 2234 qui
773 2202 861 2228 fuerat
873 2200 999 2235 injustas,

215 2235 349 2269 justitiam
369 2236 445 2268 colit,
458 2241 484 2261 et
504 2238 549 2269 qui
564 2236 651 2262 fuerat
666 2236 775 2270 impius,
792 2236 907 2263 ellicitur
920 2237 1001 2270 pius?

219 2273 278 2298 Ista:
295 2274 390 2297 omnes
417 2271 581 2304 singulorum
602 2278 771 2305 quorumque
794 2272 1000 2304 conversiones,

218 2305 380 2332 festivitates
399 2311 528 2339 generant
540 2305 603 2332 Deo.
627 2306 680 2332 Nec
698 2306 807 2333 dubium
819 2311 908 2332 autem
935 2306 1000 2339 quiti

219 2346 247 2367 et
261 2339 391 2376 Dominus
412 2340 596 2368 nosterJesns
617 2341 760 2376 Christus,
776 2341 822 2376 qui
846 2348 894 2375 pro
915 2339 1003 2368 salute

219 2381 311 2403 nostra
330 2375 413 2401 etiam
437 2376 596 2409 sanguinem
619 2384 696 2402 suum
718 2375 796 2408 fudit,
820 2382 881 2410 agat
901 2376 1002 2403 festivi-

220 2416 303 2437 tatem
326 2410 488 2442 maximatn,
511 2418 571 2437 cum
597 2418 686 2445 operte
710 2412 826 2445 pretium
851 2412 922 2437 videt
942 2419 1003 2438 esse

219 2446 292 2480 quod
313 2452 342 2471 se
370 2445 539 2478 litttniliavit,
567 2451 593 2472 et
614 2447 727 2472 formam
753 2447 822 2473 servi
852 2446 1003 2479 suscipiens

222 2484 310 2507 lactus
329 2485 371 2506 est
387 2480 517 2507 (medicus
536 2488 620 2515 usque
634 2480 666 2507 ad
698 2487 823 2507 mortem.
846 2480 910 2515 Agit
934 2482 1001 2507 festa

221 2521 323 2550 pariter
334 2521 360 2542 et
374 2515 491 2549 Spiritus
505 2521 632 2549 sanctus,
653 2516 697 2542 ubi
716 2516 792 2551 plura
812 2517 862 2543 sibi
886 2516 958 2543 videt
976 2517 1002 2542 itt

222 2552 255 2577 tis
273 2552 318 2584 qui
339 2556 534 2577 convertuntur
551 2553 584 2577 ad
601 2552 682 2578 Deum
694 2570 701 2582 ,
723 2552 823 2585 templa
841 2556 1001 2585 praeparata.

222 2585 288 2612 Nam
301 2590 330 2612 et
343 2588 376 2612 de
391 2588 495 2618 angelis
518 2588 581 2619 quid
598 2587 705 2617 dicam,
717 2586 751 2612 ad
769 2594 882 2620 qtturutn
901 2586 1003 2612 lestivi-

222 2625 305 2648 tatem
326 2621 474 2646 laetantium
488 2622 614 2647 dicuntur
626 2623 754 2647 accedere
767 2629 871 2652 ontnes,
884 2621 930 2655 qui
940 2628 1005 2648 con—

222 2662 368 2682 vertuntur
381 2657 415 2681 ad
438 2655 598 2682 Dominum?
613 2657 666 2682 Aut
691 2664 743 2682 non
770 2660 812 2682 est
834 2656 887 2683 illis
907 2664 1004 2689 magna

223 2690 368 2722 festivuas,
384 2698 445 2717 cum
461 2691 586 2717 laetantur
606 2691 632 2717 in
653 2691 722 2718 coelo
736 2699 817 2725 super
836 2698 889 2717 uno
910 2698 1005 2725 pecea—

226 2731 283 2752 tore
297 2725 482 2764 paenitentiam
495 2731 610 2764 agente,
629 2727 713 2764 magis
727 2733 807 2760 quant
829 2733 1005 2764 superpona-

225 2767 299 2793 gtuta
320 2767 415 2786 novent
436 2761 534 2793 iustis.
553 2761 598 2795 qui
620 2768 672 2787 non
701 2762 820 2793 indigent
844 2761 1004 2795 pmnitentia

226 2794 302 2829 (Luc.
318 2802 362 2826 xv,
381 2795 482 2830 7)?....
508 2794 569 2822 Sed,
586 2796 656 2822 sicut
678 2796 739 2823 botIi
757 2801 832 2830 actus
845 2794 940 2822 inestri
954 2814 961 2827 ,
978 2800 1005 2822 et

227 2834 355 2856 virtutum
369 2829 516 2863 profectus,
532 2831 651 2857 ltetitiatn
668 2830 897 2865 festivitatcmque
910 2830 964 2859 Deo
979 2834 1004 2857 et

1052 1537 1144 1566 nostra
1165 1537 1216 1566 non
1233 1538 1319 1566 solum
1334 1538 1422 1571 terris,
1439 1539 1486 1566 sed
1509 1543 1536 1565 et
1551 1537 1619 1565 coelo
1636 1537 1846 1564 lamentationes

1050 1575 1162 1602 inducat
1174 1579 1201 1600 et
1215 1574 1314 1606 luctus,
1327 1578 1354 1600 et
1367 1573 1491 1600 fortassis
1507 1573 1588 1600 etiam
1603 1572 1655 1607 ipsi
1671 1572 1726 1599 Deo
1741 1572 1843 1599 luctum

1051 1611 1185 1636 incutiant
1201 1609 1320 1636 ltumana
1335 1613 1457 1643 peccata.
1472 1609 1525 1634 Aut
1538 1615 1592 1634 uon
1611 1607 1731 1643 lugentis
1744 1613 1788 1634 est
1800 1607 1841 1634 illa

1050 1652 1100 1672 vox
1125 1652 1185 1671 cum
1208 1644 1309 1671 dicitur
1327 1642 1341 1670 ί
1360 1642 1472 1670 l‘wuitet
1496 1651 1554 1675 me,
1575 1643 1619 1677 qui
1635 1642 1686 1674 [eri
1712 1642 1844 1669 hominem

1050 1687 1128 1711 super
1149 1684 1246 1706 terram
1267 1678 1344 1713 (Gen.
1360 1686 1396 1710 Vt.
1419 1678 1465 1713 6)?
1494 1678 1549 1713 Sed
1570 1683 1598 1704 et
1622 1677 1665 1704 illa
1687 1677 1797 1713 Domini
1818 1682 1843 1705 et

1051 1714 1200 1741 Salvatoris
1215 1711 1300 1741 nostri
1312 1715 1338 1741 in
1351 1711 1498 1747 Evangelio
1507 1732 1515 1744 ,
1525 1712 1570 1739 ubi
1583 1713 1666 1739 dicit:
1679 1711 1842 1743 Jerusalem,

1049 1749 1209 1780 Jerusalem,
1226 1757 1284 1783 qua
1297 1749 1400 1783 lapides
1413 1750 1553 1782 prophetas
1565 1747 1704 1783 etiocridis
1721 1755 1767 1773 eos
1781 1748 1841 1773 mit-

1051 1793 1095 1811 σοι
1114 1784 1147 1811 ad
1166 1789 1199 1816 te,
1211 1782 1311 1819 quoties
1324 1784 1394 1810 colui
1411 1791 1567 1817 congregare
1583 1782 1653 1816 ﬁlio:
1669 1788 1739 1813 tuos,
1752 1789 1841 1819 quern-

1050 1820 1191 1846 admadutn
1217 1817 1322 1853 'gallina
1357 1822 1494 1852 congregat
1520 1818 1615 1853 pullos
1631 1825 1693 1843 suos
1721 1818 1771 1853 sub
1792 1817 1840 1853 olis

1051 1854 1116 1885 suis,
1129 1860 1153 1881 et
1171 1851 1301 1881 noluisti?
1315 1853 1423 1888 (Matth.
1439 1851 1518 1884 νέκυι,
1531 1852 1587 1885 57.)
1602 1851 1655 1878 Sed
1671 1856 1702 1878 et
1723 1851 1770 1888 illa
1792 1852 1841 1888 rhu-

1051 1896 1161 1915 manum
1175 1896 1260 1924 genus
1275 1887 1448 1924 lamentantis
1459 1888 1518 1924 Diti
1530 1895 1580 1914 vox
1596 1892 1647 1924 cst,
1665 1894 1718 1924 qua
1743 1887 1842 1924 dicitur

1052 1931 1099 1957 per
1119 1921 1277 1958 prophetam
1292 1932 1299 1949 :
1319 1923 1378 1950 Heu
1392 1931 1431 1949 me
1442 1921 1538 1957 (Miclt.
1554 1930 1602 1958 vn,
1619 1922 1646 1954 i,
1662 1921 1702 1957 2),
1718 1922 1840 1956 quoniam

1052 1956 1137 1993 facta:
1149 1956 1207 1985 sum
1226 1959 1293 1985 sicut
1311 1959 1356 1993 qui
1368 1956 1508 1992 congregat
1520 1956 1648 1991 stipulam
1659 1958 1685 1983 in
1698 1965 1789 1993 iurene
1799 1975 1806 1988 ,
1817 1962 1839 1983 et

1051 1994 1117 2020 sicut
1131 2002 1251 2020 racemus
1264 1995 1290 2020 in
1304 1994 1445 2024 vindemia,
1464 1993 1526 2026 quia
1544 2000 1596 2018 non
1606 1996 1643 2018 εει
1663 1992 1749 2023 spira,
1762 1999 1840 2026 neque

1052 2029 1140 2055 botrus
1152 2029 1186 2054 ad
1201 2028 1301 2054 edenda
1311 2025 1503 2062 primogenita!
1523 2025 1573 2053 Hei
1586 2026 1648 2052 mihi
1661 2028 1752 2053 animo
1769 2026 1840 2053 mea!

1051 2065 1177 2097 quoniam
1195 2063 1271 2096 periit
1291 2061 1418 2089 revertens
1435 2070 1450 2088 a
1468 2067 1550 2093 terra,
1571 2068 1594 2088 et
1609 2062 1654 2096 qui
1675 2063 1795 2095 corrigat
1815 2061 1840 2087 iu

1053 2098 1203 2124 hominibus
1220 2105 1271 2124 non
1295 2103 1343 2124 est.
1363 2097 1470 2124 Domini
1494 2102 1558 2124 sunt
1579 2097 1637 2123 ista:
1658 2103 1740 2123 voces
1759 2103 1841 2130 genus

1053 2134 1202 2159 humanum
1232 2133 1403 2167 lugentis
1422 2131 1533 2158 Certum
1558 2130 1697 2167 est'quod
1721 2132 1770 2158 ubi
1796 2139 1841 2165 pro

1055 2168 1132 2195 bonis
1144 2167 1240 2202 gaudia
1253 2166 1380 2201 aguntur,
1392 2167 1428 2194 ibi
1444 2175 1492 2201 pro
1503 2167 1647 2193 contrariis
1658 2166 1839 2193 lamentetur:

1054 2204 1075 2229 si
1090 2201 1154 2237 ergo
1167 2203 1284 2237 gaudent
1298 2210 1347 2237 pro
1359 2209 1500 2233 converso,
1518 2209 1629 2237 necesse
1641 2206 1683 2228 est
1694 2207 1724 2227 ut
1735 2201 1841 2237 lugeant

1053 2245 1101 2272 pro
1116 2236 1258 2272 peccante.
1270 2257 1277 2264 .
1335 2237 1397 2264 llaec
1412 2242 1499 2263 autem
1519 2236 1617 2272 omnia
1630 2237 1657 2263 in
1680 2237 1783 2270 quibus
1801 2236 1841 2262 vel

1053 2271 1163 2307 lugere,
1179 2273 1221 2299 vel
1237 2272 1374 2307 gaudere,
1389 2271 1431 2298 vel
1450 2273 1559 2304 odisse,
1579 2271 1619 2298 vel
1635 2272 1723 2307 uetari
1744 2272 1840 2298 dicitur

1053 2306 1134 2338 Deus.
1153 2306 1258 2342 tropico
1285 2312 1312 2334 et
1336 2307 1454 2333 hutnano
1472 2314 1547 2333 more
1570 2306 1727 2342 accipienda
1749 2312 1812 2333 sunt
1827 2314 1840 2331 :t

1052 2341 1276 2377 Seripturaidici.
1298 2341 1392 2369 Aliena
1421 2349 1501 2376 porro
1523 2345 1564 2368 est
1575 2341 1663 2377 divina
1685 2345 1786 2377 natura
1800 2341 1840 2377 ab

1053 2375 1127 2404 omni
1157 2377 1290 2411 passionis
1317 2381 1344 2404 et
1373 2376 1588 2411 permutationis
1605 2375 1726 2407 aﬂ'ectu,
1747 2376 1773 2402 in
1800 2375 1841 2402 illo

1053 2410 1163 2447 semper
1175 2411 1350 2439 beatitudinis
1373 2410 1450 2447 apice
1472 2410 1617 2447 immobilis
1635 2416 1662 2447 et
1681 2411 1840 2437 inconcussa

1053 2445 1212 2482 perdurans.
1228 2456 1237 2472 ι
1254 2447 1282 2473 ld
1296 2447 1346 2474 sibi
1363 2448 1419 2473 vult
1434 2445 1568 2481 Origenes
1586 2445 1729 2482 Christum
1746 2446 1841 2472 etiam-

1055 2481 1119 2508 itum
1141 2482 1234 2516 lugere
1250 2487 1361 2516 peccata
1388 2488 1495 2513 nostra,
1519 2481 1749 2516 quemadmodum
1773 2481 1841 2514 luget

1053 2516 1145 2550 Pater,
1161 2515 1232 2551 luget
1248 2515 1275 2544 et
1288 2517 1406 2551 Spiritus
1424 2515 1535 2543 sanctus
1555 2522 1562 2542 :
1583 2523 1664 2550 porro
1683 2515 1778 2549 lugere
1792 2518 1840 2541 l'a-

1056 2558 1123 2579 trem
1138 2558 1166 2578 et
1181 2550 1315 2586 Spiritum
1326 2556 1450 2579 sanctum
1462 2556 1565 2584 tropico
1577 2550 1751 2577 solummodo
1767 2557 1838 2586 more

1055 2587 1100 2614 hic
1121 2589 1263 2621 prolitetur
1287 2595 1294 2613 :
1319 2594 1371 2613 non
1397 2594 1462 2621 ergo
1482 2586 1619 2613 Christum
1647 2592 1696 2619 pro
1723 2585 1840 2619 peccatis

1054 2629 1118 2648 vero
1134 2622 1236 2649 doloris
1247 2629 1328 2649 sensu
1342 2622 1492 2648 etiamnum
1508 2621 1624 2654 torqueri
1638 2640 1646 2652 ,
1666 2621 1714 2646 sed
1738 2622 1839 2654 tropico

1055 2664 1131 2684 more
1161 2657 1251 2691 lugere
1278 2657 1360 2683 voluit
1389 2657 1484 2683 eodem
1501 2658 1583 2682 modo
1618 2663 1672 2690 quo
1687 2656 1726 2682 ait
1744 2655 1838 2681 Paulus

1058 2701 1067 2717 t
1085 2690 1215 2726 Spiritum
1230 2692 1368 2726 postulare
1391 2698 1438 2726 pro
1467 2692 1543 2718 nobis
1565 2691 1711 2725 gemitibus
1734 2690 1838 2717 inenar-

1056 2728 1202 2759 rabtltbus;
1227 2737 1236 2753 ι
1257 2734 1289 2754 ac
1309 2727 1421 2761 proinde
1444 2727 1543 2753 frustra
1563 2734 1578 2752 a
1601 2726 1742 2753 Bernardo
1764 2731 1832 2753 accu-

1056 2768 1142 2789 satum
1161 2770 1221 2788 etim
1235 2761 1318 2789 fuisse
1336 2761 1472 2788 fatendum
1488 2768 1539 2788 est.

1092 2797 1148 2832 (26}
1165 2796 1234 2824 Sixt.
1252 2798 1316 2824 Sen.
1331 2797 1378 2825 lib.
1396 2803 1410 2822 v
1424 2795 1603 2823 Bibliothcctc.
