1904 3077
30 123 82 150 857

449 121 736 151 OiilCI-INIANORU.“
756 122 819 151 LIB.
838 123 871 156 Il,
891 123 968 152 CAP.
991 124 1022 157 ll,
1044 125 1182 159 QUEST.
1200 125 1246 153 II.

1617 132 1668 160 858

29 183 100 218 apud
115 182 329 216 Patrem,sicut
342 182 460 211 Joannes
486 189 635 220 syntmysta
659 184 744 219 ipsius
766 192 829 219 pro-
844 187 868 216 Δ
882 185 1026 212 manifesta
1051 185 1211 213 alterutrius
1235 187 1373 214 luereseos
1396 187 1509 224 vestigia
1534 197 1668 224 nusquam

31 230 140 257 nuntiat
157 230 258 257 dicens
280 238 287 256 :
311 229 379 263 Quia
398 230 445 257 etsi
464 230 522 265 quis
543 231 701 263 peccaverit,
718 231 827 257 adt-art:-

29 280 84 303 tum
99 275 235 303 habemus
249 277 319 311 apud
337 275 444 303 Patrem
461 275 553 303 Iesum
565 275 700 303 Christum
710 277 825 312 justum,

28 327 52 348 et
82 323 140 355 ipse
169 327 212 349 ρει
240 322 418 356 repropitt’ntio
443 330 489 356 pro
504 323 617 356 peccatis
639 325 735 350 nostris
754 323 788 350 “.
815 333 824 350 ι

31 368 95 401 Qua:
109 376 165 395 non
178 368 263 395 aliter
275 376 340 395 sane
353 376 433 403 quam
449 369 481 395 de
498 368 608 395 Cltristo
620 375 732 403 possunt
746 370 827 396 intel-

30 415 88 447 ligi.
103 413 210 442 Merito
226 422 291 450 ergo
305 415 350 442 hic
363 421 521 443 accusatum
540 424 555 444 a
575 416 713 444 Bernardo
733 417 828 451 Orige-

32 468 91 487 nem
108 460 231 487 candide
247 459 392 489 fateamur.

66 505 154 533 XXX.
169 507 323 534 Videndum
340 515 410 535 nunc
424 512 465 536 est
476 516 509 535 an
526 508 626 536 Chriin
642 516 753 544 rt-gnum
766 512 828 543 post

31 552 271 580 resurrectionem
286 553 435 580 desiturum
449 554 576 581 senserit.
599 554 626 581 Id
642 555 749 589 quidem
772 555 828 583 cri-

33 598 96 626 mini
129 598 179 625 dat
218 598 271 633 ipsi
309 597 474 635 Theophilus
515 599 715 627 Alexandrinus
750 601 826 634 epist.

33 644 131 672 Pasch.
157 644 189 676 '2,
220 645 268 672 dat
295 649 322 672 el
349 645 516 680 Epiphanius
547 645 573 671 in
601 645 827 680 Attacephalwoai.

32 690 202 725 Augustinus
226 692 254 717 itt
282 690 351 718 libro
371 697 463 718 contra
486 690 707 718 Priscilh’auistas
725 697 748 718 et
766 691 828 719 Ori-

34 739 147 773 gem‘stas
161 737 301 773 idipsum.
318 743 347 764 ut
368 738 402 765 ab
417 737 581 773 Origeuistis
605 743 753 770 assertum,
778 738 828 764 int-

33 789 133 821 pugnat
149 793 213 820 cap.
235 785 261 812 'l.
281 785 359 819 Quod
373 793 435 813 cum
457 786 483 812 itt
497 785 705 813 Commonitorio
727 785 827 818 Orosii,

35 832 76 859 cui
96 833 147 859 ltoe
168 831 264 859 libello
292 831 437 867 respondet
462 832 644 866 Augustinus,
663 831 734 859 inter
751 832 828 859 'alias

882 233 980 266 reperi.
999 231 1092 267 Itaque
1106 233 1146 260 vel
1162 241 1194 259 ex
1213 233 1297 268 ipsius
1312 233 1393 261 dictis
1410 234 1463 262 tale
1483 235 1586 270 aliquid
1601 245 1670 264 cott-

881 278 956 312 sequi
972 278 1149 305 crediderunt
1163 278 1221 312 ejus
1237 279 1398 310 adversarii,
1419 280 1462 307 vel
1481 280 1506 307 in
1526 282 1558 308 iis
1577 288 1671 309 exsta-

881 324 928 351 bat
940 324 1067 358 operibus
1080 332 1140 359 qua:
1164 329 1298 352 vetustate
1315 325 1416 352 abolita
1434 330 1506 353 sunt.
1533 326 1670 359 Qut-mad-

881 370 989 396 modum
1009 374 1102 397 autem
1121 369 1211 398 nullus
1226 370 1344 404 suppetit
1359 371 1484 406 Origenis
1495 371 1583 404 locus,
1597 373 1669 400 unde

881 416 1049 443 accusationi
1081 416 1144 443 huic
1166 416 1232 444 ﬁdes
1257 417 1314 444 ﬁeri
1343 418 1445 451 poSsiI;
1463 418 1498 444 ita
1527 420 1571 446 vix
1598 420 1669 447 ullus

880 465 986 492 exstat,
1001 462 1073 489 umle
1090 461 1169 489 facile
1187 462 1252 489 dilui
1274 462 1319 489 illa
1339 464 1434 498 possit.
1452 463 1586 491 Nonnulla
1609 466 1670 500 qni-

881 507 940 533 dem
957 507 1045 542 coegit
1067 507 1226 540 llalloxius,
1247 508 1292 535 sed
1321 508 1427 536 inlirma
1450 514 1476 536 et
1490 510 1575 543 levia,
1593 514 1620 538 et
1634 512 1668 538 ad

881 560 937 579 rem
950 560 1045 586 parum
1061 553 1195 588 apposita,
1211 553 1298 588 qualis
1315 558 1356 581 est
1369 555 1499 582 solemnis
1514 555 1557 582 illa
1580 556 1668 583 hotni-

881 597 977 625 liarutn
990 598 1114 634 Origeuis
1127 598 1249 626 clausula
1268 606 1276 625 :
1296 608 1305 625 t
1327 599 1442 627 Dotuittu
1460 600 1523 627 Jesn
1547 600 1668 635 Christo,

880 643 923 671 cui
937 649 978 671 est
991 644 1075 680 gloria
1087 650 1114 672 et
1129 645 1273 679 imperiunt
1297 646 1322 672 in
1346 646 1444 673 saecula
1463 647 1635 674 Steculorum.
1656 657 1666 674 ι

881 689 1035 725 Seripserat
1050 691 1121 718 enim
1136 691 1231 718 Graece
1251 690 1381 725 Origenes
1400 701 1406 718 :
1424 693 1472 724 Εἰς
1488 693 1550 724 τοὺς
1567 693 1670 725 αἰῶνας

880 734 934 761 τῶν
947 734 1067 762 αἰώνων·
1082 739 1110 762 at
1122 736 1233 763 vocibus
1253 736 1307 763 illis
1322 745 1374 764 non
1389 745 1469 764 uuam
1489 746 1549 765 esse
1565 738 1653 774 signiti
1664 754 1670 759 -

880 780 1015 807 cntionem
1026 801 1032 810 .
1049 787 1097 807 nec
1113 788 1221 815 semper
1239 782 1421 808 aternitatem
1446 782 1500 809 ﬁne
1529 788 1667 810 carentem

882 828 970 855 notari
986 828 1054 856 infra
1072 829 1259 863 probabimus.

36 878 164 905 adversus
173 877 347 912 Origenistas
356 878 563 906 eritnittationes
574 878 654 905 hodie
668 886 720 905 non
729 883 828 910 exstet,
845 876 867 903 B
917 875 956 902 Ac
974 874 1138 909 Theophilus
1156 875 1266 910 quidem
1285 876 1393 904 nescire
1415 883 1445 903 se
1459 876 1525 904 dicit
1541 877 1614 904 unde
1627 876 1670 904 itt-

37 922 122 958 aliqna
137 923 179 950 sui
195 928 278 957 parte
300 923 441 950 multatum
461 931 521 952 esse
544 923 719 958 eonjecerim.
741 924 826 952 Justi-

38 968 131 996 nianus
146 976 259 1003 quoque
277 968 302 996 in
335 969 449 1004 epistola
475 971 508 997 ad
536 970 660 1005 quintam
683 971 827 1005 synodum,

37 1021 113 1048 quam
130 1014 217 1042 refert
231 1014 371 1042 Cedrenus
383 1035 390 1047 ,
413 1015 566 1043 Inturarunt
592 1023 682 1043 rerum
707 1016 827 1043 omnium

39 1061 259 1088 ἀποκατάστασιν
273 1060 434 1096 Origenistis
454 1061 603 1097 objiciens,
629 1061 756 1089 arbitrari
781 1069 828 1089 eos

39 1107 85 1137 ait,
99 1107 155 1134 fore
173 1112 204 1134 ut
219 1106 294 1141 impii
314 1107 428 1141 quilibet
449 1115 511 1135 eutn
540 1107 595 1134 Deo
616 1107 827 1142 coniungantur,

41 1153 128 1180 eodem
143 1153 224 1180 modo
241 1161 296 1187 quo
320 1153 370 1187 ipsi
391 1152 563 1188 coniungitur
584 1152 723 1185 Christus,
743 1153 778 1181 ita
799 1158 829 1180 ιιι

43 1198 111 1231 prius
124 1197 264 1232 et-njuucti
280 1203 371 1229 erant,
393 1198 437 1230 Ὠς
455 1198 590 1234 μηδεμίαν
611 1197 680 1225 εἶναι
697 1198 827 1235 διαφορὰν

42 1242 77 1277 τῷ
100 1242 210 1278 Χριστῷ
233 1243 302 1279 πρὸς
318 1242 351 1270 τὰ
370 1242 451 1270 λοιπὰ
469 1243 566 1278 λογικὰ
588 1244 742 1276 παντελῶς,
765 1243 827 1271 οὔτε

43 1289 72 1323 τῇ
88 1288 175 1324 οςῦσίᾳ,
188 1288 252 1315 οὔτε
263 1290 296 1325 τῇ
311 1287 428 1323 γνώσει,
442 1288 503 1316 οὔτε
520 1290 552 1325 τῇ
570 1289 700 1325 δυνάμει,
718 1289 780 1316 οὕτε
793 1291 827 1326 τῇ

43 1333 171 1370 ἐνεργείᾳ.
188 1343 197 1360 ι
216 1335 293 1362 Adeo
308 1340 336 1362 ut
348 1335 420 1362 nulla
437 1342 466 1362 re
481 1335 587 1362 dillerat
600 1336 725 1364 CltriStus
746 1344 760 1363 a
782 1344 826 1364 re-

44 1378 117 1412 liquis
132 1380 238 1407 ratione
263 1380 399 1414 przeditis,
427 1387 515 1415 tteqtte
542 1381 715 1414 substantia,
741 1388 828 1417 neque

45 1425 212 1459 cognitione,
240 1433 329 1461 neque
359 1427 480 1460 virtute,
506 1434 593 1461 neque
625 1427 794 1462 operatione.
815 1437 824 1454 ι

44 1468 145 1497 lactant
158 1471 209 1498 hoc
224 1471 296 1498 ident
313 1472 444 1500 adversus
457 1471 603 1506 Origenem
618 1477 645 1500 et
658 1472 828 1508 Origenistas

46 1514 210 1550 Sopltronius
228 1517 493 1554 Hierosolymitanus
507 1519 651 1554 episcopus
664 1519 691 1546 in
714 1519 826 1554 cpistola

47 1562 76 1589 ad
91 1562 212 1599 Sergium
235 1565 419 1600 patriarcltatn
436 1565 766 1599 Constantinopolitanum
777 1584 785 1597 .
800 1569 828 1592 et
841 1555 863 1584 (ἶ

47 1615 190 1644 anonyutus
215 1610 262 1638 ille
290 1610 378 1638 Pltolii
403 1612 464 1639 cod.
484 1618 567 1642 cxvtt.
589 1617 617 1639 et
634 1611 752 1639 Joannes
776 1610 828 1638 Da-

47 1661 180 1682 taascenus
193 1656 220 1683 iit
236 1656 285 1684 lib.
303 1656 339 1684 De
355 1657 449 1685 luem.
462 1678 470 1690 ,
486 1663 513 1685 et
534 1657 655 1685 Zonaras
675 1657 722 1685 lih.
738 1664 757 1684 ll
777 1657 828 1685 Hi-

48 1703 118 1733 rtam,
130 1706 157 1729 et
174 1701 265 1730 Guido
276 1702 436 1736 Carmelita,
450 1703 475 1730 in
492 1702 827 1738 IIwruiOrt'genistnrum.

79 1745 146 1774 Idem
175 1748 226 1775 fuit
253 1755 316 1783 post
346 1749 491 1783 Origeuem
530 1748 649 1776 Marcelli
679 1749 827 1784 Ancyratti,

49 1791 151 1828 eiusque
163 1794 290 1830 discipuli
315 1794 422 1822 Photini
445 1802 537 1827 ert-or;
561 1795 604 1829 qui
626 1799 655 1821 ut
676 1795 829 1822 humanita~

50 1841 97 1864 tem
114 1838 234 1866 relictum
250 1848 264 1866 a
277 1840 385 1867 Christo
399 1848 430 1867 ac
443 1840 594 1875 depositttm
609 1840 655 1872 iri,
668 1848 700 1867 ac
715 1848 828 1875 regnum

50 1883 155 1915 proinde
170 1884 244 1920 quod
261 1885 295 1911 ad
313 1885 449 1913 Christtnn
473 1893 526 1920 qtta
545 1885 625 1912 honto
644 1889 685 1913 est
701 1885 827 1920 pertinet,

51 1927 229 1958 dimittendum
251 1931 286 1958 ab
311 1939 344 1958 eo
367 1931 539 1964 sentiebant;
562 1932 598 1958 ita
619 1930 749 1966 Origeni,
771 1935 831 1966 post

51 1974 197 2003 attributam
221 1977 380 2004 deserendae
401 1977 465 2004 olitn
483 1985 499 2004 a
519 1977 628 2005 Christo
649 1977 742 2005 carnis
769 1985 831 2004 sett-

52 2019 164 2053 tentiam,
179 2026 208 2049 ut
224 2030 308 2057 supra
323 2023 452 2056 diximus,
468 2031 540 2050 tntne
557 2023 642 2050 altera
660 2031 768 2058 quoque
791 2022 828 2049 illi

52 2069 219 2101 consectaria,
233 2069 377 2103 abiiciendi
403 2069 549 2104 aliquando
571 2069 606 2096 ab
626 2071 719 2096 eodem
743 2069 828 2104 regni,

53 2111 198 2141 ascribitur.
233 2114 395 2149 Quanquam
418 2113 540 2141 nonnihil
564 2115 707 2149 tttriusque
727 2114 830 2142 disere-

53 2160 94 2189 pat
119 2164 214 2193 causa;
244 2168 306 2187 natn
331 2161 404 2195 regia
430 2165 566 2196 potestate
592 2161 753 2188 humanitati
774 2168 830 2188 sua:

55 2203 184 2238 conjuncta
203 2211 314 2234 exutum
338 2207 370 2234 iri
398 2207 537 2234 Christum
559 2207 693 2234 sentiebat
712 2206 827 2234 Marcel-

55 2245 256 2286 lus;0rigenem
272 2260 338 2280 vero
361 2260 492 2288 regnum,
519 2260 573 2287 quo
600 2257 731 2286 tanquam
758 2252 829 2279 Deus

55 2295 167 2329 potitur,
192 2299 381 2325 abdicaturum
405 2305 466 2326 eum
497 2298 637 2326 censuisse
665 2297 830 2332 Theophilus

55 2341 167 2374 credidit,
181 2345 408 2378 quemadmodum
420 2352 453 2372 ex
464 2343 522 2378 ejus
533 2343 720 2371 conlutatione
735 2344 828 2378 liquet,

56 2382 78 2410 in
92 2393 139 2419 qua
153 2387 240 2416 Patris
251 2393 278 2416 et
291 2389 352 2416 Filii
370 2390 501 2417 unitatem
515 2389 622 2424 probat.
633 2388 690 2422 Qua
704 2396 829 2424 qutcnam

57 2432 164 2459 atrocior
181 2436 319 2462 accusatio
336 2435 439 2463 intendi
454 2435 559 2471 potest?
571 2435 600 2462 Si
616 2441 726 2470 putasse
741 2435 827 2462 dixis-

58 2480 93 2502 set
104 2477 241 2514 Origencm
257 2482 333 2517 regio
347 2482 498 2513 dominatu,
514 2489 568 2517 quo
583 2481 684 2508 Christi
703 2481 830 2508 humani-

60 2525 93 2548 lls
110 2528 213 2557 praedita
227 2534 285 2561 est,
300 2528 436 2562 privatum
462 2528 495 2555 iri
512 2532 573 2563 post
599 2528 828 2555 resurrectionem

59 2565 200 2605 Christum;
223 2574 360 2608 aliquibus
382 2573 499 2602 fertasse
529 2574 696 2610 argumentis
718 2581 831 2601 accusa-

61 2613 150 2642 tionem
185 2620 265 2647 suam'
290 2626 427 2656 utcunque
452 2622 655 2654 conﬁrmasset;
681 2628 729 2652 eo,
754 2624 829 2655 puta,

62 2661 122 2690 'luod
143 2669 173 2689 ex
196 2666 279 2693 atticta
306 2666 416 2701 Origcni
432 2667 568 2694 sententia
593 2667 707 2702 depositi
731 2666 758 2693 in
773 2665 831 2694 sole

63 2706 152 2738 Christi
169 2714 289 2747 corporis
302 2719 329 2741 et
343 2715 520 2741 humanitatis
537 2714 588 2749 peti
604 2718 719 2748 poterat.

93 2752 183 2783 \‘erunt
198 2758 456 2794 ittOrigeuiattaruut
474 2759 690 2787 lucubrationum
707 2758 829 2795 reliquiis

93 2842 115 2859 "
127 2844 136 2872 ι
150 2845 223 2876 Joan.
240 2857 271 2885 tt,
290 2849 316 2883 I,
329 2849 355 2879 ⁸2.

845 2230 867 2257 D

879 920 985 947 saniatu
1010 921 1140 956 ejusmodi
1161 921 1292 956 Origenes
1315 921 1449 949 hauserit.
1463 922 1520 958 Ego
1545 930 1610 950 Vcro
1637 923 1670 950 li-

878 966 961 1001 quido
981 966 1075 1001 jnrare
1097 974 1207 1002 possutn
1233 968 1291 994 hate
1309 967 1431 1002 Apostoli
1454 975 1515 1003 qum
1541 969 1669 1004 leguntur

878 1011 963 1039 ICor.
979 1020 1024 1044 xv,
1035 1012 1071 1039 24
1093 1017 1121 1040 et
1147 1020 1217 1048 seq.,
1245 1021 1386 1049 perperam
1409 1019 1537 1049 aetrepta,
1556 1023 1667 1042 causam

878 1058 988 1092 Origeni
1007 1059 1108 1086 erroris
1123 1059 1202 1094 hujus
1221 1060 1339 1094 dedisse,
1357 1061 1379 1087 si
1398 1051 1477 1088 modo
1491 1061 1514 1088 ei
1533 1061 1667 1094 adhaesit;

878 1113 941 1132 nam
957 1110 984 1132 et
1002 1105 1165 1134 ineamdent
1189 1106 1251 1133 inde
1275 1107 1439 1134 sententiam
1465 1107 1574 1142 impulsi
1603 1113 1670 1135 sunt

877 1151 1037 1184 Marcellus.
1064 1157 1089 1180 et
1108 1152 1247 1188 popularis
1265 1152 1324 1187 ejus
1337 1153 1487 1186 Photinus;
1503 1159 1531 1181 et
1552 1154 1667 1182 alterius

878 1206 986 1233 qttoqne
1001 1198 1170 1234 conﬁugendi
1190 1199 1325 1235 dogmatis
1348 1199 1382 1227 ab
1398 1200 1525 1227 Ecclesiae
1548 1200 1668 1228 decretis

878 1243 972 1270 absoni
1001 1250 1111 1270 causam
1148 1243 1210 1270 inde
1242 1243 1373 1279 Origenes
1389 1244 1514 1279 arripuit,
1529 1247 1559 1270 ut
1580 1243 1606 1270 in
1625 1250 1668 1271 se-

878 1289 1024 1324 quentibus
1038 1290 1254 1318 observabimus.
1267 1290 1366 1317 Vcrnm
1381 1290 1481 1317 frustra
1499 1289 1525 1316 id
1545 1289 1628 1323 (interi
1651 1297 1666 1316 a

878 1335 975 1367 nobis,
1002 1340 1029 1362 et
1055 1334 1123 1362 labis
1145 1334 1224 1369 hujus
1248 1341 1388 1370 expertem
1410 1335 1495 1362 t'nisse
1521 1333 1666 1368 Origenem

878 1380 1013 1414 conjicere
1035 1388 1176 1415 possuntus
1192 1388 1225 1408 ex
1249 1381 1343 1416 Cyrilli
1361 1380 1598 1415 llierosolymitaui
1620 1387 1668 1406 ea-

879 1426 980 1454 techesi
1001 1434 1051 1458 xv,
1065 1426 1111 1461 qni
1127 1426 1251 1454 htrresim
1272 1427 1344 1454 illam
1366 1427 1392 1454 in
1411 1426 1539 1454 Marcello
1556 1429 1584 1452 et
1598 1423 1670 1453 Pho-

880 1473 936 1500 titto
956 1472 1090 1500 ulciscens
1105 1480 1199 1500 recens
1217 1473 1293 1500 illam
1311 1478 1435 1501 exortam
1451 1473 1526 1504 dicit.
1541 1472 1668 1509 πρησφὰ-

878 1527 931 1550 τως
950 1519 1126 1553 ἁναφυεῖσαν,
1142 1519 1213 1554 quod
1237 1519 1330 1554 utique
1348 1526 1400 1546 non
1423 1518 1554 1551 dixisset,
1578 1520 1599 1546 si
1612 1518 1668 1553 jam

881 1565 943 1591 inde
973 1564 1070 1592 fuisset
1098 1565 1132 1592 ab
1157 1564 1284 1599 Origenis
1315 1564 1484 1599 temporibus
1507 1569 1668 1600 propagata.

880 1610 1022 1645 Reliquam
1037 1611 1169 1638 adversus
1193 1610 1219 1638 id
1242 1616 1425 1638 commentum
1445 1610 1587 1645 Theophili
1612 1611 1668 1638 dis-

879 1655 1053 1683 aertationem
1066 1656 1256 1691 przetermitto,
1269 1664 1328 1690 qua:
1341 1656 1492 1683 maledictis
1504 1661 1607 1683 tantum
1619 1664 1669 1690 ιιιιο

881 1706 958 1734 gnat,
966 1708 1015 1728 nec
1023 1701 1168 1735 quidquatn
1176 1701 1355 1735 profertseria
1365 1702 1539 1736 responsione
1547 1701 1668 1736 dignum.

1157 1745 1322 1779 QUIESTIO
1342 1746 1385 1773 IV.

1089 1801 1122 1820 DE
1137 1800 1222 1819 ΒΕᾹΤΛ
1237 1800 1322 1819 “Mill
1337 1800 1456 1820 VIRGINE.

880 1837 901 1866 I.
915 1839 1010 1867 Utrum
1024 1838 1157 1866 Christum
1169 1845 1192 1864 et
1205 1839 1307 1864 (tentant
1327 1838 1441 1865 Mariam
1459 1837 1590 1872 Virginem
1604 1846 1669 1872 pur-

915 1875 1021 1910 gatione
1031 1879 1087 1910 post
1107 1880 1212 1910 portum
1224 1881 1287 1910 opus
1303 1872 1567 1910 Itubuiue‘Orichttes
1581 1874 1670 1899 existi-

915 1907 1035 1936 imtverit.
1059 1907 1090 1935 II.
1116 1907 1211 1935 Utrum
1233 1909 1379 1935 claustrum
1410 1908 1569 1942 virginitatis
1587 1909 1670 1936 beate

918 1944 1013 1971 Maria:
1032 1945 1059 1970 in
1071 1950 1149 1977 partu
1161 1949 1304 1970 reseratum
1315 1944 1435 1977 opinatur
1451 1941 1498 1969 tu.
1513 1942 1555 1969 Ill.
1574 1941 1669 1970 Utrum

916 1980 1018 2006 beatam
1030 1978 1146 2005 Marium
1158 1978 1271 2010 peccatis
1292 1977 1433 2005 obnoxiam
1444 1978 1587 2012 putat-erit.

915 2024 936 2053 I.
948 2023 1104 2057 Geminam,
1118 2030 1204 2058 eoque
1221 2023 1337 2057 amplius
1347 2041 1355 2055 ,
1370 2023 1448 2049 ttttica
1465 2022 1573 2049 homilia
1583 2043 1590 2054 ,
1607 2030 1668 2056 quae

881 2077 995 2103 numero
1016 2069 1120 2096 decinta
1145 2073 1241 2103 quarta
1265 2072 1308 2095 est
1330 2068 1357 2094 in
1377 2067 1493 2100 Lucam,
1521 2069 1670 2103 reprehen-

880 2116 962 2143 dendi
987 2116 1028 2143 sui
1051 2122 1160 2142 causam
1186 2114 1260 2141 dedit
1291 2114 1423 2148 Origenes
1445 2116 1587 2148 :priorctn
1609 2123 1669 2142 t-ntn

880 2162 1018 2190 Christum
1038 2162 1158 2189 asseruit
1177 2166 1204 2189 et
1219 2161 1331 2187 Mariam
1347 2161 1509 2195 purgatione
1529 2167 1591 2195 post
1609 2170 1670 2195 par-

883 2212 938 2234 tutn
948 2214 1018 2242 opus
1035 2206 1178 2239 habuisse;
1194 2205 1325 2238 alteram,
1351 2213 1413 2232 cutn
1437 2210 1561 2240 apertum
1586 2206 1672 2233 fuisse

882 2254 1032 2280 claustrum
1052 2252 1214 2287 virginitatis
1232 2251 1319 2278 beatze
1331 2250 1421 2279 Mariae
1436 2252 1462 2278 in
1477 2257 1555 2286 partu
1567 2252 1670 2279 docuit.

883 2299 1034 2333 Utrumque
1046 2306 1095 2326 suo
1107 2298 1203 2325 ordine
1215 2297 1422 2330 ventilabitnus;
1437 2302 1465 2324 et
1476 2305 1548 2325 ttune
1562 2298 1670 2332 quidem

881 2345 915 2371 t‘e
929 2345 1029 2379 priore.
1047 2343 1190 2379 Origenes.
1218 2343 1300 2370 Lucae
1322 2348 1403 2378 caput
1429 2350 1447 2369 ιι
1473 2343 1668 2378 interpretans,

881 2391 908 2418 in
929 2391 987 2417 lttec
1015 2390 1096 2417 verba
1118 2397 1214 2417 versus
1232 2389 1268 2415 2‘2
1287 2397 1294 2415 :
1311 2389 1365 2416 Kal
1395 2388 1445 2416 ὅτε
1467 2389 1672 2424 ἐπλήσθησαν

881 2439 910 2464 αἱ
923 2436 1029 2471 ἡμέραι
1042 2436 1096 2462 τοῦ
1118 2435 1303 2470 καθαρισμοῦ
1318 2434 1435 2466 αὐτῶν,
1454 2435 1529 2462 κατὰ
1549 2434 1604 2461 τὸν
1622 2435 1672 2462 νό-

879 2491 940 2518 μον
950 2482 1108 2514 Μωυσέως,
1121 2482 1160 2509 sic
1173 2487 1281 2516 perorat
1294 2489 1301 2507 :
1318 2491 1326 2506 ι
1341 2480 1456 2515 Propter
1471 2481 1669 2515 purgationem,

881 2529 981 2564 inquit,
999 2535 1104 2556 eorunt.
1117 2528 1250 2560 Quorum,
1271 2526 1385 2554 eorum?
1407 2526 1434 2553 Si
1473 2526 1604 2560 scriptum
1625 2532 1670 2551 es~

881 2580 924 2602 set
945 2579 1056 2610 propter
1072 2573 1264 2609 purgationem
1279 2572 1356 2607 ejus,
1375 2574 1401 2599 id
1423 2577 1464 2599 est
1475 2591 1482 2603 .
1505 2571 1596 2598 Maria:
1611 2579 1671 2605 qum

881 2625 1040 2656 pepererat,
1057 2619 1124 2646 nihil
1152 2619 1312 2654 quaestionis
1333 2618 1463 2651 oriretur,
1487 2623 1516 2645 et
1542 2618 1672 2644 audacter

882 2667 1035 2694 diceremus
1050 2664 1175 2697 Mariam,
1191 2670 1251 2699 quae
1263 2665 1346 2692 homo
1357 2669 1429 2697 erat,
1448 2665 1609 2698 purgatione
1627 2663 1670 2689 itt-

881 2713 1002 2747 diguisse
1025 2717 1086 2747 post
1109 2716 1228 2745 parttnn.
1255 2709 1334 2738 Nune
1357 2718 1422 2737 vero
1440 2710 1465 2737 itt
1484 2717 1517 2737 eo
1533 2709 1603 2744 quod
1621 2709 1669 2742 ait,

881 2759 940 2787 dics
950 2756 1120 2795 purgationis
1135 2764 1250 2791 eorum,
1269 2765 1322 2785 nott
1336 2757 1444 2786 videtur
1465 2764 1546 2784 unum
1569 2756 1669 2791 signiti-
