1904 3077
259 108 313 137 839

895 110 926 138 P.
944 110 1103 139 DANIELIS
1121 111 1238 139 llUETll

1822 119 1860 146 Sil)

240 201 243 205 Δ
261 177 344 201 care,
359 168 406 196 sed
430 169 544 196 alterum
557 188 565 199 ,
583 175 631 195 seu
652 168 755 203 plures.
776 179 786 196 ι
808 169 924 205 Legerat
942 177 1051 205 nempe,
1066 173 1088 201 Α
1104 172 1180 206 piunt
1192 176 1219 199 et
1248 172 1373 207 pariunt;
1390 181 1450 208 qua:
1464 181 1527 201 vero
1542 174 1644 201 semine
1656 173 1805 208 neutiquam
1816 183 1860 203 sus-

241 218 243 221 '
261 215 301 241 nti
318 222 389 241 nunc
403 221 512 248 quoque
530 213 639 250 legitur,
662 214 717 240 τοῦ
731 215 918 249 καθαρισμοῦ
931 215 1046 243 αὐτῶν·

261 269 342 296 quam
363 261 506 288 lectionem
526 261 767 294 interpretationes
786 261 915 297 Syriaca,
940 261 1048 289 Aithio-

260 307 331 341 pica,
348 311 376 334 et
390 306 510 338 Persica,
524 311 552 334 et
569 305 668 334 Patres
682 307 796 341 aliquot,
812 315 845 334 ac
859 307 967 335 codices
978 308 1046 334 bcnc

261 353 337 379 multi
361 357 481 379 tuentur.
507 352 574 385 Alii,
603 360 692 387 neque
719 354 797 387 pauci
823 353 924 380 habent
941 353 1045 387 αὑτοῦ,

259 399 307 425 sed
320 398 460 433 legendum
485 400 595 426 omnino
613 399 726 433 αὐτῆς,
747 399 824 434 juxta
848 400 987 434 Vulgatam
1020 405 1048 427 et

258 444 403 471 Arabicam
434 444 688 478 interpretationem
722 445 883 480 Erpenianm
908 446 1045 473 editionis.

259 490 311 516 Uni
325 490 459 524 siquidem
479 498 620 525 puerpera:
648 491 837 525 purgationem
863 491 947 518 fuisse
967 491 1045 518 adbi-

258 537 354 568 hitam,
372 543 425 563 non
445 536 525 563 etiam
543 536 639 563 infanti
650 542 756 564 constat
772 544 804 564 ex
826 536 912 564 Levit.
935 545 965 564 ιι.
984 538 1048 565 Cor-

258 587 337 617 rnpta
353 582 444 616 itaque
455 583 530 609 vocis
544 582 616 609 illius
629 581 724 616 αὐτῆς
737 583 820 610 lectio
830 582 938 617 Origeni
956 583 1045 611 fucum

258 627 334 660 fecit,
349 633 377 655 et
399 628 539 655 Christum
560 628 653 655 itidem
678 634 706 654 ιιι
725 629 838 656 Mariam
857 630 1047 664 puriﬁcatione

257 682 326 708 opus
339 674 468 702 habuisse
483 675 627 709 persuasit.
650 674 759 702 Christo
775 675 867 710 itaque
884 681 913 702 nt
935 677 1046 711 reliquis

259 721 419 748 hominibus
449 720 601 756 applicabat
631 721 734 748 dictum
762 721 826 749 Jobi
844 742 851 755 ,
879 732 889 748 ι
907 722 1045 750 Neminem

257 775 318 795 esse
335 768 467 794 mundum
491 775 505 794 a
530 768 636 795 sorde:
655 776 687 794 ne
705 769 726 795 si
749 769 832 795 unius
857 769 965 803 quidem
993 769 1045 796 diei

258 814 343 841 fuerit
356 814 410 840 vita
429 812 487 846 ejus
507 813 541 840 ".
566 823 575 839 ι
597 813 697 841 Sordes
717 819 809 841 autem
832 821 847 840 a
871 819 983 848 peccato
1002 815 1046 841 hic

1099 223 1178 252 cepto
1190 220 1304 253 peperit.
1323 226 1383 246 eam
1395 226 1459 246 vero
1478 219 1641 246 immundam
1652 227 1706 246 non
1727 227 1793 247 esse.
1804 220 1859 253 ριιο.

1101 271 1159 290 rum
1175 271 1206 290 ea
1221 272 1349 298 germana
1361 270 1434 295 sunt,
1445 273 1505 299 qua:
1517 269 1714 299 repmsentant
1729 264 1824 292 Catena
1836 274 1858 292 ex

1099 309 1216 344 Origene
1227 310 1254 336 in
1264 309 1345 338 Leuit.
1355 318 1423 343 xxtt,
1435 311 1452 337 ’Ξ
1463 320 1469 337 :
1482 311 1552 346 Γυνὴ
1562 311 1622 346 ἣτις
1633 310 1816 346 σπερματισθῇ
1826 313 1859 338 καὶ

1099 355 1173 382 τέκοι
1186 356 1285 391 ἄρσεν·
1307 356 1454 392 παρέλκειν
1468 357 1538 391 δόξει
1557 357 1588 384 τό
1598 366 1604 373 ·
1619 358 1666 384 ἐὰν
1684 358 1858 393 σπερματισθῇ,

1100 402 1317 437 προτασσόμενον
1334 403 1398 429 τοῦ·
1421 404 1468 430 καὶ
1481 404 1547 439 τέκῃ
1562 403 1660 438 ἄρσεν·
1680 403 1738 429 ἀλλ’
1755 404 1858 438 spina:

1101 447 1205 483 μήποτε
1220 448 1264 475 ἵνα
1279 449 1456 485 προφητικῶς
1469 450 1485 484 ἡ
1499 450 1592 484 Μαρια
1610 449 1659 475 οὐκ
1673 449 1706 475 ἐκ
1718 448 1762 475 τοῦ
1784 450 1859 485 ἐσπερ-

1101 492 1228 527 ματὶσϐαι
1240 493 1357 520 τεκοῦσα
1370 494 1451 529 ἄρσεν
1469 494 1505 530 μὴ
1518 493 1632 529 νομισοῇ
1651 493 1799 528 ἀκάθαρτος
1809 491 1858 519 εἶναι

1099 540 1277 574 γεγεννηκυῖα
1285 539 1461 576 τὸνΣωτῆρα,
1480 540 1585 575 εἴρηται
1609 539 1669 566 ὅλον
1682 538 1768 566 τοῦτο.
1791 539 1859 565 Adda-

1100 592 1159 610 nnts
1174 585 1290 619 denique
1304 585 1435 619 insignem
1449 586 1536 612 locum
1548 593 1579 611 ex
1593 584 1687 612 homil.
1703 585 1738 611 19.
1750 585 1775 611 in
1786 584 1858 618 Leni,

1100 638 1174 656 num.
1190 631 1218 662 4,
1235 638 1288 665 quo
1302 631 1486 665 generationis
1502 631 1602 659 Christi
1618 636 1646 658 ct
1666 631 1803 665 virginalis
1817 631 1859 657 ll:-

1101 677 1146 703 rize
1171 676 1294 711 corporis
1317 677 1463 704 mundities
1484 676 1663 704 disertissime
1698 676 1857 711 prazdicatur:

1101 731 1111 747 ι
1130 722 1225 749 Omnis
1243 722 1288 756 qui
1317 722 1468 757 ingreditur
1481 722 1554 749 hunc
1571 723 1701 749 mtntdum
1728 722 1753 748 in
1767 722 1857 756 quadam

1098 768 1328 795 contaminatione
1342 767 1411 795 elIici
1428 768 1539 795 dicitur.
1555 766 1673 802 Propter
1686 768 1756 803 quod
1770 773 1794 795 et
1803 768 1858 796 Scri-

1098 819 1177 848 ptura
1191 813 1256 840 dicit
1269 821 1276 840 :
1297 812 1381 840 Nemo
1394 813 1506 840 mundus
1524 821 1540 839 ιι
1553 814 1641 845 sorde,
1654 821 1686 840 ne
1699 813 1721 840 si
1735 814 1804 840 unius
1819 814 1857 840 diei

257 860 391 892 distinxit,
415 865 495 894 atque
515 859 675 887 sordescere
698 860 816 886 animam
841 860 964 895 putavit,
985 868 1046 888 cum
1062 855 1083 882 Β
1097 860 1177 894 fuerit
1195 860 1246 886 vita
1259 859 1315 894 ejus
1330 859 1365 887 ".
1381 859 1437 886 Hoc
1455 859 1512 894 ipso
1523 866 1587 894 ergo
1605 859 1678 894 quod
1693 859 1719 885 in
1734 858 1855 900 vulvama‘

258 906 373 933 mortale
388 906 461 934 subit
474 913 575 941 corpus
603 913 618 932 e
639 906 684 933 vili
711 911 739 933 et
758 907 867 934 sordida
889 911 1045 934 concretum

258 952 390 985 materia;
413 959 447 979 ac
471 959 531 979 sese
545 952 662 986 proinde
685 952 843 987 inquinasse
865 953 966 980 Christi
989 953 1048 980 ani-

258 1006 328 1024 mam
349 1005 409 1024 cum
423 1005 523 1032 corpus
539 997 566 1024 in
589 998 731 1025 muliebris
748 999 818 1026 uteri
831 999 964 1034 angustiis
983 999 1048 1026 deli-

258 1048 366 1071 tescens
391 1044 441 1071 sibi
464 1044 600 1078 adjnnxit.
619 1043 665 1071 Sic
688 1045 733 1072 ille
749 1045 774 1071 in
795 1046 888 1072 eadem
908 1045 1018 1072 bomilia
1038 1055 1045 1072 :

258 1098 268 1115 ι
288 1088 366 1116 Unde
383 1093 411 1115 et
427 1088 555 1116 Salvator
578 1087 699 1123 loquitur
724 1097 731 1115 :
755 1088 811 1124 Ego
831 1097 887 1116 sum
903 1090 1007 1123 vermis,
1023 1095 1046 1117 et

255 1143 309 1162 non
332 1135 428 1167 homo,
449 1135 619 1169 opprobrium
646 1134 799 1168 hominum,
818 1140 842 1162 et
862 1136 974 1171 altjectio
992 1136 1047 1170 ple-

256 1181 295 1207 bis
308 1181 342 1208 ".
370 1180 485 1208 Videbat
506 1180 532 1207 in
559 1181 656 1207 matris
678 1185 756 1207 utero
773 1181 972 1208 immunditiam
985 1189 1045 1209 cor—

257 1234 365 1261 porum,
379 1227 531 1254 visceribus
549 1227 609 1262 ejus
623 1227 686 1253 ltinc
702 1226 764 1254 inde
780 1227 896 1254 vallatus
908 1248 916 1261 ,
932 1231 1046 1255 terrente

255 1273 330 1301 fiet-is
342 1274 495 1309 patiebatur
506 1275 660 1309 angustias:
677 1275 749 1301 unde
762 1274 896 1301 assimilat
911 1281 940 1301 se
957 1274 1044 1302 vermi

255 1325 285 1348 et
296 1319 362 1347 dicit
377 1327 384 1345 :
405 1318 459 1353 Ego
475 1327 532 1346 sum
549 1321 653 1352 vermis,
679 1325 702 1346 et
719 1328 771 1346 non
788 1319 876 1346 homo.
892 1329 902 1345 ι

291 1365 327 1392 At
346 1364 529 1393 Tertullianus
543 1365 611 1392 libro
625 1365 664 1392 De
683 1373 762 1392 carne
777 1365 886 1398 Christi,
901 1373 960 1400 cap.
976 1365 1003 1398 ι,
1017 1369 1045 1393 et

255 1410 304 1437 lib.
323 1417 352 1437 ιιι
367 1414 458 1437 contra
476 1409 617 1442 Marciam,
635 1417 697 1444 cap.
714 1409 758 1441 tl,
777 1410 809 1437 de
824 1409 930 1437 Domini
959 1409 1043 1437 nostri

254 1456 447 1491 corporatione
465 1463 558 1490 agens,
575 1455 667 1490 pejora
682 1456 765 1482 etiam
796 1455 968 1488 deblatterat,
982 1463 1044 1483 nam

254 1507 355 1537 praeter
368 1510 378 1527 ι
387 1501 532 1537 spurcities
543 1500 698 1536 genitalium
708 1501 735 1527 in
748 1505 825 1528 utero
836 1501 1042 1533 elementorum,

257 1548 380 1576 humoris
393 1552 421 1575 et
439 1547 589 1582 sanguinis,
609 1546 682 1574 fmda
707 1547 820 1582 coagula
838 1548 928 1575 carnis
945 1555 977 1575 ex
995 1555 1043 1576 eo-

255 1594 316 1621 dem
332 1600 411 1620 cmno
425 1592 528 1620 alenda:
542 1600 589 1627 per
606 1599 703 1619 novem
716 1599 841 1626 menses;
865 1598 959 1628 partus
974 1601 1043 1628 quo-

253 1647 309 1676 que
325 1640 462 1666 immunda
480 1643 508 1666 et
533 1638 658 1673 pudenda
684 1644 833 1670 tormenta,
850 1644 874 1667 et
897 1640 980 1674 ipsius
995 1647 1043 1667 ex-

255 1686 318 1713 inde
333 1685 468 1720 puerperii
485 1692 607 1719 spurcos,
623 1685 730 1717 anxios,
752 1685 874 1713 ludicros
888 1686 977 1713 exitus
990 1685 1043 1712 lin-

253 1732 304 1766 git.
323 1740 333 1757 ι
346 1730 411 1764 Quae
424 1731 457 1758 ab
477 1730 617 1757 lla-reticis
635 1730 740 1765 objecta
753 1732 908 1765 neutiquam
925 1731 982 1766 ipse
996 1731 1045 1758 dif-

257 1774 394 1806 titebatnr,
407 1775 454 1801 sed
476 1775 531 1801 Deo
541 1774 650 1809 indigna
661 1782 722 1802 esse
734 1776 860 1810 negabat,
870 1779 964 1803 contra
976 1775 1044 1803 illar-

254 1819 382 1846 cionitas.

290 1871 420 1904 Sanctam
432 1883 498 1903 vero
511 1875 649 1912 Virginem
661 1885 723 1905 cum
741 1885 817 1905 more
832 1877 947 1905 aliarum
966 1878 1042 1905 femi-

254 1929 351 1949 narum
370 1929 419 1956 per
433 1922 519 1949 vulva:
546 1923 742 1950 reserationem
768 1922 906 1950 Christum
933 1924 1042 1950 enixam

253 1975 314 1996 esse
330 1969 380 1995 sibi
393 1968 524 2003 Origenes
541 1967 662 2000 tinxerit,
680 1972 710 1995 ut
735 1975 796 1995 mox
821 1968 1019 2003 disputabimus
1033 1989 1041 2002 ,

253 2015 330 2042 credi
347 2022 457 2050 quoque
481 2018 573 2049 posset
589 2014 726 2049 profusam
744 2016 777 2041 ab
797 2022 839 2046 ea,
857 2015 949 2041 itidem
965 2020 995 2041 nt
1008 2015 1042 2042 ab

253 2060 326 2092 aliis,
343 2065 436 2095 partus
465 2060 606 2088 colluviem
631 2060 817 2092 existimasse,
833 2061 905 2088 unde
930 2061 1042 2089 minime

254 2107 355 2134 mirum
370 2105 439 2134 foret
450 2106 617 2140 purgandum
631 2113 740 2141 quoque
764 2106 848 2134 fuisse
860 2106 946 2141 ipsum
965 2114 1041 2135 asse-

253 2159 364 2179 verasse
377 2161 384 2185 ;
401 2151 448 2178 sed
462 2151 574 2179 omnino
589 2151 673 2185 istud,
688 2151 740 2179 nisi
758 2159 800 2179 me
819 2159 879 2179 mea
893 2152 989 2180 fefellit
1001 2153 1042 2180 di-

1099 907 1149 934 tris
1165 910 1206 933 est
1222 906 1338 940 positus,
1355 910 1381 932 el
1397 905 1470 940 quod
1486 906 1627 932 materiam
1645 905 1766 939 corporis
1776 904 1805 931 ab
1817 905 1857 931 uri~

1097 951 1158 986 gine
1171 950 1275 986 paterni
1303 950 1415 978 seminis
1443 950 1534 982 sumit,
1557 950 1583 977 in
1598 955 1678 985 patre
1700 954 1727 976 et
1749 950 1773 976 in
1792 955 1856 976 matre

1097 996 1300 1023 contaminatus
1311 996 1366 1022 dici
1379 1000 1476 1030 potest.
1491 996 1546 1023 Aut
1561 997 1661 1027 nescis,
1674 996 1737 1030 quia
1750 1003 1858 1030 cumqua-

1098 1042 1223 1076 draginta
1241 1042 1345 1069 dierum
1365 1042 1454 1069 factus
1468 1041 1550 1069 fuerit
1563 1049 1630 1076 puer
1642 1041 1786 1074 masculus,
1796 1042 1855 1068 otiar-

1098 1091 1142 1114 tur
1158 1087 1191 1114 ad
1207 1087 1304 1120 altare,
1323 1091 1353 1114 ut
1371 1087 1407 1114 ibi
1424 1087 1595 1122 purificetur,
1619 1092 1749 1123 tanquam
1764 1087 1802 1122 qui
1814 1087 1856 1121 pol-

1098 1132 1169 1160 lutus
1186 1133 1269 1160 fuerit
1282 1133 1309 1159 in
1327 1132 1382 1168 ipsa
1395 1133 1584 1168 conceptione,
1598 1133 1641 1160 vel
1673 1133 1774 1168 paterni
1793 1133 1855 1160 semi-

1097 1180 1151 1212 nis,
1171 1179 1213 1206 vel
1232 1179 1301 1206 uteri
1315 1178 1557 1206 materni?0mnis
1570 1186 1635 1214 ergo
1647 1179 1730 1206 homo
1753 1179 1777 1206 in
1799 1184 1855 1213 patre

1097 1225 1160 1253 etin
1174 1229 1262 1252 matre
1276 1223 1394 1258 pollutus
1408 1228 1468 1257 est;
1491 1223 1566 1251 solus
1582 1231 1647 1250 vero
1659 1222 1737 1251 Jesus
1750 1223 1853 1250 Dominus

1097 1278 1173 1298 meus
1190 1271 1216 1297 in
1233 1270 1304 1297 hanc
1318 1269 1522 1304 generationem
1539 1269 1656 1296 mundus
1673 1270 1802 1305 ingressus
1816 1274 1855 1299 est.

1097 1316 1123 1344 in
1136 1321 1223 1344 matre
1233 1323 1286 1343 non
1296 1320 1338 1342 est
1351 1315 1478 1350 pollutus.
1495 1315 1634 1350 Ingressus
1647 1319 1690 1343 est
1701 1316 1768 1342 eniut
1779 1322 1854 1349 corpus

1096 1361 1352 1389 incontaminatum.
1381 1361 1440 1396 Ipse
1456 1361 1529 1388 enim
1544 1366 1603 1388 erat
1614 1361 1660 1396 qui
1676 1367 1703 1388 et
1717 1361 1807 1387 dudum
1820 1367 1855 1394 per

1096 1407 1268 1435 Salomonem
1279 1407 1404 1434 dixerat:
1418 1405 1505 1442 Magis
1519 1411 1604 1433 autem
1620 1414 1680 1433 cum
1694 1414 1770 1433 essent
1780 1406 1852 1436 bonst.

1095 1453 1153 1480 veni
1168 1453 1202 1480 ad
1216 1460 1311 1487 corpus
1325 1452 1554 1487 incoinquinalum
1570 1451 1602 1478 ⁸⁸.
1614 1451 1674 1479 Non
1685 1457 1726 1479 est
1739 1459 1797 1486 ergo
1809 1458 1854 1478 con-

1096 1497 1243 1525 taminatus
1263 1498 1289 1524 in
1308 1503 1407 1530 matre,
1424 1497 1470 1525 sed
1487 1504 1521 1524 ne
1542 1497 1568 1524 in
1585 1502 1661 1532 patre
1672 1497 1788 1532 quidem.
1799 1496 1853 1523 Nihil

1057 1529 1078 1558 ο
1095 1543 1166 1570 enim
1182 1541 1281 1578 Ioseph
1296 1544 1322 1570 in
1333 1543 1508 1577 generatione
1520 1543 1577 1577 ejus
1586 1548 1686 1578 praeter
1699 1542 1852 1570 ministerium

1094 1588 1220 1623 praestitit
1235 1593 1261 1615 et
1274 1587 1410 1616 allectum.
1429 1597 1439 1614 ι

1129 1633 1175 1660 Sic
1190 1638 1279 1660 autem
1295 1634 1328 1660 de
1342 1641 1422 1661 sacro
1443 1632 1533 1660 Maria:
1557 1633 1702 1668 puerperio
1726 1634 1801 1661 sentit
1819 1640 1853 1660 ca-

1095 1680 1194 1708 tholica
1209 1679 1341 1711 Ecclesia,
1356 1680 1530 1714 antiquorum
1548 1678 1661 1707 Pati-un
1677 1680 1802 1715 dogmatis
1815 1681 1853 1706 im-

1094 1725 1156 1752 buta
1175 1726 1226 1753 etsi
1244 1731 1332 1753 uterus
1361 1726 1392 1753 de
1410 1727 1452 1752 die
1467 1725 1494 1752 in
1513 1726 1569 1752 dies
1583 1726 1746 1754 insolesceret
1769 1726 1853 1761 (placet

1093 1771 1164 1798 enim
1179 1771 1335 1798 Tertulliani
1352 1771 1434 1798 verba
1449 1771 1494 1798 lib.
1506 1771 1544 1798 De
1558 1779 1637 1797 carne
1652 1770 1762 1805 Christi,
1772 1778 1822 1805 cap.
1833 1769 1852 1798 6.

1094 1817 1234 1852 repudiata
1257 1817 1320 1845 licet
1340 1818 1425 1853 ipsius
1448 1819 1591 1851 sententia,
1610 1818 1751 1853 retinere)
1773 1823 1852 1852 grumi!

1093 1870 1193 1896 tamen,
1212 1866 1331 1897 anxium,
1346 1866 1473 1891 incertum
1489 1864 1642 1891 libidinibus
1653 1863 1755 1899 fastidii
1768 1867 1788 1890 et
1801 1862 1852 1896 gula

1093 1911 1249 1946 neutiquam
1261 1911 1360 1944 fuisse;
1373 1910 1446 1938 foras
1459 1917 1523 1937 vero
1537 1910 1669 1944 infantem
1687 1918 1738 1937 non
1749 1917 1800 1936 cum
1810 1907 1851 1934 iuit

1092 1957 1282 1993 impedimentis
1299 1957 1437 1992 profusum
1453 1961 1478 1984 et
1496 1956 1605 1983 oblitum
1617 1977 1624 1988 ,
1650 1954 1851 1991 quemadmodum

1092 2006 1153 2032 aliis
1167 2005 1293 2033 omnibus
1310 2005 1452 2040 puerperis
1475 2004 1543 2031 solet
1560 2004 1729 2039 contingere,
1745 2002 1786 2030 sed
1807 2001 1851 2027 abs-

1092 2059 1143 2087 que
1158 2052 1219 2079 ullis
1235 2051 1445 2086 inquinamentis
1453 2050 1611 2077 etsordibus
1623 2049 1762 2085 prodiisse.
1771 2048 1851 2081 Quam-

1092 2100 1185 2125 obrem
1212 2104 1315 2124 canone
1325 2097 1358 2124 79
1380 2096 1474 2132 synodi
1488 2096 1648 2130 quinisextze
1658 2096 1795 2129 abrogatur
1803 2099 1850 2119 con-

1092 2144 1207 2172 suetudo
1217 2151 1232 2170 a
1244 2142 1380 2170 nonnullis
1391 2142 1530 2170 observari
1541 2141 1620 2169 solita
1633 2141 1686 2168 illis
1698 2139 1849 2175 temporibus.

255 2183 417 2232 ligentia,in
433 2195 551 2232 Origene
566 2183 724 2232 expressum
740 2205 791 2225 non
809 2202 862 2225 est.
876 2197 923 2225 Sui
937 2206 1002 2234 ergo
1014 2199 1038 2226 ei
1055 2201 1077 2228 1)
1093 2189 1210 2217 Similam
1226 2188 1361 2223 εοίιιιθιιιιὶ
1376 2193 1437 2222 Ροδι
1450 2187 1521 2234 diem
1536 2186 1695 2234 nativitatis
1719 2183 1815 2234 tiliristi,
1830 2186 1849 2234 et

253 2241 394 2269 sufﬁciunt
405 2249 526 2275 errores,
540 2249 590 2269 nec
602 2242 682 2269 alieni
700 2247 803 2271 temere
816 2242 879 2270 huic
897 2243 1041 2279 allingendi

253 2291 327 2314 sunt.
345 2286 421 2313 Hattc
434 2287 522 2322 potius
536 2287 604 2315 Sixti
623 2288 752 2316 Senensis
762 2289 963 2317 adnotationem
977 2290 1040 2323 l56,

253 2339 315 2366 qtae
328 2331 375 2358 lib.
392 2339 416 2358 Vl
432 2331 558 2359 Biblioth.
576 2333 679 2360 intexta
697 2337 749 2366 est,
763 2333 955 2361 admittamus:
974 2343 982 2359 i
1000 2333 1042 2360 ln-

255 2377 352 2412 telligit
368 2377 484 2404 fortasse
497 2377 639 2412 Origencs,
652 2385 706 2405 non
721 2378 754 2405 de
769 2379 929 2414 purgatione
941 2379 974 2406 ab
992 2379 1043 2406 iut-

254 2423 395 2450 mttnditiis
413 2427 442 2450 et
455 2423 582 2451 sordibus
595 2428 700 2458 partus,
716 2424 815 2458 quibus
841 2424 906 2452 nulli
927 2425 1038 2452 dubium

253 2474 296 2496 est
309 2468 420 2495 Mariam
437 2476 490 2495 non
507 2469 591 2496 fuisse
602 2470 757 2503 obnoxiam,
780 2470 827 2497 sed
839 2470 872 2498 de
889 2469 987 2498 ritibus
1013 2476 1040 2498 et

253 2513 436 2545 caeremoniis,
455 2513 553 2548 quibus
568 2512 676 2550 Moyses
691 2522 839 2549 puerperas
857 2515 968 2542 lustrari
981 2515 1040 2550 jus-

251 2564 345 2586 serat:
362 2559 410 2586 has
423 2566 534 2586 necesse
547 2564 607 2586 erat
629 2561 730 2587 servari
756 2568 770 2586 a
792 2565 878 2588 matre
893 2560 975 2594 illius,
993 2562 1037 2596 qui

253 2604 339 2639 legem
365 2604 526 2639 impleturus
548 2609 670 2636 venerat,
696 2613 748 2632 non
763 2605 962 2633 destructurus.
980 2615 989 2631 ι
1005 2606 1040 2632 ΙΙ-

253 2651 298 2677 lud
318 2657 351 2678 ex
377 2658 410 2678 eo
427 2652 616 2684 conﬁrmatur,
635 2652 707 2686 quod
731 2652 825 2679 homil.
851 2651 868 2678 8
898 2652 924 2678 in
944 2651 1038 2685 Lerit.,

253 2705 327 2723 num.
343 2696 371 2729 9.,
384 2697 479 2724 scribit
490 2697 621 2732 Origenes
636 2705 683 2724 eas
696 2697 782 2724 solum
803 2698 930 2725 mulieres
946 2698 972 2724 in
992 2705 1038 2731 pa-

254 2743 350 2770 riendo
367 2751 427 2771 esse
444 2743 608 2777 immundas,
624 2751 684 2779 quae
696 2744 801 2771 semine
816 2744 934 2771 admisso
947 2743 1039 2771 conci~

287 2842 311 2858 "
324 2841 384 2870 Job.
397 2850 454 2876 xiv,
468 2842 494 2870 ι.
529 2843 554 2873 ,⁶⁷
569 2842 640 2871 Psal.
655 2843 749 2878 “1.,7.
788 2843 811 2860 ’⁸
826 2842 887 2872 Joh.
901 2851 955 2876 nr,
967 2842 994 2878 4,
1008 2842 1032 2870 ιι.

1091 2243 1151 2263 eam
1168 2235 1217 2262 sibi
1240 2235 1356 2262 invicem
1382 2233 1573 2268 impertiendi,
1599 2241 1609 2258 ι
1637 2231 1745 2259 honoris
1766 2227 1847 2257 Scilicet

1093 2287 1223 2318 praetextu
1233 2281 1440 2309 secundinarum
1451 2279 1597 2314 impolluta:
1609 2278 1724 2314 Virginis
1736 2276 1845 2303 matrisn

1093 2328 1225 2355 rationem
1242 2327 1330 2354 reddit
1343 2326 1470 2361 synodus,
1489 2332 1551 2352 esse
1562 2325 1661 2359 quippe
1677 2323 1805 2358 ἀλόχευτον
1814 2319 1847 2345 τὸν

1092 2374 1125 2400 ὲκ
1139 2374 1189 2409 τῆς
1203 2372 1336 2408 παρθένου
1365 2371 1435 2398 θεῖον
1451 2370 1541 2403 τόκον,
1565 2371 1603 2402 ὡς
1622 2372 1669 2397 καὶ
1687 2369 1801 2404 ἀσπὸρως
1814 2374 1847 2392 συ-

1094 2419 1203 2446 στάντα.
1222 2428 1232 2445 (
1257 2417 1418 2446 Secundinis
1442 2421 1581 2444 carentem
1610 2415 1726 2450 Virginis
1751 2414 1847 2440 divinum

1094 2469 1211 2499 partum,
1230 2469 1261 2491 ut
1273 2463 1318 2498 qui
1337 2463 1441 2490 semine
1461 2462 1591 2489 caruerit.
1610 2470 1621 2488 ι

1129 2509 1161 2537 ll.
1173 2509 1232 2536 Alia
1249 2516 1357 2544 quoque
1369 2516 1401 2536 ac
1412 2508 1523 2542 gravior
1537 2507 1690 2534 criminatio
1702 2512 1732 2533 ex
1746 2504 1782 2531 his
1791 2502 1845 2536 ejus-

1092 2558 1152 2583 dem
1171 2555 1287 2582 homiliae
1301 2555 1334 2581 lt
1348 2556 1374 2582 in
1393 2554 1490 2580 Lucam
1509 2553 1598 2580 verbis
1611 2553 1698 2580 oritur
1720 2561 1726 2578 :
1744 2557 1754 2575 ι
1770 2549 1845 2581 0‘19""

1094 2608 1200 2637 cunque
1214 2601 1247 2628 de
1258 2606 1336 2628 utero
1361 2599 1476 2627 ell‘usum
1502 2606 1604 2626 marem
1632 2597 1740 2627 dixeris.
1763 2591 1845 2622 nonsic

1094 2648 1180 2682 aperit
1199 2647 1305 2674 vulvam
1323 2645 1419 2673 matris
1430 2652 1495 2677 suae,
1510 2648 1540 2672 ut
1556 2643 1685 2672 Dominus
1699 2642 1782 2673 Jesus;
1796 2637 1842 2672 quin

1093 2695 1212 2722 omnium
1228 2694 1369 2720 mulierum
1386 2699 1439 2720 non
1456 2696 1551 2726 partus
1565 2691 1685 2723 infantis,
1698 2688 1742 2717 sed
1750 2686 1792 2713 viri
1801 2683 1842 2710 coi-

1094 2748 1137 2770 ius
1152 2741 1259 2769 vulvam
1274 2744 1388 2768 reserat.
1400 2738 1493 2767 Matris
1510 2746 1575 2767 vero
1589 2737 1693 2766 Domini
1707 2743 1736 2764 eo
1749 2734 1842 2767 ιειιιροτε

1071 2843 1093 2860 ³³
1108 2843 1171 2878 Sap.
1186 2849 1244 2874 \‘lll,
1259 2840 1304 2867 20.
