1904 3077
46 146 90 174 8H

441 141 726 172 ORIGENIANOHUM
746 141 811 170 LIB.
831 142 865 175 ll,
882 140 959 170 CAP.
980 141 1011 175 ll,
1033 141 1172 175 QUIEST.
1193 142 1238 170 IV.

1609 145 1660 172 84%

47 202 118 231 vulva
129 207 247 231 reserata
267 206 318 234 est,
332 209 385 237 quo
401 207 428 230 et
456 208 550 239 partus
563 203 662 236 editus,
679 202 742 238 quia
759 210 822 230 san-
838 202 860 231 Λ
875 200 1001 228 Basilium
1022 207 1049 229 et
1063 201 1130 230 alios
1148 207 1289 236 pneterea.
1304 202 1351 237 qni
1374 202 1407 229 de
1424 202 1552 237 virginea:
1576 203 1662 230 vulvae

46 253 113 276 ctum
129 252 247 280 uterum,
269 252 296 274 et
309 248 382 275 omni
400 247 557 283 dignatione
574 249 758 276 venerationis
775 256 820 276 ve-

45 294 185 322 nerandum
198 298 261 321 ante
270 294 439 322 nativitatem
450 294 552 322 Christi
567 295 703 322 masculus
711 296 822 324 omnino

45 348 92 368 non
116 340 215 376 tetigit.
235 350 244 367 ι
269 340 321 367 Per
347 341 543 368 reserationem
571 341 656 369 vulvae
683 341 821 369 Christum

44 387 137 414 editum
149 390 251 414 censet.
263 386 363 414 l’arest
373 387 534 414 Tertulliani
550 387 695 422 cespitatio
711 387 736 414 in
752 387 822 415 libro

44 432 78 460 De
89 440 165 459 carne
173 431 282 464 Christi,
299 440 358 467 cap.
370 432 415 466 23;
430 433 466 460 ibi
480 432 578 468 quippe
588 433 695 460 beatam
708 432 821 461 Mariam

44 478 198 512 virginitatis
215 477 297 505 decus
311 478 484 513 (integritatis
495 485 591 513 nempe
603 478 744 513 cujusdam
759 485 821 506 cor-

44 524 121 559 poris,
132 531 190 558 quae
200 524 350 559 virginibus
362 524 453 552 inesse
466 525 543 558 solet,
555 529 582 552 et
593 525 681 559 primo
695 525 745 552 viri
757 532 822 552 con-

45 578 130 606 gressu
144 571 278 598 obteritur
293 577 325 598 ac
339 571 467 606 violatur)
481 576 601 598 reserata
614 570 639 597 in
651 575 732 605 partu
742 570 821 598 vulva

43 616 157 643 amisisse
175 616 264 644 docet.
281 615 346 644 Post
374 617 426 644 alia
442 624 508 645 vero
532 617 573 644 sic
588 617 716 645 disserit:
737 619 819 644 Omne

43 661 209 689 masculinum
227 662 381 695 adaperiam
404 662 520 696 uuluam,
543 668 665 690 sanctum
684 663 823 690 vocabitur

44 707 146 735 Domino
159 709 179 736 ‘.
198 718 207 734 ε
223 709 290 742 Quis
311 716 373 737 vere
399 714 521 742 sanctus,
546 717 627 744 quam
647 709 692 737 Dei
715 709 822 737 Filius?

43 753 101 788 Quis
123 755 230 789 proprie
246 755 354 782 vulvam
373 755 525 790 adaperuit,
544 763 625 790 quam
639 756 684 791 qui
701 756 821 783 clausam

45 799 179 832 patefecit?
198 799 334 827 Cmterum
358 801 485 828 omnibus
514 801 613 835 nuptiae
638 800 819 836 patefaciunt.

44 844 127 880 Itaque
141 844 227 880 magis
242 845 378 880 patefacta
394 850 446 878 est,
463 845 525 881 quia
537 846 624 881 magis
642 851 702 873 erat
717 846 819 873 clausa.

45 890 134 926 Utique
149 892 237 927 magis
257 900 309 919 non
329 892 406 928 virgo
423 892 538 920 dicenda
552 897 593 920 est
616 900 696 928 quam
722 893 797 926 virgo
811 913 818 924 ,

44 937 106 965 saltu
118 938 234 972 quodam
249 944 334 965 mater
349 942 494 973 antequam
509 943 603 973 nupta.
622 937 655 964 Et
667 937 732 972 quid
748 937 818 964 ultra

45 983 72 1009 de
86 983 132 1010 hoc
145 978 348 1010 retractandum
362 983 424 1010 est?
436 990 497 1010 cum
518 983 569 1010 hac
583 983 688 1010 ratione
705 982 819 1017 Aposto-

46 1028 80 1055 lus
93 1035 142 1055 non
155 1036 187 1056 ex
203 1028 323 1064 Virgine,
347 1029 395 1056 sed
419 1036 453 1056 ex
471 1028 585 1056 muliere
605 1028 706 1056 editum
720 1027 818 1055 Filium

45 1073 85 1101 Dei
102 1074 302 1107 pronuntiavit,
323 1074 433 1109 agnovit
452 1073 589 1109 adaperta:
613 1073 697 1101 vulva:
714 1073 820 1109 nuptia-

46 1118 89 1146 lem
101 1120 265 1154 passionem.
284 1129 293 1145 ι
314 1119 442 1147 Eamdem
468 1121 640 1155 postmodum
666 1120 819 1155 opinionem

45 1166 220 1199 amplexusest
230 1165 391 1193 Jovinianus
405 1166 560 1198 hrereticus,
575 1171 602 1194 et
619 1173 677 1193 eam
689 1165 821 1200 hodieque

46 1216 144 1238 tuentur
175 1211 336 1240 heterodoxi
361 1216 507 1245 nostrates,
532 1216 639 1239 uterum
669 1212 820 1247 virgineum

44 1257 140 1285 Christo
151 1258 303 1285 transeunti
331 1262 481 1285 reseratum
508 1258 629 1292 quidem,
648 1262 743 1293 patens
769 1258 821 1284 iter

46 1304 179 1339 praebuisse
186 1304 324 1337 docentes,
336 1304 382 1332 sed
391 1312 450 1332 mox
461 1303 577 1333 divulsas
593 1309 683 1339 partes
695 1303 743 1331 Dei
756 1308 820 1330 nutu

47 1350 160 1384 pristinas
172 1350 412 1388 repetiissevsedes,
422 1355 450 1377 et
461 1350 487 1377 in
498 1357 581 1378 unum
594 1349 736 1377 coaluisse.
767 1349 821 1377 Nec

47 1394 148 1421 multum
168 1395 231 1423 hinc
248 1395 352 1422 abludit
367 1395 507 1423 Durandus
525 1402 541 1422 a
557 1394 659 1423 Sancto
674 1395 818 1427 Porciano,

47 1441 189 1469 inviolatum
202 1442 312 1477 quidem
324 1449 513 1477 perseverasse
531 1442 693 1478 virginitatis
703 1443 820 1478 sigillmn

47 1488 174 1521 deﬁniens,
188 1489 235 1516 sed
249 1488 430 1524 ampliﬁcatos
442 1494 547 1517 meatus
563 1490 633 1517 viam
648 1489 819 1525 patefecisse.

76 1533 238 1570 Jrigeniana:
266 1535 406 1563 sententia:
431 1536 567 1563 contraria
583 1535 766 1563 decernuntur
793 1535 820 1562 in

48 1579 122 1613 prima
138 1581 311 1608 homiliarum
340 1582 366 1609 in
382 1582 515 1615 diversos,
528 1589 587 1617 quae
608 1587 746 1610 auctorem
767 1588 820 1609 non

47 1625 136 1653 habere
150 1626 296 1662 Origenem
311 1627 352 1655 vel
377 1628 440 1655 hinc
468 1631 560 1662 potest
588 1626 751 1655 existimari.
775 1626 821 1654 Sic

47 1672 83 1700 illa
100 1683 105 1700 :
123 1683 132 1700 ι
146 1674 376 1708 Quemadmodum
393 1674 495 1702 Danieli
512 1674 583 1702 intra
602 1673 691 1701 lacum
711 1673 819 1700 leonum

47 1721 140 1749 incluso
153 1722 175 1754 ',
189 1721 318 1750 claustris
330 1730 383 1750 non
398 1722 498 1757 apertis
513 1721 623 1748 allatum
639 1723 681 1748 est
694 1719 719 1747 ei
738 1726 822 1754 pran-

47 1767 110 1795 dium
125 1769 156 1796 ab
170 1768 313 1802 Habacuc;
335 1768 372 1796 ita
395 1773 422 1795 et
440 1771 496 1796 lucc
516 1767 596 1803 Virgo
614 1771 706 1794 sancta
728 1765 824 1800 genuit

47 1811 185 1847 Dominum,
196 1815 244 1844 sed
260 1815 359 1843 intacta
373 1814 521 1849 permansit
534 1823 541 1845 ;
559 1817 644 1840 mater
660 1811 756 1840 en‘ecta
768 1816 821 1843 est,

46 1859 87 1887 sed
102 1860 280 1896 virginitatem
294 1869 346 1889 non
359 1860 465 1892 amisit;
483 1859 578 1895 genuit
589 1857 732 1890 infantem,
747 1862 782 1888 et.
795 1862 823 1885 ut

47 1904 134 1933 dictum
160 1912 216 1940 est,
242 1907 319 1942 virgo
341 1906 500 1942 permansit.
524 1905 609 1938 Virgo
635 1911 701 1938 ergo
729 1902 824 1938 genuit

47 1955 70 1978 ct
91 1951 160 1987 virgo
185 1953 338 1988 permansit
353 1960 361 1980 :
379 1957 467 1979 mater
486 1950 548 1978 Filii
563 1950 633 1977 facta
648 1954 691 1976 est
704 1968 713 1981 ,
729 1953 758 1976 et
778 1955 824 1975 ca-

47 1998 134 2027 stitatis
158 1999 275 2035 sigillum
303 2006 357 2026 non
387 1997 514 2033 perdidit.
540 2006 550 2022 ι
577 1997 665 2030 Atque
690 1994 754 2022 illud
782 1998 824 2022 est

47 2044 142 2078 optima:
169 2044 290 2077 Patrum,
320 2049 376 2070 tum
392 2043 560 2075 Gmcorum,
578 2046 634 2068 tum
660 2041 822 2068 Latinorum

48 2090 130 2122 partis,
145 2095 172 2117 et
183 2090 312 2125 Ephesini
325 2094 455 2130 praeterea
470 2087 579 2116 concilii
601 2087 752 2118 decretum,
761 2092 823 2121 per-

47 2139 117 2167 petuo
128 2135 256 2163 Ecclesia
268 2134 410 2162 catholicae
436 2140 574 2161 consensu
593 2131 799 2166 comprobatum
815 2150 822 2162 ,

47 2184 69 2206 et
80 2181 126 2208 hoc
144 2181 294 2209 Ezechielis
307 2180 447 2215 prophetae
463 2178 575 2206 oraculo
592 2177 799 2205 corroboratum
814 2184 821 2202 ε

873 247 1012 281 apertione
1028 248 1153 275 similiter
1166 249 1313 276 disserunt.
1327 248 1379 276 Sed
1392 255 1424 275 ea
1433 249 1557 276 omnibus
1572 249 1605 276 iis
1614 257 1662 276 ex-

873 293 961 327 ceptio
972 293 1122 321 adhibenda
1138 299 1189 327 est,
1219 302 1271 329 qua
1295 294 1328 322 ad
1347 295 1505 322 solvendum
1523 295 1660 323 Ambrosii

874 339 961 367 locum
979 347 1043 367 usus
1053 339 1223 367 est'l‘homas
1234 347 1260 375 p.
1277 348 1317 373 III,
1327 347 1356 375 q.
1371 339 1417 371 28,
1433 347 1458 367 a.
1470 342 1499 372 2,
1514 341 1550 367 ita
1563 349 1660 376 nempe

873 385 977 413 locutos
991 385 1084 413 Patres
1103 385 1173 418 illos,
1195 393 1256 413 cum
1274 386 1338 413 illud
1353 387 1526 422 evangelista:
1537 395 1658 421 expone-

873 436 933 459 rent
947 441 954 458 :
974 441 983 457 ι
1000 431 1086 460 Omne
1100 431 1278 459 masculinum
1293 432 1454 466 adaperiens
1466 434 1582 465 vulvam,
1597 442 1660 461 san-

872 482 944 505 ctum
961 477 1074 506 Domino
1082 478 1241 506 vocabitur‘
1255 487 1263 511 ;
1279 487 1288 504 ι
1303 479 1373 514 quod
1386 479 1492 513 quidem
1505 487 1538 506 ex
1551 480 1658 514 vulgata

872 523 998 559 loquendi
1009 524 1205 552 consuetudine
1222 529 1381 560 usurpatum
1399 531 1449 558 est,
1460 533 1513 552 non
1527 525 1560 552 ad
1575 526 1660 562 signi-

873 569 1008 597 ﬁcandam
1024 571 1139 606 virginei
1153 570 1265 598 claustri
1287 571 1468 606 apertionem,
1495 572 1540 599 sed
1556 574 1657 600 exitum

873 616 1005 643 duntaxat
1020 616 1103 651 prolis
1117 617 1150 644 de
1162 622 1248 644 utero.
1265 616 1375 644 Thomte
1389 617 1594 652 responsionem
1611 619 1659 645 de-

875 661 987 689 fendunt
1012 662 1058 689 alii
1084 662 1220 690 Ambrosii
1245 668 1273 690 et
1297 662 1453 698 Hieronymi
1476 663 1541 694 loci,
1560 663 1660 698 quibus

875 707 1008 742 irruptum
1021 715 1213 744 perseverasse
1239 709 1265 736 in
1283 709 1426 744 puerperio
1443 709 1609 744 virginitatis
1623 709 1661 736 si-

873 753 965 788 gillum
981 754 1124 781 manifeste
1142 753 1263 788 tradunt,
1281 755 1370 789 qualis
1387 754 1431 781 ille
1444 759 1486 781 est
1498 755 1634 783 Ambrosii
1645 764 1660 782 e

874 799 943 827 libro
956 799 993 826 De
1007 799 1172 827 institutione
1183 800 1303 836 virginis,
1321 807 1380 835 cap.
1402 801 1435 827 7:
1452 810 1461 826 ι
1481 800 1561 828 Porta
1577 801 1660 836 igitur

874 844 969 878 Maria,
981 853 1028 880 per
1042 853 1122 880 quam
1132 845 1258 874 Christus
1270 846 1383 873 intravit
1395 847 1420 873 in
1435 846 1507 874 hunc
1519 847 1660 880 mundum,

875 891 984 925 quando
1002 891 1126 925 virginali
1152 891 1231 919 fusus
1248 895 1291 919 est
1307 896 1398 926 partu,
1415 896 1442 919 et
1457 892 1586 927 genitalia
1601 893 1659 919 vir—

874 937 998 971 ginitatis
1016 937 1133 964 claustra
1157 945 1210 964 non
1240 936 1331 964 solvit.
1346 936 1448 965 Mansit
1469 937 1659 966 intemeratum

874 988 979 1018 septum
993 983 1116 1019 pudoris,
1136 988 1163 1011 et
1180 983 1307 1011 inviolata
1334 984 1503 1017 integritatis
1528 984 1661 1011 duravere

875 1028 1025 1063 signacula,
1056 1036 1116 1056 cum
1135 1029 1222 1056 exiret
1246 1036 1280 1056 ex
1298 1027 1427 1063 Virgine;
1453 1037 1463 1054 ι
1482 1032 1509 1055 et
1533 1028 1577 1055 ille
1603 1029 1662 1063 ipse

875 1073 1030 1110 Hieronymi
1043 1082 1058 1102 θ
1075 1074 1122 1102 lib.
1147 1082 1166 1102 ll
1182 1080 1273 1102 contra
1295 1074 1446 1109 Pelagium,
1459 1082 1539 1110 quem
1565 1073 1655 1110 Orige-

874 1119 958 1147 nian'o
973 1120 1090 1148 similem
1105 1127 1166 1148 esse
1179 1120 1236 1148 vult
1250 1120 1454 1154 Genebrardus,
1470 1121 1572 1155 quique
1591 1121 1616 1148 ei
1627 1128 1660 1148 ex

874 1165 1007 1194 diametro
1016 1167 1156 1201 oppositus
1166 1172 1219 1194 est.
1237 1167 1276 1194 En
1298 1166 1394 1193 illum:
1411 1175 1422 1192 ί
1442 1166 1522 1194 Solus
1535 1166 1662 1194 Christus

874 1211 983 1239 clausas
1000 1217 1093 1246 portas
1109 1212 1194 1239 vulva:
1208 1212 1348 1248 virginalis
1363 1213 1479 1246 aperuit,
1495 1220 1554 1247 qua:
1571 1217 1661 1240 tamen

874 1255 973 1284 clausae
985 1256 1089 1291 iugiter
1110 1260 1329 1292 permanserunt.
1346 1266 1355 1283 ι
1376 1256 1476 1284 Utilius
1497 1263 1563 1291 ergo
1583 1264 1660 1283 suam

874 1300 987 1335 Origeni
1004 1301 1163 1328 excusando
1178 1306 1307 1329 navasset
1329 1309 1440 1336 operam
1459 1300 1659 1329 Genebrardus.

875 1346 899 1374 si
912 1346 1025 1374 dixisset
1049 1348 1083 1375 de
1103 1346 1197 1381 Mariae
1222 1347 1379 1382 virginitate
1403 1347 1611 1383 haudquaquam
1629 1348 1662 1374 ab

875 1391 991 1428 Origene
1002 1393 1087 1421 fuisse
1097 1394 1260 1426 detractum,
1276 1393 1382 1421 etiamsi
1398 1393 1550 1428 perfractas
1568 1394 1594 1420 in
1612 1401 1661 1433 pa-

875 1439 972 1468 riendo
988 1439 1156 1475 virginitatis
1188 1440 1262 1468 fores
1284 1440 1431 1468 crediderit
1461 1439 1550 1475 (quod
1574 1439 1661 1473 ipsum

875 1490 965 1513 tamen
981 1486 1014 1514 ab
1028 1485 1152 1514 Ecclesia
1172 1486 1416 1522 rcprobatumest);
1436 1493 1489 1513 non
1503 1486 1533 1512 in
1551 1485 1663 1520 integri-

876 1536 930 1560 tate
943 1533 1042 1568 quippe
1050 1533 1150 1565 carnis,
1165 1534 1210 1561 sed
1219 1533 1244 1560 in
1252 1533 1388 1561 constanti
1404 1532 1552 1560 voluntatis
1565 1539 1663 1567 propo-

875 1577 927 1605 sito
942 1578 1127 1613 virginitatem
1140 1579 1310 1606 consistere:
1336 1585 1398 1605 nam
1416 1587 1425 1604 t
1442 1577 1586 1613 lntegritas
1600 1585 1662 1606 cor-

873 1624 978 1658 poralis
994 1625 1108 1652 membri
1121 1632 1169 1659 per
1183 1624 1309 1652 accidens
1321 1631 1350 1651 se
1364 1623 1447 1651 habet
1464 1624 1497 1651 ad
1518 1624 1661 1665 virginita-

876 1677 941 1701 tem.
960 1671 986 1697 in
996 1674 1126 1705 quantum
1138 1669 1242 1698 scilicet
1255 1677 1304 1704 per
1320 1670 1372 1697 hoc
1387 1670 1458 1703 quod
1471 1677 1505 1697 ex
1523 1669 1662 1704 proposito

874 1717 1027 1745 voluntatis
1041 1716 1162 1744 abstinet
1175 1716 1236 1751 quis
1246 1724 1260 1743 a
1277 1716 1458 1743 delectatione
1472 1723 1600 1748 venerea,
1616 1723 1661 1742 re-

874 1767 965 1790 manet
977 1761 1119 1796 integritas
1135 1761 1161 1788 in
1175 1761 1297 1788 membro
1308 1767 1448 1795 corporeo.
1469 1759 1547 1788 Unde
1560 1760 1582 1787 si
1596 1768 1662 1787 con-

873 1809 960 1844 tingat
973 1807 1047 1843 quod
1063 1815 1110 1843 per
1121 1807 1204 1834 alium
1224 1807 1332 1834 modum
1350 1806 1442 1841 aliquo
1465 1813 1531 1834 casu
1547 1806 1660 1833 membri

874 1854 1017 1888 integritas
1031 1856 1236 1888 corrumpatur,
1255 1859 1309 1879 non
1327 1852 1414 1886 magis
1432 1851 1592 1886 prmjndicat
1605 1851 1661 1878 vit-

874 1901 991 1936 ginitati,
1007 1907 1088 1935 quam
1107 1899 1128 1926 si
1153 1903 1344 1933 corrumpatur
1370 1906 1466 1926 manus
1491 1902 1538 1925 aut
1565 1906 1623 1933 pes.
1649 1909 1658 1925 θ

874 1946 963 1974 Verba
977 1950 1041 1974 sunt
1053 1944 1082 1972 S.
1101 1944 1211 1972 Thomas
1232 1944 1292 1976 2-2,
1307 1952 1334 1978 q.
1351 1944 1413 1976 l52,
1436 1952 1461 1971 a.
1479 1944 1492 1971 1
1508 1953 1515 1971 :
1532 1953 1541 1969 ι
1557 1943 1661 1972 Νοιςιιις

874 1992 938 2019 dum
955 1998 1032 2024 sane,
1049 1999 1058 2016 ι
1079 1990 1169 2024 inquit
1186 1989 1290 2025 Eligius
1307 1984 1499 2017 Noviomensis
1510 1989 1603 2017 bomil.
1631 1989 1659 2022 2,

877 2048 886 2064 ‹
905 2039 976 2072 quod
991 2037 1092 2065 dicitur
1109 2046 1115 2064 ι
1132 2036 1218 2064 Omne
1231 2035 1408 2063 masculinum
1432 2036 1590 2070 adaperiam
1605 2036 1662 2063 ωιι-

874 2093 944 2117 vam,
964 2084 1027 2119 quia
1045 2083 1088 2111 his
1100 2083 1192 2111 verbis
1205 2082 1372 2117 evangelista
1397 2089 1500 2109 morem
1525 2085 1662 2109 consueta:

875 2130 1025 2158 nativitatis
1042 2129 1188 2164 expressit.
1220 2129 1252 2156 Et
1272 2136 1327 2155 non
1351 2128 1391 2155 sic
1420 2128 1535 2163 intelligi
1556 2128 1660 2161 voluit,

875 2178 946 2204 sicut
960 2176 1060 2203 latrant
1079 2175 1211 2206 haeretici,
1240 2175 1312 2209 quod
1332 2173 1458 2202 Christus
1476 2179 1583 2201 uterum
1605 2181 1662 2200 tna-
1691 2192 1700 2200 ,

49 2234 58 2251 ι
73 2226 101 2253 Et
111 2227 176 2255 dixit
193 2227 325 2256 Dominus
338 2227 372 2254 ad
389 2233 431 2253 me
443 2235 450 2253 :
462 2224 543 2252 Porta
558 2224 618 2251 haec
630 2223 722 2250 clausa
747 2222 799 2250 erit
813 2229 820 2248 :
838 2242 859 2269 Β
877 2223 927 2250 tris
952 2223 1089 2250 nascendo
1104 2220 1435 2269 virginitate-privaverit
1447 2227 1462 2269 ς¹
1484 2220 1663 2269 cum'mulicr

48 2279 91 2300 non
100 2273 243 2308 aperietur,
262 2277 358 2301 etnon
375 2271 500 2300 transibit
524 2277 574 2305 per
588 2277 667 2296 eam:
691 2267 819 2302 quoniatn

48 2318 163 2347 Dominus
183 2321 253 2347 Deus
265 2319 347 2346 Israel
363 2318 502 2353 ingressus
514 2321 556 2344 est
570 2323 619 2350 per
630 2322 702 2346 eam,
716 2314 822 2348 eritque

47 2363 126 2393 clausa
144 2366 257 2401 principi
274 2365 294 2393 ⁸.
313 2374 323 2392 ›
337 2365 395 2398 Quo
410 2364 541 2391 illibatam
553 2366 580 2389 et
597 2361 623 2388 in
639 2363 771 2394 conceptu
794 2363 822 2385 et

48 2409 70 2437 in
83 2417 153 2446 partu
181 2412 274 2440 Mariae
301 2411 486 2446 virginitatem
512 2408 648 2440 futuram,
664 2404 822 2439 Christique

47 2463 133 2491 corpus
151 2458 250 2486 clausis
271 2458 341 2485 uteri
372 2455 506 2491 repagulis
525 2455 622 2482 eodem
650 2452 730 2479 modo
748 2450 820 2477 foras

48 2503 212 2537 proditurum,
227 2511 282 2539 quo
292 2503 326 2530 ad
342 2501 488 2536 discipulos
502 2499 638 2528 obseratis
654 2497 758 2525 foribus
773 2503 820 2532 pe-

49 2550 160 2582 netravit,
174 2549 350 2585 pramuntiari
367 2547 503 2575 allirmant
524 2545 618 2573 Patres
633 2544 767 2580 plerique.

78 2592 169 2622 Verum
184 2595 311 2630 Origenis
334 2591 539 2628 reprehensioni
563 2590 707 2619 intercedit
732 2588 821 2616 Gene-

48 2639 150 2669 brardus
164 2641 272 2669 Collect.
290 2648 351 2675 cap.
366 2640 394 2672 6,
408 2643 436 2666 et
451 2637 588 2666 Ambrosii
608 2644 641 2664 ac
663 2634 820 2671 Hieronymi

49 2687 222 2715 auctoritatem
242 2692 270 2714 et
284 2685 437 2721 exemplum
452 2684 596 2720 praetexit,
615 2689 731 2718 quorum
749 2686 822 2708 uter-

49 2738 92 2764 que
105 2733 251 2761 claustrum
271 2731 437 2767 virginitatis
450 2739 466 2757 a
481 2730 591 2758 Christo
608 2729 634 2756 in
647 2733 725 2763 partu
739 2734 821 2762 aper-

50 2781 95 2805 |um
115 2779 196 2808 fuisse
221 2779 298 2807 dicit.
324 2778 479 2813 Adiungere
494 2780 600 2807 poterat
627 2774 818 2805 Athanasium,

75 2856 157 2886 'Luc.
170 2858 255 2891 ".23.
293 2857 380 2885 'Dan.
392 2864 451 2889 xiv,
464 2856 510 2883 36.
550 2855 559 2871 ³
574 2855 672 2883 Ειοοιι.
693 2861 764 2886 sur,
777 2852 806 2880 ‘2.

192 2906 329 2937 Parnm.
344 2905 405 2936 GB-
418 2904 520 2936 XVII.

875 2276 927 2295 non
944 2273 1010 2295 tunc
1026 2266 1210 2302 virginitatem
1225 2265 1344 2296 amittat,
1372 2264 1481 2298 quando
1503 2264 1584 2298 parit,
1615 2264 1662 2290 sed

875 2314 982 2347 quando
993 2321 1053 2340 cum
1071 2313 1129 2339 viro
1145 2310 1258 2338 dormit.
1281 2319 1291 2336 ι
1312 2309 1369 2336 lluc
1386 2310 1493 2336 confert
1520 2309 1592 2344 quod
1608 2314 1664 2336 tra-

874 2363 930 2386 ctat
945 2366 1010 2385 xxvi
1024 2359 1051 2385 in
1069 2357 1178 2389 ΜαιιΙι..
1199 2365 1276 2384 ηυιη.
1295 2356 1342 2388 ‘25,
1365 2363 1427 2390 pag.
1444 2355 1508 2386 846,
1524 2364 1557 2383 ex
1577 2357 1662 2383 tradi-

874 2404 947 2431 tione
960 2404 1077 2438 qnadam
1101 2403 1199 2430 litteris
1218 2401 1359 2428 mandavit
1375 2400 1509 2436 Origenes
1525 2402 1559 2428 de
1573 2406 1661 2428 morte

874 2448 1011 2475 Zachariae
1024 2448 1126 2475 idcirco
1139 2447 1224 2480 illata,
1240 2448 1302 2482 quia
1319 2446 1422 2480 Mariae,
1437 2451 1579 2481 postquam
1598 2446 1661 2473 Ser-

873 2502 994 2524 vatorem
1011 2495 1092 2522 enixa
1106 2499 1160 2527 est,
1173 2495 1200 2521 in
1217 2495 1334 2529 quodam
1357 2494 1451 2528 templi
1473 2493 1532 2520 loco
1550 2493 1662 2527 virgini—

872 2543 925 2570 bus
940 2541 1076 2569 destinato
1104 2541 1255 2568 consistere
1286 2539 1467 2574 permisisset,
1490 2544 1517 2566 et
1544 2539 1661 2565 dixisset

876 2597 886 2614 ‹
901 2586 1108 2623 prohibentibus
1123 2594 1195 2620 eam,
1218 2586 1347 2621 quoniam
1363 2586 1445 2620 digna
1460 2588 1501 2612 est
1524 2584 1659 2618 virginum

873 2634 943 2667 loco,
957 2641 1018 2661 cum
1029 2633 1064 2661 sit
1075 2633 1162 2668 virgo.
1178 2642 1188 2658 ι

909 2680 952 2707 Ill.
967 2679 1078 2707 Beatam
1095 2678 1235 2713 Virginem
1249 2678 1352 2705 nullum
1372 2684 1491 2712 unquam
1512 2676 1539 2703 in
1556 2683 1661 2703 secon-

873 2726 979 2760 cepisse
988 2729 1140 2760 peccatum.
1154 2724 1234 2751 hodie
1246 2723 1374 2751 Ecclesia:
1388 2728 1476 2750 ratum
1485 2727 1538 2753 est,
1550 2726 1578 2748 ct
1599 2719 1661 2748 Tri«

873 2770 976 2798 dentini
987 2770 1096 2798 concilii
1111 2770 1248 2797 ﬁrmatum
1265 2769 1427 2797 auctoritate
1441 2768 1591 2795 decretum.
1601 2765 1660 2800 Quo

845 2851 853 2868 ⁸
869 2850 935 2879 Luc.
950 2857 979 2881 II,
991 2848 1036 2877 25.
1480 2890 1519 2918 27
