1904 3077
30 144 83 172 855

452 143 742 172 ORIGENIANORUM
764 143 828 171 LIB.
849 141 882 177 ll,
904 143 980 171 CAP.
1005 143 1035 177 ll,
1056 143 1196 178 QUIEST.
1218 144 1250 173 V.

1620 147 1675 176 διο

67 207 168 245 XXIX.
188 208 225 234 Et
249 216 332 245 rerum
350 208 611 245 animarcrarmlium.
627 207 711 234 XXX.
732 206 829 236 Utrum
846 208 868 236 Α
886 206 1026 232 conditum
1040 226 1048 238 ,
1071 210 1101 233 ut
1126 211 1230 234 natura:
1258 198 1310 234 illa:
1331 207 1480 236 rationales
1505 209 1531 235 in
1548 216 1610 236 eum
1624 215 1676 245 pro

67 244 220 278 unicuique
266 243 318 270 emi
340 248 363 269 et
378 244 477 269 homini
498 244 605 277 angelos
630 245 713 274 duos,
736 244 832 271 bonum

69 287 167 305 Itium.
196 251 299 305 malim:
325 277 437 304 alterum
455 279 534 305 simul
553 280 675 305 assistere
691 282 831 305 putaverit.

69 277 176 309 Itium.
196 277 299 305 malum
325 277 437 304 alterum
455 279 534 305 simul
553 280 675 306 assistere
691 282 831 313 putaverit.

70 314 170 341 XXXI.
187 313 266 340 Fons
279 313 499 348 Origeninnarum
514 316 546 341 de
563 314 661 346 angelis
677 315 833 343 lulelaribus

65 349 268 376 sententiarum
296 348 453 384 ostenditur.
490 349 598 377 XXXII.
642 350 832 384 Astipulatores

68 383 167 411 Patres
194 389 375 410 recensentur.
400 383 520 412 XXXIII.
549 384 597 411 Ea'
610 391 635 410 et
656 392 688 411 ex
709 385 833 419 Origenis

66 420 253 453 ﬂuctuatione
272 419 396 445 excusari
417 425 536 453 possunt.
566 420 684 447 XXXIV.
707 420 777 452 Quid
801 423 834 448 de

65 455 169 490 angelis
208 454 402 490 ψυχοπομποκ
433 456 556 489 opinatus
596 457 652 486 sit.
678 455 831 490 indugatur.

67 483 182 517 XXXV.
208 483 344 522 Qu't‘erittir
368 483 431 524 quid
449 483 556 518 itenserit
574 491 606 518 de
622 483 721 525 angelis
742 483 828 519 iamu-

64 526 242 552 neraliouum
273 529 298 552 et
330 533 463 559 pinnarum
494 527 669 553 admittis/ris.
702 526 824 555 XXXVI.

66 559 165 596 Utrum
181 560 290 596 angelos
308 561 459 596 neutiquam
474 561 632 588 invocrmdos
647 569 702 588 esse
717 568 827 596 putave-

63 596 108 624 rit.
145 595 284 623 XXXVII.
315 594 410 622 Utrum
445 600 470 622 et
505 597 636 631 quomoda
668 594 825 624 cherubim:

66 631 133 657 Filii
159 632 335 666 cogitationes
354 639 409 658 esse
430 632 538 659 dixerit.
565 631 708 659 XXXVIII.
732 632 828 660 Utrum

69 667 206 694 dmuones
232 667 324 693 nidore
352 671 376 692 et
410 667 536 702 sanguine
565 668 639 702 pasci
662 668 829 695 existimaue-

65 702 108 728 rit.

66 748 86 776 I.
99 747 298 784 Origenianam
313 749 346 776 de
359 748 463 783 angelis
478 748 628 776 doctrinam
642 770 650 782 ,
665 750 717 777 iter
742 750 826 778 insti-

34 798 116 821 tutum
137 798 346 828 prosequentes,
362 794 540 829 explicemus.
555 795 594 822 Ac
606 795 763 829 angelorum
780 803 828 823 no-

35 839 113 870 mine,
129 843 186 866 tum
201 840 289 867 bonos
303 840 424 876 angelos,
441 846 496 868 tum
511 841 608 872 malos,
621 842 666 876 qui
683 842 750 869 diem
761 849 829 869 ones

885 251 991 277 meritis
1000 250 1218 279 demitterentur.
1228 252 1310 286 Atqui
1321 252 1380 280 sine
1396 254 1496 280 mundo
1507 253 1590 282 Deum
1607 262 1676 281 nun-

884 303 965 331 quam
980 295 1066 324 fuisse
1075 296 1145 324 idem
1157 298 1340 332 opinabatur;
1357 299 1394 326 ait
1405 300 1476 327 enim
1493 300 1537 328 lib.
1552 309 1581 328 Ill
1604 301 1676 336 Περὶ

884 342 995 378 ἀρχῶν,
1018 349 1080 376 cap.
1098 341 1128 374 5,
1152 351 1227 370 num.
1245 343 1262 370 5
1283 353 1296 371 τη
1319 354 1329 370 ‹
1354 344 1381 372 Si
1402 346 1486 380 coepit
1507 347 1623 373 mundus
1642 355 1676 374 ex

886 395 1008 424 tempore
1020 408 1028 421 ,
1046 388 1111 423 quid
1127 394 1190 417 ante
1206 389 1325 417 iaciebat
1349 390 1420 419 Deus
1431 411 1440 424 ,
1457 399 1539 426 quam
1558 393 1674 420 numdus

886 436 1039 470 inciperet?
1058 436 1181 464 Otiosam
1201 435 1273 462 enim
1288 440 1317 463 et
1332 436 1497 464 immobilem
1517 438 1609 464 dicere
1629 446 1674 464 na-

886 487 974 509 luram
996 482 1042 509 Dei
1057 502 1065 514 ,
1087 482 1201 517 impium
1220 486 1262 509 est
1279 482 1360 510 simul
1384 487 1412 510 et
1437 483 1584 510 absurdum
1598 504 1606 517 ,
1630 483 1675 511 vel

886 532 980 562 putare
997 528 1069 563 quod
1098 527 1205 555 bonitas
1226 527 1370 561 aliquando
1394 527 1464 555 bene
1482 535 1533 555 non
1558 528 1673 561 fecerit.

886 573 927 601 vel
955 574 1151 608 omnipotentia
1181 574 1327 609 aliquando
1353 582 1406 601 non
1435 574 1520 608 egerit
1547 580 1675 609 potenta-

887 627 954 648 tum.
979 631 987 647 ι
1003 621 1086 654 Igitur
1102 628 1135 648 ne
1152 620 1298 648 rationales
1313 620 1423 655 quidem
1441 627 1546 647 naturae
1555 628 1588 648 ex
1606 627 1675 648 temn

886 675 951 702 pore
971 675 1031 694 eSse
1050 671 1200 701 coeperunt.
1223 666 1300 694 Unde
1316 666 1473 695 necessario
1489 667 1613 701 sequitur
1627 676 1675 695 eas

886 713 920 740 ab
937 713 1012 740 omni
1033 720 1090 741 aevo
1115 713 1240 741 conditas
1265 721 1280 740 a
1306 713 1364 740 Deo
1383 711 1481 746 fuisse;
1511 717 1566 740 tum
1592 713 1675 740 variis

886 759 974 786 modis
997 758 1145 786 voluntatis
1166 757 1292 785 libertate
1307 766 1370 785 usas
1384 777 1392 790 ,
1421 759 1470 786 bas
1490 762 1583 791 recte,
1603 758 1674 786 male

887 804 948 832 illas
966 805 1054 840 egisse
1066 825 1073 838 ,
1092 805 1245 838 statimque
1260 804 1409 831 sceleribus
1423 811 1515 831 carum
1531 804 1673 838 expiandis

887 851 1017 878 mundum
1042 850 1127 878 fuisse
1151 849 1328 878 fabrefactum
1355 849 1381 878 in
1404 858 1484 885 quem
1501 851 1674 878 detruderen-

35 886 216 921 appcllantur,
247 887 521 921 comprehendimus,
547 888 674 922 quoniam
697 888 823 923 permista

882 900 936 929 tur,
952 897 1019 924 adeo
1030 901 1058 922 ut
1071 897 1128 923 haec
1143 903 1172 924 re
1186 895 1249 923 licet
1263 897 1382 929 diversa,
1397 897 1478 924 simul
1495 901 1584 923 tamen
1610 905 1675 924 con-

36 936 127 966 sponte
152 939 204 959 sua
233 936 262 959 et
278 933 417 960 cohaerens
443 937 485 960 est
511 938 690 969 utrorumque
717 934 825 961 notitia.

43 976 139 1004 Horum
170 982 300 1004 naturam
331 980 388 1006 suis
417 979 584 1012 temporibus
615 980 734 1006 nondum
761 980 827 1007 satis

38 1027 123 1057 aperte
139 1023 226 1052 fuisse
244 1024 379 1059 cognitam
392 1045 400 1057 ,
417 1033 467 1053 nec
480 1025 606 1053 Ecclesiae
621 1026 827 1054 deﬁnitionibus

38 1070 207 1103 explanatam
224 1072 321 1099 scribit
344 1072 476 1107 Origenes
494 1073 520 1100 in
547 1073 679 1108 protemio
693 1073 825 1101 librorum

38 1115 101 1150 Περὶ
114 1116 229 1151 ἀρχῶν,
242 1125 318 1144 num.
332 1117 364 1145 I0
378 1127 385 1145 :
398 1128 407 1144 ι
419 1118 466 1146 Est
480 1118 561 1146 etiam
578 1119 641 1146 illud
658 1119 684 1146 in
699 1119 829 1147 ecclesia-

39 1162 102 1188 stica
120 1162 317 1196 praedicatione
331 1183 338 1196 ,
353 1170 414 1192 esse
428 1165 539 1199 angelos
555 1165 600 1192 Dei
623 1165 755 1200 quosdam
770 1185 779 1199 ,
798 1169 825 1194 et

39 1206 146 1234 virtutes
163 1208 263 1241 bonas,
279 1209 324 1242 qui
343 1209 368 1236 ei
386 1210 542 1237 ministrant
556 1210 589 1237 ad
607 1210 722 1238 salutem
736 1211 826 1238 homi-

40 1262 97 1281 num
112 1255 359 1282 consummandam
373 1265 380 1289 ;
396 1256 442 1283 sed
457 1257 567 1291 quando
581 1257 624 1284 isti
640 1258 724 1285 creati
749 1259 806 1285 sint
817 1280 825 1293 ,

40 1299 194 1336 VeLquales,
211 1305 260 1328 aut
274 1301 409 1336 quomodo
425 1302 490 1336 sint,
505 1310 559 1330 non
576 1303 642 1331 satis
658 1304 684 1331 in
703 1305 822 1332 manife—

40 1352 78 1373 sto
93 1347 262 1382 designatur.
281 1357 290 1374 ι
307 1347 339 1375 Et
360 1348 441 1382 paulo
455 1349 581 1383 superius
605 1357 680 1378 num.
696 1349 734 1377 6:
752 1359 762 1376 ι
785 1350 824 1379 De

40 1392 138 1421 diabolo
155 1414 162 1425 ,
176 1399 204 1421 et
228 1395 334 1429 angelis
357 1394 416 1430 ejus
427 1415 435 1426 ,
452 1396 651 1430 contrariisque
675 1397 823 1426 virtutibus

41 1438 215 1466 ecclesiastica
235 1439 392 1474 praedicatio
407 1440 511 1473 docuit,
525 1441 657 1476 quoniam
673 1447 738 1469 sunt
763 1444 825 1478 qui-

41 1483 94 1510 dem
109 1483 165 1511 haae
180 1492 187 1511 ε
204 1492 267 1519 qum
282 1489 371 1512 autem
383 1485 437 1512 sint
451 1504 458 1518 ,
475 1490 521 1512 aut
535 1486 671 1521 quomodo
685 1487 750 1520 sint.
769 1495 822 1516 non

43 1527 104 1555 satis
117 1528 188 1556 clare
206 1529 344 1564 exposuit.
357 1530 435 1565 Apud
450 1530 583 1566 plurimos
599 1534 689 1559 tamen
704 1532 756 1560 ista
775 1533 823 1560 ha-

42 1572 112 1600 betur
123 1574 212 1609 opinio
224 1594 232 1606 ,
249 1575 322 1609 quod
337 1575 452 1610 angelus
472 1575 555 1603 fuerit
569 1575 621 1603 iste
633 1575 757 1605 diabolus
770 1597 778 1611 ,
796 1583 823 1605 et

43 1625 154 1654 apostata
180 1620 294 1649 effectus
312 1621 529 1657 quamplurimos
552 1623 711 1658 angelorum
730 1631 823 1652 secum

43 1666 170 1694 declinare
196 1668 384 1702 persuaserit,
401 1668 447 1703 qui
475 1673 503 1695 ct
529 1677 602 1697 nunc
622 1677 706 1705 usque
731 1671 822 1706 angeli

44 1710 120 1745 ipsius
137 1719 340 1749 nuncupantur.
369 1722 379 1740 ι
399 1713 531 1742 Proclivis
550 1722 614 1750 ergo
639 1715 820 1752 eratOrigeni

44 1756 67 1783 in
82 1765 109 1784 re
123 1757 225 1787 lubrica
241 1763 269 1786 et
291 1759 393 1787 incerta
410 1759 503 1794 lapsus
515 1780 522 1791 ,
541 1765 664 1795 prompta
682 1766 710 1788 et
734 1761 823 1790 facilis

46 1802 68 1829 in
81 1804 194 1832 tenebris
208 1804 334 1833 olI‘ensio.
360 1804 394 1832 Et
412 1805 464 1831 fuit
483 1811 549 1832 sane
572 1805 710 1840 multiplex
725 1827 734 1838 ,
759 1807 821 1835 dum

45 1848 141 1884 ingenio
148 1858 197 1878 suo
211 1852 295 1879 nimis
309 1850 428 1878 conlisus
438 1855 516 1878 extra
530 1850 604 1878 oleas
627 1859 821 1888 nonnunquam

45 1894 182 1931 divagatur.
200 1897 314 1932 Singula
330 1897 374 1925 hic
394 1899 535 1927 enucleate
552 1899 720 1928 discutienda
748 1904 821 1928 sunt.

74 1940 102 1968 ιι.
121 1942 298 1977 Quazrendum
320 1943 411 1978 priore
430 1943 490 1971 loco
511 1944 576 1972 illud
602 1949 644 1973 est
658 1965 665 1978 ,
684 1953 738 1981 quo
752 1950 821 1973 tem-

46 1994 102 2021 pore
113 1990 222 2025 angelos
249 1997 264 2017 a
293 1990 348 2018 Deo
372 1991 497 2019 conditos
521 1991 656 2028 Origenes
672 1992 820 2026 statuerit;

47 2041 122 2069 neque
134 2037 243 2072 angelos
255 2038 394 2071 duntaxat,
416 2038 464 2066 sed
482 2039 599 2066 rationis
612 2038 696 2066 etiam
712 2039 821 2073 partici-

47 2086 86 2113 pes
97 2087 202 2110 naturas
216 2091 311 2111 onmes
324 2103 331 2115 ,
350 2084 407 2111 sive
423 2084 561 2112 daemones
573 2103 581 2117 .
601 2084 659 2112 sive
685 2085 822 2113 humanas

47 2127 147 2163 animus,
160 2131 216 2158 sive
233 2131 301 2157 alias
313 2138 488 2166 quascunque
502 2131 575 2166 (nam
591 2137 619 2159 et
633 2132 700 2159 alias
715 2132 820 2167 pleras-

48 2181 91 2208 que
105 2176 213 2205 rationis
237 2182 375 2211 compotes
391 2184 451 2204 esse
477 2177 572 2213 sensit)
594 2179 723 2213 quoniam
743 2179 822 2214 ejus-

880 942 1002 976 tigerint.
1021 942 1098 976 Quod
1118 946 1147 968 ut
1166 941 1359 969 Adamantium
1378 942 1415 969 ita
1431 942 1549 969 sensisse
1568 947 1672 977 putem.

880 988 944 1016 facit
959 987 1164 1015 Platonicorum
1183 989 1365 1015 recentiorum
1382 988 1542 1020 auctoritas,
1556 995 1670 1022 quorum

879 1034 1033 1062 consimilis
1048 1039 1107 1061 erat
1121 1034 1316 1069 propemodum
1335 1034 1431 1061 iisdem
1452 1034 1486 1061 de
1507 1034 1588 1062 rebus
1609 1042 1672 1062 sen—

879 1081 975 1113 tentia,
988 1085 1017 1108 ut
1028 1086 1070 1108 est
1084 1081 1155 1116 apud
1172 1081 1353 1115 Augustinum
1368 1081 1415 1109 lib.
1433 1089 1450 1108 ι
1479 1080 1517 1108 De
1528 1081 1597 1108 civit.
1610 1080 1670 1114 Dei,

878 1134 937 1162 cap.
956 1127 1000 1155 51.
1022 1126 1100 1156 Facit
1123 1131 1150 1155 et
1175 1128 1227 1155 iste
1245 1127 1403 1163 Hieronymi
1427 1129 1503 1155 locus
1520 1128 1553 1154 ad
1578 1135 1639 1162 cap.
1662 1135 1670 1155 ι

879 1173 964 1208 Epist.
981 1174 1014 1200 ad
1032 1173 1122 1200 Titum
1138 1182 1146 1200 :
1170 1183 1179 1200 ι
1200 1173 1253 1200 Sex
1268 1173 1351 1200 millia
1367 1173 1482 1200 necdum
1500 1173 1671 1201 nostriorbis

877 1219 1028 1255 implentur
1051 1220 1140 1253 anni;
1171 1225 1200 1247 et
1228 1224 1346 1255 quantas
1376 1220 1452 1254 prius
1478 1219 1669 1252 acternitates.

877 1271 978 1301 quanta
1000 1270 1133 1301 tempora,
1143 1270 1262 1302 quantas
1272 1266 1434 1294 steculorum
1451 1266 1571 1300 origines
1585 1265 1670 1294 fuisse

878 1311 1066 1339 arbitrandum
1080 1316 1137 1345 est,
1152 1311 1180 1339 in
1195 1311 1294 1346 quibus
1307 1311 1407 1346 angeli,
1428 1312 1530 1345 throni,
1545 1311 1670 1338 domina-

879 1357 976 1389 tiones,
997 1362 1157 1393 exterasque
1177 1358 1292 1384 virtutes
1309 1357 1455 1385 servierint
1473 1357 1539 1389 Deo,
1557 1362 1584 1384 et
1605 1357 1670 1384 abs-

879 1410 933 1438 que
961 1408 1114 1438 temporum
1129 1404 1235 1432 vicibns
1248 1409 1330 1439 atque
1343 1403 1477 1431 mensuris
1488 1403 1543 1430 Deo
1556 1403 1670 1438 jnbente

876 1449 1070 1477 substiterint?
1089 1459 1099 1476 ι
1120 1449 1183 1478 Ilaec
1199 1450 1401 1485 Origenismum
1426 1449 1556 1484 sapiunt,
1577 1448 1669 1483 qualia

877 1496 963 1523 multa
982 1495 1195 1524 Commentariis
1219 1497 1276 1524 suis
1299 1496 1480 1533 Hieronymus
1498 1501 1666 1531 asperserat.

875 1541 976 1570 Facilis
996 1550 1068 1570 nunc
1081 1547 1121 1570 est
1138 1542 1245 1570 Leontii
1264 1542 1386 1578 Byzantii
1403 1542 1561 1570 intellectus
1573 1563 1580 1575 ,
1605 1551 1667 1570 cum

875 1587 913 1614 ait
936 1587 1070 1614 Scltolior.
1086 1592 1140 1614 aet.
1157 1588 1189 1614 10
1203 1596 1209 1614 :
1227 1588 1282 1615 Καὶ
1301 1588 1402 1621 οὕτως.
1422 1589 1527 1623 inquit,
1540 1589 1604 1625 περὶ
1618 1590 1668 1625 τῆς

875 1632 1074 1669 προῦπόιρξεως
1097 1633 1222 1666 ἐδόξαζεν
1252 1633 1421 1670 (Ὡριγένης)
1440 1634 1537 1667 οὕτως,
1554 1635 1595 1661 ὅτι
1614 1635 1667 1671 πρὸ

873 1677 928 1704 τῶν
949 1677 1055 1706 αἰώνων
1072 1679 1130 1710 νόες
1148 1676 1219 1715 ἦσαν
1242 1679 1343 1711 πάντες
1364 1679 1490 1715 καθαροὶ,
1509 1680 1556 1707 καὶ
1568 1680 1594 1706 οἱ
1610 1680 1668 1708 δαι-

876 1733 966 1760 μονες,
979 1725 1027 1752 καὶ
1048 1726 1076 1752 αἱ
1090 1725 1187 1760 ψυχαὶ,
1208 1725 1256 1752 καὶ
1278 1726 1303 1752 οἱ
1324 1726 1433 1761 ἄγγελοι
1447 1726 1668 1762 λειτουργοῦντες

873 1769 912 1805 τῷ
931 1769 1001 1805 Θεῷ,
1024 1771 1071 1797 καὶ
1093 1770 1143 1802 τὰς
1167 1770 1278 1802 ἐντολὰς
1305 1771 1387 1798 αὑτοῦ
1416 1771 1566 1804 ποιοῦντες.
1589 1772 1618 1799 '0
1637 1773 1667 1800 δὲ

872 1812 994 1845 διάϐολος
1010 1811 1050 1846 εἷς
1065 1813 1113 1847 ὢν,
1131 1815 1226 1851 ἐπειδὴ
1240 1815 1272 1843 τδ
1294 1815 1466 1848 αὐτεξούσιον
1486 1815 1568 1852 εἶχεν,
1585 1818 1667 1852 ἠϐου-

873 1859 942 1895 λήθη
957 1860 1167 1897 ἀντιστῆναιττῷ
1181 1860 1249 1897 Θεῷ,
1264 1862 1310 1889 καὶ
1327 1862 1456 1889 ἀπώσατο
1467 1863 1570 1890 actm
1583 1864 1648 1896 Θεός
1658 1873 1666 1880 ο

874 1906 1080 1941 συναπέστησαν
1093 1906 1121 1933 δὲ
1133 1906 1208 1942 αὑτῷ
1222 1908 1308 1935 πᾶσαι
1328 1909 1357 1935 αἱ
1370 1908 1449 1935 ἄλλαι
1462 1909 1601 1944 δυνάμεις,
1618 1910 1666 1937 καὶ

873 1951 897 1978 οἱ
915 1951 965 1987 μὲν
987 1952 1056 1979 πάνυ
1076 1952 1286 1988 ἁμαρτήσαντες
1301 1954 1429 1990 δαίμονες
1449 1955 1572 1990 ἐγένοντο
1582 1965 1588 1971 ·
1598 1957 1623 1983 οἱ
1638 1956 1667 1983 δὲ

873 1997 913 2024 ἐτι
932 1997 1051 2032 ἔλαττον,
1069 1999 1189 2033 ἄγγελοι·
1209 2000 1234 2026 οἱ
1253 2000 1281 2026 δὲ
1299 2000 1456 2027 ἐτιέλαττον
1476 2001 1640 2037 ἁρχάτγελοι
1656 2009 1664 2017 ⁵

873 2045 919 2071 καὶ
927 2045 1013 2077 οὕτως
1022 2045 1120 2081 ἑφεξῆς
1131 2045 1247 2079 ἕκαστος
1261 2047 1330 2083 πρὸς
1344 2046 1393 2083 τὴν
1407 2048 1510 2074 οἰκείαν
1528 2047 1665 2084 ἁμαρτίαν

872 2091 1021 2118 ἀπέλαϐεν
1049 2092 1227 2119 ὑπελείποντο
1252 2093 1281 2120 δὲ
1299 2093 1327 2120 αἱ
1350 2093 1452 2129 ψυχαὶ,
1479 2094 1580 2126 αἵτινες
1604 2094 1666 2121 οὐδὲ

871 2138 988 2164 τοσαῦτα
1003 2136 1073 2174 ἦσαν
1092 2139 1298 2176 ἀμαρτήσασαι,
1318 2140 1362 2167 ἵνα
1376 2140 1502 2175 δαίμονες
1513 2141 1644 2176 γένωνται
1657 2150 1664 2156 ·

872 2183 931 2209 οὐδὲ
946 2183 1027 2210 πάλιν
1037 2183 1108 2210 οὕτω
1122 2185 1306 2220 κουφοτέρως,
1327 2186 1371 2212 ἵνα
1390 2185 1500 2220 ἄγγελοι
1515 2186 1663 2220 γένωνται·

48 2219 98 2246 dem
128 2229 172 2249 eas
198 2229 294 2249 omnes
318 2230 380 2249 esse
400 2223 469 2249 inter
487 2230 516 2250 se
534 2227 656 2256 naturae,
676 2228 704 2250 et
721 2225 817 2251 eodem

880 2230 1000 2265 moiqaav
1022 2229 1068 2257 οὖν
1090 2231 1135 2258 τὸν
1156 2219 1277 2266 παρόντα
1301 2219 1418 2267 κόσμονέ
1433 2219 1484 2259 imi.
1503 2219 1552 2268 τὴν
1576 2232 1666 2269 ψυχὴν

49 2267 155 2300 tempore
173 2275 187 2294 a
211 2268 266 2295 Deo
282 2267 425 2302 conditas,
442 2273 553 2304 tumque
572 2268 654 2296 fuisse
674 2269 748 2301 νόας,
766 2270 819 2298 hoc

48 2314 100 2343 εει,
121 2319 232 2347 mentes;
259 2314 358 2342 deinde
374 2321 439 2341 vero
463 2319 577 2349 propter
591 2315 684 2342 varios
708 2316 816 2343 illarum

48 2362 124 2385 mutus
135 2380 142 2391 ,
166 2368 197 2387 ac
213 2361 349 2388 diversum
377 2360 453 2388 liberi
469 2361 572 2388 arbitrii
591 2370 669 2389 usum
687 2363 714 2390 in
728 2363 817 2391 varios

48 2403 152 2437 ordines,
168 2408 222 2434 sive
236 2407 394 2441 angelorum
409 2426 417 2439 ,
437 2407 494 2434 sive
509 2408 647 2435 hominum
662 2428 670 2440 ,
694 2409 752 2436 sive
766 2409 820 2436 daa-

50 2454 144 2478 munum
165 2453 339 2486 distributas,
360 2453 497 2480 constanti
520 2458 548 2481 et
570 2453 666 2481 iterata
682 2454 818 2489 Origenes

50 2496 182 2526 asserliune
196 2499 332 2533 prodidit,
354 2503 383 2526 ut
397 2506 468 2534 saepe
484 2499 510 2526 in
528 2500 707 2534 sequentibus
723 2505 820 2527 osten-

50 2539 139 2572 demus.
154 2545 322 2580 Atquoniam
332 2547 409 2582 vulgo
422 2546 540 2582 ignorari
560 2546 667 2579 scribit,
681 2554 737 2581 quo
751 2551 821 2573 tem-

51 2593 104 2619 Pore
124 2598 216 2620 creata:
237 2594 290 2622 illa:
311 2594 367 2621 sint
382 2602 398 2621 a
417 2593 481 2626 Deo,
496 2601 546 2621 nec
562 2594 708 2629 quidquam
724 2598 817 2628 aperte

51 2638 119 2666 5“Der
129 2644 157 2663 ea
174 2646 201 2665 re
215 2640 347 2673 deﬁnivit,
361 2640 527 2675 coniecturis
539 2640 672 2667 duntaxat
686 2640 817 2667 utendum

51 2682 93 2705 est.
115 2680 248 2712 Probabile
271 2686 336 2713 mihi
359 2687 467 2721 quidem
484 2687 513 2713 ﬁt
534 2691 646 2713 naturas
663 2685 816 2721 hujusmodi

51 2723 79 2750 ab
97 2731 190 2757 asterno
212 2737 316 2760 creatas
338 2741 353 2760 a
382 2733 435 2760 Deo
455 2732 598 2767 Origenem
623 2732 814 2766 existimasse;

52 2774 255 2804 quemadmodum
273 2786 410 2813 nunquam
424 2787 477 2806 non
492 2780 551 2806 sine
563 2780 622 2806 luce
642 2778 691 2806 sibi
711 2786 814 2812 coaava,

53 2813 104 2863 ξίοξὶι
120 2825 303 2858 aseproducta
320 2825 360 2852 sol
372 2824 431 2852 fuit.
451 2824 703 2852 Dcmonstrabimns
716 2825 816 2860 quippe

54 2860 123 2897 illi”.
139 2873 289 2901 persuasum
307 2870 394 2918 fuisse
409 2871 446 2899 illi
465 2871 594 2899 mundum
615 2871 717 2900 idcirco
732 2879 745 2898 ει
759 2871 814 2900 Dco

874 2275 1001 2312 συνέδησε
1018 2275 1059 2311 τῷ
1079 2275 1185 2311 σώματι
1202 2275 1272 2312 πρὸς
1293 2276 1411 2304 κόλασιν.
1431 2285 1441 2301 t
1467 2276 1556 2310 Atque
1571 2276 1607 2303 ita
1624 2277 1666 2303 in-

875 2321 953 2348 terim
975 2322 1007 2349 de
1022 2322 1237 2356 prmexsistentia
1253 2322 1407 2358 (Origenes)
1430 2323 1584 2356 sentiebat,
1601 2327 1665 2350 ante

875 2366 971 2393 saecula
986 2371 1090 2394 mentes
1106 2367 1190 2394 fuisse
1205 2375 1286 2402 puras
1300 2375 1395 2395 omnes
1407 2387 1414 2398 .
1431 2372 1458 2395 et
1474 2368 1624 2401 daemones,
1636 2372 1665 2396 et

874 2414 989 2444 animas,
1005 2418 1033 2441 et
1050 2415 1160 2448 angelos
1175 2415 1363 2442 ministrantes
1380 2415 1445 2447 Deo,
1462 2415 1574 2450 ejusque
1587 2422 1665 2442 man-

875 2459 936 2486 data
952 2465 1144 2494 exsequentes.
1169 2459 1311 2487 Diabolum
1327 2465 1417 2486 autem
1433 2480 1441 2492 ,
1458 2468 1519 2487 cum
1537 2468 1606 2488 unus
1619 2468 1664 2487 es-

873 2510 935 2537 set,
952 2505 1081 2539 quoniam
1101 2505 1209 2532 arbitrii
1227 2505 1354 2532 libertate
1375 2505 1509 2540 pollebat,
1524 2505 1580 2533 Deo
1597 2507 1659 2534 resi-

871 2555 944 2576 stere
969 2550 1085 2577 voluisse
1101 2570 1108 2583 ,
1136 2558 1254 2584 eumque
1275 2560 1290 2578 a
1318 2552 1372 2578 Deo
1395 2551 1478 2578 fuisse
1501 2552 1663 2586 expulsum;

872 2603 979 2630 unaque
991 2603 1052 2623 cum
1066 2596 1123 2630 ipso
1139 2597 1388 2624 descivisseomnes
1402 2597 1470 2625 alias
1485 2598 1599 2625 virtutes
1612 2618 1620 2629 .
1635 2603 1664 2625 et

871 2649 931 2676 qua:
945 2641 1005 2676 plus
1029 2648 1210 2676 peccassent,
1226 2643 1364 2671 daemones
1381 2643 1518 2676 evasisse;
1536 2652 1597 2678 quae
1612 2643 1664 2671 mi-

871 2696 922 2715 nus
936 2709 943 2721 ,
958 2688 1069 2722 angelos
1085 2697 1092 2722 ;
1110 2696 1170 2723 quae
1186 2689 1275 2717 minus
1298 2690 1381 2718 etiam
1394 2709 1403 2723 ,
1423 2690 1616 2725 archangelos;
1634 2694 1663 2717 et

872 2734 908 2761 ita
933 2739 1132 2770 consequenter
1158 2743 1380 2771 unumquemque
1402 2744 1451 2772 pro
1476 2744 1525 2764 SUO
1549 2741 1662 2770 ρρεριιιο

872 2781 1007 2815 recepisse
1024 2782 1163 2816 prauuium
1182 2790 1188 2808 :
1208 2781 1326 2816 reliquas
1343 2788 1433 2810 autem
1444 2783 1529 2810 fuisse
1543 2783 1660 2814 animus,

872 2834 932 2862 quae
943 2835 996 2855 non
1013 2833 1117 2855 tantum
1133 2834 1310 2863 peccaverant
1324 2849 1331 2861 ,
1350 2835 1379 2857 ut
1394 2831 1530 2858 dmmones
1544 2829 1660 2863 tierent;

874 2881 962 2909 neque
991 2882 1095 2902 rursum
1124 2874 1161 2902 ita
1190 2874 1296 2910 leviter,
1326 2881 1355 2904 ut
1378 2877 1466 2913 angeli
1493 2876 1659 2911 evaderent;
