1904 3077
229 121 282 150 847

868 119 896 146 Ρ.
920 119 1078 148 DANIELIS
1096 119 1213 148 llUE'l'll

1808 119 1857 147 8l8

227 179 355 209 mundum
374 180 465 214 itaque
481 178 553 205 httnc
571 177 727 206 condidisse
738 198 746 209 .
760 178 938 213 animamque
949 187 1013 214 sup-
1029 182 1051 209 Α
1067 187 1126 206 esse
1138 178 1264 214 Origeuis
1277 178 1369 213 opinio
1385 178 1437 205 fuit
1449 200 1456 212 ,
1475 179 1520 205 sed
1536 186 1567 206 ea
1585 183 1675 206 tamen
1693 182 1809 213 propter
1823 179 1859 206 itt-

227 227 299 262 plicii
316 233 396 254 causa
411 225 519 259 corpori
536 224 690 259 colligasse.
709 233 718 249 ι
736 223 908 251 Creatiouem
932 225 1012 259 inter,

227 279 256 300 et
278 277 416 306 peccatum
429 291 436 303 ,
452 276 480 297 et
502 277 609 305 pmuatn
624 291 632 302 ,
646 275 814 298 momentum
830 271 886 298 fere
903 271 1012 298 unicum

228 318 415 346 intercessisse
444 315 584 352 intellige,
611 321 692 351 atque
717 317 774 344 haec
797 317 851 352 πρὸ
874 317 929 344 τῶν
946 317 1012 344 αἰὼ-

226 374 288 395 νων,
306 365 331 392 id
347 368 387 391 est
402 363 434 389 ab
450 367 561 394 attento,
579 362 738 397 contigisse.
752 362 791 390 Ad
806 362 934 398 Origenis
952 371 1010 390 sen-

226 412 336 440 tentiam
357 409 461 437 accedit
475 414 571 437 auctor
588 408 776 436 Commentarii
795 409 822 436 in
840 408 891 436 Job
905 429 912 441 ,
930 416 1012 444 quem

228 458 309 485 vertit
334 457 500 489 Perionius;
532 456 571 483 ait
595 456 667 482 enim
684 463 691 483 :
709 464 719 481 ι
743 455 771 482 In
797 455 903 482 diabolo
922 460 1013 482 autem

226 503 388 540 principium
404 503 576 530 l'ormationis
593 501 796 536 intelligendum
811 507 863 534 est,
875 509 929 528 non
942 501 1012 535 quod

227 550 349 577 omnium
363 557 422 583 qua:
438 549 543 576 ratione
556 554 584 576 et
597 548 688 575 animo
702 547 897 582 intelliguntur,
910 547 1014 582 primus

225 595 262 622 sit
275 594 403 627 ell'celus;
419 594 468 622 sed
482 594 553 629 quod
561 593 620 621 sine
638 598 769 628 tempore,
784 593 1012 627 quemadmodum

227 640 301 667 locus
321 639 365 666 ille
375 639 506 667 declarat.
527 647 536 664 ι

262 684 305 712 Ill.
327 684 478 712 Videndum
493 682 591 711 deinde
605 682 751 717 angelosne
769 687 929 718 corporales
942 689 1012 715 esse,

226 739 260 758 an
274 739 387 766 corpore
401 738 494 758 carere
513 729 650 764 Origenes
665 729 816 756 arbitratus
833 729 878 756 sit.
897 728 956 756 Non
973 737 1014 756 sa-

227 778 263 806 tis
278 782 366 804 autent
389 776 534 811 explicata,
551 780 578 803 et
597 781 671 802 certa
688 775 797 802 videtur
814 775 901 809 prima
923 774 1014 803 fronte

227 824 288 858 ejus
306 823 392 854 ratio;
409 831 471 849 nam
491 821 638 857 pugnantia
653 828 745 848 secum
758 828 819 848 esse
839 821 914 848 dicas
928 840 936 852 ,
953 827 1013 855 qua!

1068 224 1171 258 signem
1189 223 1365 251 Subtilitatem
1379 244 1387 256 ,
1403 231 1464 250 cum
1484 224 1597 258 reliquis
1614 223 1711 250 mundi
1735 225 1858 258 carperi-

1067 271 1117 297 hus
1135 275 1292 304 comparata
1304 289 1311 302 ,
1329 269 1481 302 spiritualia
1495 290 1502 301 ,
1527 274 1556 296 ιιι
1573 270 1757 297 ostendemus
1778 269 1858 303 paulo

1067 319 1128 350 pOsl
1140 335 1147 346 ,
1164 320 1191 342 et
1208 315 1367 349 incorporea
1383 314 1434 340 dici
1451 321 1529 348 posse
1549 323 1554 340 :
1572 314 1700 348 quamvis
1716 320 1784 348 ergo
1799 319 1859 341 ante

1068 360 1159 387 mundi
1176 359 1255 393 hujus
1269 359 1392 394 corporei
1407 358 1543 393 opiﬁcium
1557 359 1666 386 condita
1688 366 1723 386 ea
1746 359 1858 391 fuerint,

1067 413 1179 440 corpore
1194 411 1282 432 tamen
1304 405 1343 432 sui
1367 404 1476 439 generis
1500 404 1586 432 fuisse
1606 405 1764 437 instructa;
1779 411 1812 431 ac
1829 412 1858 431 ne

1068 451 1094 478 in
1111 451 1201 486 primo
1220 451 1327 485 quidem
1353 450 1400 478 illo
1420 454 1491 477 statu
1508 450 1554 477 diu
1576 457 1777 484 perseverasse
1789 471 1797 483 ,
1814 450 1858 477 sed

1067 496 1186 523 admisso
1207 497 1297 523 statim
1320 500 1462 531 postquam
1479 499 1571 522 creata
1586 500 1651 522 sunt
1666 500 1784 529 peccato
1799 515 1806 526 ,
1833 496 1857 522 in

1067 543 1200 569 crassiora
1225 543 1355 569 continuo
1383 549 1497 575 corpora
1521 542 1646 576 supplicii
1663 549 1749 568 causa
1775 541 1858 568 fuisse

1068 587 1206 614 immersa.
1231 587 1332 613 Praeter
1358 587 1497 621 superiora
1517 586 1672 613 testimonia
1696 586 1801 620 quibus
1816 594 1858 612 an-

1067 633 1133 669 gelis
1159 640 1258 668 corpus
1279 632 1426 667 aﬂingitur,
1453 633 1592 660 recitanda
1613 640 1724 668 quoque
1743 639 1776 660 ea
1800 640 1858 667 qua

1068 679 1154 706 locum
1167 678 1293 714 Origenis
1305 686 1386 713 supra
1397 679 1506 706 allatum
1521 678 1680 713 excipiunt:
1701 687 1710 704 ι
1733 678 1769 705 Ut
1783 686 1856 712 ergo,

1068 727 1164 762 inquit,
1183 727 1307 761 superius
1321 727 1439 754 diximus
1450 746 1458 758 ,
1473 727 1622 753 materialis
1635 727 1795 754 substantia
1812 727 1857 753 hu-

1064 772 1108 806 jus
1128 772 1220 800 mundi
1246 772 1350 799 habens
1374 778 1522 805 naturam,
1545 779 1605 806 quae
1619 780 1653 799 ex
1678 773 1809 799 omnibus
1827 773 1857 799 ad

1067 818 1158 845 omnia
1187 817 1407 850 trausl‘ormatur,
1435 826 1496 846 cum
1516 819 1548 845 ad
1573 818 1719 846 inferiores
1735 827 1857 853 quosque

227 870 339 896 diversis
359 869 434 896 libris
451 876 531 902 super
550 875 583 895 eo
604 872 766 902 argumento
781 867 920 894 disseruit.
943 866 1012 900 Qui-
1027 873 1048 902 Β
1063 864 1191 896 trahitur,
1215 865 1240 891 itt
1255 865 1419 892 crassiorem
1446 865 1569 898 corporis
1604 869 1708 891 statum
1746 865 1856 892 solidio-

227 921 333 947 cunque
359 917 448 939 tamen
470 912 589 938 animum
617 912 649 938 ad
675 911 735 946 ejus
761 911 842 938 verba
867 911 1015 938 attenderit

227 959 381 994 diligenter,
406 958 486 985 aliter
506 957 650 992 judicabit.
679 956 747 984 Rata
771 957 868 992 quippe
887 957 938 984 fult
956 956 1015 991 ejus

227 1010 256 1033 et
269 1010 397 1032 constans
420 1003 511 1038 opinio
539 1003 648 1038 angelos
671 1011 787 1038 corpore
806 1010 866 1030 esse
885 1003 1012 1034 indutos,

227 1051 274 1079 sed
291 1051 382 1078 subtili
396 1055 423 1077 et
444 1050 542 1077 tenui:
559 1057 624 1076 natu
649 1049 694 1078 lib.
714 1057 722 1076 ι
749 1049 784 1076 De
803 1049 928 1083 princip.,
953 1056 1013 1083 cap.

225 1097 254 1129 ϐ,
267 1105 341 1124 ntttn.
356 1096 383 1129 4,
402 1096 558 1130 pronuntiat
578 1104 586 1121 ι
606 1095 690 1122 solius
707 1095 771 1128 Dei,
797 1095 823 1122 id
836 1100 879 1121 est
907 1094 1013 1127 Patris,

225 1148 252 1171 et
268 1143 339 1175 Filii,
356 1146 384 1169 et
396 1141 513 1176 Spiritus
524 1140 612 1168 sancti
629 1145 732 1168 natura:
746 1140 772 1167 id
789 1141 927 1175 propritttn
943 1147 1014 1172 esse,

226 1195 255 1216 nt
269 1190 328 1217 sine
343 1187 473 1215 ntateriali
499 1187 650 1214 substantia
664 1206 672 1219 ,
689 1191 716 1213 et
733 1185 836 1221 absque
852 1186 905 1213 ulla
919 1194 1023 1221 σαπρο-¹

227 1243 281 1263 reae
306 1233 464 1269 adjectionis
482 1232 613 1259 societate
634 1232 800 1267 intelligatur
817 1231 977 1260 subsistere.
1002 1241 1012 1258 ι

224 1281 310 1315 Quem
332 1281 418 1306 locum
436 1278 513 1305 affert
531 1279 561 1306 ὃ.
588 1278 708 1306 Thomas
732 1286 758 1313 p.
776 1287 796 1309 t.
816 1286 843 1313 q.
869 1278 914 1311 5|,
937 1286 964 1305 a.
986 1278 1012 1310 l,

225 1333 339 1360 eamque
353 1325 506 1358 opinionem
532 1324 565 1350 ab
581 1323 702 1358 antiquis
728 1323 899 1357 philosophis
917 1322 1013 1358 Orige-

227 1378 289 1398 nem
312 1370 437 1397 hausisse
456 1373 605 1396 asseverat.
630 1367 753 1396 Clariora
773 1368 856 1396 etiam
873 1369 1013 1404 proloqui-

227 1416 326 1443 turlib.
343 1423 361 1442 ιι
389 1412 508 1450 ejusdem
523 1414 632 1448 operis,
650 1421 709 1449 cap.
726 1413 753 1448 2,
767 1422 841 1442 num.
856 1415 881 1446 l,
898 1419 926 1441 et
939 1418 1014 1449 post-

225 1470 307 1498 quam
321 1462 445 1496 quwsivit
460 1470 493 1489 an
517 1469 650 1489 summam
672 1461 832 1488 beatitatem
847 1461 951 1495 adeptae
971 1468 1014 1487 ra-

226 1508 300 1535 tione
322 1507 455 1542 pollentes
472 1511 575 1534 naturae
598 1514 696 1543 corpus
713 1507 821 1541 penitus
838 1514 937 1533 exuere
953 1514 1015 1541 pos-

226 1555 293 1586 sint,
304 1554 410 1588 sibique
425 1554 450 1580 id
466 1562 475 1579 ι
495 1553 684 1581 dillicillimum
700 1559 727 1581 et
743 1561 809 1588 pene
821 1553 988 1587 impossibile
1002 1562 1011 1579 ι
1028 1543 1049 1571 C

227 1600 311 1628 videri
334 1600 420 1632 dixit;
438 1599 594 1634 addiditque
610 1619 617 1632 ,
634 1599 704 1634 quod
728 1604 754 1626 et
776 1599 900 1634 sequenti
926 1599 1014 1633 capite

226 1647 324 1674 iterum
342 1651 466 1681 usurpat,
481 1653 592 1673 necesse
609 1645 666 1673 fore
682 1646 708 1672 in
725 1646 838 1672 nihilum
854 1646 940 1679 redigi
953 1653 1014 1672 cor-

227 1700 337 1728 poream
365 1698 511 1725 naturam,
537 1692 764 1726 quemadmodum
789 1692 822 1718 de
852 1691 937 1718 nihilo
964 1690 1015 1717 fuit

225 1744 378 1774 procreata,
388 1739 410 1765 si
426 1739 501 1765 utilis
518 1745 578 1765 esse
593 1738 747 1768 desineret;
765 1742 820 1764 tum
837 1737 926 1764 subdit.
938 1744 1012 1763 num.

226 1784 245 1811 2
262 1792 268 1810 :
281 1793 291 1810 ‹
304 1785 332 1811 Si
347 1792 410 1811 vero
423 1783 637 1818 impossibilecst
651 1783 701 1810 hoc
714 1782 767 1810 ullo
782 1783 860 1810 modo
874 1781 1013 1814 allirmari,

226 1831 252 1858 id
270 1836 312 1858 est
325 1851 333 1863 ,
352 1831 423 1866 quod
445 1831 537 1857 vivere
553 1834 651 1864 przeter
668 1837 769 1864 corpus
784 1829 871 1864 possit
887 1828 941 1855 ulla
961 1828 1014 1855 alia

227 1883 321 1905 natura
338 1898 346 1909 ,
371 1882 468 1912 przeter
488 1877 595 1904 Patrem
609 1896 617 1908 ,
640 1880 668 1903 et
689 1875 787 1902 Filium
802 1895 810 1908 ,
834 1880 861 1902 et
881 1874 1013 1909 Spiritum

227 1928 364 1954 sanctum,
381 1923 529 1950 necessitas
540 1921 745 1957 consequentia:
759 1929 790 1948 ac
813 1921 927 1948 rationis
939 1928 1014 1947 coar-

227 1974 283 1998 ctat
298 1970 408 2004 intelligi
423 1989 430 2000 .
445 1969 631 2004 principaliter
644 1968 754 2003 quidem
777 1971 883 1995 creatas
894 1974 955 1994 esse
972 1974 1015 1993 ra-

227 2016 370 2043 tionabiles
397 2022 526 2049 naturas;
553 2016 722 2042 materialem
742 2022 807 2041 vero
833 2014 1014 2041 substantiam

227 2062 353 2098 opinione
368 2061 476 2096 quidem
488 2066 515 2088 et
528 2061 664 2088 intellectu
678 2060 765 2087 solum
782 2059 904 2094 separari
918 2059 952 2086 ab
963 2059 1014 2092 eis,

226 2112 255 2135 et
273 2115 321 2142 pro
346 2108 431 2142 ipsis,
453 2107 493 2134 vel
512 2112 573 2142 post
596 2108 667 2142 ipsas
691 2105 820 2133 etTectam
842 2104 927 2131 videri
943 2124 950 2136 ,
968 2103 1015 2131 sed

226 2161 363 2188 nunquant
391 2154 449 2181 sine
471 2153 528 2188 ipsa
545 2161 593 2180 eas
608 2153 650 2180 vel
670 2152 771 2179 vixisse
788 2151 826 2178 vel
841 2151 930 2178 vivere
946 2159 953 2177 :
972 2157 1015 2177 so-

225 2200 277 2228 lius
302 2208 418 2235 namque
442 2199 585 2227 Trinitatis
612 2198 772 2232 incorporea
798 2198 853 2224 vita
881 2196 1013 2224 exsistere

226 2252 299 2275 recte
323 2248 471 2282 ptttabitur.
503 2256 512 2272 ι
540 2246 603 2274 ilzec
629 2244 780 2272 insectandi
800 2243 926 2279 Origenis
952 2243 1011 2270 viro

227 2300 324 2328 magno
334 2293 507 2328 pra‘blterltnt
523 2296 723 2327 argumentum,
741 2291 811 2325 quod
826 2298 886 2317 cum
901 2289 1012 2325 angelos

225 2343 253 2367 et
267 2339 378 2366 rationis
394 2345 508 2373 capaces
525 2339 632 2365 animas
647 2338 728 2373 longo
751 2336 894 2364 intervan
915 2343 1012 2371 θοι-ρο-

227 2385 301 2413 ribus
327 2385 448 2413 caruisse
477 2385 540 2412 alibi
568 2384 677 2417 dixerit,
710 2384 736 2410 id
768 2389 856 2410 tamen
878 2383 934 2409 ﬁeri
960 2390 1012 2409 tton

226 2440 305 2467 posse
318 2432 364 2460 hic
378 2431 562 2459 allirmaverit.
580 2430 682 2457 Verum
695 2438 736 2457 res
757 2429 837 2457 aliter
859 2437 888 2456 se
915 2429 1011 2462 habet;

225 2478 282 2515 (27)
294 2487 354 2506 nam
363 2486 507 2513 corporeus
519 2478 626 2513 quidem
638 2476 749 2512 angelos
760 2481 787 2503 et
802 2476 907 2503 animas
919 2483 1012 2502 revera

260 2567 410 2606 (ΞΠ-ΝΜ
433 2576 569 2606 corporeo:
590 2568 695 2606 quidem
721 2566 827 2606 angelos
850 2571 874 2593 ει
896 2565 1010 2605 animus,

224 2601 278 2632 ote.
307 2601 375 2630 'Vide
402 2601 483 2638 paulo
509 2603 577 2630 infra
609 2602 814 2630 observationes
848 2606 956 2628 nostras
984 2601 1010 2626 in

228 2647 302 2665 nuttt.
318 2639 345 2666 5,

260 2674 318 2709 (28)
344 2673 452 2707 Semper
465 2678 564 2703 autem.
583 2677 634 2699 etc.
653 2672 737 2705 llnjus
760 2675 904 2709 contextus
919 2675 1011 2709 postes

227 2705 323 2735 rto‘rem
340 2705 443 2743 partem
462 2712 552 2742 utpote
566 2715 706 2734 erroneam
719 2727 727 2737 .
741 2712 767 2734 et
788 2715 802 2733 a
821 2705 1010 2743 littl‘tnodissi-

228 2741 354 2769 mulatam
371 2743 411 2770 sic
429 2741 539 2770 exhibet
556 2743 737 2777 llierunymus
759 2742 785 2769 itt
801 2741 927 2777 epist._ad
945 2741 1011 2766 Avi-

227 2783 283 2804 tum
299 2787 305 2804 :
325 2786 334 2802 ι
353 2777 380 2804 Si
399 2778 458 2812 quis
479 2782 568 2804 autetn
585 2775 703 2811 potuerit
718 2777 862 2803 ostendere
886 2775 1011 2812 incorpo-

228 2812 311 2838 ralem
327 2809 568 2846 rationabilemque
584 2809 720 2844 naturam,
735 2819 797 2838 cum
812 2809 1009 2846 exspoliaverit

226 2853 257 2874 so
269 2854 405 2881 corpore,
431 2844 591 2880 vivere’pcr
613 2847 786 2881 semetipsum
801 2865 809 2877 ,
828 2844 905 2873 οι⁷ἰιι
924 2844 1008 2879 pejori

1067 917 1178 945 remque
1199 909 1340 942 formatur,
1359 910 1396 937 ita
1418 915 1446 937 ut.
1461 911 1583 938 visibiles
1598 911 1666 938 istas
1682 911 1780 938 mundi
1797 918 1855 946 spe-

1065 957 1131 989 cies,
1146 956 1291 991 variasque
1306 956 1455 992 distinguat
1472 966 1478 984 :
1494 964 1555 984 cum
1568 964 1633 985 vero
1646 957 1856 992 perfectioribus

1066 1002 1202 1030 ministrat
1220 1007 1248 1029 et
1261 1002 1436 1033 beatioribus,
1460 1003 1486 1029 in
1500 1002 1604 1037 fulgore
1622 1002 1781 1030 cmleslium
1801 1010 1856 1030 eor-

1065 1056 1160 1084 porum
1172 1048 1269 1081 m'icat,
1292 1053 1317 1075 et
1332 1048 1464 1082 spiritalis
1479 1050 1601 1083 corporis
1621 1049 1795 1076 indumentis
1818 1049 1856 1075 vel

1065 1095 1176 1130 angelos
1193 1094 1251 1126 Dei,
1268 1094 1310 1121 vel
1329 1093 1399 1121 ﬁlios
1412 1095 1620 1122 resurrectionis
1633 1100 1763 1122 exornat.
1781 1105 1790 1121 ι
1806 1096 1855 1123 Sed

1065 1146 1093 1168 et
1112 1140 1157 1168 lib.
1173 1148 1210 1174 tv,
1223 1140 1249 1167 in
1265 1140 1489 1175 anaeephalzeosi,
1510 1149 1586 1168 num.
1610 1141 1644 1168 55
1660 1150 1666 1168 :
1683 1150 1693 1166 ι
1710 1141 1769 1176 (-28)
1782 1141 1855 1168 Seut-

1066 1195 1115 1222 per
1129 1191 1219 1214 autem
1232 1191 1313 1213 erunt
1333 1186 1505 1214 rationabiles
1526 1192 1639 1219 naturae,
1660 1195 1722 1223 quae
1736 1189 1856 1223 indigent

1067 1233 1223 1259 indumento
1233 1239 1365 1267 corporeo
1379 1239 1386 1258 :
1400 1239 1506 1267 sentper
1527 1241 1592 1268 ergo
1603 1234 1656 1261 erit
1674 1239 1776 1261 natura
1799 1242 1856 1261 cor-

1067 1286 1159 1312 porea.
1170 1278 1247 1314 cujus
1260 1279 1424 1306 indumentis
1439 1279 1476 1306 uti
1493 1285 1604 1306 necesse
1615 1285 1658 1307 est
1678 1280 1856 1308 rationabiles

1065 1330 1214 1352 creaturas.
1231 1323 1286 1352 Nisi
1299 1325 1360 1359 quis
1375 1329 1449 1363 putet
1461 1332 1541 1361 posse
1563 1333 1593 1353 se
1614 1326 1675 1353 ullis
1696 1327 1855 1354 assertioni-

1066 1370 1116 1398 bus
1136 1370 1282 1398 ostendere
1300 1371 1372 1406 quod
1394 1371 1480 1406 possit
1492 1376 1589 1398 natura
1606 1372 1780 1399 rationabilis
1793 1372 1852 1399 abs-

1065 1425 1117 1452 que
1138 1417 1191 1445 ullo
1207 1425 1321 1452 corpore
1345 1418 1428 1445 vitam
1447 1417 1555 1452 degere.
1577 1418 1630 1445 Sed
1646 1426 1728 1452 quant
1752 1418 1857 1445 ditIicile

1066 1463 1111 1494 sit,
1124 1467 1150 1490 et
1163 1470 1242 1497 quam
1263 1470 1332 1497 pene
1353 1463 1519 1498 impossibile
1537 1464 1688 1491 intellectui
1711 1470 1819 1492 nostro.
1833 1466 1855 1491 in

1066 1508 1251 1544 superioribus
1262 1509 1366 1544 singula
1383 1509 1550 1537 disserentes
1562 1511 1746 1538 ostendimus.
1763 1521 1773 1536 ι
1788 1511 1855 1545 Qua-

1066 1559 1175 1590 propter
1193 1560 1220 1582 et
1232 1555 1345 1583 Photius
1357 1556 1420 1583 cod.
1445 1563 1500 1589 CVI,
1521 1555 1723 1591 Tlteognostttm
1741 1557 1857 1584 Alexan—

1065 1600 1173 1628 drinum
1191 1601 1259 1627 libro
1271 1607 1370 1635 quarto
1388 1600 1590 1637 Hypatyposeon
1606 1610 1638 1629 ex
1652 1608 1745 1630 mente
1756 1609 1785 1630 et
1795 1611 1856 1630 scu-

1065 1647 1149 1674 tenlia
1162 1646 1289 1681 Origenis
1314 1648 1456 1681 scripsisse
1478 1647 1573 1678 refert.
1587 1649 1691 1683 angelis
1706 1654 1735 1676 et
1757 1650 1856 1676 daemo-

1066 1694 1145 1720 nibus
1156 1693 1236 1720 exilia
1248 1700 1360 1728 corpora
1375 1700 1435 1720 esse
1447 1694 1652 1729 circumposita.

1101 1737 1145 1764 IV.
1173 1737 1225 1765 Sed
1241 1739 1364 1773 quamvis
1389 1739 1598 1767 rationabilibus
1625 1739 1732 1767 naturis
1760 1748 1856 1774 corpus

1065 1784 1165 1811 diserte
1182 1790 1210 1811 et
1226 1785 1328 1820 liquido
1341 1785 1475 1812 alliuxerit
1491 1785 1633 1821 Origenes,
1655 1794 1670 1812 a
1686 1794 1716 1813 se
1732 1787 1856 1813 diversus

1065 1831 1141 1857 abire
1167 1831 1274 1858 videtur
1291 1831 1352 1858 aliis
1368 1831 1435 1858 locis
1447 1851 1455 1863 ,
1474 1836 1500 1859 et
1516 1839 1615 1865 corpus
1633 1831 1732 1858 iisdem
1754 1833 1856 1859 naturis

1065 1876 1219 1904 detrahere;
1236 1877 1282 1904 Sic
1293 1876 1386 1904 homil.
1405 1877 1415 1904 l
1436 1877 1464 1904 in
1479 1876 1587 1909 Oenea,
1603 1885 1677 1904 ntutt.
1698 1877 1715 1903 2
1731 1886 1738 1904 :
1758 1887 1768 1902 ε
1791 1878 1855 1904 Cum

1064 1923 1136 1949 enim
1148 1929 1178 1949 ea
1194 1930 1254 1957 qua:
1268 1922 1392 1950 facturus
1406 1927 1466 1950 erat
1484 1923 1566 1955 Deus,
1582 1931 1616 1950 ex
1631 1923 1728 1958 spiritu
1748 1929 1855 1951 consta-

1065 1973 1126 1997 rent
1136 1973 1295 2003 eteorpore,
1311 1970 1361 1997 ista
1384 1969 1418 1996 de
1442 1976 1523 1996 causa
1542 1970 1568 1996 iu
1591 1969 1728 2004 principio
1746 1975 1775 1996 et
1791 1976 1852 1996 ante

1064 2015 1155 2042 omnia
1166 2014 1266 2042 caelum
1280 2015 1380 2042 dicitur
1394 2013 1507 2046 iactum,
1521 2014 1546 2041 id
1566 2019 1607 2042 est
1628 2015 1720 2042 omnis
1748 2016 1856 2049 spirita-

1066 2060 1098 2088 lis
1117 2060 1373 2094 substantia,super
1387 2067 1468 2094 quam
1482 2061 1553 2088 velut
1570 2061 1597 2088 in
1614 2062 1715 2088 throno
1726 2062 1853 2096 qundam.

1064 2112 1091 2134 et
1102 2107 1166 2134 sede
1184 2106 1253 2134 Deus
1266 2106 1422 2141 requiescit.
1441 2106 1514 2134 Istud
1529 2112 1618 2133 autem
1631 2107 1744 2139 ctelutn,
1765 2108 1790 2135 id
1815 2113 1854 2136 est

1066 2152 1278 2184 ﬁrmamentum,
1296 2160 1457 2186 corporeum
1468 2158 1518 2180 est.
1538 2161 1547 2178 ι
1567 2151 1617 2180 Ubi
1631 2161 1692 2179 cum
1706 2153 1854 2188 spiritalem

1067 2198 1247 2225 substantiam
1272 2203 1392 2233 opponat
1408 2206 1547 2232 corporetr
1560 2217 1568 2230 ,
1588 2199 1714 2233 sequitur
1731 2207 1795 2226 esse
1815 2199 1851 2226 in-

1066 2249 1241 2276 corporeatn;
1266 2247 1292 2269 et
1323 2248 1412 2269 totu.t
1437 2242 1616 2269 Cutmuentar.
1631 2241 1769 2275 fuluam,
1784 2251 1854 2270 nunt.

1067 2289 1099 2316 17
1114 2299 1120 2315 :
1137 2288 1190 2315 Καὶ
1210 2289 1356 2323 ἀναγκαῖον
1369 2288 1514 2323 ἐπιστῆσαι
1540 2289 1564 2314 εἰ
1583 2288 1663 2315 ἇῡλον
1696 2289 1788 2324 πάντη
1814 2289 1856 2316 κειὶ

1067 2334 1213 2370 ἀσώματον
1230 2334 1301 2370 ζωὴν
1314 2333 1423 2367 ζώντων
1437 2335 1466 2361 ὲν
1493 2334 1671 2370 μακαριότητι
1693 2335 1750 2361 τῶν
1764 2335 1855 2369 ἁγίων,

1066 2380 1080 2406 ὁ
1094 2381 1258 2416 καλούμενος
1277 2380 1386 2417 δράκων
1402 2380 1477 2414 ἄξιος
1488 2380 1633 2414 γεγένηται
1647 2381 1798 2408 ἀποπεσὼν
1812 2381 1856 2416 τῆς

1067 2426 1189 2462 καθαρᾶς
1204 2427 1286 2462 ζωῆς,
1303 2431 1356 2463 πρθι
1378 2426 1486 2453 πάντων
1502 2426 1641 2461 ἐνδεθῆναι
1655 2426 1707 2462 ὕλῃ
1737 2429 1787 2454 καὶ
1810 2427 1856 2453 σώ-

1067 2482 1134 2508 ματι
1146 2481 1152 2488 ·
1166 2479 1194 2500 ει
1209 2479 1280 2501 ιοιιιο
1296 2481 1341 2505 xx,
1361 2482 1434 2500 num.
1446 2473 1492 2506 2i,
1505 2473 1617 2504 Πάντως
1631 2473 1699 2506 γοῦν
1717 2473 1773 2500 κᾶν
1784 2473 1856 2500 τοῦτη

1065 2565 1221 2593 conditione
1245 2571 1305 2592 esse
1335 2565 1441 2599 quando
1468 2563 1626 2598 corporibus
1655 2565 1802 2596 vcstitur;
1831 2564 1854 2590 in

1066 2601 1194 2634 meliori,
1222 2600 1331 2635 quando
1356 2600 1399 2626 illa
1427 2601 1536 2635 deponit
1562 2608 1568 2626 :
1593 2599 1660 2625 nulli
1682 2599 1797 2635 dubium
1821 2604 1857 2625 est

1064 2642 1180 2669 corpora
1199 2643 1251 2662 non
1267 2635 1454 2669 principaliter
1467 2635 1615 2662 subsistere
1628 2654 1635 2667 ,
1648 2634 1696 2661 sed
1710 2642 1762 2668 per
1776 2635 1856 2660 inter-

1067 2671 1136 2697 valla
1150 2676 1178 2698 et
1191 2672 1226 2698 ob
1241 2672 1331 2698 varios
1344 2675 1433 2697 motus
1451 2669 1650 2696 rationabilium
1666 2675 1856 2696 creaturarum

1066 2713 1137 2733 nunc
1150 2706 1220 2738 lieri,
1236 2710 1266 2732 ut
1285 2706 1330 2740 qui
1346 2705 1388 2732 his
1407 2704 1529 2738 indigent
1541 2724 1548 2737 ,
1562 2704 1717 2731 vestiantur
1732 2714 1739 2720 υ
1757 2710 1786 2732 ει
1802 2712 1857 2731 rur-

1065 2747 1124 2767 SIItn
1145 2749 1205 2767 cum
1229 2740 1272 2767 illa
1295 2739 1491 2775 depravatione
1508 2740 1632 2775 lapsuum
1648 2747 1677 2766 se
1700 2740 1735 2766 ad
1750 2739 1855 2766 meliora

1064 2776 1258 2816 correxerint,
1281 2774 1393 2816 dissolvi
1419 2776 1445 2803 in
1466 2774 1580 2802 nihilum
1595 2781 1604 2802 :
1619 2779 1648 2802 et
1671 2774 1727 2803 hac
1752 2781 1855 2810 semper

1063 2817 1234 2838 ευοςεειιοιιε
1252 2818 1362 2838 vartart.
1384 2819 1393 2836 ι
1413 2822 1415 2825 ·
