1904 3077
47 151 78 178 ει
83 151 100 177 9

469 150 756 178 OBIGENIANORUM
778 151 842 178 LIB.
865 151 896 179 ll.
918 151 995 184 CAP.
1017 151 1049 182 ll,
1072 151 1210 184 QUAEST.
1232 151 1263 178 ν.

1632 153 1684 181 850

45 210 102 246 ἔχει
119 212 133 237 ὁ
152 210 280 242 διάϐολος
295 210 380 246 δόγμα
408 210 505 246 ἀληθὲς
533 212 595 247 περὶ
622 213 717 239 ἑαυτοῦ
750 213 846 240 ἐννοῶν
862 217 883 243 Α
898 213 951 239 οὐδ’
970 213 1008 243 εἰς
1035 213 1088 248 πῦρ
1111 212 1294 248 ἀναλυομένην
1309 213 1359 249 τὴν
1379 213 1520 249 ἀνθρώπου
1547 215 1651 251 ψυχὴν,
1668 216 1685 251 ἢ

45 257 85 284 ὃτι
112 256 230 290 λογικός
264 258 331 287 ἐστι,
349 257 394 283 καὶ
408 257 448 283 ὅτι
463 257 494 283 τὺ
517 257 616 284 τοιόνδε
634 258 682 293 μὲν
702 258 843 294 ἄνθρωπός

44 303 102 328 tam
116 323 124 333 ,
143 302 175 328 τὸ
201 302 306 328 τοιόνδε
336 302 459 336 ἄγγελος,
492 303 539 328 καὶ
561 302 590 329 τὸ
602 303 673 330 τοιὺν
687 303 735 338 μὲν
754 303 843 339 σῶμα,

43 349 90 375 κὶιὶ
117 349 198 375 ποῖον
219 347 308 383 σῶμα,
324 347 387 374 ἄλλο
408 347 434 374 δέ
461 357 485 375 τι
506 348 598 384 ἕτερον
627 347 761 384 σώματος.
779 349 842 376 lteut

45 394 89 421 lib.
110 394 207 428 ιΙΙερὶ
227 394 337 429 ἀρχῶν,
360 402 420 428 cap.
449 393 476 426 7,
506 402 578 425 utttu.
600 394 612 420 Ι
637 403 644 420 :
675 404 683 419 ι
705 395 845 422 Manileste

44 449 109 475 ergo
132 442 160 468 in
179 442 294 468 Christo
311 445 339 469 et
366 448 414 475 per
437 440 573 468 Christum
598 440 666 466 facta
699 448 760 468 esse
785 450 844 468 nni-

44 488 140 518 nia.et
161 491 257 514 creata
280 487 435 522 pronuntiat
464 485 572 522 (Paulus
597 485 654 513 Col.
679 496 699 517 ι,
717 486 761 520 16)
786 487 843 514 sive

44 533 172 563 visibilia.
207 540 269 567 qua:
302 536 363 559 sunt
398 532 565 566 corporalia;
591 532 647 559 sive
687 532 842 563 invisibilia.

47 586 105 611 qum
131 585 186 604 nou
211 577 266 604 alia
286 577 366 604 etiam
391 577 525 608 arbitror,
549 585 629 611 quam
657 577 841 611 incorporeas,

48 623 265 658 spiritualesque
291 624 422 656 viruttes;
441 632 450 648 ι
468 628 494 650 et
519 623 565 651 lib.
591 631 608 650 II
627 623 696 656 Περὶ
726 622 841 658 ἀρχῶν,

45 677 104 702 cap.
120 669 148 701 3,
165 677 247 696 ιιιιιιι.
262 669 278 696 6
296 678 302 696 :
320 678 328 694 ι
350 667 407 695 Νοιι
422 668 494 695 enim
510 668 580 695 idem
596 668 752 702 intelligitur
771 669 842 702 quod

43 714 108 741 dicit
124 721 155 740 ea
171 721 236 748 qua:
249 721 300 740 nou
317 713 525 745 videntur,etea
539 719 597 747 qua}
611 712 755 740 invisibilia
768 719 840 740 sntit.

45 760 78 787 Ea
96 769 220 794 namque
238 768 298 795 quae
313 766 376 787 sunt
390 759 546 791 invisibilia,
563 767 615 786 non
635 759 722 786 solum
739 767 790 786 non
807 761 842 786 vi-

44 803 149 836 dentur,
169 802 219 829 sed
252 810 285 829 ne
309 806 434 828 naturam
452 802 560 836 quidem
585 801 686 829 habent
708 807 736 828 ιιι
758 801 840 829 videri

45 849 156 883 possint,
175 855 240 882 quae
252 847 338 875 Grzeci
359 847 503 883 ἀσώματα,
517 847 542 875 id
556 853 598 874 est
622 848 774 880 incorpore:
793 855 839 882 ap-

45 895 189 929 pellarunt.
206 894 269 921 lliec
284 899 373 920 autem
392 893 425 920 de
446 893 544 928 quibus
569 893 668 920 Paulus
679 894 761 920 dicit:
775 893 841 926 Qua:
857 893 876 920 Β

45 949 93 968 non
118 940 292 972 videntur",
309 945 432 966 naturam
455 939 564 974 quidem
593 939 692 966 habent
713 944 741 966 ut
756 941 839 967 videri

44 986 156 1020 possint,
180 986 301 1012 nondum
321 990 411 1012 tamen
437 985 522 1012 videri
537 984 571 1011 ab
592 984 635 1012 his
655 985 752 1019 quibus
779 993 841 1020 pro-

45 1032 187 1059 mittuntur
213 1031 344 1066 exponit;
361 1041 370 1057 ι
390 1036 417 1058 et
433 1031 514 1058 istud.
529 1031 601 1058 elib.
624 1038 653 1058 ιιι
669 1051 674 1062 ,
695 1038 755 1066 cap.
773 1031 839 1064 ult.,

46 1085 114 1104 num.
127 1077 141 1102 7
155 1085 162 1102 :
177 1086 186 1101 ι
199 1076 296 1104 Omnis
312 1077 394 1112 igitur
412 1077 470 1104 haec
484 1077 553 1103 ratio
565 1077 617 1103 hoc
631 1077 839 1112 continet,quod

45 1123 108 1150 duas
129 1123 275 1158 generales
292 1128 404 1150 naturas
432 1122 584 1150 condiderit
603 1123 695 1155 Deus;
715 1129 838 1150 naturam

45 1170 185 1202 visibilem,
197 1169 225 1196 id
238 1175 280 1197 est
291 1177 460 1204 corpoream,
479 1173 504 1196 et
520 1175 644 1196 naturam
662 1169 837 1199 invisibilem.

45 1224 99 1250 qtae
114 1221 156 1243 est
174 1216 351 1250 incorporea,
363 1225 371 1241 ι
387 1217 473 1243 ethoc
489 1215 612 1242 onmium
637 1215 837 1250 apertissimum

47 1263 88 1290 lib.
101 1272 124 1290 iv
139 1263 231 1298 operis
246 1263 382 1296 ejusdem,
397 1270 470 1289 num.
482 1262 515 1288 ‘27
531 1271 536 1288 :
551 1271 559 1287 ι
576 1261 628 1289 Sed
638 1265 664 1288 et
676 1269 781 1289 rursum
791 1269 838 1296 per

45 1308 175 1336 Christum
187 1314 282 1336 creata
297 1309 432 1336 dixitesse
446 1309 537 1336 omnia
549 1308 664 1335 visibilia
677 1313 705 1336 et
718 1309 838 1336 invisibi-

47 1355 88 1383 lia.
100 1355 149 1383 Per
162 1356 236 1390 quod
248 1356 401 1383 declaratur
412 1363 471 1382 esse
480 1355 567 1382 etiam
577 1355 602 1380 in
617 1355 749 1382 creaturis
758 1363 838 1390 quas-

46 1401 100 1427 dam
108 1402 260 1429 invisibiles
267 1402 414 1429 secundum
424 1402 614 1436 proprietatem
624 1408 700 1428 suain
709 1402 837 1428 substan—

49 1448 104 1475 tias.
113 1447 165 1476 Sed
178 1449 219 1476 hzn
228 1448 353 1484 quamvis
361 1449 426 1483 ipsa:
436 1456 486 1475 non
499 1448 553 1475 sint
569 1454 716 1482 corporeae,
727 1452 838 1474 utuntur

49 1498 132 1522 tamen
155 1495 402 1529 corporibus,liret
419 1495 483 1529 ipsa:
498 1495 552 1522 sint
568 1502 698 1528 corporea
714 1495 837 1524 substan_

48 1540 79 1566 tia
90 1541 222 1569 meliores.
234 1541 279 1568 Illa
290 1549 355 1568 vero
369 1542 519 1568 substantia
532 1540 684 1573 Trinitatis,
694 1548 753 1575 qua
761 1541 836 1576 prin-

47 1587 138 1620 cipium
155 1596 170 1616 e
188 1593 207 1621 t,
220 1593 250 1616 et
265 1595 347 1616 causa
362 1588 494 1619 omnium,
509 1595 541 1615 ex
557 1595 608 1623 qua
625 1588 727 1620 omnia,
742 1593 769 1614 et
784 1594 831 1622 per

46 1639 119 1666 quam
132 1634 235 1665 omnia,
256 1639 283 1661 et
297 1634 324 1661 in
341 1642 394 1668 qua
411 1634 513 1666 omnia,
524 1641 611 1668 neque
624 1641 730 1669 corpus,
745 1641 831 1668 neque

47 1678 70 1704 in
86 1687 197 1714 corpore
211 1688 275 1708 esse
295 1680 428 1708 credenda
445 1686 497 1713 est,
516 1681 563 1707 sed
583 1688 615 1707 ex
635 1685 690 1707 toto
711 1680 832 1714 incnrpo'

48 1730 97 1752 rea.
116 1734 124 1750 ι
144 1725 195 1753 Sed
211 1731 236 1753 el
262 1725 308 1753 lib.
329 1734 352 1752 vI
370 1732 460 1752 contra
476 1725 556 1758 Cain,
571 1733 644 1752 nmn.
659 1726 689 1752 7l
709 1734 716 1752 :
736 1726 831 1761 Ἡμεῖς

48 1768 81 1800 δὲ,
90 1770 183 1806 inquit,
197 1772 345 1808 ἀσώματον
356 1772 450 1799 οὐσίαν
465 1772 515 1799 οὐκ
531 1772 608 1807 ἴσμεν
625 1772 831 1808 ἐκπυρουμένην

82 1831 101 1846 ¹⁰
114 1831 133 1858 ll
152 1833 213 1860 Cor.
228 1842 267 1866 tv,
282 1834 325 1861 18.

81 1889 131 1923 ιὲθ)
153 1891 221 1917 Nam
238 1891 344 1926 angelos
360 1893 397 1918 ita
409 1900 546 1924 corporeos
564 1900 620 1918 esse
631 1891 695 1923 vult,
713 1898 741 1919 ut
753 1893 831 1926 spiri-

51 1924 115 1962 ιιιζεεν
128 1924 298 1953 nihilominus
321 1935 375 1953 esse
394 1928 464 1960 velit,
477 1930 545 1962 quod
568 1927 674 1961 spiritus
693 1924 829 1954 ιιιΙιὶΓδίηι

51 1959 115 1996 «(iud
126 1969 202 1995 quam
215 1970 326 1988 summa:
336 1959 487 1996 exiguitatis
499 1959 619 1996 corpora,
630 1968 682 1989 etc.
697 1962 734 1988 Ex
749 1971 829 1996 supra

51 1993 418 2032 allatis:sequentibusque'ac
431 1993 564 2024 similibus
576 1997 642 2023 locis
651 2016 659 2028 ,
673 2004 725 2023 non
738 1993 829 2032 sequi-

52 2033 90 2055 tur
97 2029 236 2064 Origeneut
247 2029 370 2058 naturam
378 2033 475 2059 anima:
484 2037 511 2059 et
523 2032 636 2058 aliorum
648 2029 789 2066 spirituum
803 2033 828 2058 in

51 2070 153 2102 corpore
168 2067 342 2102 quantumvis
357 2066 448 2102 subtili
467 2068 600 2101 posuisse.
619 2066 646 2093 ια
664 2066 748 2093 soltnn
764 2074 829 2094 coa—

53 2098 131 2136 ticitnr
147 2098 232 2134 ipsum
250 2101 326 2135 quIa
351 2110 383 2128 ac
409 2098 562 2129 Platonicos
583 2107 693 2136 putasse
713 2102 827 2133 animas.

52 2133 163 2168 aliasque
180 2133 347 2164 substantias
363 2136 547 2167 rationabiles.
566 2133 662 2163 natura
677 2145 724 2163 sua
739 2137 828 2164 incor-

52 2175 136 2199 poreas
148 2175 174 2196 et
186 2171 348 2204 inviSIbiles,
366 2172 526 2205 corporibus
547 2176 635 2198 tamen
652 2173 729 2205 quasi
749 2171 827 2198 indu-

53 2209 133 2240 mento
147 2212 173 2231 et
198 2207 324 2233 vehiculo
348 2207 535 2236 circumvolvi,
552 2213 638 2240 neque
662 2208 694 2233 iis
710 2214 828 2240 unquam

53 2239 150 2276 omnino
166 2241 275 2273 nudari,
291 2246 383 2275 lllpOle
397 2249 456 2276 qua:
470 2243 547 2268 nud:e
569 2239 758 2275 conlprehendi
777 2251 827 2268 non

53 2275 153 2310 possint,
168 2283 216 2303 nec
242 2277 267 2302 iit
291 2275 496 2310 uIIO'corporeo
519 2277 577 2303 loco
591 2279 749 2308 consistere.
763 2278 829 2310 quin

53 2308 177 2345 indigeant
195 2318 309 2345 corpore
323 2312 355 2338 ad
368 2308 490 2338 naturam
512 2311 562 2338 loci
590 2312 661 2338 illius
675 2308 830 2338 accommo-

52 2341 173 2381 fluto;sed
188 2341 287 2380 prscier
295 2354 417 2374 crassum
430 2347 481 2373 hoc
494 2354 591 2379 corpus
606 2354 660 2381 quo
672 2347 697 2373 in
710 2346 759 2373 hac
775 2347 828 2373 vita

53 2377 307 2416 induuntur‘animae,
326 2387 402 2408 certo
424 2377 548 2416 quodam
559 2389 604 2408 eas
615 2377 755 2408 'ronnexas
770 2390 830 2408 8358

53 2412 118 2439 aerio
136 2422 248 2450 corpore
265 2417 337 2450 quod
359 2424 405 2443 eas
426 2412 525 2451 tibique
544 2417 754 2450 sequitur,quod
770 2424 828 2443 ser-

53 2452 106 2486 Vattt
121 2451 199 2486 etiam
211 2452 334 2486 deposito
349 2452 488 2483 crassiori,
502 2454 572 2486 quod
589 2452 704 2485 denique
720 2459 830 2478 vocatur

53 2487 65 2519 ξι
78 2481 219 2520 Ροτρῒιγιήο
236 2481 264 2513 et
277 2486 384 2514 Plotino
402 2497 410 2512 |
426 2481 548 2520 spiritale
563 2491 590 2512 et
604 2481 719 2513 interius
733 2487 829 2513 animas

42 2517 237 2557 .utdunieiituiii.
264 2531 273 2546 ι
289 2521 345 2548 Ιιιιο
370 2517 467 2556 praeter
489 2522 587 2556 duplex
614 2522 695 2548 hocce
718 2530 827 2555 corpus,

55 2549 204 2592 Philopouus
217 2557 327 2583 tertium
338 2549 461 2592 agiioscit
473 2549 601 2584 subiilius
614 2562 641 2583 et
651 2557 743 2591 purius
757 2549 828 2591 quod

56 2592 122 2628 locat
135 2590 211 2628 σῷμᾳ
228 2590 367 2628 οὐράνιονξ
381 2593 500 2628 αἰθέριον
511 2613 517 2624 ,
533 2597 563 2628 et
576 2590 727 2627 αὐγοειδὲς,
743 2593 828 2625 quod-

55 2626 97 2661 μμε
119 2626 373 2654 ιιιιίιιιεῠιιέιτὶυιιίι
387 2626 450 2661 quae
470 2630 503 2654 ab
526 2627 665 2654 affectibus
691 2627 829 2661 corporeis

55 2653 132 2685 “leni:
146 2667 216 2689 sunt.
226 2653 340 2689 Proclus
352 2653 378 2689 et
389 2653 527 2689 l'lierrorclt-s
544 2662 607 2689 illud
619 2653 697 2689 vocat
708 2653 829 2688 τὺ”πνευέ

55 2694 154 2733 ματτικὺν
169 2695 259 2733 ὄχημα
274 2697 323 2733 τῆς
340 2698 452 2732 λογικῆς
468 2697 566 2733 ψυχῆς,
584 2707 593 2722 ι
615 2698 736 2731 spiritale
755 2698 829 2724 vehi-

55 2728 131 2767 tulmn
158 2728 324 2760 rationabilis
348 2728 455 2761 adiutae.
475 2728 485 2759 ἱ
503 2728 636 2760 ᾸιΓνθΙιιεΞ
656 2733 826 2767 peregrinum

57 2760 77 2803 in
98 2760 289 2803 Platonicorum
309 2769 416 2803 scriptis
435 2777 496 2795 eutn
523 2774 584 2796 esse
605 2760 785 2802 oportetrqui
802 2769 829 2794 in

57 2793 127 2824 hocce
143 2800 236 2834 duplici
249 2793 447 2830 interiori-vel
455 2793 615 2829 Valteruitvror
624 2793 768 2830 'vcliiculd
781 2793 829 2830 eos

56 2835 281 2872 putaveritanimae
299 2844 421 2865 naturam
447 2838 578 2872 posuisse.
600 2837 700 2871 Aperte
720 2843 827 2864 sentcn-

58 2867 110 2893 tiant
128 2876 198 2899 suam
214 2874 247 2900 de
267 2874 417 2900 animarum
435 2867 531 2900 natura
547 2867 675 2906 exprimit
696 2873 830 2907 Origenes

896 258 946 293 τὴν
970 258 1132 293 ἀγγέ).ων,ἢ
1153 258 1264 294 Θρόνων,
1281 259 1298 294 ἢ
1320 260 1499 296 κυριοτήτων,
1516 259 1532 296 ἢ
1551 260 1653 296 ἀρχῶν,
1667 261 1684 297 ἦ

896 305 1026 338 ἐξουσιῶν
1035 305 1192 331 ὑπόστασιν.
1204 305 1264 332 Ideo
1272 305 1685 341 SophrouiusJerosolymitanus

895 351 922 378 in
941 351 1053 385 epistola
1069 351 1101 376 ad
1116 351 1240 384 Sergium
1261 350 1354 378 scribit
1372 350 1529 386 Origenem,
1548 351 1685 386 ipsiusque

895 404 1026 430 sequaces
1051 397 1151 424 dixisse
1180 397 1284 423 animas
1313 401 1375 424 ante
1406 404 1520 432 corpora
1550 405 1632 424 carne
1656 402 1685 426 et

895 450 1008 477 corpore
1035 448 1173 470 carentem
1202 444 1283 470 vitam
1305 443 1393 478 egisse
1416 444 1442 470 in
1474 444 1544 471 coelo
1564 445 1682 472 nondum

893 495 994 516 creato.

930 534 963 562 ν.
980 535 1007 561 ln
1023 534 1064 561 his
1078 542 1169 562 secum
1193 535 1255 562 licet
1269 542 1389 570 pugnare
1403 535 1526 562 videatur
1541 535 1681 571 Origenes,

894 580 972 608 facile
981 585 1069 608 tatnen
1083 581 1269 608 discordantes
1284 581 1334 608 loci
1347 581 1541 610 conciliantur:
1552 582 1608 617 (29)
1619 591 1681 610 nam

894 626 1004 660 angelos
1024 627 1060 654 ita
1079 634 1224 661 corporeos
1239 634 1298 654 esse
1310 627 1378 658 vult,
1395 631 1422 653 ut
1437 627 1572 662 spiritales
1586 628 1683 655 nihilo-

894 673 983 700 minus
994 680 1055 700 esse
1065 673 1140 706 velit,
1158 673 1228 707 quod
1240 673 1352 708 spiritus
1368 673 1433 699 nihil
1449 673 1503 700 siut
1518 673 1589 700 aliud
1599 681 1680 709 quam

893 726 998 746 summa
1022 719 1178 753 exiguitatis
1199 726 1311 753 corpora
1327 738 1334 750 ,
1372 718 1520 752 cuiusmodi
1547 724 1610 746 sunt
1633 727 1682 746 an-

894 764 996 800 gelica;
1021 765 1119 792 asserit
1143 765 1240 800 quippe
1267 765 1325 792 loco
1354 772 1434 799 supra
1462 764 1567 792 allatou
1593 771 1679 792 mate-

893 811 987 838 rialem
1004 811 1183 838 substantiam
1199 811 1278 846 hujus
1296 811 1399 843 mundi,
1412 811 1541 846 spiritalis
1557 812 1680 845 corporis

893 857 1058 884 indumentis
1071 856 1112 883 vel
1129 856 1238 891 angelos
1253 856 1312 889 Dei,
1327 857 1368 884 vel
1385 857 1453 884 lilios
1472 858 1679 885 resurrectionis

892 909 1039 935 exornare;
1059 913 1068 929 ι
1089 907 1118 929 ιιι
1145 902 1282 929 hominum
1299 910 1406 938 quoque
1430 911 1541 937 corpora
1558 909 1618 938 post
1637 912 1679 932 re-

892 948 1088 976 surrectionem
1111 948 1242 983 spiritalia
1268 948 1326 976 fore
1344 949 1463 976 declarat
1477 949 1596 977 Panlusl
1614 950 1676 980 Cor.

891 1001 936 1025 xv,
952 993 997 1020 44.
1014 994 1131 1028 Angelos
1155 1002 1235 1029 porro
1252 1002 1311 1021 cum
1328 1000 1436 1029 propter
1465 996 1591 1023 eximiam
1621 1005 1679 1023 θυι-

891 1047 985 1074 porum
1014 1040 1189 1067 subtilitatem
1210 1041 1345 1074 spiritales
1373 1040 1481 1072 dixerit,
1504 1042 1677 1076 incorporeos

892 1093 999 1120 quoque
1014 1086 1221 1120 quodammodo,
1236 1091 1263 1112 et
1281 1086 1507 1123 καταχρηστικῶς
1521 1087 1573 1114 dici
1599 1096 1678 1123 posse

889 1130 1006 1163 censuit,
1024 1130 1112 1157 habita
1128 1131 1275 1164 przesertim
1290 1139 1431 1166 corporum
1459 1138 1610 1160 nostrorum
1632 1140 1677 1160 ra-

889 1175 972 1206 tione,
984 1183 1043 1210 quze
1057 1183 1147 1203 crassa
1166 1180 1238 1203 sunt.
1257 1175 1284 1202 ld
1301 1176 1357 1210 ipse
1379 1177 1520 1204 manifeste
1536 1177 1634 1204 indicat
1648 1178 1675 1204 in

891 1221 1024 1256 prooemio
1047 1221 1177 1248 librorum
1195 1221 1233 1249 De
1255 1223 1380 1257 princip.,
1401 1231 1474 1250 ntun.
1488 1223 1514 1255 8,
1527 1231 1588 1250 cum
1602 1224 1674 1250 cuitu

889 1267 1096 1302 appellationem
1125 1267 1271 1302 ἀσωμάτου
1294 1269 1320 1296 in
1346 1269 1494 1303 Scriplttris
1520 1269 1674 1304 neutiquam

889 1315 1014 1349 usurpari
1035 1315 1159 1347 dixisset,
1178 1314 1270 1348 objicit
1294 1315 1344 1342 sibi
1370 1315 1457 1342 locum
1471 1316 1615 1349 quemdam
1642 1323 1675 1342 ex

888 1361 1040 1396 apocrypbo
1058 1361 1160 1393 libello,
1176 1361 1222 1396 qui
1234 1360 1307 1388 Petri
1325 1361 1448 1388 Doctrina
1465 1361 1633 1396 inscribitur,
1648 1362 1674 1388 in

889 1413 943 1441 quo
964 1406 1103 1440 discipulis
1117 1407 1182 1434 dicit
1200 1407 1327 1434 Christus
1348 1415 1378 1434 se
1398 1415 1452 1434 non
1476 1415 1537 1435 esse
1555 1417 1564 1433 ι
1579 1408 1675 1435 daemo-

889 1453 961 1479 nium
980 1452 1182 1487 incorporeum.
1204 1463 1213 1480 ι
1231 1453 1385 1488 Respondet
1399 1453 1530 1488 Origenes
1545 1453 1616 1480 inter
1629 1461 1674 1481 ec-

888 1499 1057 1526 clesiasticos
1071 1499 1154 1527 libros
1170 1500 1245 1527 Petri
1257 1499 1410 1527 Dominam
1423 1507 1475 1526 non
1491 1499 1583 1530 haberi
1598 1504 1672 1532 ;tum

887 1545 984 1572 addit:
1006 1556 1015 1572 ι
1038 1547 1114 1579 Quod
1137 1547 1218 1574 etiam
1236 1546 1258 1574 si
1283 1547 1368 1581 ipsum
1397 1547 1603 1578 concederetur,
1619 1555 1672 1573 nou

886 1593 955 1620 idem
971 1600 1066 1620 sensus
1082 1593 1117 1621 ibi
1141 1600 1173 1620 ex
1195 1594 1252 1627 ipso
1265 1600 1391 1620 sermone
1414 1592 1559 1628 ἀσωμάτου
1576 1593 1676 1620 indica-

886 1641 971 1670 retur,
984 1637 1029 1671 qui
1045 1645 1059 1663 a
1073 1637 1174 1665 Graacis
1193 1642 1221 1664 et
1244 1637 1388 1672 gentilibus
1403 1638 1557 1665 auctoribus
1579 1643 1672 1665 osten-

885 1681 968 1712 ditur,
978 1689 1040 1708 cum
1051 1681 1085 1709 de
1096 1682 1254 1716 incorporea
1270 1687 1363 1709 natura
1377 1689 1391 1708 a
1401 1682 1567 1717 philosophis
1582 1683 1674 1717 dispu-

887 1731 968 1754 tatur.
991 1727 1019 1754 In
1035 1728 1086 1754 hoc
1106 1728 1178 1754 enim
1203 1727 1292 1754 libello
1309 1728 1495 1762 incorporeum
1507 1728 1670 1755 daemonium

875 1772 963 1805 dixit,
981 1780 1030 1808 pro
1042 1779 1074 1800 eo
1098 1773 1168 1807 quod
1185 1773 1242 1807 ipse
1255 1772 1299 1800 ille
1312 1772 1466 1807 quicunque
1488 1778 1529 1800 est
1552 1773 1671 1806 habitus.

885 1890 931 1930 lib.
946 1897 982 1917 \lll
1007 1889 1236 1930 contra;Celcu_trt.
1269 1898 1341 1930 num.
1357 1891 1392 1930 5g
1407 1900 1416 1930 :_
1437 1900 1446 1916 ι
1466 1890 1609 1930 Quoniam,
1630 1892 1673 1930 iu-

885 1927 953 1961 quit,
970 1925 1174 1961 resurrectionis
1187 1926 1282 1957 dogma
1296 1925 1356 1952 ideo
1371 1926 1466 1953 Celsus
1486 1927 1591 1958 irridet,
1607 1927 1670 1961 quia

885 1960 937 1988 non
953 1960 1087 1994 intelligit,
1098 1967 1148 1987 nec
1164 1961 1266 1986 audivit
1279 1960 1329 1987 nisi
1344 1961 1375 1988 ab
1391 1962 1522 1995 imperitis
1538 1962 1581 1995 qui
1599 1963 1672 1989 nullo

885 1996 947 2023 illud
964 2001 1124 2031 argumento
1138 2000 1262 2031 astruere
1278 2001 1410 2029 poterant.
1423 1996 1487 2023 utile
1505 1997 1671 2031 fuerit,pr$—

884 2036 927 2058 ter
939 2038 969 2057 ea
985 2039 1043 2064 qua:
1058 2030 1109 2057 hac
1128 2030 1161 2057 de
1188 2038 1216 2056 re
1241 2038 1322 2064 supra
1342 2032 1411 2058 dicta
1431 2036 1503 2062 sunt,
1523 2032 1573 2058 hoc
1588 2030 1669 2058 uinum

883 2067 1045 2096 observare,
1068 2073 1126 2098 qua:
1140 2066 1172 2092 de
1191 2066 1388 2092 resurrectione
1406 2066 1552 2097 tradimus,
1568 2068 1670 2094 ea‘non

882 2100 1063 2135 prolicisci,ut
1079 2100 1173 2127 Celsus
1183 2105 1270 2134 putat,
1280 2108 1312 2126 ex
1330 2101 1400 2127 male
1414 2101 1550 2129 intellecta
1562 2102 1669 2128 anima-

885 2145 942 2163 rqu
957 2145 972 2163 e
988 2135 1145 2169 corporibus
1159 2136 1185 2161 in
1208 2143 1321 2169 corpora
1346 2137 1523 2170 migratione;
1542 2138 1588 2164 sed
1607 2137 1671 2171 quia

882 2173 982 2198 scimus
994 2171 1123 2202 animam,
1139 2175 1234 2196 natura
1250 2171 1436 2205 iui-Orpoream
1457 2177 1483 2198 et
1496 2172 1670 2204 invisibilem,

882 2206 907 2232 in
924 2206 997 2234 nullo
1011 2213 1142 2239 corporeo
1154 2206 1304 2232 consistere
1316 2206 1384 2237 loco,
1398 2207 1462 2240 quin
1475 2206 1592 2240 indigeat
1608 2215 1670 2234 cor-

882 2249 949 2274 pore
965 2242 997 2267 ad
1023 2246 1151 2277 naturam
1172 2240 1243 2266 illitis
1264 2240 1314 2266 loci
1343 2244 1550 2268 accommodato
1569 2251 1576 2268 :
1599 2243 1671 2277 quod

881 2283 981 2310 corpus
1000 2277 1079 2302 modo
1088 2275 1197 2309 quidem
1211 2280 1304 2308 gestat,
1316 2281 1398 2302 exuto
1412 2276 1494 2310 priori
1508 2277 1577 2311 quod
1590 2275 1670 2304 antea

881 2311 1182 2347 necessarium,postea
1200 2310 1295 2347 inutile
1315 2311 1360 2342 tit;
1379 2312 1458 2337 modo
1476 2310 1565 2338 autem
1590 2319 1672 2347 super

881 2346 944 2383 illud
963 2345 1032 2383 quod
1047 2346 1132 2383 prius
1144 2346 1271 2376 habebat,
1290 2346 1409 2372 induitur
1434 2347 1545 2383 meliore
1559 2355 1613 2381 quo
1623 2345 1669 2373 in-

881 2382 951 2415 diget
976 2381 1004 2406 ut
1019 2381 1208 2416 atlJiul'lOt'eS,
1224 2382 1356 2408 :etbereos
1368 2401 1375 2412 ,
1393 2382 1571 2416 ctelestesqne
1597 2383 1670 2409 locos

880 2416 1029 2449 perveniat.
1055 2415 1101 2442 Sic
1126 2416 1152 2442 in
1182 2415 1231 2442 hac
1258 2416 1310 2442 vita
1333 2424 1459 2447 nascens.
1485 2415 1669 2444 membranam

880 2451 954 2477 exuit
973 2459 1024 2484 qua
1041 2458 1100 2476 eam
1121 2452 1146 2476 iu
1165 2451 1241 2476 vulva
1263 2452 1358 2478 matris
1380 2452 1485 2478 obvolvi
1507 2452 1573 2478 utile
1597 2461 1669 2483 erat,

881 2487 998 2519 quandiu
1017 2486 1042 2512 in
1058 2493 1089 2511 ea
1108 2485 1174 2517 l'oil;
1190 2486 1236 2512 sed
1251 2491 1394 2520 antequam
1412 2487 1484 2513 illam
1498 2492 1589 2518 exuat,
1607 2495 1668 2514 cor-

880 2527 929 2554 pus
941 2520 1027 2546 induit
1044 2521 1113 2554 quod
1129 2526 1187 2547 erat
1207 2521 1232 2546 iu
1244 2525 1313 2547 terra
1331 2523 1437 2548 victuro
1449 2524 1666 2554 necessarium,»

879 2561 932 2582 etc.
947 2555 992 2582 llis
1007 2555 1165 2588 przetuissis,
1182 2555 1260 2582 facile
1278 2555 1464 2584 discordantes
1477 2557 1602 2590 Origenis
1616 2558 1668 2584 loci

879 2591 1067 2617 conciliantur.
1095 2590 1209 2623 Quando
1229 2591 1309 2625 igitur
1323 2592 1497 2626 incorporeus
1519 2594 1629 2626 angelos
1641 2599 1669 2620 et

879 2626 984 2652 animas
1001 2626 1078 2656 dicit,
1097 2635 1149 2651 noti
1170 2627 1203 2652 ad
1216 2627 1402 2660 imperitorum
1421 2634 1528 2660 captum
1548 2636 1609 2655 sese
1623 2637 1669 2654 ar-

880 2662 1042 2692 commodat,
1056 2660 1103 2687 sed
1120 2667 1215 2687 natura
1232 2668 1278 2687 sua
1304 2662 1480 2695 incorporeus
1502 2662 1642 2689 existimat.
1660 2673 1667 2690 :

878 2700 907 2722 et
920 2697 1028 2731 quando
1051 2703 1197 2730 corporeos
1212 2704 1259 2722 eos
1273 2696 1352 2726 dicit.
1367 2705 1419 2723 non
1433 2705 1479 2724 eos
1491 2698 1526 2724 ita
1541 2706 1601 2725 esse
1621 2707 1668 2725 na-

881 2736 940 2758 tura
966 2739 1013 2759 sua
1039 2736 1126 2766 putat,
1147 2738 1179 2757 ac
1194 2732 1307 2765 proinde
1322 2741 1374 2758 non
1393 2733 1449 2759 vult
1469 2733 1582 2767 spiritus
1602 2734 1667 2760 nihil

879 2767 949 2793 aliud
966 2774 1041 2798 esse,
1059 2774 1139 2802 quam
1159 2774 1270 2802 summa:
1293 2768 1447 2802 exiguitatis
1468 2776 1594 2802 corpora,
1619 2770 1667 2796 sed

881 2802 936 2828 vult
948 2809 995 2828 eos
1007 2801 1098 2828 subtili
1109 2806 1136 2827 ct
1149 2801 1222 2827 aerio
1233 2809 1356 2838 corpore,
1370 2804 1441 2836 quod
1455 2801 1531 2830 vocat
1539 2805 1667 2838 spiritale,

880 2837 956 2869 quasi
975 2837 1132 2863 indumento
1148 2842 1174 2863 et
1193 2836 1314 2864 \ebicnln
1336 2839 1456 2865 exterius
1479 2836 1664 2867 circumvehi.

881 2871 945 2899 Vide
960 2872 1038 2907 paulo
1054 2872 1122 2899 iul’ra
1139 2877 1232 2906 qua-st.
1249 2873 1276 2898 6-
1292 2873 1329 2899 De
1340 2875 1437 2905 «iiuna,
1455 2882 1529 2902 num.
1547 2876 1562 2902 5
1577 2880 1605 2902 et
1624 2875 1665 2911 15,
