1904 3077
223 138 273 167 851

859 127 890 156 P.
913 126 1071 155 DANIELIS
1090 125 1208 153 HUETil

1804 116 1854 144 832

221 196 263 223 vel
276 191 490 225 circumscriptio
506 188 648 217 daamonici
662 194 796 223 corports,
812 194 864 214 non
881 191 922 214 est
934 186 1011 213 simi-
1028 191 1048 216 Α
1066 186 1176 214 nitionis
1205 183 1274 212 ratio
1287 186 1346 215 est,
1360 181 1457 209 horum
1472 180 1531 207 sine
1545 177 1627 206 dubio
1638 181 1667 204 et
1678 176 1780 204 eadem
1795 177 1855 202 sub-

221 242 256 269 lis
270 242 332 268 huic
349 244 440 266 nostro
453 235 581 265 crassiori
598 239 625 262 et
640 234 739 261 visibili
756 233 862 268 corpori
882 241 889 259 τ
908 233 954 260 sed
967 239 1012 260 se-

220 287 338 315 cuttdutn
353 291 462 312 sensum
471 282 529 316 ejus
540 282 586 317 qui
597 280 752 315 composuit
763 280 836 306 illam
849 279 1013 314 scripturam

221 331 423 367 intelligendum
452 334 494 357 est
515 329 588 363 quod
615 328 682 355 dixit
700 335 708 358 ;
725 326 752 353 id
771 331 814 352 est
839 333 890 352 tton
909 332 938 352 se
962 325 1015 352 taie

221 385 330 413 corpus,
342 376 422 411 quale
438 376 540 402 habent
554 374 702 406 daemones,
717 372 788 407 quod
803 375 845 399 est
856 370 1015 398 naturaliter

219 423 331 456 subtile,
345 427 371 450 et
387 422 462 449 velut
475 428 541 448 aura
566 425 657 452 tenue,
670 424 697 446 et
721 423 831 453 propter
844 417 895 444 hoc
908 417 949 444 vel
967 425 1015 452 pu-

222 474 294 496 tatur
309 477 323 495 a
334 467 436 498 multis,
454 466 496 493 vel
516 466 617 493 dicitur
637 465 838 499 incorporeum,
854 463 902 490 Sed
917 463 1016 490 ltabere

221 523 251 543 se
265 522 364 549 corpus
378 514 493 541 solidum
507 520 534 540 et
548 511 692 547 palpabile.
702 511 728 538 ln
742 511 937 538 consuetudine
953 515 1016 536 vero

221 561 363 588 hominum
385 567 465 587 omne
478 559 549 593 quod
571 558 624 585 tale
646 564 699 584 non
717 555 809 589 fuerit,
827 556 1014 590 incorporeum

221 606 435 642 simplicioribus
447 606 490 632 Vcl
502 603 714 638 imperitioribus
729 602 897 630 nominatur:
908 600 980 628 velut
993 600 1014 628 si

223 656 283 690 quis
304 662 394 683 aerem
410 655 492 682 istum
508 661 562 687 quo
581 652 705 684 fruimur,
724 651 914 684 incorporeum
933 649 1015 682 dicat,

223 700 441 736 quandoquidem
460 706 513 726 non
531 703 572 726 est
585 698 637 725 tale
654 704 763 731 corpus,
779 700 809 723 ut
824 695 1016 730 comprehendi

224 755 256 774 ac
282 746 368 775 teneri
389 745 485 780 possit,
503 744 661 779 urgentique
678 743 815 770 resistere.
836 751 845 767 ι
862 741 891 769 Si
908 740 1018 776 quando

207 818 209 823 ,
225 792 306 827 igitur
321 790 432 826 angelos
449 789 516 817 dixit
529 787 759 822 incorporeos,ad
775 787 963 821 intperitorum
976 794 1018 813 ca-

224 843 299 872 ptum
313 844 373 865 sese
395 836 627 866 accommodasse,
647 839 676 862 et
689 835 766 870 juxta
782 833 857 868 vulgi
874 837 1018 860 consuetu-

224 884 314 911 dinem
327 883 444 910 locutuut
462 882 547 909 fuisse
562 882 716 909 credamus.

260 928 305 956 Vl.
322 928 377 956 Nec
401 935 560 962 corpoream
585 927 688 962 angelis
714 931 837 953 naturam
861 925 1018 953 attribuisse

224 981 383 1007 contentus,
403 975 522 1001 animam
539 973 572 1001 iis
584 974 695 1007 insuper
705 973 832 1007 ascripsit
844 972 892 1000 lib.
906 979 926 999 tt
946 971 1017 1006 Περὶ

224 1020 334 1056 ἀρχῶν,
347 1028 406 1054 cap.
424 1019 451 1053 8,
464 1027 536 1046 num.
555 1019 567 1046 i
585 1028 592 1045 τ
612 1028 621 1045 ι
638 1019 768 1053 Superest
781 1018 815 1045 de
838 1018 959 1052 angelico
971 1025 1018 1044 or-

226 1068 289 1094 dine
303 1066 452 1100 requirere,
475 1071 564 1091 utrunt
581 1070 609 1091 et
634 1064 683 1099 ipsi
710 1063 815 1090 animas
837 1065 967 1095 habeant,
984 1071 1018 1089 an

226 1114 324 1140 auiuue
340 1113 411 1144 sint,
428 1111 472 1138 vel
493 1111 527 1138 de
543 1111 649 1138 emeris
672 1109 784 1142 divinis,
810 1109 1020 1143 caelestibusque

227 1160 383 1191 virtutibus.
397 1159 443 1186 sed
457 1163 485 1186 et
499 1157 533 1185 de
547 1156 693 1184 contrariis
716 1154 906 1190 potestatibus.
919 1154 1020 1182 Aucto-

227 1207 334 1234 ritatem
360 1205 468 1240 quidem
488 1204 586 1231 divina:
610 1203 758 1237 Scriptura:
783 1209 895 1236 usquam
919 1201 1020 1228 nullam

228 1255 392 1286 invenimus,
409 1254 480 1287 quod
498 1251 541 1279 vel
564 1251 665 1286 angeli,
695 1250 737 1277 vel
758 1249 780 1277 si
802 1249 847 1284 qui
865 1249 919 1276 sint
935 1249 1020 1277 divini

228 1301 340 1334 spiritus
355 1299 469 1327 ministri
489 1298 546 1329 Dei,
567 1297 609 1324 vel
625 1297 729 1324 animas
743 1296 854 1329 habere,
866 1295 908 1322 vel
923 1295 1022 1322 animas

228 1348 354 1375 dicantur
378 1356 385 1374 :
407 1345 557 1373 animantia
578 1349 665 1371 tamen
689 1351 750 1371 esse
773 1351 788 1370 a
814 1341 1022 1377 quamplurimis

229 1394 392 1421 sentiuntur.
413 1403 422 1418 ι
441 1392 622 1426 llieronytnus
643 1391 725 1425 epist.
747 1389 781 1417 65
798 1390 831 1416 ad
850 1387 1020 1419 Pammach.,

229 1439 316 1474 cap.5
329 1450 334 1467 :
345 1448 354 1465 ι
368 1438 422 1465 Nec
436 1437 567 1472 Origenes
581 1443 697 1470 unquam
711 1435 781 1462 dixit
791 1442 824 1462 ex
841 1434 944 1469 angelis
961 1433 1022 1460 atti-

232 1493 290 1513 tnas
307 1485 378 1518 ﬁeri,
396 1491 456 1511 cum
468 1484 541 1517 ipsos
558 1482 668 1517 angelos
684 1488 781 1508 nomen
797 1488 858 1508 esse
876 1480 956 1508 cilicii
973 1479 1022 1506 do-

232 1536 302 1564 ceat,
314 1539 366 1557 nott
379 1534 500 1560 naturae;
517 1529 544 1556 in
562 1528 639 1556 libris
655 1528 726 1555 enim
743 1526 811 1561 Περὶ
826 1524 930 1561 ἀρχῶν
941 1530 968 1553 et
979 1533 1024 1552 an-

231 1577 316 1613 gelos,
339 1582 367 1603 et
390 1576 513 1605 thronos.
530 1580 558 1602 et
581 1574 798 1606 dominationes,
826 1576 974 1608 potestates
996 1575 1024 1598 et

232 1629 352 1653 rectores
365 1622 455 1650 tnundi
471 1627 498 1648 et
511 1621 696 1652 tenebrarum,
708 1625 736 1647 et
748 1627 828 1646 outtte
843 1626 941 1646 nomen
952 1617 1024 1653 quod

232 1673 388 1701 nominatur
402 1679 453 1698 nou
471 1669 557 1697 solum
570 1669 595 1696 in
616 1668 743 1703 presenti
758 1667 867 1699 saeculo,
885 1666 931 1694 sed
943 1666 970 1693 in
984 1666 1024 1693 fu-

233 1724 304 1750 tttro,
326 1717 393 1746 dicit
410 1717 517 1744 animas
531 1723 591 1742 esse
617 1722 710 1742 corum
729 1721 884 1749 corporum,
901 1721 961 1748 quae
982 1713 1025 1740 vel

231 1765 378 1797 desiderio,
393 1764 434 1792 vel
447 1763 598 1791 ministerio
611 1761 790 1796 susceperint.
807 1770 816 1787 ι
834 1760 957 1788 Profecto
973 1768 1024 1787 nou

231 1816 273 1839 est
292 1816 445 1846 promptum
460 1809 532 1837 dicttt
546 1816 663 1844 quanam
679 1808 786 1835 ratione
807 1808 925 1834 animam
941 1814 1026 1840 ange—

233 1859 267 1886 lis
281 1858 369 1886 inesse
395 1864 476 1892 posse
494 1856 629 1883 senserit:
650 1863 711 1882 nam
731 1859 911 1889 quaereretur,
936 1853 1024 1880 anima

234 1904 278 1931 illa
301 1911 467 1939 rorporeane
488 1903 533 1935 sit,
550 1911 583 1929 an
601 1907 707 1930 contra.
725 1901 890 1934 Corpoream
912 1899 1026 1926 dixisset

234 1951 337 1986 utique,
354 1959 416 1978 nam
435 1950 500 1978 nihil
521 1954 618 1984 praeter
637 1948 720 1975 Deum
738 1948 925 1981 incorporeum
941 1945 1025 1972 ducit.

234 1996 326 2026 Tenue
342 2005 408 2031 ergo
423 2001 450 2023 et
464 2002 695 2029 monogrammunt
713 2001 811 2027 corpus
825 1993 859 2019 ab
878 1993 931 2019 allo
947 1991 1027 2026 longe

235 2044 393 2072 tenuissimo
411 2048 438 2069 et
454 2041 653 2075 simplicissima
675 2046 790 2073 corpore
804 2038 950 2065 animatum
966 2045 1027 2065 esse

234 2090 327 2117 dicere
348 2088 497 2115 debuisset.
516 2086 568 2113 Sed
591 2085 669 2120 paulo
693 2088 773 2119 post,
789 2084 901 2116 num.2,
919 2083 1027 2117 angelos

234 2135 357 2163 decernit
376 2141 466 2161 meras
480 2141 539 2160 esse
552 2133 666 2159 animas.
686 2141 696 2157 ι
717 2132 754 2158 De
770 2138 803 2157 eo
819 2137 884 2157 vero
897 2131 967 2164 quod
981 2129 1026 2156 Dei

236 2181 330 2207 anima
343 2179 369 2206 in
386 2178 536 2213 Scripturis
549 2177 712 2208 nominatur,
723 2175 842 2210 qualiter
856 2175 967 2210 intelligi
980 2175 1026 2202 de-

1065 232 1165 260 stantia
1183 235 1236 258 est.
1250 240 1260 257 ›
1280 229 1346 256 Tale
1369 227 1469 260 aliquid
1491 226 1572 253 habet
1584 225 1632 251 lib.
1657 231 1676 250 ll
1705 223 1733 248 in
1751 220 1854 248 Cuntic.

1065 278 1206 309 canticor.,
1225 284 1287 311 pag.
1303 275 1335 303 58
1350 284 1357 302 :
1377 283 1386 299 ι
1406 273 1439 300 Et
1453 273 1542 299 adhuc
1554 270 1721 306 agnitionem
1742 267 1786 294 sui
1802 267 1856 293 ani-

1065 333 1107 353 ma
1123 325 1253 360 requirat,
1267 322 1289 350 si
1303 326 1345 349 est
1359 320 1457 355 aliquis
1470 319 1553 350 ordo,
1566 321 1613 344 aut
1624 320 1689 344 sunt
1703 313 1790 348 aliqui
1802 313 1855 347 spi~

1066 373 1134 399 ritus
1149 370 1269 406 ejusdem
1291 367 1448 396 substantia!
1463 372 1524 392 cum
1549 364 1617 398 ipsa,
1643 362 1689 389 alii
1714 368 1784 387 vero
1807 366 1857 386 non

1065 418 1196 452 ejusdem,
1212 415 1258 443 sed
1272 414 1371 442 diversi
1389 412 1423 439 ab
1434 419 1476 443 ea,
1494 411 1519 437 id
1530 414 1581 441 est,
1589 409 1611 436 si
1626 412 1690 435 sunt
1703 411 1732 434 et
1748 406 1797 432 alii
1807 405 1857 439 spi~

1067 466 1134 492 ritus
1149 462 1338 493 rationabiles,
1348 465 1377 488 ut
1390 461 1446 495 ipsa
1464 462 1553 490 est,et
1563 456 1608 483 alii
1623 459 1755 483 carentes
1775 452 1857 480 ratio-

1066 520 1100 539 ne
1115 520 1122 538 :
1135 517 1162 538 et
1176 511 1198 537 si
1213 509 1308 537 cadent
1321 512 1362 535 est
1388 507 1472 541 ipsius
1494 511 1555 540 quas
1566 508 1593 531 et
1611 502 1777 536 angelorum
1799 499 1858 526 sub-

1067 556 1309 591 stantia,quoniam
1317 552 1485 590 jrationabile
1496 559 1511 578 a
1523 549 1675 578 rationabili
1687 553 1857 582 nequaquam

1067 603 1178 632 dill‘erre
1191 602 1322 630 creditur.
1339 610 1349 626 ι

1102 651 1156 678 VII.
1173 649 1338 684 Angelorum
1359 651 1449 674 autem
1465 647 1536 673 inter
1549 648 1577 671 et
1591 643 1748 671 daemonum
1763 646 1859 674 corpus

1068 696 1212 725 discritnen
1237 693 1344 728 aliquod
1374 691 1515 720 tenuitatis
1541 688 1702 719 constituit,
1730 686 1858 721 quoniam

1068 743 1202 778 graviora,
1215 741 1257 769 vel
1271 739 1413 768 subtiliora
1427 744 1542 771 corpora
1551 756 1559 770 ,
1573 743 1622 771 pro
1638 734 1790 762 criminum
1806 739 1859 759 mo-

1069 790 1113 823 do,
1129 787 1266 815 mentibus
1277 785 1366 814 addita
1384 784 1467 812 fuisse
1483 783 1608 817 opinatus
1621 785 1675 812 est,
1685 785 1717 807 ut
1731 779 1858 806 diximtts.

1070 834 1215 869 Postquam
1236 833 1308 860 enim
1330 832 1365 859 ob
1387 828 1535 865 nequitiam
1555 829 1694 855 dannones
1708 825 1784 853 caelo
1802 829 1859 851 sunt

1068 879 1217 912 exturbati,
1232 877 1369 906 crassiore
1386 876 1503 910 quodam
1527 881 1642 908 corpore
1662 872 1859 905 circumseptos

1067 933 1129 954 esse
1141 924 1314 953 existimavit.
1334 923 1380 951 Sic
1394 922 1439 949 ille
1455 926 1521 949 tom.
1540 929 1546 948 t
1562 921 1590 947 in
1604 919 1698 950 Joan.,
1716 925 1793 947 unm,
1814 915 1859 943 t7;

1074 974 1104 1000 '0
1115 972 1278 1007 καλούμενος
1289 970 1396 1006 δράκων
1407 969 1482 1001 ἄξιος
1491 966 1635 1002 γεγένηται
1653 963 1805 992 ἀποπεσὼν
1815 963 1861 998 τῆς

1069 1020 1194 1055 καθαρᾶς
1210 1018 1293 1053 ζωῆς,
1313 1017 1366 1052 πρὸ
1387 1017 1496 1043 πάντων
1515 1013 1654 1048 ἐνδεθῆναι
1672 1011 1725 1047 ὕλῃ
1743 1011 1794 1037 καὶ
1811 1009 1860 1036 σώ-

1073 1075 1147 1102 ματι.
1163 1065 1239 1098 Quod
1255 1064 1288 1092 de
1301 1062 1409 1090 diabolo
1424 1061 1531 1093 statuit,
1547 1061 1580 1088 de
1602 1058 1733 1086 omnibus
1757 1063 1860 1091 quoque

1071 1112 1238 1141 daemonibus
1261 1109 1465 1144 intelligendum
1494 1111 1546 1135 est.
1574 1107 1662 1139 Atque
1687 1104 1740 1131 ltoc
1769 1110 1861 1135 corpus

1070 1160 1190 1188 crassius
1213 1158 1277 1185 licet
1302 1155 1440 1190 angelico,
1454 1161 1515 1181 esse
1539 1157 1628 1180 tamen
1643 1151 1712 1178 dicit
1731 1149 1861 1185 protentio

1071 1207 1117 1234 lib.
1136 1204 1207 1239 Περὶ
1223 1202 1334 1239 ἀρχῶν,
1353 1209 1428 1229 num.
1443 1200 1472 1233 8,
1490 1209 1499 1226 t
1527 1197 1687 1226 naturaliter
1711 1195 1824 1227 subtile,
1837 1200 1861 1222 et

1071 1253 1145 1280 velut
1162 1258 1225 1278 aura
1244 1255 1333 1284 tenue,
1350 1258 1359 1274 ι
1375 1255 1407 1275 ex
1424 1253 1487 1274 aere
1511 1246 1637 1272 nimirum
1666 1243 1778 1270 rariore
1801 1249 1861 1268 eon-

1073 1303 1185 1326 textum.
1202 1295 1278 1330 Quod
1296 1295 1322 1322 in
1336 1302 1368 1321 eo
1379 1292 1517 1328 redarguit
1531 1291 1714 1326 lliemuymus
1727 1289 1812 1323 epist.
1820 1287 1859 1319 59.

1072 1345 1105 1372 ad
1116 1343 1201 1375 Avit.,
1216 1349 1278 1377 cap.
1295 1341 1321 1368 L
1338 1341 1372 1368 At
1386 1347 1445 1367 eam
1460 1343 1548 1365 tamen
1561 1343 1709 1371 corporum
1721 1335 1862 1363 diversita-

1074 1396 1127 1418 tem
1144 1389 1214 1417 citra
1231 1388 1313 1415 ullum
1338 1390 1442 1413 natura:
1460 1384 1605 1412 discrimen
1623 1382 1757 1417 Origenes
1771 1381 1861 1408 admit-

1075 1437 1116 1465 tit.
1130 1435 1272 1464 Diabolum
1287 1433 1387 1469 quippe
1406 1432 1478 1458 inter
1494 1435 1522 1457 et
1534 1429 1658 1464 angelum
1671 1428 1756 1454 ullam
1771 1427 1862 1457 οὐσίας

1074 1483 1252 1511 diﬂ'ereutiam
1273 1487 1333 1509 esse
1358 1483 1438 1513 negat
1453 1483 1518 1505 tom.
1537 1485 1571 1504 xx
1584 1477 1611 1502 in
1623 1475 1717 1506 Joan.,
1734 1473 1859 1501 num.20.

1075 1528 1129 1556 Nec
1142 1531 1272 1562 repugnat
1284 1525 1355 1559 quod
1371 1525 1478 1559 scripsit
1494 1523 1539 1550 lib.
1554 1525 1683 1549 utcontra
1695 1519 1779 1551 Cela,
1793 1527 1859 1546 num.

1074 1576 1107 1603 57
1126 1585 1132 1601 :
1149 1575 1180 1601 Oi
1192 1573 1220 1600 δὲ
1229 1572 1276 1600 τοῦ
1286 1571 1354 1598 Θεοῦ
1366 1571 1432 1598 Θεϊοι
1448 1571 1495 1597 καὶ
1505 1570 1576 1604 ἆγιοι
1592 1567 1704 1602 ἄγγελοι
1715 1567 1803 1601 ἄλλης
1815 1565 1861 1592 εἰσὶ

1075 1621 1192 1656 φύσεως,
1212 1621 1259 1647 καὶ
1274 1618 1459 1655 προαιρέσεως
1472 1616 1546 1651 παρὰ
1562 1616 1626 1647 τοὺς
1635 1615 1683 1642 ἐπὶ
1693 1614 1747 1649 γῆς
1765 1613 1862 1642 πάντας

1075 1668 1217 1703 δαίμονας.
1232 1666 1310 1694 Aliud
1324 1670 1365 1692 est
1382 1665 1454 1691 enim
1471 1662 1560 1698 φύσις.
1578 1662 1650 1688 aliud
1668 1660 1762 1687 οὐσία..

1112 1713 1177 1740 νιιι;
1190 1713 1277 1747 Atque
1293 1710 1400 1745 singula
1423 1710 1480 1736 haec
1495 1708 1590 1742 placita
1610 1707 1723 1734 Patrum
1738 1711 1863 1733 numerus

1076 1759 1205 1790 defendit,
1219 1757 1264 1793 qui
1285 1757 1353 1784 utin
1371 1763 1400 1783 re
1415 1755 1530 1787 incerta,
1547 1761 1635 1788 neque
1661 1751 1862 1780 deﬁnitionibus

1077 1805 1202 1833 Ecclesiae
1224 1802 1441 1836 circumscripta,
1454 1801 1544 1828 animo
1559 1808 1607 1827 suo
1620 1799 1781 1835 morigerati
1796 1802 1862 1826 sunt.

1076 1851 1227 1886 Corporeos
1243 1858 1303 1877 esse
1322 1849 1431 1885 angelos
1444 1848 1554 1883 quinam
1572 1854 1604 1873 ex
1624 1845 1677 1872 illis
1699 1844 1862 1880 putaverin',

1077 1898 1175 1932 partim
1205 1896 1345 1923 laudamus
1372 1896 1398 1922 iu
1434 1893 1670 1921 observationibus
1705 1891 1810 1918 nostris
1834 1890 1862 1916 ad

1077 1952 1136 1980 pag.
1160 1943 1213 1970 815
1231 1943 1297 1969 tonti
1321 1949 1375 1968 xvn
1396 1939 1540 1967 Comment.
1571 1937 1691 1972 Or'gem‘s
1723 1937 1752 1964 in
1774 1936 1861 1963 Mattlt.

1077 1992 1180 2025 Quibus
1190 1989 1252 2017 addi
1268 1993 1379 2021 possunt
1389 1987 1513 2015 Justinus
1524 1986 1550 2012 in
1565 1985 1669 2019 Dialog.
1685 1992 1748 2010 tum
1759 1983 1862 2018 Tryph;

1078 2038 1201 2065 Clemens
1215 2034 1415 2062 Alexandrinus
1431 2031 1540 2065 Padag.
1561 2031 1606 2057 lib.
1623 2038 1642 2062 ι,
1658 2037 1719 2064 cap.
1731 2029 1769 2062 6;
1785 2029 1865 2056 Maca-

1079 2084 1134 2111 rius
1148 2083 1220 2108 bom.
1231 2081 1262 2113 ις
1277 2079 1427 2107 Methodius
1439 2078 1508 2111 apud
1523 2075 1727 2106 Pbotiutn.cod.
1738 2082 1863 2103 ccxxxtv;

1078 2130 1194 2165 Cyrillus
1206 2129 1251 2155 lib.
1263 2135 1289 2154 Ix
1311 2128 1337 2153 In
1351 2125 1432 2153 Joan.
1445 2133 1452 2157 ;
1466 2122 1622 2152 Gennadius
1634 2122 1681 2150 lib.
1703 2121 1742 2148 De
1753 2122 1863 2156 dogmat.

1079 2176 1192 2207 Eccles.,
1212 2182 1272 2209 cap.
1286 2173 1315 2200 Η
1334 2177 1360 2200 et
1371 2172 1405 2199 12
1421 2180 1428 2204 ;
1443 2170 1593 2198 Bernartius
1606 2169 1652 2196 lib.
1670 2176 1686 2195 ν
1701 2168 1742 2195 De
1755 2168 1867 2195 conside-

235 2226 308 2255 heat.
321 2230 348 2252 et
361 2225 473 2257 sentire,
486 2228 513 2251 et
531 2223 652 2258 proferre
665 2221 771 2249 difficile
785 2225 843 2254 est;
856 2221 939 2248 semel
956 2221 1027 2248 enim
1045 2220 1066 2247 D
1082 2223 1183 2249 ratione
1194 2221 1227 2247 ad
1244 2219 1406 2254 Eugenium,
1422 2223 1450 2245 et
1465 2217 1509 2244 alii
1525 2216 1690 2250 complures.
1706 2214 1782 2248 Quid
1801 2214 1866 2246 quod

236 2271 385 2306 simplicem
402 2271 476 2297 illam
495 2273 669 2302 naturam,et
683 2269 785 2302 absque
803 2267 884 2294 ullius
898 2266 1028 2300 abiectio-

237 2317 279 2344 nis
296 2317 469 2350 permislioue
480 2316 637 2350 proﬁtentur
649 2323 655 2340 :
667 2320 754 2341 tamen
765 2314 955 2348 quoquomodo
969 2319 1030 2340 seu-

238 2363 359 2390 tiendum
376 2367 428 2393 est,
449 2361 586 2389 nominari
610 2361 718 2388 interim
736 2361 782 2388 Dei
796 2361 887 2388 anima
905 2360 1027 2393 videtur;

237 2409 270 2437 de
289 2409 399 2437 Christo
420 2416 484 2435 vero
507 2416 559 2435 non
582 2407 729 2435 dubitatur.
748 2408 781 2434 Et
805 2408 866 2435 ideo
889 2414 942 2434 non
964 2407 1029 2434 mibi

236 2456 344 2483 videtur
359 2455 505 2483 absurdutn
528 2455 609 2482 etiam
632 2454 665 2481 de
690 2453 794 2481 sanctis
816 2452 935 2487 angelis,
950 2458 1026 2480 czete-

237 2501 330 2535 risque
346 2500 503 2528 cmlestibus
519 2499 666 2526 virtutibus
686 2498 737 2525 tale
753 2498 853 2532 aliquid
871 2498 910 2525 vel
924 2498 1025 2529 dicere,

236 2547 278 2574 vel
296 2547 399 2574 setttire
416 2546 568 2580 :siquidem
590 2544 710 2572 deﬁnitio
722 2544 766 2571 illa
788 2544 885 2571 animat
903 2544 983 2570 etiam
1000 2544 1026 2570 in

238 2593 311 2627 ipsos
335 2593 441 2619 videtur
466 2593 616 2619 incurrere.
645 2589 711 2623 Quis
736 2590 806 2617 enim
833 2589 1028 2616 rationabiliter

238 2639 380 2666 sensibiles
397 2646 445 2666 eos
460 2645 537 2668 esse.
554 2636 596 2664 vel
616 2636 729 2663 mobiles
753 2636 853 2670 poterit
874 2635 1029 2669 denegare?

239 2685 314 2718 Quod
330 2685 351 2712 si
370 2690 443 2711 recta
457 2684 507 2711 ista
529 2683 636 2710 videtur
653 2689 711 2709 esse
728 2681 860 2713 deﬁnitio,
877 2681 948 2714 quod
967 2680 1030 2707 sub-

239 2729 338 2757 s‘tantia
366 2729 564 2756 rationabiliter
588 2727 741 2758 sensibilis,
760 2732 788 2754 et
814 2727 921 2754 mobilis
939 2725 1028 2752 anima

241 2775 357 2807 dicatur,
370 2775 476 2802 videtur
489 2774 546 2801 haec
559 2773 655 2800 eadem
669 2773 790 2800 deliuitio
800 2773 882 2799 etiam
898 2771 932 2798 ad
944 2779 1027 2806 ange-

243 2829 282 2848 los
301 2821 447 2854 pertinere.
468 2820 537 2853 Quid
552 2819 624 2846 enim
639 2818 712 2845 aliud
729 2819 754 2845 in
773 2819 824 2845 illis
837 2826 918 2852 quam
934 2825 1029 2858 sensus

244 2866 409 2894 rationabilis
430 2872 458 2894 et
475 2870 563 2894 utotus
576 2871 617 2894 est
631 2866 643 2893 ?
658 2865 776 2898 Quorum
793 2869 881 2892 autem
895 2872 948 2892 una
963 2863 1028 2891 deﬁ-

1078 2269 1199 2296 eatudetu
1214 2266 1377 2294 sententiam
1394 2265 1421 2291 in
1448 2264 1520 2290 Actis
1536 2262 1656 2296 septima:
1681 2261 1782 2296 synodi
1797 2267 1867 2288 (ecu-

1080 2314 1200 2345 tuenicm,
1218 2320 1272 2340 non
1295 2310 1433 2339 deﬁnitam
1446 2309 1565 2344 quidem,
1582 2308 1628 2335 sed
1646 2312 1738 2334 tamen
1762 2314 1868 2342 expres-

1078 2369 1136 2388 sam
1157 2359 1327 2394 reperimus:
1344 2358 1411 2385 adeo
1425 2357 1488 2383 trita
1507 2363 1567 2388 usu,
1585 2359 1612 2382 et
1623 2354 1868 2381 vetustissimorum

1081 2405 1268 2440 theologorum
1291 2410 1427 2430 consensu
1444 2401 1571 2428 tralatitia
1587 2400 1636 2426 iuit
1648 2407 1682 2427 ea
1699 2400 1807 2434 opinio.

1117 2450 1275 2477 Notavimus
1302 2449 1447 2483 Origenem
1464 2452 1577 2482 corpora
1599 2445 1663 2472 licet
1679 2445 1788 2479 angelis
1802 2444 1869 2471 aﬂin-

1076 2503 1193 2532 geuteut,
1217 2497 1310 2524 eadem
1336 2496 1402 2529 ipsis
1432 2493 1576 2528 aliquando
1604 2492 1752 2519 detrahere
1776 2491 1868 2525 visum.

1075 2546 1146 2573 Idem
1165 2545 1311 2572 observare
1326 2542 1388 2569 licet
1408 2542 1433 2568 in
1449 2540 1549 2568 Basilio
1563 2540 1608 2574 qui
1632 2539 1762 2572 quamvis
1781 2545 1869 2571 corpo-

1076 2599 1137 2619 reos
1151 2591 1263 2626 angelos
1275 2589 1373 2616 dixerit
1386 2587 1434 2615 lib.
1451 2587 1487 2614 De
1506 2586 1606 2620 Spiritu
1623 2590 1728 2616 sancto,
1750 2592 1813 2618 cap.
1829 2583 1868 2612 16.

1078 2644 1105 2665 et
1125 2638 1199 2669 alibi,
1220 2637 1328 2664 eosdem
1355 2640 1445 2662 tamen
1463 2633 1585 2668 corporis
1599 2636 1729 2667 expertes
1743 2639 1807 2660 esse
1825 2632 1867 2658 lib.

1078 2693 1105 2711 tv
1117 2690 1208 2711 contra
1226 2682 1342 2710 Eunom.
1367 2681 1492 2709 allirmat.
1509 2679 1585 2708 Unde
1605 2687 1672 2706 vero
1693 2684 1755 2706 orta
1783 2684 1823 2706 est
1845 2679 1868 2705 in

1077 2731 1193 2766 Origene
1219 2731 1362 2758 observata
1384 2737 1400 2755 a
1426 2727 1503 2755 nobis
1531 2726 1728 2760 discrepantia,
1756 2725 1867 2752 indidem

1078 2779 1123 2806 illa
1144 2786 1250 2813 quoque
1273 2777 1367 2804 Basilii
1390 2776 1509 2811 profecta
1532 2779 1584 2807 est,
1605 2781 1637 2801 ex
1659 2781 1758 2802 vocum
1781 2780 1867 2807 nempe

1078 2827 1173 2858 abusu,
1185 2831 1208 2851 ct
1221 2825 1385 2852 crassiorum
1398 2831 1540 2858 corporum
1551 2826 1683 2856 respectu.
1699 2821 1807 2855 Optime
1816 2820 1865 2846 Ca-

1078 2873 1166 2901 sarius
1191 2872 1293 2908 Dialag.
1321 2880 1341 2906 ι,
1376 2872 1505 2907 interrog.
1542 2869 1577 2897 48
1598 2889 1604 2896 .
1636 2867 1792 2904 Ἀσώματοι
1823 2867 1864 2902 μὲν
