1904 3077
53 126 109 154 853

481 127 770 158 ORIGENlANORUM
790 129 854 157 LIB.
875 128 908 162 ll,
929 129 1006 157 CAP.
1027 108 1059 162 ll,
1080 127 1218 162 QUEST.
1239 127 1273 155 V.

1642 123 1694 151 854

53 183 100 234 ῗῦν
128 184 253 234 ἄγγεέοι
274 186 336 234 EtaO'
356 186 440 222 ἡμᾶς,
459 187 538 223 σῶμα
556 188 585 215 δὲ
606 188 804 222 καθ’ὲαυτοὺς,
822 189 852 219 ὡς

912 199 975 233 reis,
988 203 1050 234 post
1066 198 1169 233 lapsum
1193 204 1257 225 vero
1279 194 1458 224 erassiorihns
1475 193 1590 229 illigatos
1611 193 1695 220 fuisse

51 231 169 267 ἄνεμος,
200 232 219 268 ἢ
251 232 322 268 πῦρ,
349 233 365 268 ἢ
397 234 553 270 καπνὸς,ἢ
579 235 646 271 ἀήρ·
669 235 782 271 σώματα
806 235 860 271 γὰρ

52 278 217 313 ὑπάρχουσι
239 278 334 310 λεπτὰ,
349 280 396 306 καὶ
418 279 503 312 ᾶῦλα,
520 280 572 314 ἔξω
587 281 636 316 τῆς
651 282 787 317 ἡμετέρας
806 290 860 308 πα-

52 324 186 360 χύτητος·
211 325 327 360 σώματα
353 326 408 362 γὰρ
434 327 593 363 ἐπουράνια,
608 329 655 355 καὶ
667 327 780 364 σώματα
798 328 859 356 ἐπί-

50 370 116 405 γειά
134 379 225 406 φησιν
239 373 253 398 ὁ
265 372 342 406 ἅγιος
365 373 534 405 Ἀπόστολος.
559 383 567 399 ι
582 375 733 408 lncorporei
751 375 858 409 quidem

51 421 120 443 sunt
130 417 227 451 angeli
243 419 388 446 secundant
404 427 467 452 nos;
493 427 592 454 corpus
607 427 669 447 vero
682 425 746 448 sunt
760 428 859 448 secun-

53 462 119 489 dum
143 470 186 493 se,
215 469 246 490 ιιι
263 469 370 497 ventus,
392 465 433 493 vel
450 466 530 501 ignis,
550 467 591 492 vel
621 466 721 499 fumus,
738 467 780 495 vel
801 474 861 503 aer.

52 508 181 544 Corpora
200 511 276 537 enim
297 516 361 537 sunt
374 511 478 544 tenuia,
493 511 613 539 materia:
627 512 765 547 expertia,
781 518 858 540 extra

54 560 181 584 nostram
206 557 429 584 crassitudinem.
449 558 569 592 Corpora
592 558 664 586 enim
684 559 817 591 coelestia,
831 564 858 586 et

53 609 174 636 corpora
192 603 336 630 terrestria
353 603 420 630 dicit
434 608 544 631 sanctus
564 604 710 638 Apostolus
726 606 758 632 “.
782 615 792 632 ι
808 605 856 633 Ctti

55 647 233 675 simillnnum
257 648 322 675 illud
340 653 381 676 est
402 649 525 677 Cassiani
550 649 645 677 Collat.
661 658 709 683 vn,
724 658 784 685 cap.
801 651 854 678 i5:

57 703 68 720 ο
82 693 163 722 Licet
179 695 258 722 enim
273 695 478 730 pronuntiemus
495 696 639 725 nonnullas
655 704 715 725 esse
729 697 857 732 spiritua-

57 741 96 768 les
112 744 246 772 naturas.
260 747 289 768 ut
306 746 369 770 sunt
391 742 479 776 angeli
490 762 498 774 ,
516 743 683 777 archangeli,
697 749 856 778 emterteque

58 786 182 817 virtutes,
193 786 254 820 ipsa
267 793 374 820 quoque
385 787 474 814 anima
492 792 595 819 nostra.
609 787 649 815 vel
661 793 734 816 certe
749 789 856 816 aeriste

57 831 189 864 subtilis;
214 836 305 858 tamen
329 831 497 866 incorporate
520 832 674 859 nullatenus
692 833 854 860 aestimanda:

57 883 130 906 sunt.
151 878 265 905 Habent
281 879 353 906 enim
369 879 517 906 secundum
541 886 570 906 se
593 886 701 913 corpus,
724 886 778 914 quo
791 879 854 906 sub-

58 924 169 956 sistunt,
179 924 245 952 licet
262 924 345 952 multo
357 924 464 951 tenuius
473 931 552 959 quam
567 932 626 952 nes.
638 924 704 952 Nam
715 929 778 953 sunt
790 933 853 953 cor-

59 978 122 1004 pora
138 971 293 998 secundum
304 971 425 1006 Apostoli
436 971 600 999 sententiam
615 971 649 999 ita
665 971 779 1000 dicentis
794 981 802 1000 :
822 971 856 999 Et

60 1024 177 1051 corpora
198 1017 336 1050 cmlestia,
358 1023 385 1044 et
402 1023 517 1051 corpora
535 1019 671 1045 terrestria
689 1018 720 1045 ".
743 1027 752 1044 ι
767 1017 856 1052 Αρρθ-

61 1062 111 1089 site
129 1062 194 1089 item
209 1061 359 1097 Gregorius
374 1062 487 1097 Magnus
498 1063 608 1094 Moral..
620 1070 680 1098 cap.
690 1063 707 1090 5
722 1072 729 1090 ;
748 1072 757 1090 ι
773 1063 854 1090 Com-

59 1108 202 1141 paratione
222 1108 334 1142 quidem
346 1113 500 1135 nostrorum
512 1116 655 1143 corporum
671 1109 780 1144 angelos
804 1109 856 1144 spi-

63 1153 129 1180 ritus
145 1161 207 1180 esse
224 1154 308 1186 dicit;
327 1154 373 1181 sed
393 1154 594 1188 comparatione
610 1155 707 1182 summi
728 1159 756 1182 et
770 1155 854 1182 incir-

62 1199 220 1233 cumscripli
238 1198 356 1233 Spiritus
366 1206 426 1227 esse
436 1207 543 1234 corpus.
562 1209 571 1225 ι
587 1199 634 1228 Cui
648 1200 722 1235 paria
740 1201 856 1228 succinit

64 1244 251 1272 Damascenus
265 1246 311 1273 lib.
329 1253 348 1273 Il
365 1245 403 1273 De
418 1246 511 1273 ortliod
525 1246 585 1280 ﬁd.,
600 1253 660 1281 cap.
677 1246 704 1274 5.
718 1245 785 1273 Hine
800 1247 855 1274 Au-

64 1291 186 1325 gustinus
206 1291 347 1319 sexcentis
365 1291 427 1319 licet
441 1291 508 1319 locis
527 1299 686 1327 eorporeatn
698 1291 853 1327 angelorum

65 1343 123 1364 esse
140 1342 270 1364 naturam
289 1338 511 1372 propugnaverit,
534 1338 680 1372 aliquando
697 1343 785 1366 tamen
800 1339 855 1372 spi-

66 1383 198 1415 ritualem,
212 1388 242 1410 et
261 1383 462 1410 intellettualem
473 1391 533 1412 earn
548 1384 855 1418 appellat,quemadmo-

66 1429 126 1455 dum
151 1430 302 1457 Cassianus
315 1435 342 1457 et
355 1429 520 1463 Bernardus,
541 1431 586 1466 qui
603 1438 656 1458 non
671 1430 751 1458 aliam
764 1435 853 1458 tamen

67 1481 145 1508 quam
170 1475 341 1510 Augustinus
367 1476 521 1510 opinionem
537 1476 672 1510 persecuti
698 1480 770 1504 sunt.
796 1476 855 1511 lpse

909 245 1068 280 corporibus
1084 244 1207 272 deﬁnivit
1231 243 1373 278 Origenes.
1397 242 1423 269 in
1439 249 1472 269 eo
1495 239 1694 268 consentientes

909 291 993 319 habet
1016 290 1159 318 Minutinm
1175 289 1304 320 Felicem,
1321 288 1366 323 qui
1385 297 1394 314 ι
1413 287 1480 314 istos
1495 286 1606 320 spiritus
1626 284 1693 312 sim-

909 336 1056 372 plicilatem
1078 335 1236 363 substantia:
1255 342 1310 362 suae
1329 334 1478 369 perdidisse
1493 343 1502 358 I
1521 331 1655 363 decernit.
1667 336 1694 358 et

909 383 1086 418 Augustinum
1097 382 1142 417 qui
1158 381 1198 408 sic
1211 381 1319 408 disserit
1334 380 1382 408 lib.
1397 387 1426 407 Ill
1441 379 1475 406 De
1491 378 1582 405 Cenes.
1594 378 1628 404 ad
1639 377 1693 410 lit.,

909 438 969 465 cap.
986 430 1040 456 lt):
1057 437 1066 454 ι
1083 428 1112 455 Si
1133 433 1223 454 autem
1253 431 1464 461 transgressores
1481 425 1531 456 illi.
1548 429 1693 458 antequam

910 473 1300 511 transgrederentur,coelestia
1315 479 1428 506 corpora
1443 471 1591 506 gerebant.
1607 477 1695 505 neque

910 523 960 550 hoc
972 521 1069 548 mirum
1085 525 1137 553 est,
1148 519 1170 548 si
1185 525 1315 546 conversa
1330 522 1436 545 suntex
1450 524 1528 552 ptena
1541 516 1568 543 in
1585 522 1692 543 aeream

907 567 1077 604 qualitatem.
1096 576 1106 593 ι

942 614 1019 641 Nunc
1029 620 1103 645 vero,
1113 612 1164 640 etsi
1175 617 1302 646 expresse
1313 610 1346 637 ab
1358 608 1479 637 Ecclesia
1490 608 1628 636 deﬁnitum
1641 615 1693 635 non

906 666 959 693 est,
976 665 1066 687 utrum
1091 658 1180 693 angeli
1204 657 1363 692 corporibus
1388 655 1516 690 itnplicati
1536 654 1600 684 sint.
1620 661 1695 681 cont-

908 714 988 735 mune
1004 712 1092 734 tamen
1115 705 1166 732 hoc
1181 708 1222 732 est
1246 710 1278 731 ac
1299 708 1447 737 receptum,
1463 707 1490 729 et
1508 701 1693 735 theologorum

905 754 1026 782 omnium
1051 760 1184 781 consensu
1206 750 1383 786 approbatum
1408 749 1518 783 dogma,
1534 747 1604 782 quod
1617 746 1690 774 omni

905 801 966 829 Mos
975 807 1087 834 corpore
1094 799 1201 834 spoliat.
1210 803 1240 825 ut
1251 796 1417 824 contrarium
1429 795 1552 830 quisquis
1562 794 1640 821 hodie
1649 793 1690 820 af—

869 865 890 892 B
908 847 1072 878 ﬁrmaverit,
1086 853 1134 880 pro
1162 845 1307 872 temerario
1331 847 1359 869 et
1380 841 1530 876 praeﬁdenti
1554 839 1694 868 habendus

905 894 940 922 sit
954 897 1111 928 :postquam
1122 892 1148 919 in
1163 891 1188 918 id
1199 891 1338 918 decretum
1353 888 1491 917 consensit
1509 886 1694 914 Lateranense

905 939 1049 968 concilium
1065 945 1124 972 cap.
1141 937 1153 963 l
1173 945 1180 962 :
1206 945 1215 962 ι
1237 935 1351 963 Creator
1371 934 1491 960 omnium
1520 931 1693 959 invisibilium

906 989 934 1013 et
950 984 1107 1015 visibilium,
1119 981 1301 1017 spiritualium
1316 987 1343 1008 et
1371 978 1565 1014 corporalium,
1579 977 1625 1012 qui
1644 984 1693 1004 sua

905 1028 1081 1063 omnipotenti
1094 1028 1194 1055 virtute
1206 1026 1286 1054 simul
1303 1026 1337 1054 ab
1353 1025 1430 1053 initio
1445 1023 1574 1058 temporis
1591 1026 1694 1048 utram-

905 1081 958 1109 que
972 1073 1006 1101 de
1025 1073 1111 1101 nihilo
1134 1072 1257 1100 condidit
1282 1076 1437 1100 creaturam
1449 1090 1457 1104 ,
1472 1067 1637 1104 spiritualem
1665 1072 1694 1094 et

905 1119 1084 1154 corporalem,
1106 1118 1257 1154 angelicam
1275 1115 1400 1144 videlicet
1419 1119 1446 1142 et
1466 1113 1642 1144 mundanam,
1660 1119 1692 1139 ac

904 1165 1002 1192 deinde
1015 1164 1180 1197 humanam,"
1192 1163 1269 1199 quasi
1293 1168 1463 1190 communem
1481 1167 1514 1187 ex
1537 1165 1650 1193 corpore
1666 1162 1693 1184 et

906 1211 1002 1244 spiritu
1019 1211 1201 1239 constitutam.
1219 1219 1229 1236 ι
1250 1209 1309 1242 Quo
1325 1209 1434 1236 decreto
1450 1205 1617 1241 Origenistas
1639 1203 1692 1239 peti

907 1255 936 1284 S.
952 1256 1070 1284 Thomas
1083 1256 1270 1284 existimabat.

942 1301 988 1331 IX.
1001 1302 1088 1330 Porro
1109 1301 1237 1336 quidquid
1253 1301 1287 1328 de
1310 1298 1413 1334 angelis
1427 1296 1537 1325 tradidit
1550 1295 1692 1330 Origenes,

906 1349 948 1378 vel
972 1349 1059 1376 sacris
1085 1347 1126 1375 vel
1153 1346 1275 1382 profanis
1297 1344 1456 1372 auctoribus
1488 1347 1624 1376 utcunque
1651 1340 1694 1368 de-

906 1396 1018 1424 fendere
1029 1394 1126 1430 potuit.
1138 1393 1243 1427 Corpus
1255 1392 1357 1427 angelis
1368 1390 1467 1419 ascribi
1491 1389 1597 1417 videtur
1622 1386 1692 1422 psal.

905 1451 963 1474 csa.
981 1442 1017 1469 ιτ
1043 1451 1052 1467 ι
1069 1440 1119 1474 Qui
1137 1439 1205 1467 facis
1219 1438 1329 1474 angelos
1346 1442 1408 1465 tuos
1422 1436 1544 1472 spiritus,
1562 1438 1590 1462 et
1611 1433 1693 1461 mini-

906 1495 977 1518 stros
1000 1493 1060 1515 tuos
1081 1486 1170 1521 ignem
1195 1488 1350 1512 urentem.)
1380 1482 1445 1516 Quae
1466 1480 1590 1517 quamvis
1614 1478 1694 1506 aliter

67 1528 171 1571 q'mqf'e
187 1521 374 1549 Τθτί¹¹¹¹ί³¹¹⁰⁵
388 1522 440 1571 ω’·
458 1522 494 1571 sz
515 1530 593 1571 εανγιέ
610 1521 718 1571 Germ"!
744 1529 803 1571 αἶρ’
819 1523 852 1555 δ’
867 1537 888 1566 C
905 1534 1001 1571 exponi
1023 1533 1137 1569 possint,
1161 1532 1246 1559 Deutn
1275 1537 1370 1565 nempe
1392 1534 1473 1556 vento
1499 1533 1525 1556 et
1546 1527 1618 1562 igne,
1634 1531 1693 1553 tan-

67 1567 174 1602 angelos
197 1577 206 1593 ι
231 1572 337 1595 natura).
353 1569 512 1595 substantiae
527 1568 692 1602 spiritualis;
709 1574 736 1596 et
754 1569 776 1596 si
791 1576 853 1595 cor-

69 1613 139 1646 poris
155 1614 283 1648 alicujus,
297 1615 338 1642 sui
355 1619 443 1642 tamen
459 1615 566 1650 generis
585 1625 595 1641 ι
617 1623 677 1643 esse
689 1615 818 1643 declarat.

102 1659 243 1689 llaesitatio
267 1669 377 1697 quoque
394 1662 438 1689 illa
468 1662 601 1697 Origenis,
622 1670 674 1696 qua
700 1662 806 1690 dubitat
820 1670 853 1689 an

71 1712 164 1740 praeter
178 1715 279 1742 corpus
294 1708 413 1735 animam
426 1715 533 1742 quoque
544 1698 645 1742 angelis
660 1708 791 1742 assignet,
808 1708 854 1734 de-

70 1751 185 1780 fenditur
203 1755 367 1781 auctoritate
381 1753 520 1780 Claudiani
541 1753 662 1780 Mamerti
681 1753 853 1786 Viennensis,

70 1803 95 1826 et
104 1798 251 1835 Fulgentii,
270 1807 384 1834 qttorum
400 1799 444 1827 ille
459 1799 617 1833 pronuntiat
637 1808 647 1825 ι
665 1804 791 1828 constare
804 1806 854 1826 an-

70 1843 154 1877 gelum
166 1853 198 1872 ex
214 1853 330 1880 corpore
342 1850 369 1873 et
381 1845 476 1880 spiritu
492 1845 626 1880 praecipua
637 1845 706 1872 inter
716 1848 854 1872 creaturas

72 1889 197 1925 dignitate
214 1892 350 1925 formato;
374 1901 384 1918 ›
404 1892 483 1927 hujus
498 1898 562 1919 vero
579 1891 662 1918 verba
678 1891 735 1918 haec
754 1890 854 1918 suntin

72 1934 135 1963 libro
154 1937 191 1964 De
216 1938 347 1966 Trinitale
361 1945 371 1965 :
387 1947 397 1964 ‹
414 1937 499 1965 Plane
518 1944 551 1964 ex
573 1937 671 1972 duplici
688 1943 735 1964 eos
756 1936 855 1974 (ange-

72 1980 120 2017 lo~)
135 1991 194 2011 esse
212 1985 364 2012 substantia
379 1988 504 2013 asserunt
519 1984 608 2019 magni
625 1987 652 2011 et
665 1983 737 2012 docti
751 1983 813 2014 viri.
828 1983 855 2011 id

72 2032 110 2054 est
122 2036 154 2056 ex
167 2031 264 2064 spiritu
283 2031 453 2066 incorporeo,
465 2039 520 2066 quo
536 2039 551 2057 a
563 2030 610 2057 Dei
626 2031 856 2066 contemplatione

73 2079 203 2109 nunquam
220 2077 351 2104 recedunt
360 2086 368 2105 :
377 2081 405 2104 et
419 2084 452 2105 ex
464 2084 589 2112 corpore,
599 2084 648 2112 per
659 2078 731 2112 quod
746 2085 779 2105 ex
791 2082 856 2105 tem-

72 2124 132 2151 pore
149 2122 306 2151 hominibus
320 2127 461 2158 apparent.
477 2133 486 2150 ι
506 2124 540 2151 At
555 2124 719 2159 Augustinus
729 2125 855 2159 prazditos

73 2165 165 2195 animis
181 2169 293 2204 angelos
305 2177 366 2197 esse
378 2173 467 2205 negat,
479 2174 506 2197 et
521 2175 581 2204 post
591 2171 769 2205 Augustinum
784 2171 855 2198 Fau-

904 1590 985 1616 quant
1009 1581 1142 1609 ministris
1156 1584 1184 1606 et
1204 1577 1319 1613 angelis,
1341 1576 1486 1611 aliquando
1498 1573 1552 1607 uti;
1570 1579 1597 1600 et
1613 1576 1693 1599 vento

904 1626 1024 1661 quidem,
1043 1625 1116 1653 velut
1131 1632 1191 1652 cum
1206 1621 1344 1657 losaphati
1356 1625 1384 1648 et
1394 1619 1518 1648 Ochosiaa
1531 1625 1614 1646 naves
1626 1624 1693 1645 con-

906 1672 1027 1704 trivit-'3;
1052 1670 1093 1698 vel
1111 1678 1171 1698 cum
1197 1669 1329 1696 adversus
1343 1666 1439 1694 Jonam
1467 1666 1493 1693 in
1511 1663 1623 1692 Tltarsis
1651 1663 1693 1690 ιυ-

904 1718 1022 1754 gientem
1042 1726 1051 1743 ι
1066 1716 1137 1744 misit
1150 1720 1260 1743 ventum
1279 1721 1404 1749 magnum
1421 1712 1447 1739 in
1471 1719 1557 1743 mare,
1574 1715 1602 1738 et
1618 1709 1692 1737 facta

904 1769 945 1792 est
958 1767 1106 1797 tempestas
1118 1769 1213 1796 magna
1227 1756 1252 1788 in
1268 1760 1334 1788 mari
1351 1759 1390 1792 ιδς
1408 1769 1418 1784 ι
1434 1759 1494 1793 igne
1505 1761 1605 1790 autem,
1619 1755 1693 1783 velut

905 1817 967 1838 cttm
979 1818 988 1835 ι
999 1808 1133 1836 Dominus
1148 1808 1215 1843 pluit
1227 1814 1308 1841 super
1319 1805 1463 1833 Sodomam
1474 1809 1500 1831 et
1511 1802 1690 1831 Gomorrham

905 1851 1015 1890 sulphur
1038 1859 1066 1882 et
1085 1853 1220 1888 ignem”;
1237 1861 1247 1878 ι
1265 1851 1306 1879 vel
1323 1859 1384 1878 cum
1410 1859 1419 1876 ι
1436 1850 1505 1885 ignis
1533 1854 1659 1883 egressus
1675 1855 1690 1874 a

905 1901 1020 1929 Domino
1033 1899 1174 1928 interfecit
1188 1899 1319 1926 ducentos
1330 1897 1526 1933 quinquaginta
1542 1895 1627 1927 viros,
1644 1893 1690 1929 qui

904 1947 1054 1976 offerebant
1068 1947 1209 1974 incensum
1223 1944 1245 1960 ¹⁸
1270 1955 1276 1972 :
1301 1953 1311 1970 ι
1338 1943 1515 1971 nihilominus
1538 1947 1627 1969 tamen
1653 1941 1690 1968 ita

905 1993 1049 2028 exponitur
1071 1999 1086 2019 a
1118 1991 1209 2019 multis
1228 1989 1385 2018 Davidieum
1413 1989 1499 2016 illud:
1516 1988 1566 2022 Qui
1587 1987 1691 2022 angelis

906 2039 958 2066 tuis
974 2038 1124 2072 spiritalem
1148 2041 1273 2064 naturam
1286 2041 1313 2065 et
1325 2037 1429 2071 igneam
1446 2034 1573 2062 tribuisti.
1589 2033 1634 2060 Sic
1650 2033 1692 2060 in-

907 2084 1008 2112 tellexit
1023 2083 1208 2112 Tertullianus
1221 2082 1268 2110 lib.
1285 2090 1303 2110 ιι
1319 2087 1412 2109 contra
1423 2080 1567 2113 Marciam,
1584 2086 1644 2113 cap.
1656 2078 1691 2112 8;

905 2131 945 2158 sic
971 2130 1149 2169 Hieronymus
1183 2129 1210 2156 in
1236 2136 1272 2155 vtt
1304 2127 1429 2159 Daniel.;
1450 2126 1489 2153 sic
1525 2125 1692 2154 Severianus

905 2175 1082 2204 Gabalitauus
1108 2175 1200 2203 bomil.
1230 2174 1268 2206 ις
1294 2173 1333 2201 sic
1360 2173 1417 2208 ipse
1443 2172 1574 2208 Origenes
1602 2171 1650 2198 lib.
1672 2177 1692 2197 ιι

73 2214 125 2238 stus
137 2212 273 2247 Reiensis,
286 2216 332 2250 qui
349 2216 399 2244 hac
418 2217 524 2244 ratione
539 2217 746 2251 reprehenditur
761 2224 776 2244 a
796 2217 852 2244 Ma-

907 2223 977 2257 Περὶ
992 2222 1103 2257 ἀρχῶν,
1117 2229 1177 2256 cap.
1190 2222 1216 2252 8.
1235 2228 1310 2248 num.
1327 2221 1354 2248 '5.
1371 2218 1520 2248 Conﬁrmat
1535 2218 1693 2252 interpreta-

74 2263 153 2286 merlo
168 2259 324 2294 Viennensi,
333 2263 404 2297 quod
417 2270 516 2298 corpus
527 2268 625 2298 sponte
639 2270 686 2291 sua
697 2264 787 2292 vivere
799 2273 851 2292 unn

73 2305 161 2337 possit,
179 2307 232 2335 nisi
260 2307 335 2335 vitali
361 2309 458 2344 spiritu
472 2309 506 2336 ad
529 2310 612 2336 vitam
637 2311 780 2337 excitetur.
799 2311 852 2337 Sed

75 2347 225 2399 Illamertum
241 2361 290 2382 sua
309 2355 415 2383 videtur
429 2355 558 2383 fefellisse
568 2356 650 2387 ratio,
665 2363 726 2382 naut
745 2356 851 2384 vitalem

75 2400 156 2428 llisum
170 2399 293 2433 spiritum
307 2400 349 2428 vel
366 2401 553 2436 incorporeum
569 2409 629 2428 esse
640 2401 720 2434 dicet,
736 2401 777 2429 vel
793 2409 853 2429 cor-

75 2445 180 2489 Pareutn
191 2445 229 2476 ;si
243 2445 433 2480 incorporeum
445 2453 505 2474 esse
519 2446 688 2481 velit,quare
699 2454 751 2474 non
770 2451 852 2474 t0tatn

75 2485 161 2514 “idem
183 2491 271 2525 angeli
302 2496 427 2519 naturam
452 2499 501 2528 pro
528 2492 686 2527 incorporea
715 2493 851 2526 admittat,

75 2537 149 2581 causa
168 2543 220 2563 non
236 2542 296 2570 est;
310 2537 333 2564 si
356 2544 526 2573 corporeum,
541 2543 569 2566 at
584 2538 685 2566 nullum
705 2546 802 2573 corpus
818 2547 851 2566 ex

76 2581 135 2629 filis.
155 2584 285 2611 sententia
311 2589 406 2618 sponte
430 2592 479 2612 sua
497 2586 589 2613 vivere
607 2590 704 2620 potest,
716 2593 780 2621 ergo
800 2585 853 2613 alio

77 2627 165 2666 spiritu
182 2629 318 2656 excitante
330 2630 450 2657 vivescat
464 2637 576 2658 necesse
591 2635 641 2658 est.
659 2631 758 2658 Eadem
772 2638 853 2666 porro

77 2665 108 2712 tie
120 2671 197 2699 tertio
212 2673 257 2701 illo
276 2675 371 2709 spiritu
382 2696 390 2709 ,
410 2679 490 2710 atque
506 2676 575 2704 idem
591 2677 624 2704 de
645 2681 758 2712 quarto,
774 2682 802 2705 et
813 2677 853 2705 sic

77 2710 101 2738 in
113 2712 240 2746 infinitum
253 2726 406 2749 recurreret
420 2722 543 2756 questio.

109 2759 180 2793 Quod
192 2767 301 2801 angelos
313 2773 401 2794 autem
417 2768 584 2796 tenuioribus
599 2769 715 2802 primum
732 2774 758 2797 et
769 2769 852 2797 mlite-

113 2855 223 2889 "ICor.
236 2869 280 2895 xv,
300 2862 342 2889 40.
382 2863 403 2879 ¹²
422 2862 485 2890 ibid.
526 2863 546 2878 ’⁸
561 2861 580 2889 ll
610 2862 670 2890 Par.
688 2870 733 2895 xx,
752 2863 796 2889 57.
833 2862 852 2878 ³³

907 2870 924 2890 ι.
941 2870 959 2895 t,
980 2861 1002 2889 ι.
1039 2861 1059 2877 ¹⁵
1072 2860 1136 2888 Gen.
1156 2868 1211 2894 κη,
1228 2860 1271 2887 2i.

886 2303 887 2306 η
907 2270 1006 2296 tionem
1023 2270 1093 2297 hanc
1109 2276 1205 2296 nomen
1220 2271 1329 2300 arma),
1346 2266 1417 2301 quod
1432 2265 1521 2300 primo
1532 2265 1691 2299 angelorum

905 2314 993 2342 ordini
1006 2314 1142 2341 tribuitur.
1156 2313 1244 2341 Vertit
1254 2320 1346 2340 vocem
1359 2311 1432 2338 illam
1445 2311 1589 2347 Dionysius
1602 2317 1662 2344 cap.
1673 2310 1693 2338 5

905 2364 933 2387 et
947 2360 963 2386 7
978 2359 1015 2387 De
1029 2359 1124 2387 caelati
1136 2359 1280 2391 hiernrclt.,
1298 2357 1471 2394 ὲμπρηστάς,
1489 2362 1516 2385 et
1531 2356 1692 2393 θερμαίνον-

906 2414 964 2438 τας.
979 2405 1127 2440 Gregorius
1141 2413 1206 2432 vero
1228 2404 1379 2437 homil.54,
1402 2404 1584 2434 incendentes,
1603 2408 1630 2431 et
1653 2411 1694 2429 ar-

906 2452 1011 2484 dentes,
1026 2456 1056 2479 ut
1067 2456 1095 2479 et
1108 2450 1231 2478 Isidorus
1251 2451 1298 2478 lib.
1313 2458 1351 2478 vn
1368 2449 1489 2485 0rigin.,
1505 2457 1565 2483 cap.
1576 2448 1602 2476 5.
1624 2447 1694 2475 Hine

907 2496 1069 2524 Severianus
1096 2496 1189 2525 homil.
1205 2497 1218 2523 l
1251 2496 1287 2523 De
1312 2496 1417 2530 Opi/icio
1446 2495 1556 2527 mundi,
1582 2494 1693 2529 angelos

906 2544 995 2578 ignem
1014 2550 1075 2570 esse
1090 2543 1172 2570 dicit:
1192 2542 1229 2570 Οὺ
1251 2542 1305 2577 γὰρ
1323 2541 1415 2578 μόνον,
1436 2541 1532 2575 inquit.
1558 2539 1637 2566 τοῦτο
1661 2539 1693 2566 τὸ

906 2588 962 2624 πῦρ
977 2589 1060 2620 ἐστιν,
1073 2587 1141 2614 ἀλλὰ
1158 2587 1204 2614 καὶ
1218 2587 1247 2614 αἱ
1262 2587 1319 2614 ἄνω
1340 2586 1469 2621 δυνάμεις
1492 2584 1547 2620 πῦρ
1561 2585 1624 2617 εισι,
1646 2584 1693 2612 καὶ

905 2632 1036 2668 συγγενές
1059 2634 1118 2660 ἐστι
1135 2633 1166 2659 τὸ
1190 2632 1244 2660 ἅνω
1263 2632 1318 2668 πῦρ
1340 2631 1434 2658 τούτου
1457 2629 1504 2657 τοῦ
1527 2631 1593 2665 παρ’
1614 2629 1690 2665 ἡμῖν.

910 2688 918 2704 ι
933 2678 992 2705 Νοιι
1007 2677 1079 2704 enim
1100 2680 1174 2705 solus
1195 2682 1235 2704 est
1257 2677 1301 2704 ltic
1326 2676 1412 2711 ignis,
1433 2675 1480 2702 sed
1497 2678 1524 2701 et
1538 2674 1692 2708 superiores

907 2724 1022 2752 virtutes
1040 2724 1108 2760 ignis
1128 2727 1209 2754 sunt,
1234 2727 1260 2750 et
1283 2726 1412 2758 cognatus
1436 2726 1478 2749 est
1501 2720 1624 2754 superior
1647 2719 1691 2746 ille

905 2771 979 2806 ignis
1008 2771 1088 2805 hujus
1114 2769 1232 2797 nostri.»
1261 2769 1358 2796 Eodem
1382 2769 1489 2804 quidem
1519 2766 1601 2795 refert
1625 2764 1689 2793 illud

1313 2860 1333 2876 ιθ
1349 2858 1427 2886 Num.
1445 2866 1500 2890 xw,
1517 2856 1565 2886 35.
