1904 3077
233 89 289 119 853

878 89 908 118 P.
931 82 1090 117 DANIELIS
1109 85 1227 115 HUETII
1801 78 1844 105 sse

236 150 374 186 propheta
396 148 513 175 Joannes
537 147 718 174 Damascenus
744 147 791 174 lib.
815 147 835 173 ιι
860 147 897 174 De
920 140 1023 174 ortnaa.
1042 151 1061 175 A
1076 147 1121 173 sed
1135 153 1195 173 cum
1207 142 1352 179 synagogis
1366 139 1505 176 gentium:
1527 138 1606 186 t‘Nef
1617 144 1681 164 vero
1692 136 1796 186 mirum,
1812 138 1846 164 in-

235 195 299 230 ﬁde,
317 203 375 230 cap.
386 195 419 227 ὗς
436 194 482 220 sed
497 192 620 227 spiritum
633 197 659 219 et
670 192 760 227 ignem
776 193 897 220 materite
912 200 942 218 ac
959 200 1021 219 cor-

236 242 310 277 poris
335 246 471 276 expertem
497 239 606 274 angelos
630 246 692 266 esse
724 238 870 272 pertendit.
901 238 939 265 Ex
971 238 1022 265 hoc

236 288 340 323 psalmo
353 287 479 313 inductus
494 286 600 312 videtur
615 285 746 320 Origenes
761 289 790 312 ut
808 284 886 318 ignea
905 292 1021 319 corpora

235 332 339 368 angelis
353 330 492 361 tribueret,
512 337 573 356 cum
591 330 740 364 pra'sertim
761 330 825 356 deos
840 329 918 357 Plato
931 331 1023 365 igneos

235 384 294 404 esse
311 376 487 407 decrevisset,
506 380 534 402 ut
556 381 598 403 est
615 377 684 411 apud
707 375 844 403 Laertium
866 377 892 402 in
912 375 1023 404 Platone

235 428 261 450 ct
280 423 433 454 Aristotele,
460 422 505 457 qui
528 422 619 449 subdit
644 428 734 450 tamen
760 422 838 458 paulo
862 428 923 457 post
946 431 1022 450 asse-

235 476 342 495 verasse
358 468 445 501 ipsum
459 476 572 503 corpore
586 468 668 495 Deum
685 473 712 496 et
729 470 819 496 anima
833 476 939 501 carere,
951 470 1022 504 quod

233 519 261 541 et
284 514 347 541 alibi
370 515 461 542 iterat.
485 515 575 549 Atque
598 515 654 542 lues
679 515 715 542 ita
739 515 877 542 conciliari
901 520 1021 550 possunt,

233 569 370 588 summum
406 561 527 588 ontnium
559 561 724 588 conditorem
760 568 792 587 ac
824 561 1022 589 moderatorem

235 607 318 635 Deum
341 615 455 641 corpore
476 608 634 634 destitutum
653 614 725 640 esse,
750 615 829 635 secus
845 612 934 634 autem
953 607 1022 635 infe-

235 654 322 681 riores
350 654 416 682 deos
437 654 554 688 supremi
579 653 649 681 illius
673 654 822 682 ministros.
844 654 920 688 Quod
945 654 1023 689 plane

235 701 269 727 ab
286 700 402 736 Origene
418 707 576 734 expressum
599 705 650 731 est,
669 708 728 727 cum
744 700 800 728 Deo
824 701 942 727 detraxit
962 708 1024 727 cor-

235 754 303 780 pus,
326 747 429 781 angelis
443 746 578 781 adjunxit.
598 745 702 773 Caetera
723 746 781 781 ejus
801 747 835 774 de
856 747 959 782 angelis
977 747 1023 774 do-

235 796 334 825 gmata.
354 800 369 819 e
385 792 583 819 Platonicorum
598 791 655 819 fere
678 792 787 820 exedris
806 793 927 820 derivata
946 797 1020 820 sunt.

270 837 304 864 Χ.
335 837 516 865 Oll‘ensionem
545 845 652 872 quoque
680 836 774 864 habuit
803 838 874 872 quod
897 837 1024 865 Genesint

235 883 382 918 explanans
404 883 493 912 dixit.
520 884 598 918 aquis
625 891 684 918 quae
709 890 791 918 supra
821 884 1023 910 ﬁrmamentum

234 933 307 963 sunt,
329 933 356 955 et
380 936 439 963 qum
456 928 524 955 infra
539 949 546 961 ,
566 929 692 956 cmlestes
713 928 890 963 infernasque
910 929 1024 957 virtutes

235 974 338 1008 tropice
356 974 520 1009 signiﬁcari;
542 979 626 1008 atque
649 975 712 1001 hinc
737 981 823 1009 aquas
840 974 901 1001 illas
918 975 951 1002 ad
966 975 1025 1002 lau-

235 1020 283 1047 tlcs
319 1019 424 1046 Domini
461 1019 590 1047 dicendas
622 1020 763 1054 provocari
796 1020 863 1054 psal.
902 1028 1023 1054 cxtvnt,

234 1065 261 1097 ι,
289 1070 316 1092 et
342 1065 408 1092 Dan.
428 1073 470 1098 ιιι,
490 1065 534 1093 60.
553 1065 617 1093 Haec
638 1066 761 1100 quamvis
784 1066 928 1101 allegorice
952 1067 1024 1094 dicta

235 1116 365 1146 agnoscat
388 1111 502 1139 Basilius
526 1111 608 1139 homil
631 1111 648 1138 5
672 1112 701 1138 in
722 1111 871 1144 lienam,
900 1113 1024 1147 repudiat

239 1157 426 1191 nihilominus,
445 1163 472 1186 et
492 1163 620 1192 tanquam
635 1158 802 1185 somniorum
819 1158 984 1192 coniecturis
998 1165 1024 1187 et

234 1204 350 1231 anilibus
367 1203 463 1231 fabulis
481 1204 579 1232 similia
594 1205 741 1239 redarguit.
762 1205 909 1240 Redarguit
922 1210 949 1233 et
962 1206 1024 1241 Epi-

235 1251 349 1284 phanius
365 1251 393 1277 in
410 1250 524 1284 epistola
541 1251 574 1278 ad
593 1249 723 1278 Joannem
742 1250 925 1287 Jerosolymit.
937 1273 943 1282 ,
962 1259 1021 1286 cap.

233 1297 251 1324 5
263 1317 270 1327 .
287 1301 314 1323 et
326 1296 391 1323 haer.
406 1304 482 1330 thv,
496 1304 557 1331 cap.
575 1296 602 1324 4.
628 1296 776 1331 Redarguit
794 1303 822 1324 et
841 1297 1023 1334 Hieronymus

234 1342 316 1374 epist.
333 1341 361 1368 61
389 1342 422 1368 ad
447 1341 624 1373 Pammach.,
647 1349 708 1376 cap.
723 1342 749 1370 5.
769 1341 918 1377 Redarguit
941 1349 969 1369 et
990 1350 1021 1370 ex

236 1386 327 1413 Basilii
346 1387 436 1414 verbis
448 1387 619 1414 Justinianus
634 1387 659 1413 in
674 1387 788 1421 epistola
809 1388 841 1414 ad
859 1388 977 1420 Menam,
996 1394 1024 1415 et

237 1433 262 1459 in
289 1441 320 1461 ea
348 1433 420 1461 hunc
440 1438 600 1468 contorquet
620 1433 901 1460 anathematismum:
926 1433 959 1460 Ετ
982 1443 1024 1466 τις

235 1478 309 1513 λέγει
324 1478 448 1514 οὐρανὸν,
464 1480 510 1505 καὶ
525 1479 611 1514 ἥλιον,
632 1479 679 1505 καὶ
694 1479 817 1515 σελήνην,
833 1480 880 1506 καὶ
896 1480 1021 1514 ἀστέρας,

236 1525 283 1552 καὶ
306 1524 391 1552 ὕδατα
412 1525 447 1552 τὰ
468 1525 595 1560 ὑπεράνω
614 1524 668 1551 τῶν
689 1524 812 1560 οὐρανῶν
825 1525 962 1561 ἐμψύχους
977 1527 1024 1553 καὶ

239 1571 334 1603 ὑλικὰς
348 1571 428 1605 (lege,
447 1571 570 1606 λογικάς,
589 1571 660 1606 quod
676 1571 742 1598 vidit
756 1571 936 1607 Gaudentius)
952 1570 1023 1600 εἷναί

235 1625 312 1649 τινας
328 1616 470 1652 δυνάμεις,
493 1617 616 1653 ἀνάθεμα
630 1617 709 1644 ἔστω.
730 1627 739 1643 t
752 1617 779 1644 Si
803 1618 864 1653 quis
880 1618 946 1646 dicit
968 1626 1024 1646 cm-

237 1664 302 1695 lum,
327 1668 354 1690 et
372 1665 454 1690 solent
479 1668 507 1690 et
528 1663 619 1690 lunam
643 1668 671 1691 et
694 1664 796 1696 stellas,
820 1669 848 1692 et
866 1671 949 1700 aquas
967 1672 1025 1700 qua:

236 1716 318 1743 super
332 1708 415 1736 oculos
432 1713 505 1741 sunt,
522 1709 656 1737 animatas
669 1714 697 1744 et
712 1709 860 1738 rationales
870 1717 931 1738 esse
943 1718 1024 1745 quas-

237 1755 299 1781 dam
315 1755 441 1794 virtutes,
460 1755 603 1782 anathema
621 1755 668 1782 sit.
687 1764 696 1781 ι
710 1756 786 1789 Quod
800 1761 826 1784 et
838 1763 853 1783 a
869 1756 1024 1792 Sopltronio

238 1801 264 1828 in
284 1801 395 1835 epistola
420 1801 453 1828 ad
471 1801 596 1837 Sergium
615 1802 770 1829 damnatur.

273 1846 330 1883 (30)
361 1847 445 1882 Hujus
471 1847 580 1882 quidem
605 1848 735 1875 doctrinm
764 1848 875 1883 vestigia
902 1850 1024 1884 quaedam

238 1892 371 1925 reperisse
392 1892 456 1918 mihi
479 1893 570 1919 videor
596 1893 687 1919 homil.
709 1892 745 1920 25
768 1893 797 1920 ἱη
819 1893 883 1920 Luc.
905 1901 914 1920 :
936 1893 1024 1921 «Pro-

238 1937 326 1971 pheta:
338 1944 444 1971 quoque
458 1936 520 1972 ipsi,
536 1937 624 1972 inquit
633 1936 774 1972 Origenes.
783 1943 810 1964 et
821 1938 934 1973 apostoli
946 1947 1026 1967 otnne

239 1983 311 2018 quod
326 1987 463 2016 resonant,
478 1991 531 2010 non
548 1983 633 2011 solum
655 1983 822 2016 hominibus,
837 1985 884 2011 sed
899 1989 927 2012 et
942 1992 1025 2020 ange-

239 2028 272 2056 lis
284 2028 441 2064 praedicant.
455 2027 531 2062 Quod
546 2033 576 2055 ut
594 2030 665 2057 scias
681 2036 774 2056 verum
788 2039 795 2057 :
815 2039 824 2055 ι
840 2031 965 2065 Attende,
985 2031 1024 2058 in-

238 2076 307 2110 quit,
322 2075 432 2106 ctelum,
447 2079 475 2102 et
490 2075 585 2110 loquar
598 2075 639 2108 ";
662 2075 688 2102 in
704 2080 850 2110 conspectu
869 2076 1025 2111 angelorum

238 2121 349 2156 psallam
363 2121 410 2149 tibi
423 2121 476 2154 ¹⁸;ι
488 2125 531 2149 et:
544 2122 755 2156 «Laudate,ct'eli
765 2122 906 2155 caelorum,
915 2128 942 2150 et
951 2131 1028 2158 aqua:

1075 191 1145 225 quit,
1168 189 1239 224 quod
1252 187 1382 221 Origenes
1400 185 1528 220 pleraque
1544 183 1571 210 in
1588 183 1669 209 Deum
1693 181 1779 209 minus
1793 190 1845 209 con-

1076 234 1210 263 venientia
1225 237 1394 262 comtnentus
1405 236 1432 257 et
1447 229 1614 265 prolocutus,
1626 227 1779 262 paradisum
1792 235 1845 262 quo-

1076 289 1128 317 que
1143 285 1171 309 et
1183 288 1277 315 aquas,
1293 285 1352 314 qua!
1368 283 1421 304 tam
1440 276 1509 303 infra
1525 282 1604 310 quam
1615 280 1697 308 supra
1709 273 1846 301 ﬁrmamem

1077 333 1132 355 tum
1151 333 1212 354 esse
1229 326 1367 355 dicuntur,
1392 321 1560 357 allegoricdts
1571 324 1689 354 exponat
1709 319 1770 354 (hoc
1787 319 1845 346 enim

1077 373 1109 399 de
1128 372 1187 407 ipso
1205 378 1258 398 non
1276 377 1376 405 parvus
1393 367 1577 403 professorum
1592 364 1717 392 veritatis
1736 371 1846 391 numerus

1077 417 1201 454 asserit);
1223 424 1273 444 nec
1292 422 1377 450 aquas
1399 421 1460 441 cum
1485 411 1620 440 nonnullis
1635 410 1789 438 doctoribus
1807 410 1847 438 lle-

1077 466 1168 497 brzeis,
1191 469 1244 491 tam
1263 463 1362 498 priscis
1375 468 1456 496 quant
1471 458 1683 490 recentioribus,
1709 457 1743 484 ad
1763 457 1847 492 angeli-

1078 518 1123 538 cos
1144 511 1254 538 ordines
1273 508 1368 541 refert,
1391 507 1436 534 sed
1459 505 1578 541 gentium
1595 503 1739 539 synagogis
1758 510 1847 530 accom-

1078 556 1180 587 modat,
1194 562 1253 589 qua:
1269 553 1379 588 quidem
1395 550 1608 579 scaturientibus
1622 549 1701 583 aquis
1718 547 1812 575 similes
1827 548 1847 575 in

1078 599 1232 634 ntultijugas
1256 599 1335 629 ﬁdes,
1359 601 1386 624 et
1406 594 1552 623 multiﬁdas
1576 593 1705 620 derivata:
1726 596 1753 618 et
1772 591 1849 618 eius:

1078 649 1150 677 sunt,
1173 644 1259 672 danec
1287 643 1313 670 in
1339 649 1419 669 unam
1440 640 1607 675 Synagogam
1632 637 1735 665 Christi
1760 636 1848 671 appari-

1079 691 1151 718 tione
1168 697 1216 725 per
1235 693 1349 725 angusta
1371 687 1585 721 confragosaque
1599 685 1656 712 loca
1671 684 1784 711 ﬂuentes
1797 690 1847 709 coa-

1080 737 1198 763 luerunt.
1215 745 1224 761 ι
1249 735 1326 769 Quod
1341 733 1430 769 palam
1444 733 1478 760 de
1491 732 1608 767 Origene
1619 730 1798 765 praedicarunt
1810 728 1847 755 viri

1080 789 1187 818 graves,
1207 782 1233 808 id
1256 780 1393 807 inﬁciatur
1413 779 1533 810 Nicetas,
1550 778 1572 805 si
1592 777 1674 804 modo
1697 775 1762 802 ﬁdes
1779 775 1847 801 inter-

1042 831 1064 860 Β
1079 827 1223 862 pretationi
1241 825 1344 852 Latina:
1366 824 1517 852 adhibenda
1537 827 1589 849 est.
1616 821 1734 849 Notetur
1757 819 1847 847 interim

1077 878 1208 906 aquarum
1231 869 1402 906 ἐπουρανίων
1417 867 1612 903 expositionem
1628 869 1663 894 ab
1678 866 1795 893 Hebraeis
1805 873 1849 892 rna-

1076 918 1167 954 gistris
1184 917 1354 952 proﬂuxisse.

1114 964 1152 991 Ex
1169 963 1355 998 superioribus
1367 961 1458 996 colligi
1471 964 1567 996 potest,
1582 960 1640 987 haec
1653 959 1769 986 diversis
1779 957 1849 985 modis

1079 1011 1113 1038 ab
1129 1009 1247 1045 Origene
1262 1009 1346 1036 fuisse
1363 1008 1502 1043 exposita;
1526 1005 1721 1041 multiplicibus
1739 1010 1765 1031 et
1782 1004 1849 1031 variis

1076 1057 1201 1085 sensibus
1224 1063 1256 1084 ex
1277 1055 1393 1091 simplici
1418 1054 1517 1081 litterae
1536 1057 1664 1080 contextu
1684 1059 1734 1087 pro
1749 1056 1849 1085 tempore

1075 1103 1161 1131 erutis
1177 1107 1205 1130 et
1217 1102 1353 1134 evolutis,
1375 1108 1428 1128 non
1450 1099 1589 1127 destructo
1610 1104 1701 1125 tatnen
1719 1102 1747 1125 et
1767 1097 1849 1124 abolito

1076 1151 1173 1178 ﬁtterze
1186 1157 1278 1178 sensu.
1293 1148 1322 1176 Si
1337 1149 1427 1176 minus
1440 1156 1471 1175 ea
1484 1147 1572 1182 placet
1581 1146 1733 1178 excusatio,
1746 1146 1849 1172 admitte

1076 1201 1120 1224 tur
1137 1195 1249 1223 forsitan
1263 1195 1323 1222 haec
1336 1195 1433 1226 altera,
1450 1193 1560 1229 angelos
1576 1193 1689 1227 intelligi
1708 1193 1741 1219 ab
1753 1191 1849 1226 Origene

1076 1243 1121 1278 qui
1143 1242 1220 1277 aquis
1240 1245 1372 1277 possunt,
1392 1241 1462 1268 sicut
1482 1240 1671 1266 universarum
1689 1246 1777 1265 rerum
1795 1244 1849 1272 pra:-

1076 1288 1148 1316 sides
1165 1287 1275 1322 angelos
1296 1287 1384 1315 ﬁnxit.
1411 1285 1529 1321 Legalur
1549 1286 1653 1313 decima
1674 1285 1734 1319 ejus
1749 1285 1775 1311 iu
1790 1283 1849 1310 Jen-

1076 1335 1156 1362 miam
1186 1335 1316 1366 homilia,
1346 1342 1420 1360 lllllll.
1439 1333 1471 1366 6,
1499 1333 1525 1360 in
1551 1340 1603 1367 qua
1623 1332 1775 1359 doctrinam
1794 1331 1849 1357 hanc

1076 1382 1206 1416 explicat,
1229 1386 1310 1415 atque
1334 1380 1369 1406 ita
1391 1379 1546 1407 concludit:
1564 1377 1660 1410 Οὕτως
1681 1377 1714 1413 δὴ
1734 1376 1796 1412 ἐρῶ,
1813 1377 1849 1402 καὶ

1076 1428 1129 1463 γῆν
1153 1426 1279 1461 λέγεσθαι
1303 1426 1349 1452 τὸν
1360 1425 1406 1452 ἐπὶ
1429 1425 1481 1460 γῆς
1489 1424 1654 1459 τεταγμένον
1670 1423 1793 1458 ἄγγελον,
1813 1422 1849 1448 καὶ

1076 1474 1148 1509 ὕδωρ
1162 1472 1287 1507 λέγεσθαι
1300 1471 1346 1498 τὸν
1366 1471 1412 1498 ἐπὶ
1430 1470 1525 1502 ὓδατος
1555 1470 1722 1504 τεταγμένον
1743 1469 1848 1503 ἄγγελον,

1076 1520 1136 1546 καθ’
1160 1519 1173 1546 ὃ
1197 1519 1336 1546 λέλεκται·
1361 1517 1495 1545 Εἵδοσάν
1507 1525 1544 1544 σε
1563 1516 1667 1548 ὕδατα,
1692 1518 1709 1543 ὁ
1727 1516 1803 1549 Θεὸς,
1817 1515 1849 1542 ει-

1075 1565 1172 1591 ἃοσάν
1190 1572 1228 1591 σε
1247 1564 1352 1591 ὕδατα.

1112 1610 1139 1638 lu
1159 1610 1285 1645 Origenis
1308 1609 1470 1638 sententiam
1495 1607 1552 1635 fere
1578 1608 1707 1636 concedit
1725 1608 1849 1642 Gregorius

1076 1656 1214 1692 Nyssenus
1228 1656 1276 1683 lib.
1290 1656 1316 1682 in
1329 1654 1526 1687 Hexaemeron;
1542 1662 1604 1681 nam
1619 1662 1707 1689 aquas
1726 1654 1783 1681 illas
1795 1660 1849 1687 quas

1077 1704 1110 1729 ab
1132 1702 1209 1736 aquis
1225 1701 1398 1728 inferioribus
1412 1701 1494 1727 Deum
1508 1700 1635 1728 divisisse
1653 1705 1748 1728 narrat
1763 1700 1848 1735 Moyses

1077 1748 1196 1776 secunth
1209 1747 1357 1775 crcationis
1369 1747 1424 1778 die,
1436 1746 1562 1774 caelestes
1574 1746 1691 1774 virtutes
1706 1746 1848 1780 interpreta-

1077 1798 1138 1826 tur;
1160 1797 1188 1820 at
1208 1793 1352 1820 inferiores
1375 1800 1460 1827 aquas
1482 1800 1530 1828 pro
1554 1792 1632 1820 malis
1655 1793 1760 1828 angelis
1776 1791 1848 1819 neuti-

1079 1847 1159 1874 quam
1177 1838 1302 1873 accipere
1325 1847 1355 1866 se
1377 1839 1506 1866 declarat.
1530 1838 1637 1866 Placuit
1652 1846 1760 1873 quoque
1774 1837 1849 1871 opinio

1077 1887 1174 1913 istlttec
1191 1885 1343 1920 Augustino
1368 1885 1416 1912 lib.
1431 1893 1480 1912 xttt
1500 1884 1636 1920 Canium,
1659 1893 1723 1920 cap.
1740 1885 1780 1912 15.
1798 1883 1848 1910 Tale

1078 1934 1160 1960 etiam
1172 1933 1274 1967 aliquid
1288 1933 1318 1959 ad
1331 1931 1459 1967 Origenis
1473 1931 1627 1966 exetnplmn
1641 1936 1806 1959 commentus
1817 1934 1848 1956 est

1079 1979 1198 2007 Isidorus
1212 1979 1316 2014 Origin.
1333 1978 1379 2006 lib.
1395 1986 1451 2012 vn,
1467 1986 1526 2013 cap.
1539 1978 1566 2005 5.
1586 1987 1596 2004 ι
1613 1977 1709 2012 Unde,
1725 1977 1816 2012 inquit,
1828 1979 1849 2002 et

1079 2031 1139 2060 post
1153 2026 1214 2053 (ιωΙί
1238 2025 1403 2053 creatiouetn
1425 2025 1452 2051 in
1476 2024 1610 2059 principio
1626 2024 1759 2059 reperitur
1776 2032 1783 2050 :
1799 2021 1848 2048 Fiat

1081 2071 1284 2105 ﬁrmamentum.
1297 2077 1320 2097 et
1333 2075 1453 2097 vocatum
1464 2075 1501 2097 est
1513 2070 1709 2104 ﬁrmamentum
1720 2069 1805 2096 (telum
1816 2067 1847 2098 νς

1081 2118 1208 2145 nimirum
1231 2117 1378 2144 ostendens
1401 2116 1473 2151 quod
1497 2121 1558 2151 post
1584 2116 1691 2143 ruinam
1712 2115 1847 2150 angelorum

238 2175 298 2203 quae
309 2175 389 2202 super
402 2167 485 2195 caelos
496 2171 570 2199 sunt,
592 2175 689 2196 nomen
703 2168 808 2195 Domini
822 2168 855 2195 ".
866 2177 876 2194 )
899 2167 1025 2195 Attamen
1046 2172 1066 2199 ι)
1083 2164 1216 2191 malorum
1233 2163 1260 2190 hi
1277 2162 1322 2198 qui
1339 2167 1544 2198 permanserunt
1556 2182 1563 2194 ,
1589 2161 1744 2189 ﬁrmitatem
1759 2166 1847 2188 aeterne

238 2214 267 2241 in
281 2213 367 2248 prima
378 2214 406 2240 in
424 2212 544 2240 Certatim
560 2214 682 2246 homilia,
699 2222 772 2242 num.
786 2214 814 2246 2,
829 2221 889 2249 quat
905 2215 939 2242 de
950 2216 1029 2250 aquis

239 2259 290 2287 illis
310 2259 492 2294 superioribus
514 2265 541 2287 et
568 2260 743 2287 inferioribus
765 2260 839 2295 agit,
855 2260 946 2288 simile
961 2261 1028 2288 nihil

239 2304 372 2338 oﬁ‘endas,
394 2305 440 2332 sed
458 2305 613 2333 consimiles
627 2305 784 2340 allegorias,
805 2306 904 2340 quibus
918 2306 988 2334 caelo
1001 2312 1029 2334 et

241 2351 412 2378 ﬁrmatnento
431 2351 563 2386 spiritalia
585 2356 614 2378 et
636 2358 766 2385 corporea
785 2351 933 2386 signiﬁcari
951 2351 1025 2385 vult;

239 2397 316 2432 aquis
337 2405 402 2424 vero
427 2405 488 2432 quae
514 2403 577 2425 sunt
599 2405 680 2432 supra
698 2398 907 2430 ﬁrmamentum,
934 2406 1025 2425 rerum

238 2443 391 2471 caelestium
409 2443 550 2479 mysteria.
566 2443 648 2470 Certe
661 2442 769 2470 Nicetes
789 2442 837 2469 lib.
850 2450 877 2470 iv
896 2443 1024 2470 Thesaur.

238 2488 378 2516 orthodox.
403 2489 451 2522 ﬁd.
463 2508 470 2519 ,
489 2488 554 2515 hter.
577 2494 662 2521 xxxi,
680 2495 765 2522 aquas
785 2487 845 2515 illas
865 2495 927 2515 cum
945 2496 1028 2523 ange-

238 2533 299 2560 licis
321 2533 464 2561 ordinibus
482 2532 627 2568 Origenem
650 2540 784 2566 nusquam
803 2533 952 2561 contulisse
977 2534 1026 2568 ait,

273 2579 294 2595 "
311 2580 388 2607 Deut.
404 2588 480 2608 xxxu
495 2600 502 2613 ,
520 2580 546 2607 l.
585 2579 608 2596 "
624 2579 697 2607 Psal.
711 2587 832 2613 cxxxvu,
849 2581 874 2607 1.

273 2627 331 2664 (50)
349 2627 435 2663 Hujus
448 2629 553 2664 quidem
565 2628 694 2664 doctrina;
703 2628 809 2664 vestigia
826 2629 958 2663 quaedam,
971 2635 1024 2657 etc.

237 2663 344 2690 Catena:
367 2664 392 2690 in
419 2663 485 2698 psal.
502 2671 598 2691 xxvnt.
615 2663 641 2694 ὅ,
671 2663 741 2689 aliud
755 2663 934 2697 fragmentum
950 2665 1027 2690 exhi-

239 2699 313 2735 bent.
332 2700 356 2725 in
367 2706 421 2735 quo
432 2698 743 2735 clariusdoctriuahaec
756 2699 921 2735 exprimitur
931 2708 938 2724 :
949 2699 1026 2735 φωνὴ

240 2733 288 2767 μὲν
302 2733 403 2766 Κυρίου
425 2733 517 2765 ἁπλῶς
536 2734 581 2759 ἐπὶ
595 2733 647 2759 τῶν
662 2733 775 2764 ὑδάτων,
800 2733 880 2764 αὐτὸς
901 2733 928 2759 δὲ
945 2734 959 2759 ό
973 2733 1027 2760 Κύὲ

241 2775 296 2804 ριος
311 2768 357 2794 ἐπὶ
373 2768 476 2804 ὑδάτων
491 2768 603 2794 πολλῶν.
625 2767 791 2804 ᾼογικὰς·δὲ
806 2768 900 2804 φύσεις
918 2768 964 2795 νῦν
980 2777 1027 2804 ση-

243 2802 386 2838 μαίνει.τὰ
409 2803 500 2830 ὕδατα.
525 2803 698 2837 Γενηθήτω,
728 2803 810 2839 φησὶ,
833 2802 864 2829 τὸ
882 2802 1030 2839 στερέωμα

1082 2210 1292 2244 perseverantia
1301 2209 1440 2238 consecuti
1451 2214 1525 2240 sunt,
1537 2207 1609 2236 nullo
1618 2208 1672 2242 jam
1683 2207 1757 2242 lapsu
1765 2204 1846 2237 aversi,

1083 2256 1156 2283 nulla
1169 2255 1294 2290 superbia
1309 2255 1448 2287 cadentes,
1464 2255 1512 2282 sed
1530 2255 1646 2282 ﬁrmiter
1663 2255 1690 2281 in
1714 2254 1757 2281 Dei
1771 2258 1847 2279 amore

1080 2308 1108 2329 et
1122 2301 1350 2336 contemplatione
1367 2305 1517 2333 manentes,
1545 2301 1611 2328 nihil
1631 2301 1704 2329 aliud
1719 2299 1790 2328 dulce
1808 2297 1846 2325 lil-

1081 2349 1156 2380 bent,
1173 2347 1224 2374 nisi
1238 2354 1299 2374 eum
1315 2355 1330 2374 a
1344 2354 1399 2382 quo
1415 2348 1500 2374 creati
1518 2351 1590 2374 sunt.
1606 2356 1616 2373 ι

1117 2395 1162 2422 XI.
1179 2395 1217 2422 De
1229 2394 1387 2429 angelorum
1410 2393 1547 2426 libertate,
1566 2392 1680 2426 meritis,
1702 2392 1791 2428 gratia,
1814 2396 1845 2417 re-

1082 2441 1269 2468 muneratione
1294 2447 1326 2467 ac
1341 2440 1430 2474 pinnis
1447 2439 1531 2466 multa
1544 2439 1678 2474 Origenes
1693 2439 1726 2467 ab
1737 2436 1844 2466 Ecclesia

1082 2495 1176 2515 norma
1195 2487 1297 2515 dcllexa
1321 2487 1496 2521 excogitavit.
1518 2486 1635 2514 Naturas
1650 2487 1749 2522 quippe
1769 2490 1844 2512 omne!

1082 2534 1187 2561 ratione
1213 2533 1341 2568 pmditas
1371 2533 1451 2560 unius
1479 2540 1540 2560 esse
1566 2532 1740 2568 ejusdemque
1764 2528 1843 2566 speciei

915 2580 937 2597 ¹⁹
954 2580 1025 2608 Psal.
1040 2589 1151 2615 chvtu,
1167 2581 1194 2608 4.
1233 2580 1256 2596 ³⁸
1271 2581 1338 2608 Gen.
1355 2588 1375 2614 t,
1391 2581 1418 2612 ὕ,
1434 2579 1460 2607 8.

1079 2631 1114 2656 ὲν
1126 2629 1210 2664 μέσῳ
1223 2628 1277 2656 τοῦ
1290 2628 1399 2662 ὓδατος
1409 2648 1416 2660 ,
1435 2628 1481 2655 Ital
1498 2629 1576 2655 ἔστω
1593 2627 1767 2662 διαχωρίζον.
1785 2623 1841 2665 «yol

1080 2666 1187 2700 quidem
1211 2665 1315 2691 Domini
1343 2665 1505 2698 simpliciter
1527 2668 1568 2690 est
1583 2671 1665 2700 super
1681 2665 1842 2700 aquas;_tpse

1081 2695 1170 2727 autem
1185 2700 1313 2727 Dominus
1341 2695 1421 2733 super
1446 2706 1532 2733 aquas
1553 2695 1840 2733 multasultationabiles

1082 2742 1185 2762 natura:
1201 2736 1251 2762 hoc
1268 2734 1327 2761 loco
1345 2731 1421 2768 aq'uis
1444 2731 1640 2769 signiﬁcantur.
1667 2732 1746 2766 Fiat,
1762 2731 1839 2769 inquit»

1083 2770 1276 2804 ﬁrmamentum
1289 2770 1316 2796 in
1333 2765 1416 2795 medio
1435 2765 1528 2804 aqua.
1544 2773 1567 2804 et
1582 2769 1614 2795 sit
1630 2768 1752 2804 dividens.
1766 2776 1774 2792 r
1791 2765 1839 2793 llaec

1084 2810 1191 2833 exstant
1205 2810 1303 2833 nostra:
1321 2804 1445 2832 editionis
1464 2810 1528 2832 tom.
1546 2803 1577 2838 ll,
1597 2812 1656 2839 pag.
1672 2803 1731 2830 659.
