  <div class='ocr_page' id='page_1' title='image "/cluster/home/n/w/nwhite01/storage/ocr_20150623/17/njp.32101010944583/602.png"; bbox 0 0 1904 3077; ppageno 0'>
   <div class='ocr_carea' id='block_1_1' title="bbox 47 116 96 143">
    <p class='ocr_par' dir='ltr' id='par_1_1' title="bbox 47 116 96 143">
     <span class='ocr_line' id='line_1_1' title="bbox 47 116 96 143; baseline 0 -1"><span class='ocrx_word' id='word_1_1' title='bbox 47 116 96 143; x_wconf 71' lang='lat'><strong>857</strong></span> 
     </span>
    </p>
   </div>
   <div class='ocr_carea' id='block_1_2' title="bbox 455 116 1247 154">
    <p class='ocr_par' dir='ltr' id='par_1_2' title="bbox 455 116 1247 154">
     <span class='ocr_line' id='line_1_2' title="bbox 455 116 1247 154; baseline 0.004 -9"><span class='ocrx_word' id='word_1_2' title='bbox 455 116 746 145; x_wconf 76' lang='lat' dir='ltr'><strong>ORIGENIANORUM</strong></span> <span class='ocrx_word' id='word_1_3' title='bbox 768 116 833 146; x_wconf 84' lang='lat' dir='ltr'><strong>LIB.</strong></span> <span class='ocrx_word' id='word_1_4' title='bbox 854 117 887 151; x_wconf 85' lang='lat' dir='ltr'><strong>ll,</strong></span> <span class='ocrx_word' id='word_1_5' title='bbox 905 117 983 146; x_wconf 85' lang='lat' dir='ltr'><strong>CAP.</strong></span> <span class='ocrx_word' id='word_1_6' title='bbox 1004 118 1041 153; x_wconf 82' lang='lat' dir='ltr'><strong>ﬂ,-</strong></span> <span class='ocrx_word' id='word_1_7' title='bbox 1054 117 1193 154; x_wconf 68' lang='lat' dir='ltr'><strong>QUEST.</strong></span> <span class='ocrx_word' id='word_1_8' title='bbox 1214 119 1247 148; x_wconf 85' lang='lat' dir='ltr'><strong>V.</strong></span> 
     </span>
    </p>
   </div>
   <div class='ocr_carea' id='block_1_3' title="bbox 1619 123 1671 151">
    <p class='ocr_par' dir='ltr' id='par_1_3' title="bbox 1619 123 1671 151">
     <span class='ocr_line' id='line_1_3' title="bbox 1619 123 1671 151; baseline 0 0"><span class='ocrx_word' id='word_1_9' title='bbox 1619 123 1671 151; x_wconf 79' lang='lat'><strong>858</strong></span> 
     </span>
    </p>
   </div>
   <div class='ocr_carea' id='block_1_4' title="bbox 48 177 1672 218">
    <p class='ocr_par' dir='ltr' id='par_1_4' title="bbox 48 177 1672 218">
     <span class='ocr_line' id='line_1_4' title="bbox 48 177 1672 218; baseline 0.005 -13"><span class='ocrx_word' id='word_1_10' title='bbox 48 177 170 205; x_wconf 88' lang='lat' dir='ltr'><strong>credidit.</strong></span> <span class='ocrx_word' id='word_1_11' title='bbox 185 177 304 213; x_wconf 75' lang='lat' dir='ltr'><strong>Angelos</strong></span> <span class='ocrx_word' id='word_1_12' title='bbox 319 181 409 206; x_wconf 84' lang='lat' dir='ltr'><strong>autem</strong></span> <span class='ocrx_word' id='word_1_13' title='bbox 425 178 510 206; x_wconf 87' lang='lat' dir='ltr'><strong>bonos</strong></span> <span class='ocrx_word' id='word_1_14' title='bbox 525 183 552 206; x_wconf 90' lang='lat' dir='ltr'><strong>et</strong></span> <span class='ocrx_word' id='word_1_15' title='bbox 570 179 665 212; x_wconf 86' lang='lat' dir='ltr'><strong>malos,</strong></span> <span class='ocrx_word' id='word_1_16' title='bbox 690 184 717 207; x_wconf 92' lang='lat' dir='ltr'><strong>et</strong></span> <span class='ocrx_word' id='word_1_17' title='bbox 732 180 836 208; x_wconf 86' lang='lat' dir='ltr'><strong>animas</strong></span> <span class='ocrx_word' id='word_1_18' title='bbox 851 183 875 212; x_wconf 80' lang='grc' dir='ltr'><strong>Α</strong></span> <span class='ocrx_word' id='word_1_19' title='bbox 889 181 930 209; x_wconf 87' lang='lat' dir='ltr'><strong>dis</strong></span> <span class='ocrx_word' id='word_1_20' title='bbox 946 179 1100 216; x_wconf 82' lang='lat' dir='ltr'><strong>opinionem</strong></span> <span class='ocrx_word' id='word_1_21' title='bbox 1124 182 1194 210; x_wconf 93' lang='lat' dir='ltr'><strong>inter</strong></span> <span class='ocrx_word' id='word_1_22' title='bbox 1209 181 1359 218; x_wconf 60' lang='lat' dir='ltr'><strong>praecipuos</strong></span> <span class='ocrx_word' id='word_1_23' title='bbox 1378 189 1485 210; x_wconf 85' lang='lat' dir='ltr'><strong>errores</strong></span> <span class='ocrx_word' id='word_1_24' title='bbox 1499 182 1606 218; x_wconf 72' lang='lat' dir='ltr'><strong>Origcni</strong></span> <span class='ocrx_word' id='word_1_25' title='bbox 1625 191 1672 213; x_wconf 50' lang='lat' dir='ltr'><strong>ex:</strong></span> 
     </span>
    </p>
   </div>
   <div class='ocr_carea' id='block_1_5' title="bbox 49 224 835 254">
    <p class='ocr_par' dir='ltr' id='par_1_5' title="bbox 49 224 835 254">
     <span class='ocr_line' id='line_1_5' title="bbox 49 224 835 254; baseline 0.004 -4"><span class='ocrx_word' id='word_1_26' title='bbox 49 224 203 251; x_wconf 86' lang='lat' dir='ltr'><strong>hominibus</strong></span> <span class='ocrx_word' id='word_1_27' title='bbox 215 231 248 251; x_wconf 90' lang='lat' dir='ltr'><strong>ac</strong></span> <span class='ocrx_word' id='word_1_28' title='bbox 263 224 398 252; x_wconf 83' lang='lat' dir='ltr'><strong>sideribus</strong></span> <span class='ocrx_word' id='word_1_29' title='bbox 414 225 514 252; x_wconf 90' lang='lat' dir='ltr'><strong>inditas</strong></span> <span class='ocrx_word' id='word_1_30' title='bbox 531 225 557 251; x_wconf 92' lang='lat' dir='ltr'><strong>in</strong></span> <span class='ocrx_word' id='word_1_31' title='bbox 579 232 641 252; x_wconf 86' lang='lat' dir='ltr'><strong>eum</strong></span> <span class='ocrx_word' id='word_1_32' title='bbox 663 233 773 254; x_wconf 85' lang='lat' dir='ltr'><strong>censum</strong></span> <span class='ocrx_word' id='word_1_33' title='bbox 791 234 835 253; x_wconf 86' lang='lat' dir='ltr'><strong>rc-</strong></span> 
     </span>
    </p>
   </div>
   <div class='ocr_carea' id='block_1_6' title="bbox 47 269 835 304">
    <p class='ocr_par' dir='ltr' id='par_1_6' title="bbox 47 269 835 304">
     <span class='ocr_line' id='line_1_6' title="bbox 47 269 835 304; baseline 0.005 -9"><span class='ocrx_word' id='word_1_34' title='bbox 47 269 116 301; x_wconf 81' lang='lat' dir='ltr'><strong>wlit,</strong></span> <span class='ocrx_word' id='word_1_35' title='bbox 137 273 168 296; x_wconf 90' lang='lat' dir='ltr'><strong>ut</strong></span> <span class='ocrx_word' id='word_1_36' title='bbox 193 276 278 304; x_wconf 82' lang='lat' dir='ltr'><strong>supra</strong></span> <span class='ocrx_word' id='word_1_37' title='bbox 302 273 441 297; x_wconf 88' lang='lat' dir='ltr'><strong>ostensum</strong></span> <span class='ocrx_word' id='word_1_38' title='bbox 465 275 518 297; x_wconf 90' lang='lat' dir='ltr'><strong>est.</strong></span> <span class='ocrx_word' id='word_1_39' title='bbox 544 269 598 297; x_wconf 84' lang='lat' dir='ltr'><strong>llas</strong></span> <span class='ocrx_word' id='word_1_40' title='bbox 617 275 680 298; x_wconf 86' lang='lat' dir='ltr'><strong>ante</strong></span> <span class='ocrx_word' id='word_1_41' title='bbox 708 272 835 299; x_wconf 91' lang='lat' dir='ltr'><strong>mundum</strong></span> 
     </span>
    </p>
   </div>
   <div class='ocr_carea' id='block_1_7' title="bbox 46 315 837 349">
    <p class='ocr_par' dir='ltr' id='par_1_7' title="bbox 46 315 837 349">
     <span class='ocr_line' id='line_1_7' title="bbox 46 315 837 349; baseline 0.005 -8"><span class='ocrx_word' id='word_1_42' title='bbox 46 319 156 342; x_wconf 84' lang='lat' dir='ltr'><strong>naturas</strong></span> <span class='ocrx_word' id='word_1_43' title='bbox 172 323 188 342; x_wconf 76' lang='grc' dir='ltr'>ει</span> <span class='ocrx_word' id='word_1_44' title='bbox 208 315 265 344; x_wconf 89' lang='lat' dir='ltr'><strong>Deo</strong></span> <span class='ocrx_word' id='word_1_45' title='bbox 280 315 403 343; x_wconf 85' lang='lat' dir='ltr'><strong>conditas</strong></span> <span class='ocrx_word' id='word_1_46' title='bbox 429 316 512 344; x_wconf 82' lang='lat' dir='ltr'><strong>fuisse</strong></span> <span class='ocrx_word' id='word_1_47' title='bbox 537 321 612 344; x_wconf 86' lang='lat' dir='ltr'><strong>ratus</strong></span> <span class='ocrx_word' id='word_1_48' title='bbox 630 321 689 349; x_wconf 89' lang='lat' dir='ltr'><strong>est,</strong></span> <span class='ocrx_word' id='word_1_49' title='bbox 714 325 746 345; x_wconf 88' lang='lat' dir='ltr'><strong>ac</strong></span> <span class='ocrx_word' id='word_1_50' title='bbox 769 318 837 345; x_wconf 86' lang='lat' dir='ltr'><strong>bene</strong></span> 
     </span>
    </p>
   </div>
   <div class='ocr_carea' id='block_1_8' title="bbox 47 361 836 398">
    <p class='ocr_par' dir='ltr' id='par_1_8' title="bbox 47 361 836 398">
     <span class='ocr_line' id='line_1_8' title="bbox 47 361 836 398; baseline 0.003 -9"><span class='ocrx_word' id='word_1_51' title='bbox 47 363 87 390; x_wconf 90' lang='lat' dir='ltr'><strong>vel</strong></span> <span class='ocrx_word' id='word_1_52' title='bbox 111 361 182 389; x_wconf 90' lang='lat' dir='ltr'><strong>male</strong></span> <span class='ocrx_word' id='word_1_53' title='bbox 210 362 307 397; x_wconf 77' lang='lat' dir='ltr'><strong>agendi</strong></span> <span class='ocrx_word' id='word_1_54' title='bbox 329 362 458 390; x_wconf 82' lang='lat' dir='ltr'><strong>facultate</strong></span> <span class='ocrx_word' id='word_1_55' title='bbox 482 363 640 395; x_wconf 84' lang='lat' dir='ltr'><strong>instructas,</strong></span> <span class='ocrx_word' id='word_1_56' title='bbox 667 371 720 398; x_wconf 88' lang='lat' dir='ltr'><strong>qua</strong></span> <span class='ocrx_word' id='word_1_57' title='bbox 746 364 836 398; x_wconf 88' lang='lat' dir='ltr'><strong>prius-</strong></span> 
     </span>
    </p>
   </div>
   <div class='ocr_carea' id='block_1_9' title="bbox 47 408 836 442">
    <p class='ocr_par' dir='ltr' id='par_1_9' title="bbox 47 408 836 442">
     <span class='ocr_line' id='line_1_9' title="bbox 47 408 836 442; baseline 0.004 -8"><span class='ocrx_word' id='word_1_58' title='bbox 47 415 123 441; x_wconf 84' lang='lat' dir='ltr'><strong>quam</strong></span> <span class='ocrx_word' id='word_1_59' title='bbox 139 413 299 440; x_wconf 88' lang='lat' dir='ltr'><strong>uterentur,</strong></span> <span class='ocrx_word' id='word_1_60' title='bbox 323 408 402 441; x_wconf 82' lang='grc' dir='ltr'><strong>νόας,</strong></span> <span class='ocrx_word' id='word_1_61' title='bbox 430 409 481 436; x_wconf 91' lang='lat' dir='ltr'><strong>hoc</strong></span> <span class='ocrx_word' id='word_1_62' title='bbox 497 414 538 436; x_wconf 87' lang='lat' dir='ltr'><strong>est</strong></span> <span class='ocrx_word' id='word_1_63' title='bbox 561 414 658 436; x_wconf 71' lang='lat' dir='ltr'><strong>mentea</strong></span> <span class='ocrx_word' id='word_1_64' title='bbox 673 409 774 442; x_wconf 86' lang='lat' dir='ltr'><strong>l&#39;nisse;</strong></span> <span class='ocrx_word' id='word_1_65' title='bbox 789 410 836 437; x_wconf 90' lang='lat' dir='ltr'><strong>sed</strong></span> 
     </span>
    </p>
   </div>
   <div class='ocr_carea' id='block_1_10' title="bbox 48 453 837 488">
    <p class='ocr_par' dir='ltr' id='par_1_10' title="bbox 48 453 837 488">
     <span class='ocr_line' id='line_1_10' title="bbox 48 453 837 488; baseline 0.004 -9"><span class='ocrx_word' id='word_1_66' title='bbox 48 453 136 479; x_wconf 88' lang='lat' dir='ltr'><strong>statim</strong></span> <span class='ocrx_word' id='word_1_67' title='bbox 149 459 181 480; x_wconf 88' lang='lat' dir='ltr'><strong>ea</strong></span> <span class='ocrx_word' id='word_1_68' title='bbox 198 460 272 486; x_wconf 86' lang='lat' dir='ltr'><strong>usas,</strong></span> <span class='ocrx_word' id='word_1_69' title='bbox 287 458 314 480; x_wconf 85' lang='lat' dir='ltr'><strong>et</strong></span> <span class='ocrx_word' id='word_1_70' title='bbox 327 454 443 481; x_wconf 88' lang='lat' dir='ltr'><strong>diversis</strong></span> <span class='ocrx_word' id='word_1_71' title='bbox 456 455 565 488; x_wconf 82' lang='lat' dir='ltr'><strong>quidem</strong></span> <span class='ocrx_word' id='word_1_72' title='bbox 582 455 681 488; x_wconf 91' lang='lat' dir='ltr'><strong>modis,</strong></span> <span class='ocrx_word' id='word_1_73' title='bbox 696 463 760 482; x_wconf 92' lang='lat' dir='ltr'><strong>cum</strong></span> <span class='ocrx_word' id='word_1_74' title='bbox 776 455 837 483; x_wconf 71' lang='lat' dir='ltr'><strong>alia:</strong></span> 
     </span>
    </p>
   </div>
   <div class='ocr_carea' id='block_1_11' title="bbox 46 498 836 536">
    <p class='ocr_par' dir='ltr' id='par_1_11' title="bbox 46 498 836 536">
     <span class='ocr_line' id='line_1_11' title="bbox 46 498 836 536; baseline 0.006 -12"><span class='ocrx_word' id='word_1_75' title='bbox 46 498 71 524; x_wconf 91' lang='lat' dir='ltr'><strong>in</strong></span> <span class='ocrx_word' id='word_1_76' title='bbox 89 499 195 529; x_wconf 81' lang='lat' dir='ltr'><strong>vitium.</strong></span> <span class='ocrx_word' id='word_1_77' title='bbox 217 499 245 525; x_wconf 95' lang='lat' dir='ltr'><strong>in</strong></span> <span class='ocrx_word' id='word_1_78' title='bbox 273 499 401 528; x_wconf 91' lang='lat' dir='ltr'><strong>virtutem</strong></span> <span class='ocrx_word' id='word_1_79' title='bbox 420 500 480 528; x_wconf 68' lang='lat' dir='ltr'><strong>alia:</strong></span> <span class='ocrx_word' id='word_1_80' title='bbox 505 501 651 534; x_wconf 79' lang='lat' dir='ltr'><strong>ferrentur,</strong></span> <span class='ocrx_word' id='word_1_81' title='bbox 669 509 718 536; x_wconf 89' lang='lat' dir='ltr'><strong>pro</strong></span> <span class='ocrx_word' id='word_1_82' title='bbox 732 502 836 530; x_wconf 87' lang='lat' dir='ltr'><strong>meritis</strong></span> 
     </span>
    </p>
   </div>
   <div class='ocr_carea' id='block_1_12' title="bbox 46 544 836 583">
    <p class='ocr_par' dir='ltr' id='par_1_12' title="bbox 46 544 836 583">
     <span class='ocr_line' id='line_1_12' title="bbox 46 544 836 583; baseline 0.005 -12"><span class='ocrx_word' id='word_1_83' title='bbox 46 550 102 571; x_wconf 78' lang='lat' dir='ltr'><strong>esse</strong></span> <span class='ocrx_word' id='word_1_84' title='bbox 123 544 245 576; x_wconf 86' lang='lat' dir='ltr'><strong>habitas.</strong></span> <span class='ocrx_word' id='word_1_85' title='bbox 262 550 289 573; x_wconf 94' lang='lat' dir='ltr'><strong>et</strong></span> <span class='ocrx_word' id='word_1_86' title='bbox 303 546 402 581; x_wconf 89' lang='lat' dir='ltr'><strong>partim</strong></span> <span class='ocrx_word' id='word_1_87' title='bbox 423 546 543 574; x_wconf 86' lang='lat' dir='ltr'><strong>admisso</strong></span> <span class='ocrx_word' id='word_1_88' title='bbox 559 548 662 575; x_wconf 85' lang='lat' dir='ltr'><strong>scelere</strong></span> <span class='ocrx_word' id='word_1_89' title='bbox 679 548 706 575; x_wconf 92' lang='lat' dir='ltr'><strong>in</strong></span> <span class='ocrx_word' id='word_1_90' title='bbox 722 547 836 583; x_wconf 84' lang='lat' dir='ltr'><strong>profun-</strong></span> 
     </span>
    </p>
   </div>
   <div class='ocr_carea' id='block_1_13' title="bbox 47 589 857 627">
    <p class='ocr_par' dir='ltr' id='par_1_13' title="bbox 47 589 857 627">
     <span class='ocr_line' id='line_1_13' title="bbox 47 589 857 627; baseline 0.006 -12"><span class='ocrx_word' id='word_1_91' title='bbox 47 589 107 616; x_wconf 90' lang='lat' dir='ltr'><strong>dum</strong></span> <span class='ocrx_word' id='word_1_92' title='bbox 140 589 318 622; x_wconf 79' lang='lat' dir='ltr'><strong>deturbatus.</strong></span> <span class='ocrx_word' id='word_1_93' title='bbox 345 591 443 626; x_wconf 88' lang='lat' dir='ltr'><strong>partim</strong></span> <span class='ocrx_word' id='word_1_94' title='bbox 475 592 557 618; x_wconf 88' lang='lat' dir='ltr'><strong>etiam</strong></span> <span class='ocrx_word' id='word_1_95' title='bbox 583 597 693 627; x_wconf 84' lang='lat' dir='ltr'><strong>propter</strong></span> <span class='ocrx_word' id='word_1_96' title='bbox 720 593 857 620; x_wconf 80' lang='lat' dir='ltr'><strong>leviores.</strong></span> 
     </span>
    </p>
   </div>
   <div class='ocr_carea' id='block_1_14' title="bbox 47 636 837 672">
    <p class='ocr_par' dir='ltr' id='par_1_14' title="bbox 47 636 837 672">
     <span class='ocr_line' id='line_1_14' title="bbox 47 636 837 672; baseline 0.006 -11"><span class='ocrx_word' id='word_1_97' title='bbox 47 642 128 662; x_wconf 83' lang='lat' dir='ltr'><strong>noxas</strong></span> <span class='ocrx_word' id='word_1_98' title='bbox 150 642 166 663; x_wconf 88' lang='lat' dir='ltr'><strong>e</strong></span> <span class='ocrx_word' id='word_1_99' title='bbox 187 636 376 670; x_wconf 81' lang='lat' dir='ltr'><strong>superioribus</strong></span> <span class='ocrx_word' id='word_1_100' title='bbox 401 636 542 664; x_wconf 86' lang='lat' dir='ltr'><strong>ordinibus</strong></span> <span class='ocrx_word' id='word_1_101' title='bbox 565 637 685 672; x_wconf 82' lang='lat' dir='ltr'><strong>dejectas</strong></span> <span class='ocrx_word' id='word_1_102' title='bbox 708 639 741 666; x_wconf 91' lang='lat' dir='ltr'><strong>ad</strong></span> <span class='ocrx_word' id='word_1_103' title='bbox 770 638 837 666; x_wconf 82' lang='lat' dir='ltr'><strong>infe-</strong></span> 
     </span>
    </p>
   </div>
   <div class='ocr_carea' id='block_1_15' title="bbox 48 682 835 718">
    <p class='ocr_par' dir='ltr' id='par_1_15' title="bbox 48 682 835 718">
     <span class='ocr_line' id='line_1_15' title="bbox 48 682 835 718; baseline 0.004 -10"><span class='ocrx_word' id='word_1_104' title='bbox 48 682 131 709; x_wconf 85' lang='lat' dir='ltr'><strong>riores</strong></span> <span class='ocrx_word' id='word_1_105' title='bbox 147 683 300 714; x_wconf 86' lang='lat' dir='ltr'><strong>transiisse.</strong></span> <span class='ocrx_word' id='word_1_106' title='bbox 314 689 341 710; x_wconf 90' lang='lat' dir='ltr'><strong>et</strong></span> <span class='ocrx_word' id='word_1_107' title='bbox 354 685 387 711; x_wconf 92' lang='lat' dir='ltr'><strong>ad</strong></span> <span class='ocrx_word' id='word_1_108' title='bbox 407 684 552 711; x_wconf 88' lang='lat' dir='ltr'><strong>animanda</strong></span> <span class='ocrx_word' id='word_1_109' title='bbox 566 691 674 718; x_wconf 88' lang='lat' dir='ltr'><strong>quoque</strong></span> <span class='ocrx_word' id='word_1_110' title='bbox 694 684 835 711; x_wconf 88' lang='lat' dir='ltr'><strong>hominum</strong></span> 
     </span>
    </p>
   </div>
   <div class='ocr_carea' id='block_1_16' title="bbox 47 729 836 765">
    <p class='ocr_par' dir='ltr' id='par_1_16' title="bbox 47 729 836 765">
     <span class='ocr_line' id='line_1_16' title="bbox 47 729 836 765; baseline 0.005 -12"><span class='ocrx_word' id='word_1_111' title='bbox 47 734 155 761; x_wconf 87' lang='lat' dir='ltr'><strong>corpora</strong></span> <span class='ocrx_word' id='word_1_112' title='bbox 179 735 242 756; x_wconf 89' lang='lat' dir='ltr'><strong>esse</strong></span> <span class='ocrx_word' id='word_1_113' title='bbox 266 729 416 762; x_wconf 84' lang='lat' dir='ltr'><strong>demissas;</strong></span> <span class='ocrx_word' id='word_1_114' title='bbox 444 730 511 757; x_wconf 87' lang='lat' dir='ltr'><strong>adeo</strong></span> <span class='ocrx_word' id='word_1_115' title='bbox 538 734 567 756; x_wconf 94' lang='lat' dir='ltr'><strong>ut</strong></span> <span class='ocrx_word' id='word_1_116' title='bbox 589 736 752 765; x_wconf 86' lang='lat' dir='ltr'><strong>quocunque</strong></span> <span class='ocrx_word' id='word_1_117' title='bbox 776 729 836 757; x_wconf 89' lang='lat' dir='ltr'><strong>loco</strong></span> 
     </span>
    </p>
   </div>
   <div class='ocr_carea' id='block_1_17' title="bbox 47 773 835 811">
    <p class='ocr_par' dir='ltr' id='par_1_17' title="bbox 47 773 835 811">
     <span class='ocr_line' id='line_1_17' title="bbox 47 773 835 811; baseline 0.005 -13"><span class='ocrx_word' id='word_1_118' title='bbox 47 773 107 804; x_wconf 85' lang='lat' dir='ltr'><strong>sint,</strong></span> <span class='ocrx_word' id='word_1_119' title='bbox 122 778 266 808; x_wconf 87' lang='lat' dir='ltr'><strong>acceptum</strong></span> <span class='ocrx_word' id='word_1_120' title='bbox 282 774 308 801; x_wconf 91' lang='lat' dir='ltr'><strong>id</strong></span> <span class='ocrx_word' id='word_1_121' title='bbox 321 775 426 802; x_wconf 87' lang='lat' dir='ltr'><strong>meritis</strong></span> <span class='ocrx_word' id='word_1_122' title='bbox 446 776 503 803; x_wconf 86' lang='lat' dir='ltr'><strong>suis</strong></span> <span class='ocrx_word' id='word_1_123' title='bbox 517 774 620 802; x_wconf 85' lang='lat' dir='ltr'><strong>referre</strong></span> <span class='ocrx_word' id='word_1_124' title='bbox 633 775 768 803; x_wconf 83' lang='lat' dir='ltr'><strong>debeant:</strong></span> <span class='ocrx_word' id='word_1_125' title='bbox 783 775 835 811; x_wconf 82' lang='grc' dir='ltr'><strong>ψυ-</strong></span> 
     </span>
    </p>
   </div>
   <div class='ocr_carea' id='block_1_18' title="bbox 46 818 834 856">
    <p class='ocr_par' dir='ltr' id='par_1_18' title="bbox 46 818 834 856">
     <span class='ocr_line' id='line_1_18' title="bbox 46 818 834 856; baseline 0.001 -10"><span class='ocrx_word' id='word_1_126' title='bbox 46 818 93 854; x_wconf 79' lang='grc' dir='ltr'><strong>χὰς</strong></span> <span class='ocrx_word' id='word_1_127' title='bbox 105 824 207 852; x_wconf 86' lang='lat' dir='ltr'><strong>autem,</strong></span> <span class='ocrx_word' id='word_1_128' title='bbox 227 819 278 847; x_wconf 86' lang='lat' dir='ltr'><strong>hoc</strong></span> <span class='ocrx_word' id='word_1_129' title='bbox 289 825 330 847; x_wconf 89' lang='lat' dir='ltr'><strong>est</strong></span> <span class='ocrx_word' id='word_1_130' title='bbox 343 821 458 852; x_wconf 78' lang='lat' dir='ltr'><strong>animus,</strong></span> <span class='ocrx_word' id='word_1_131' title='bbox 474 826 535 847; x_wconf 89' lang='lat' dir='ltr'><strong>tunc</strong></span> <span class='ocrx_word' id='word_1_132' title='bbox 547 821 678 853; x_wconf 83' lang='lat' dir='ltr'><strong>evasisse,</strong></span> <span class='ocrx_word' id='word_1_133' title='bbox 693 825 834 856; x_wconf 82' lang='lat' dir='ltr'><strong>postquam</strong></span> 
     </span>
    </p>
   </div>
   <div class='ocr_carea' id='block_1_19' title="bbox 886 226 1672 262">
    <p class='ocr_par' dir='ltr' id='par_1_19' title="bbox 886 226 1672 262">
     <span class='ocr_line' id='line_1_19' title="bbox 886 226 1672 262; baseline 0.003 -9"><span class='ocrx_word' id='word_1_134' title='bbox 886 226 1009 262; x_wconf 90' lang='lat' dir='ltr'><strong>probrari</strong></span> <span class='ocrx_word' id='word_1_135' title='bbox 1028 226 1124 254; x_wconf 86' lang='lat' dir='ltr'><strong>solitos</strong></span> <span class='ocrx_word' id='word_1_136' title='bbox 1144 231 1287 254; x_wconf 85' lang='lat' dir='ltr'><strong>enumerat</strong></span> <span class='ocrx_word' id='word_1_137' title='bbox 1311 231 1406 255; x_wconf 89' lang='lat' dir='ltr'><strong>auctor</strong></span> <span class='ocrx_word' id='word_1_138' title='bbox 1430 234 1579 262; x_wconf 89' lang='lat' dir='ltr'><strong>anonymus</strong></span> <span class='ocrx_word' id='word_1_139' title='bbox 1602 228 1672 261; x_wconf 86' lang='lat' dir='ltr'><strong>apud</strong></span> 
     </span>
    </p>
   </div>
   <div class='ocr_carea' id='block_1_20' title="bbox 886 270 1673 300">
    <p class='ocr_par' dir='ltr' id='par_1_20' title="bbox 886 270 1673 300">
     <span class='ocr_line' id='line_1_20' title="bbox 886 270 1673 300; baseline 0.001 -2"><span class='ocrx_word' id='word_1_140' title='bbox 886 270 1010 299; x_wconf 86' lang='lat' dir='ltr'><strong>Photium</strong></span> <span class='ocrx_word' id='word_1_141' title='bbox 1033 272 1094 299; x_wconf 87' lang='lat' dir='ltr'><strong>eod.</strong></span> <span class='ocrx_word' id='word_1_142' title='bbox 1113 279 1197 299; x_wconf 85' lang='lat' dir='ltr'><strong>cxvtt.</strong></span> <span class='ocrx_word' id='word_1_143' title='bbox 1221 272 1368 300; x_wconf 88' lang='lat' dir='ltr'><strong>Enumerat</strong></span> <span class='ocrx_word' id='word_1_144' title='bbox 1388 277 1416 300; x_wconf 90' lang='lat' dir='ltr'><strong>et</strong></span> <span class='ocrx_word' id='word_1_145' title='bbox 1439 273 1520 299; x_wconf 90' lang='lat' dir='ltr'><strong>istum</strong></span> <span class='ocrx_word' id='word_1_146' title='bbox 1538 281 1545 298; x_wconf 71' lang='grc' dir='ltr'><strong><em>ι</em></strong></span> <span class='ocrx_word' id='word_1_147' title='bbox 1565 273 1626 299; x_wconf 84' lang='grc' dir='ltr'><strong>’Ότι</strong></span> <span class='ocrx_word' id='word_1_148' title='bbox 1641 274 1673 299; x_wconf 78' lang='grc' dir='ltr'>ἐκ</span> 
     </span>
    </p>
   </div>
   <div class='ocr_carea' id='block_1_21' title="bbox 887 313 1673 352">
    <p class='ocr_par' dir='ltr' id='par_1_21' title="bbox 887 313 1673 352">
     <span class='ocr_line' id='line_1_21' title="bbox 887 313 1673 352; baseline 0.001 -9"><span class='ocrx_word' id='word_1_149' title='bbox 887 314 1089 348; x_wconf 74' lang='grc' dir='ltr'><strong>καταπτώσεως</strong></span> <span class='ocrx_word' id='word_1_150' title='bbox 1107 313 1189 351; x_wconf 82' lang='grc' dir='ltr'>ἦλθον</span> <span class='ocrx_word' id='word_1_151' title='bbox 1207 316 1231 341; x_wconf 86' lang='grc' dir='ltr'><strong>οἱ</strong></span> <span class='ocrx_word' id='word_1_152' title='bbox 1251 315 1323 350; x_wconf 75' lang='grc' dir='ltr'>ἅγιοι</span> <span class='ocrx_word' id='word_1_153' title='bbox 1339 316 1408 352; x_wconf 83' lang='lat' dir='ltr'><strong>(lego</strong></span> <span class='ocrx_word' id='word_1_154' title='bbox 1428 316 1547 352; x_wconf 76' lang='grc' dir='ltr'><strong>ἄγγελοι)</strong></span> <span class='ocrx_word' id='word_1_155' title='bbox 1567 318 1606 349; x_wconf 81' lang='grc' dir='ltr'>εις</span> <span class='ocrx_word' id='word_1_156' title='bbox 1626 317 1673 344; x_wconf 82' lang='grc' dir='ltr'>τὸν</span> 
     </span>
    </p>
   </div>
   <div class='ocr_carea' id='block_1_22' title="bbox 888 361 1672 398">
    <p class='ocr_par' dir='ltr' id='par_1_22' title="bbox 888 361 1672 398">
     <span class='ocr_line' id='line_1_22' title="bbox 888 361 1672 398; baseline 0.004 -11"><span class='ocrx_word' id='word_1_157' title='bbox 888 361 1006 396; x_wconf 78' lang='grc' dir='ltr'><strong>κόσμον,</strong></span> <span class='ocrx_word' id='word_1_158' title='bbox 1027 361 1084 388; x_wconf 79' lang='grc' dir='ltr'><strong>ἀλλ’</strong></span> <span class='ocrx_word' id='word_1_159' title='bbox 1101 362 1130 387; x_wconf 80' lang='grc' dir='ltr'>οὺ</span> <span class='ocrx_word' id='word_1_160' title='bbox 1146 361 1179 388; x_wconf 81' lang='grc' dir='ltr'><strong>δι’</strong></span> <span class='ocrx_word' id='word_1_161' title='bbox 1192 361 1291 397; x_wconf 79' lang='grc' dir='ltr'>ἐτέρων</span> <span class='ocrx_word' id='word_1_162' title='bbox 1310 362 1467 398; x_wconf 77' lang='grc' dir='ltr'><strong>θεραπείαν.</strong></span> <span class='ocrx_word' id='word_1_163' title='bbox 1485 372 1494 387; x_wconf 71' lang='grc' dir='ltr'><strong>ι</strong></span> <span class='ocrx_word' id='word_1_164' title='bbox 1510 363 1626 397; x_wconf 81' lang='lat' dir='ltr'><strong>Angelos</strong></span> <span class='ocrx_word' id='word_1_165' title='bbox 1646 364 1672 390; x_wconf 88' lang='lat' dir='ltr'><strong>in</strong></span> 
     </span>
    </p>
   </div>
   <div class='ocr_carea' id='block_1_23' title="bbox 887 406 1671 443">
    <p class='ocr_par' dir='ltr' id='par_1_23' title="bbox 887 406 1671 443">
     <span class='ocr_line' id='line_1_23' title="bbox 887 406 1671 443; baseline 0.005 -11"><span class='ocrx_word' id='word_1_166' title='bbox 887 407 1014 433; x_wconf 89' lang='lat' dir='ltr'><strong>nmndum</strong></span> <span class='ocrx_word' id='word_1_167' title='bbox 1031 414 1064 433; x_wconf 81' lang='lat' dir='ltr'><strong>ex</strong></span> <span class='ocrx_word' id='word_1_168' title='bbox 1077 406 1164 440; x_wconf 86' lang='lat' dir='ltr'><strong>lapsu,</strong></span> <span class='ocrx_word' id='word_1_169' title='bbox 1187 414 1240 433; x_wconf 92' lang='lat' dir='ltr'><strong>non</strong></span> <span class='ocrx_word' id='word_1_170' title='bbox 1262 413 1372 442; x_wconf 81' lang='lat' dir='ltr'><strong>propter</strong></span> <span class='ocrx_word' id='word_1_171' title='bbox 1387 407 1499 435; x_wconf 91' lang='lat' dir='ltr'><strong>aliorum</strong></span> <span class='ocrx_word' id='word_1_172' title='bbox 1513 409 1671 443; x_wconf 77' lang='lat' dir='ltr'><strong>obsequium</strong></span> 
     </span>
    </p>
   </div>
   <div class='ocr_carea' id='block_1_24' title="bbox 887 451 1673 490">
    <p class='ocr_par' dir='ltr' id='par_1_24' title="bbox 887 451 1673 490">
     <span class='ocr_line' id='line_1_24' title="bbox 887 451 1673 490; baseline 0.005 -13"><span class='ocrx_word' id='word_1_173' title='bbox 887 451 1004 480; x_wconf 85' lang='lat' dir='ltr'><strong>venisse.</strong></span> <span class='ocrx_word' id='word_1_174' title='bbox 1019 461 1028 477; x_wconf 72' lang='grc' dir='ltr'><strong>ι</strong></span> <span class='ocrx_word' id='word_1_175' title='bbox 1047 452 1217 479; x_wconf 85' lang='lat' dir='ltr'><strong>Justinianus</strong></span> <span class='ocrx_word' id='word_1_176' title='bbox 1232 457 1361 487; x_wconf 49' lang='lat' dir='ltr'><strong>praeterea</strong></span> <span class='ocrx_word' id='word_1_177' title='bbox 1380 454 1406 480; x_wconf 90' lang='lat' dir='ltr'><strong>in</strong></span> <span class='ocrx_word' id='word_1_178' title='bbox 1421 454 1533 488; x_wconf 86' lang='lat' dir='ltr'><strong>epistola</strong></span> <span class='ocrx_word' id='word_1_179' title='bbox 1549 454 1582 481; x_wconf 90' lang='lat' dir='ltr'><strong>ad</strong></span> <span class='ocrx_word' id='word_1_180' title='bbox 1597 454 1673 490; x_wconf 85' lang='lat' dir='ltr'><strong>quiu-</strong></span> 
     </span>
    </p>
   </div>
   <div class='ocr_carea' id='block_1_25' title="bbox 887 498 1672 535">
    <p class='ocr_par' dir='ltr' id='par_1_25' title="bbox 887 498 1672 535">
     <span class='ocr_line' id='line_1_25' title="bbox 887 498 1672 535; baseline 0.004 -11"><span class='ocrx_word' id='word_1_181' title='bbox 887 501 939 524; x_wconf 87' lang='lat' dir='ltr'><strong>tam</strong></span> <span class='ocrx_word' id='word_1_182' title='bbox 957 498 1088 533; x_wconf 78' lang='lat' dir='ltr'><strong>synodum</strong></span> <span class='ocrx_word' id='word_1_183' title='bbox 1100 518 1107 530; x_wconf 93' lang='lat'><strong>,</strong></span> <span class='ocrx_word' id='word_1_184' title='bbox 1128 506 1208 533; x_wconf 87' lang='lat' dir='ltr'><strong>quam</strong></span> <span class='ocrx_word' id='word_1_185' title='bbox 1224 499 1321 526; x_wconf 90' lang='lat' dir='ltr'><strong>recitat</strong></span> <span class='ocrx_word' id='word_1_186' title='bbox 1333 498 1485 532; x_wconf 80' lang='lat' dir='ltr'><strong>Cedrentts,</strong></span> <span class='ocrx_word' id='word_1_187' title='bbox 1505 504 1533 526; x_wconf 87' lang='lat' dir='ltr'><strong>et</strong></span> <span class='ocrx_word' id='word_1_188' title='bbox 1554 500 1672 535; x_wconf 86' lang='lat' dir='ltr'><strong>Sophro-</strong></span> 
     </span>
    </p>
   </div>
   <div class='ocr_carea' id='block_1_26' title="bbox 887 543 1671 580">
    <p class='ocr_par' dir='ltr' id='par_1_26' title="bbox 887 543 1671 580">
     <span class='ocr_line' id='line_1_26' title="bbox 887 543 1671 580; baseline 0.004 -11"><span class='ocrx_word' id='word_1_189' title='bbox 887 543 947 570; x_wconf 91' lang='lat' dir='ltr'><strong>nius</strong></span> <span class='ocrx_word' id='word_1_190' title='bbox 966 544 992 570; x_wconf 91' lang='lat' dir='ltr'><strong>in</strong></span> <span class='ocrx_word' id='word_1_191' title='bbox 1010 543 1123 579; x_wconf 83' lang='lat' dir='ltr'><strong>epistola</strong></span> <span class='ocrx_word' id='word_1_192' title='bbox 1145 544 1179 571; x_wconf 90' lang='lat' dir='ltr'><strong>ad</strong></span> <span class='ocrx_word' id='word_1_193' title='bbox 1193 543 1328 580; x_wconf 76' lang='lat' dir='ltr'><strong>Sergium,</strong></span> <span class='ocrx_word' id='word_1_194' title='bbox 1343 545 1461 580; x_wconf 79' lang='lat' dir='ltr'><strong>ejusdem</strong></span> <span class='ocrx_word' id='word_1_195' title='bbox 1477 546 1598 573; x_wconf 88' lang='lat' dir='ltr'><strong>criminis</strong></span> <span class='ocrx_word' id='word_1_196' title='bbox 1611 545 1671 573; x_wconf 83' lang='lat' dir='ltr'><strong>Ori-</strong></span> 
     </span>
    </p>
   </div>
   <div class='ocr_carea' id='block_1_27' title="bbox 888 590 1672 624">
    <p class='ocr_par' dir='ltr' id='par_1_27' title="bbox 888 590 1672 624">
     <span class='ocr_line' id='line_1_27' title="bbox 888 590 1672 624; baseline 0.005 -10"><span class='ocrx_word' id='word_1_197' title='bbox 888 595 983 623; x_wconf 82' lang='lat' dir='ltr'><strong>genem</strong></span> <span class='ocrx_word' id='word_1_198' title='bbox 1005 594 1161 622; x_wconf 83' lang='lat' dir='ltr'><strong>arcessunt;</strong></span> <span class='ocrx_word' id='word_1_199' title='bbox 1191 591 1302 618; x_wconf 86' lang='lat' dir='ltr'><strong>arcessit</strong></span> <span class='ocrx_word' id='word_1_200' title='bbox 1321 591 1436 624; x_wconf 88' lang='lat' dir='ltr'><strong>denique</strong></span> <span class='ocrx_word' id='word_1_201' title='bbox 1460 596 1487 617; x_wconf 88' lang='lat' dir='ltr'><strong>et</strong></span> <span class='ocrx_word' id='word_1_202' title='bbox 1503 590 1532 619; x_wconf 90' lang='lat' dir='ltr'><strong>S.</strong></span> <span class='ocrx_word' id='word_1_203' title='bbox 1553 591 1672 618; x_wconf 79' lang='lat' dir='ltr'><strong>Thomas</strong></span> 
     </span>
    </p>
   </div>
   <div class='ocr_carea' id='block_1_28' title="bbox 885 634 1670 670">
    <p class='ocr_par' dir='ltr' id='par_1_28' title="bbox 885 634 1670 670">
     <span class='ocr_line' id='line_1_28' title="bbox 885 634 1670 670; baseline 0.004 -10"><span class='ocrx_word' id='word_1_204' title='bbox 885 641 914 669; x_wconf 87' lang='lat' dir='ltr'><strong>p.</strong></span> <span class='ocrx_word' id='word_1_205' title='bbox 935 642 962 667; x_wconf 90' lang='grc' dir='ltr'>ι,</span> <span class='ocrx_word' id='word_1_206' title='bbox 975 641 1002 669; x_wconf 87' lang='lat' dir='ltr'><strong>q.</strong></span> <span class='ocrx_word' id='word_1_207' title='bbox 1017 634 1051 661; x_wconf 75' lang='grc'><strong>64</strong></span> <span class='ocrx_word' id='word_1_208' title='bbox 1063 655 1071 666; x_wconf 83' lang='grc'><em>,</em></span> <span class='ocrx_word' id='word_1_209' title='bbox 1091 643 1115 662; x_wconf 93' lang='lat' dir='ltr'><strong>a.</strong></span> <span class='ocrx_word' id='word_1_210' title='bbox 1131 635 1164 668; x_wconf 73' lang='lat'><strong>2,</strong></span> <span class='ocrx_word' id='word_1_211' title='bbox 1181 641 1208 663; x_wconf 89' lang='lat' dir='ltr'><strong>et</strong></span> <span class='ocrx_word' id='word_1_212' title='bbox 1229 636 1255 663; x_wconf 93' lang='lat' dir='ltr'><strong>in</strong></span> <span class='ocrx_word' id='word_1_213' title='bbox 1280 635 1454 670; x_wconf 78' lang='lat' dir='ltr'><strong>Expositione</strong></span> <span class='ocrx_word' id='word_1_214' title='bbox 1475 644 1555 663; x_wconf 86' lang='lat' dir='ltr'><strong>aurea</strong></span> <span class='ocrx_word' id='word_1_215' title='bbox 1570 637 1597 663; x_wconf 87' lang='lat' dir='ltr'><strong>in</strong></span> <span class='ocrx_word' id='word_1_216' title='bbox 1611 637 1670 663; x_wconf 81' lang='lat' dir='ltr'><strong>Joln&#39;</strong></span> 
     </span>
    </p>
   </div>
   <div class='ocr_carea' id='block_1_29' title="bbox 888 681 1672 718">
    <p class='ocr_par' dir='ltr' id='par_1_29' title="bbox 888 681 1672 718">
     <span class='ocr_line' id='line_1_29' title="bbox 888 681 1672 718; baseline 0.006 -13"><span class='ocrx_word' id='word_1_217' title='bbox 888 686 963 714; x_wconf 82' lang='lat' dir='ltr'><strong>caput</strong></span> <span class='ocrx_word' id='word_1_218' title='bbox 982 688 1018 711; x_wconf 83' lang='lat' dir='ltr'><strong>tv,</strong></span> <span class='ocrx_word' id='word_1_219' title='bbox 1034 681 1182 708; x_wconf 88' lang='lat' dir='ltr'><strong>cavendum</strong></span> <span class='ocrx_word' id='word_1_220' title='bbox 1199 681 1237 708; x_wconf 89' lang='lat' dir='ltr'><strong>ait</strong></span> <span class='ocrx_word' id='word_1_221' title='bbox 1250 682 1284 709; x_wconf 88' lang='lat' dir='ltr'><strong>ab</strong></span> <span class='ocrx_word' id='word_1_222' title='bbox 1300 681 1420 717; x_wconf 87' lang='lat' dir='ltr'><strong>hoc-ejus</strong></span> <span class='ocrx_word' id='word_1_223' title='bbox 1434 690 1536 713; x_wconf 83' lang='lat' dir='ltr'><strong>errore,</strong></span> <span class='ocrx_word' id='word_1_224' title='bbox 1550 691 1602 717; x_wconf 90' lang='lat' dir='ltr'><strong>quo</strong></span> <span class='ocrx_word' id='word_1_225' title='bbox 1617 683 1672 718; x_wconf 87' lang='lat' dir='ltr'><strong>spi-</strong></span> 
     </span>
    </p>
   </div>
   <div class='ocr_carea' id='block_1_30' title="bbox 888 726 1670 762">
    <p class='ocr_par' dir='ltr' id='par_1_30' title="bbox 888 726 1670 762">
     <span class='ocr_line' id='line_1_30' title="bbox 888 726 1670 762; baseline 0.005 -10"><span class='ocrx_word' id='word_1_226' title='bbox 888 726 955 754; x_wconf 89' lang='lat' dir='ltr'><strong>ritus</strong></span> <span class='ocrx_word' id='word_1_227' title='bbox 980 734 1156 762; x_wconf 85' lang='lat' dir='ltr'><strong>quoscunque</strong></span> <span class='ocrx_word' id='word_1_228' title='bbox 1181 735 1288 755; x_wconf 86' lang='lat' dir='ltr'><strong>creatos</strong></span> <span class='ocrx_word' id='word_1_229' title='bbox 1317 728 1459 756; x_wconf 75' lang='lat' dir='ltr'><strong>instabiles</strong></span> <span class='ocrx_word' id='word_1_230' title='bbox 1488 729 1614 761; x_wconf 81' lang='lat' dir='ltr'><strong>asseruit,</strong></span> <span class='ocrx_word' id='word_1_231' title='bbox 1643 733 1670 756; x_wconf 90' lang='lat' dir='ltr'><strong>et</strong></span> 
     </span>
    </p>
   </div>
   <div class='ocr_carea' id='block_1_31' title="bbox 886 773 1328 808">
    <p class='ocr_par' dir='ltr' id='par_1_31' title="bbox 886 773 1328 808">
     <span class='ocr_line' id='line_1_31' title="bbox 886 773 1328 808; baseline 0.002 -9"><span class='ocrx_word' id='word_1_232' title='bbox 886 779 964 807; x_wconf 91' lang='lat' dir='ltr'><strong>posse</strong></span> <span class='ocrx_word' id='word_1_233' title='bbox 980 773 1011 799; x_wconf 89' lang='lat' dir='ltr'><strong>ad</strong></span> <span class='ocrx_word' id='word_1_234' title='bbox 1028 774 1190 807; x_wconf 85' lang='lat' dir='ltr'><strong>pravitatem</strong></span> <span class='ocrx_word' id='word_1_235' title='bbox 1206 773 1328 808; x_wconf 86' lang='lat' dir='ltr'><strong>perduci.</strong></span> 
     </span>
    </p>
   </div>
   <div class='ocr_carea' id='block_1_32' title="bbox 921 817 1671 854">
    <p class='ocr_par' dir='ltr' id='par_1_32' title="bbox 921 817 1671 854">
     <span class='ocr_line' id='line_1_32' title="bbox 921 817 1671 854; baseline 0.003 -9"><span class='ocrx_word' id='word_1_236' title='bbox 921 817 989 846; x_wconf 83' lang='lat' dir='ltr'><strong>Xlll.</strong></span> <span class='ocrx_word' id='word_1_237' title='bbox 998 818 1184 846; x_wconf 88' lang='lat' dir='ltr'><strong>Consulendus</strong></span> <span class='ocrx_word' id='word_1_238' title='bbox 1194 820 1226 846; x_wconf 90' lang='lat' dir='ltr'><strong>ad</strong></span> <span class='ocrx_word' id='word_1_239' title='bbox 1234 820 1290 847; x_wconf 71' lang='lat' dir='ltr'><strong>hanc</strong></span> <span class='ocrx_word' id='word_1_240' title='bbox 1302 820 1433 847; x_wconf 81' lang='lat' dir='ltr'><strong>Maximus</strong></span> <span class='ocrx_word' id='word_1_241' title='bbox 1442 825 1545 854; x_wconf 79' lang='lat' dir='ltr'><strong>martyr</strong></span> <span class='ocrx_word' id='word_1_242' title='bbox 1555 821 1580 846; x_wconf 92' lang='lat' dir='ltr'><strong>in</strong></span> <span class='ocrx_word' id='word_1_243' title='bbox 1591 820 1671 847; x_wconf 88' lang='lat' dir='ltr'><strong>scho-</strong></span> 
     </span>
    </p>
   </div>
   <div class='ocr_carea' id='block_1_33' title="bbox 48 864 1670 902">
    <p class='ocr_par' dir='ltr' id='par_1_33' title="bbox 48 864 1670 902">
     <span class='ocr_line' id='line_1_33' title="bbox 48 864 1670 902; baseline 0.002 -12"><span class='ocrx_word' id='word_1_244' title='bbox 48 865 78 891; x_wconf 87' lang='lat' dir='ltr'><strong>ah</strong></span> <span class='ocrx_word' id='word_1_245' title='bbox 97 872 191 892; x_wconf 90' lang='lat' dir='ltr'><strong>amore</strong></span> <span class='ocrx_word' id='word_1_246' title='bbox 205 865 252 892; x_wconf 91' lang='lat' dir='ltr'><strong>Dei</strong></span> <span class='ocrx_word' id='word_1_247' title='bbox 270 865 379 894; x_wconf 77' lang='lat' dir='ltr'><strong>fuerunt</strong></span> <span class='ocrx_word' id='word_1_248' title='bbox 394 866 577 902; x_wconf 77' lang='grc' dir='ltr'><strong>ἀποψυγεϊσαι</strong></span> <span class='ocrx_word' id='word_1_249' title='bbox 589 886 597 899; x_wconf 85' lang='lat'><strong>,</strong></span> <span class='ocrx_word' id='word_1_250' title='bbox 620 867 670 895; x_wconf 88' lang='lat' dir='ltr'><strong>hac</strong></span> <span class='ocrx_word' id='word_1_251' title='bbox 688 875 750 894; x_wconf 74' lang='lat' dir='ltr'><strong>vero</strong></span> <span class='ocrx_word' id='word_1_252' title='bbox 763 867 836 894; x_wconf 85' lang='lat' dir='ltr'><strong>arbi-</strong></span> <span class='ocrx_word' id='word_1_253' title='bbox 850 864 872 892; x_wconf 84' lang='grc' dir='ltr'><strong><em>Β</em></strong></span> <span class='ocrx_word' id='word_1_254' title='bbox 886 864 928 892; x_wconf 88' lang='lat' dir='ltr'><strong>liis</strong></span> <span class='ocrx_word' id='word_1_255' title='bbox 941 864 974 891; x_wconf 92' lang='lat' dir='ltr'><strong>ad</strong></span> <span class='ocrx_word' id='word_1_256' title='bbox 989 872 1049 899; x_wconf 86' lang='lat' dir='ltr'><strong>cap.</strong></span> <span class='ocrx_word' id='word_1_257' title='bbox 1064 864 1080 892; x_wconf 87' lang='grc'>6</span> <span class='ocrx_word' id='word_1_258' title='bbox 1095 864 1216 900; x_wconf 85' lang='lat' dir='ltr'><strong>Di0uysii</strong></span> <span class='ocrx_word' id='word_1_259' title='bbox 1234 865 1271 892; x_wconf 86' lang='lat' dir='ltr'><strong>De</strong></span> <span class='ocrx_word' id='word_1_260' title='bbox 1284 866 1450 893; x_wconf 74' lang='lat' dir='ltr'><strong>ecclesiastic.</strong></span> <span class='ocrx_word' id='word_1_261' title='bbox 1469 866 1612 898; x_wconf 51' lang='lat' dir='ltr'><strong>hieran/in</strong></span> <span class='ocrx_word' id='word_1_262' title='bbox 1625 866 1670 894; x_wconf 93' lang='lat' dir='ltr'><strong>ubi</strong></span> 
     </span>
    </p>
   </div>
   <div class='ocr_carea' id='block_1_34' title="bbox 49 910 832 940">
    <p class='ocr_par' dir='ltr' id='par_1_34' title="bbox 49 910 832 940">
     <span class='ocr_line' id='line_1_34' title="bbox 49 910 832 940; baseline 0.006 -5"><span class='ocrx_word' id='word_1_263' title='bbox 49 910 87 936; x_wconf 90' lang='lat' dir='ltr'><strong>trii</strong></span> <span class='ocrx_word' id='word_1_264' title='bbox 107 910 234 937; x_wconf 82' lang='lat' dir='ltr'><strong>libertate</strong></span> <span class='ocrx_word' id='word_1_265' title='bbox 249 912 400 939; x_wconf 88' lang='lat' dir='ltr'><strong>etiamnum</strong></span> <span class='ocrx_word' id='word_1_266' title='bbox 421 918 535 940; x_wconf 86' lang='lat' dir='ltr'><strong>naturas</strong></span> <span class='ocrx_word' id='word_1_267' title='bbox 560 913 618 940; x_wconf 88' lang='lat' dir='ltr'><strong>illas</strong></span> <span class='ocrx_word' id='word_1_268' title='bbox 636 913 782 940; x_wconf 77' lang='lat' dir='ltr'><strong>rationales</strong></span> <span class='ocrx_word' id='word_1_269' title='bbox 797 913 832 940; x_wconf 88' lang='lat' dir='ltr'><strong>ita</strong></span> 
     </span>
    </p>
   </div>
   <div class='ocr_carea' id='block_1_35' title="bbox 49 955 832 994">
    <p class='ocr_par' dir='ltr' id='par_1_35' title="bbox 49 955 832 994">
     <span class='ocr_line' id='line_1_35' title="bbox 49 955 832 994; baseline 0.006 -13"><span class='ocrx_word' id='word_1_270' title='bbox 49 955 107 988; x_wconf 87' lang='lat' dir='ltr'><strong>l‘rui,</strong></span> <span class='ocrx_word' id='word_1_271' title='bbox 127 956 185 983; x_wconf 88' lang='lat' dir='ltr'><strong>sive</strong></span> <span class='ocrx_word' id='word_1_272' title='bbox 203 956 330 984; x_wconf 80' lang='lat' dir='ltr'><strong>humanis</strong></span> <span class='ocrx_word' id='word_1_273' title='bbox 349 958 508 992; x_wconf 83' lang='lat' dir='ltr'><strong>corporibus</strong></span> <span class='ocrx_word' id='word_1_274' title='bbox 526 958 688 994; x_wconf 69' lang='lat' dir='ltr'><strong>implicatae,</strong></span> <span class='ocrx_word' id='word_1_275' title='bbox 703 959 761 986; x_wconf 84' lang='lat' dir='ltr'><strong>sive</strong></span> <span class='ocrx_word' id='word_1_276' title='bbox 776 958 832 986; x_wconf 68' lang='lat' dir='ltr'><strong>dte-</strong></span> 
     </span>
    </p>
   </div>
   <div class='ocr_carea' id='block_1_36' title="bbox 49 1002 832 1040">
    <p class='ocr_par' dir='ltr' id='par_1_36' title="bbox 49 1002 832 1040">
     <span class='ocr_line' id='line_1_36' title="bbox 49 1002 832 1040; baseline 0.004 -12"><span class='ocrx_word' id='word_1_277' title='bbox 49 1009 135 1029; x_wconf 87' lang='lat' dir='ltr'><strong>mones</strong></span> <span class='ocrx_word' id='word_1_278' title='bbox 159 1002 240 1030; x_wconf 65' lang='lat' dir='ltr'><strong>facta:</strong></span> <span class='ocrx_word' id='word_1_279' title='bbox 262 1003 335 1036; x_wconf 85' lang='lat' dir='ltr'><strong>sint,</strong></span> <span class='ocrx_word' id='word_1_280' title='bbox 361 1004 417 1032; x_wconf 86' lang='lat' dir='ltr'><strong>sive</strong></span> <span class='ocrx_word' id='word_1_281' title='bbox 442 1004 595 1040; x_wconf 85' lang='lat' dir='ltr'><strong>angelicum</strong></span> <span class='ocrx_word' id='word_1_282' title='bbox 622 1005 745 1032; x_wconf 86' lang='lat' dir='ltr'><strong>ordinem</strong></span> <span class='ocrx_word' id='word_1_283' title='bbox 767 1005 832 1032; x_wconf 90' lang='lat' dir='ltr'><strong>reti-</strong></span> 
     </span>
    </p>
   </div>
   <div class='ocr_carea' id='block_1_37' title="bbox 51 1050 831 1085">
    <p class='ocr_par' dir='ltr' id='par_1_37' title="bbox 51 1050 831 1085">
     <span class='ocr_line' id='line_1_37' title="bbox 51 1050 831 1085; baseline 0.005 -12"><span class='ocrx_word' id='word_1_284' title='bbox 51 1053 141 1080; x_wconf 88' lang='lat' dir='ltr'><strong>neant,</strong></span> <span class='ocrx_word' id='word_1_285' title='bbox 158 1054 187 1076; x_wconf 92' lang='lat' dir='ltr'><strong>ut</strong></span> <span class='ocrx_word' id='word_1_286' title='bbox 206 1056 276 1076; x_wconf 90' lang='lat' dir='ltr'><strong>nova</strong></span> <span class='ocrx_word' id='word_1_287' title='bbox 293 1050 408 1077; x_wconf 87' lang='lat' dir='ltr'><strong>subinde</strong></span> <span class='ocrx_word' id='word_1_288' title='bbox 432 1055 541 1085; x_wconf 87' lang='lat' dir='ltr'><strong>peccata</strong></span> <span class='ocrx_word' id='word_1_289' title='bbox 564 1050 590 1077; x_wconf 90' lang='lat' dir='ltr'><strong>in</strong></span> <span class='ocrx_word' id='word_1_290' title='bbox 615 1058 644 1078; x_wconf 90' lang='lat' dir='ltr'><strong>se</strong></span> <span class='ocrx_word' id='word_1_291' title='bbox 667 1051 831 1085; x_wconf 85' lang='lat' dir='ltr'><strong>concipiant,</strong></span> 
     </span>
    </p>
   </div>
   <div class='ocr_carea' id='block_1_38' title="bbox 51 1094 833 1132">
    <p class='ocr_par' dir='ltr' id='par_1_38' title="bbox 51 1094 833 1132">
     <span class='ocr_line' id='line_1_38' title="bbox 51 1094 833 1132; baseline 0.005 -12"><span class='ocrx_word' id='word_1_292' title='bbox 51 1094 86 1120; x_wconf 83' lang='lat' dir='ltr'><strong>vel</strong></span> <span class='ocrx_word' id='word_1_293' title='bbox 101 1094 225 1122; x_wconf 60' lang='lat' dir='ltr'><strong>virtutI-m</strong></span> <span class='ocrx_word' id='word_1_294' title='bbox 246 1096 455 1129; x_wconf 80' lang='lat' dir='ltr'><strong>amplectantur,</strong></span> <span class='ocrx_word' id='word_1_295' title='bbox 471 1101 498 1123; x_wconf 88' lang='lat' dir='ltr'><strong>et</strong></span> <span class='ocrx_word' id='word_1_296' title='bbox 521 1104 568 1130; x_wconf 92' lang='lat' dir='ltr'><strong>pro</strong></span> <span class='ocrx_word' id='word_1_297' title='bbox 588 1101 660 1124; x_wconf 86' lang='lat' dir='ltr'><strong>recte</strong></span> <span class='ocrx_word' id='word_1_298' title='bbox 675 1101 721 1123; x_wconf 86' lang='lat' dir='ltr'><strong>aut</strong></span> <span class='ocrx_word' id='word_1_299' title='bbox 737 1097 833 1132; x_wconf 82' lang='lat' dir='ltr'><strong>ncqui-</strong></span> 
     </span>
    </p>
   </div>
   <div class='ocr_carea' id='block_1_39' title="bbox 51 1141 832 1176">
    <p class='ocr_par' dir='ltr' id='par_1_39' title="bbox 51 1141 832 1176">
     <span class='ocr_line' id='line_1_39' title="bbox 51 1141 832 1176; baseline 0.005 -10"><span class='ocrx_word' id='word_1_300' title='bbox 51 1144 86 1166; x_wconf 85' lang='lat' dir='ltr'><strong>ter</strong></span> <span class='ocrx_word' id='word_1_301' title='bbox 98 1141 190 1174; x_wconf 77' lang='lat' dir='ltr'><strong>gestis,</strong></span> <span class='ocrx_word' id='word_1_302' title='bbox 209 1141 254 1168; x_wconf 85' lang='lat' dir='ltr'><strong>vel</strong></span> <span class='ocrx_word' id='word_1_303' title='bbox 267 1142 453 1176; x_wconf 88' lang='lat' dir='ltr'><strong>deprimantur</strong></span> <span class='ocrx_word' id='word_1_304' title='bbox 467 1143 492 1169; x_wconf 92' lang='lat' dir='ltr'><strong>in</strong></span> <span class='ocrx_word' id='word_1_305' title='bbox 517 1142 656 1175; x_wconf 83' lang='lat' dir='ltr'><strong>inferiora,</strong></span> <span class='ocrx_word' id='word_1_306' title='bbox 673 1143 713 1170; x_wconf 89' lang='lat' dir='ltr'><strong>vel</strong></span> <span class='ocrx_word' id='word_1_307' title='bbox 732 1143 766 1170; x_wconf 88' lang='lat' dir='ltr'><strong>ad</strong></span> <span class='ocrx_word' id='word_1_308' title='bbox 787 1151 832 1170; x_wconf 88' lang='lat' dir='ltr'><strong>su-</strong></span> 
     </span>
    </p>
   </div>
   <div class='ocr_carea' id='block_1_40' title="bbox 51 1185 830 1223">
    <p class='ocr_par' dir='ltr' id='par_1_40' title="bbox 51 1185 830 1223">
     <span class='ocr_line' id='line_1_40' title="bbox 51 1185 830 1223; baseline 0.004 -12"><span class='ocrx_word' id='word_1_309' title='bbox 51 1185 148 1219; x_wconf 87' lang='lat' dir='ltr'><strong>periora</strong></span> <span class='ocrx_word' id='word_1_310' title='bbox 164 1187 351 1214; x_wconf 80' lang='lat' dir='ltr'><strong>conscendant</strong></span> <span class='ocrx_word' id='word_1_311' title='bbox 365 1197 372 1214; x_wconf 96' lang='lat'><strong><em>:</em></strong></span> <span class='ocrx_word' id='word_1_312' title='bbox 389 1188 538 1222; x_wconf 88' lang='lat' dir='ltr'><strong>permutari</strong></span> <span class='ocrx_word' id='word_1_313' title='bbox 552 1195 616 1223; x_wconf 78' lang='lat' dir='ltr'><strong>ergo</strong></span> <span class='ocrx_word' id='word_1_314' title='bbox 638 1189 748 1216; x_wconf 89' lang='lat' dir='ltr'><strong>ordines</strong></span> <span class='ocrx_word' id='word_1_315' title='bbox 762 1188 830 1222; x_wconf 86' lang='lat' dir='ltr'><strong>illos,</strong></span> 
     </span>
    </p>
   </div>
   <div class='ocr_carea' id='block_1_41' title="bbox 51 1233 832 1268">
    <p class='ocr_par' dir='ltr' id='par_1_41' title="bbox 51 1233 832 1268">
     <span class='ocr_line' id='line_1_41' title="bbox 51 1233 832 1268; baseline 0.005 -10"><span class='ocrx_word' id='word_1_316' title='bbox 51 1236 74 1258; x_wconf 83' lang='lat' dir='ltr'><strong>et</strong></span> <span class='ocrx_word' id='word_1_317' title='bbox 91 1240 122 1259; x_wconf 84' lang='lat' dir='ltr'><strong>ex</strong></span> <span class='ocrx_word' id='word_1_318' title='bbox 139 1233 243 1268; x_wconf 79' lang='lat' dir='ltr'><strong>angelis</strong></span> <span class='ocrx_word' id='word_1_319' title='bbox 265 1233 398 1266; x_wconf 85' lang='lat' dir='ltr'><strong>homines,</strong></span> <span class='ocrx_word' id='word_1_320' title='bbox 418 1242 450 1261; x_wconf 86' lang='lat' dir='ltr'><strong>ex</strong></span> <span class='ocrx_word' id='word_1_321' title='bbox 468 1234 622 1262; x_wconf 90' lang='lat' dir='ltr'><strong>hominibus</strong></span> <span class='ocrx_word' id='word_1_322' title='bbox 643 1236 789 1267; x_wconf 59' lang='lat' dir='ltr'><strong>daemones,</strong></span> <span class='ocrx_word' id='word_1_323' title='bbox 805 1239 832 1262; x_wconf 90' lang='lat' dir='ltr'><strong>et</strong></span> 
     </span>
    </p>
   </div>
   <div class='ocr_carea' id='block_1_42' title="bbox 52 1277 831 1314">
    <p class='ocr_par' dir='ltr' id='par_1_42' title="bbox 52 1277 831 1314">
     <span class='ocr_line' id='line_1_42' title="bbox 52 1277 831 1314; baseline 0.005 -10"><span class='ocrx_word' id='word_1_324' title='bbox 52 1277 161 1306; x_wconf 72' lang='lat' dir='ltr'><strong>viciSsim</strong></span> <span class='ocrx_word' id='word_1_325' title='bbox 181 1279 267 1311; x_wconf 88' lang='lat' dir='ltr'><strong>alios,</strong></span> <span class='ocrx_word' id='word_1_326' title='bbox 288 1280 409 1314; x_wconf 84' lang='lat' dir='ltr'><strong>aliosque</strong></span> <span class='ocrx_word' id='word_1_327' title='bbox 429 1280 544 1307; x_wconf 87' lang='lat' dir='ltr'><strong>evadere</strong></span> <span class='ocrx_word' id='word_1_328' title='bbox 562 1289 568 1307; x_wconf 90' lang='lat'><strong>:</strong></span> <span class='ocrx_word' id='word_1_329' title='bbox 592 1280 728 1308; x_wconf 87' lang='lat' dir='ltr'><strong>diabolum</strong></span> <span class='ocrx_word' id='word_1_330' title='bbox 753 1288 767 1307; x_wconf 89' lang='lat' dir='ltr'><strong>a</strong></span> <span class='ocrx_word' id='word_1_331' title='bbox 784 1288 831 1308; x_wconf 84' lang='lat' dir='ltr'><strong>ne-</strong></span> 
     </span>
    </p>
   </div>
   <div class='ocr_carea' id='block_1_43' title="bbox 51 1323 829 1359">
    <p class='ocr_par' dir='ltr' id='par_1_43' title="bbox 51 1323 829 1359">
     <span class='ocr_line' id='line_1_43' title="bbox 51 1323 829 1359; baseline 0.004 -10"><span class='ocrx_word' id='word_1_332' title='bbox 51 1323 128 1357; x_wconf 84' lang='lat' dir='ltr'><strong>quitia</strong></span> <span class='ocrx_word' id='word_1_333' title='bbox 141 1324 252 1358; x_wconf 88' lang='lat' dir='ltr'><strong>quidem</strong></span> <span class='ocrx_word' id='word_1_334' title='bbox 266 1324 298 1351; x_wconf 90' lang='lat' dir='ltr'><strong>ad</strong></span> <span class='ocrx_word' id='word_1_335' title='bbox 313 1325 423 1352; x_wconf 88' lang='lat' dir='ltr'><strong>meliora</strong></span> <span class='ocrx_word' id='word_1_336' title='bbox 443 1332 522 1359; x_wconf 88' lang='lat' dir='ltr'><strong>posse</strong></span> <span class='ocrx_word' id='word_1_337' title='bbox 535 1325 668 1357; x_wconf 86' lang='lat' dir='ltr'><strong>converti.</strong></span> <span class='ocrx_word' id='word_1_338' title='bbox 684 1325 730 1353; x_wconf 88' lang='lat' dir='ltr'><strong>sed</strong></span> <span class='ocrx_word' id='word_1_339' title='bbox 749 1325 829 1358; x_wconf 80' lang='lat' dir='ltr'><strong>nolle,</strong></span> 
     </span>
    </p>
   </div>
   <div class='ocr_carea' id='block_1_44' title="bbox 51 1368 831 1403">
    <p class='ocr_par' dir='ltr' id='par_1_44' title="bbox 51 1368 831 1403">
     <span class='ocr_line' id='line_1_44' title="bbox 51 1368 831 1403; baseline 0.006 -10"><span class='ocrx_word' id='word_1_340' title='bbox 51 1368 110 1394; x_wconf 89' lang='lat' dir='ltr'><strong>etin</strong></span> <span class='ocrx_word' id='word_1_341' title='bbox 127 1369 237 1403; x_wconf 87' lang='lat' dir='ltr'><strong>perﬁdia</strong></span> <span class='ocrx_word' id='word_1_342' title='bbox 254 1377 300 1396; x_wconf 82' lang='lat' dir='ltr'><strong>sua</strong></span> <span class='ocrx_word' id='word_1_343' title='bbox 315 1370 478 1397; x_wconf 88' lang='lat' dir='ltr'><strong>destinatum</strong></span> <span class='ocrx_word' id='word_1_344' title='bbox 492 1370 638 1398; x_wconf 88' lang='lat' dir='ltr'><strong>obdurare.</strong></span> <span class='ocrx_word' id='word_1_345' title='bbox 650 1370 750 1399; x_wconf 78' lang='lat' dir='ltr'><strong>Gratia:</strong></span> <span class='ocrx_word' id='word_1_346' title='bbox 766 1378 831 1398; x_wconf 89' lang='lat' dir='ltr'><strong>vero</strong></span> 
     </span>
    </p>
   </div>
   <div class='ocr_carea' id='block_1_45' title="bbox 52 1414 832 1450">
    <p class='ocr_par' dir='ltr' id='par_1_45' title="bbox 52 1414 832 1450">
     <span class='ocr_line' id='line_1_45' title="bbox 52 1414 832 1450; baseline 0.006 -11"><span class='ocrx_word' id='word_1_347' title='bbox 52 1414 182 1447; x_wconf 74' lang='lat' dir='ltr'><strong>auxilium,</strong></span> <span class='ocrx_word' id='word_1_348' title='bbox 204 1415 276 1449; x_wconf 88' lang='lat' dir='ltr'><strong>quod</strong></span> <span class='ocrx_word' id='word_1_349' title='bbox 292 1416 401 1450; x_wconf 78' lang='lat' dir='ltr'><strong>angelos</strong></span> <span class='ocrx_word' id='word_1_350' title='bbox 423 1416 448 1442; x_wconf 92' lang='lat' dir='ltr'><strong>in</strong></span> <span class='ocrx_word' id='word_1_351' title='bbox 467 1416 612 1444; x_wconf 82' lang='lat' dir='ltr'><strong>sanctitate</strong></span> <span class='ocrx_word' id='word_1_352' title='bbox 636 1417 787 1449; x_wconf 78' lang='lat' dir='ltr'><strong>confirmat.</strong></span> <span class='ocrx_word' id='word_1_353' title='bbox 804 1421 832 1444; x_wconf 92' lang='lat' dir='ltr'><strong>et</strong></span> 
     </span>
    </p>
   </div>
   <div class='ocr_carea' id='block_1_46' title="bbox 51 1461 830 1498">
    <p class='ocr_par' dir='ltr' id='par_1_46' title="bbox 51 1461 830 1498">
     <span class='ocr_line' id='line_1_46' title="bbox 51 1461 830 1498; baseline 0.004 -12"><span class='ocrx_word' id='word_1_354' title='bbox 51 1466 65 1486; x_wconf 89' lang='lat' dir='ltr'><strong>a</strong></span> <span class='ocrx_word' id='word_1_355' title='bbox 79 1461 191 1494; x_wconf 84' lang='lat' dir='ltr'><strong>peccatis</strong></span> <span class='ocrx_word' id='word_1_356' title='bbox 207 1461 351 1496; x_wconf 86' lang='lat' dir='ltr'><strong>prohibet;</strong></span> <span class='ocrx_word' id='word_1_357' title='bbox 373 1462 414 1489; x_wconf 86' lang='lat' dir='ltr'><strong>vel</strong></span> <span class='ocrx_word' id='word_1_358' title='bbox 431 1461 549 1496; x_wconf 84' lang='lat' dir='ltr'><strong>ejusdem</strong></span> <span class='ocrx_word' id='word_1_359' title='bbox 572 1463 667 1498; x_wconf 70' lang='lat' dir='ltr'><strong>gratiae</strong></span> <span class='ocrx_word' id='word_1_360' title='bbox 683 1463 830 1495; x_wconf 83' lang='lat' dir='ltr'><strong>defectum,</strong></span> 
     </span>
    </p>
   </div>
   <div class='ocr_carea' id='block_1_47' title="bbox 52 1507 830 1545">
    <p class='ocr_par' dir='ltr' id='par_1_47' title="bbox 52 1507 830 1545">
     <span class='ocr_line' id='line_1_47' title="bbox 52 1507 830 1545; baseline 0.008 -15"><span class='ocrx_word' id='word_1_361' title='bbox 52 1512 99 1537; x_wconf 89' lang='lat' dir='ltr'><strong>quo</strong></span> <span class='ocrx_word' id='word_1_362' title='bbox 113 1507 149 1538; x_wconf 84' lang='lat' dir='ltr'><strong>ﬁt,</strong></span> <span class='ocrx_word' id='word_1_363' title='bbox 166 1512 194 1534; x_wconf 89' lang='lat' dir='ltr'><strong>ut</strong></span> <span class='ocrx_word' id='word_1_364' title='bbox 210 1515 224 1534; x_wconf 91' lang='lat' dir='ltr'><strong>a</strong></span> <span class='ocrx_word' id='word_1_365' title='bbox 242 1507 360 1542; x_wconf 89' lang='lat' dir='ltr'><strong>nequitia</strong></span> <span class='ocrx_word' id='word_1_366' title='bbox 374 1508 509 1536; x_wconf 68' lang='lat' dir='ltr'><strong>daemones</strong></span> <span class='ocrx_word' id='word_1_367' title='bbox 526 1517 577 1536; x_wconf 93' lang='lat' dir='ltr'><strong>non</strong></span> <span class='ocrx_word' id='word_1_368' title='bbox 591 1514 742 1545; x_wconf 78' lang='lat' dir='ltr'><strong>emergant,</strong></span> <span class='ocrx_word' id='word_1_369' title='bbox 758 1508 830 1537; x_wconf 80' lang='lat' dir='ltr'><strong>nullo</strong></span> 
     </span>
    </p>
   </div>
   <div class='ocr_carea' id='block_1_48' title="bbox 53 1551 830 1588">
    <p class='ocr_par' dir='ltr' id='par_1_48' title="bbox 53 1551 830 1588">
     <span class='ocr_line' id='line_1_48' title="bbox 53 1551 830 1588; baseline 0.008 -13"><span class='ocrx_word' id='word_1_370' title='bbox 53 1551 125 1577; x_wconf 88' lang='lat' dir='ltr'><strong>modo</strong></span> <span class='ocrx_word' id='word_1_371' title='bbox 139 1551 244 1579; x_wconf 81' lang='lat' dir='ltr'><strong>videtur</strong></span> <span class='ocrx_word' id='word_1_372' title='bbox 260 1560 417 1586; x_wconf 87' lang='lat' dir='ltr'><strong>agnoscere.</strong></span> <span class='ocrx_word' id='word_1_373' title='bbox 433 1552 564 1580; x_wconf 83' lang='lat' dir='ltr'><strong>Futurum</strong></span> <span class='ocrx_word' id='word_1_374' title='bbox 579 1559 671 1581; x_wconf 87' lang='lat' dir='ltr'><strong>autem</strong></span> <span class='ocrx_word' id='word_1_375' title='bbox 685 1554 830 1588; x_wconf 69' lang='lat' dir='ltr'><strong>aliquandi-</strong></span> 
     </span>
    </p>
   </div>
   <div class='ocr_carea' id='block_1_49' title="bbox 53 1598 832 1634">
    <p class='ocr_par' dir='ltr' id='par_1_49' title="bbox 53 1598 832 1634">
     <span class='ocr_line' id='line_1_49' title="bbox 53 1598 832 1634; baseline 0.005 -12"><span class='ocrx_word' id='word_1_376' title='bbox 53 1601 131 1629; x_wconf 81' lang='lat' dir='ltr'><strong>putat.</strong></span> <span class='ocrx_word' id='word_1_377' title='bbox 146 1601 174 1624; x_wconf 92' lang='lat' dir='ltr'><strong>ut</strong></span> <span class='ocrx_word' id='word_1_378' title='bbox 188 1602 293 1625; x_wconf 69' lang='lat' dir='ltr'><strong>natura:</strong></span> <span class='ocrx_word' id='word_1_379' title='bbox 311 1598 363 1625; x_wconf 72' lang='lat' dir='ltr'><strong>illa:</strong></span> <span class='ocrx_word' id='word_1_380' title='bbox 378 1606 482 1630; x_wconf 90' lang='lat' dir='ltr'><strong>omnes,</strong></span> <span class='ocrx_word' id='word_1_381' title='bbox 499 1599 555 1627; x_wconf 88' lang='lat' dir='ltr'><strong>sive</strong></span> <span class='ocrx_word' id='word_1_382' title='bbox 580 1599 747 1634; x_wconf 81' lang='lat' dir='ltr'><strong>angelorum,</strong></span> <span class='ocrx_word' id='word_1_383' title='bbox 772 1599 832 1627; x_wconf 82' lang='lat' dir='ltr'><strong>sive</strong></span> 
     </span>
    </p>
   </div>
   <div class='ocr_carea' id='block_1_50' title="bbox 53 1641 830 1678">
    <p class='ocr_par' dir='ltr' id='par_1_50' title="bbox 53 1641 830 1678">
     <span class='ocr_line' id='line_1_50' title="bbox 53 1641 830 1678; baseline 0.006 -11"><span class='ocrx_word' id='word_1_384' title='bbox 53 1641 205 1675; x_wconf 58' lang='lat' dir='ltr'><strong>daemonum,</strong></span> <span class='ocrx_word' id='word_1_385' title='bbox 216 1643 275 1670; x_wconf 86' lang='lat' dir='ltr'><strong>sive</strong></span> <span class='ocrx_word' id='word_1_386' title='bbox 285 1644 433 1676; x_wconf 82' lang='lat' dir='ltr'><strong>hominum.</strong></span> <span class='ocrx_word' id='word_1_387' title='bbox 444 1652 553 1671; x_wconf 88' lang='lat' dir='ltr'><strong>causam</strong></span> <span class='ocrx_word' id='word_1_388' title='bbox 565 1645 657 1672; x_wconf 88' lang='lat' dir='ltr'><strong>dicant</strong></span> <span class='ocrx_word' id='word_1_389' title='bbox 667 1653 755 1673; x_wconf 88' lang='lat' dir='ltr'><strong>coram</strong></span> <span class='ocrx_word' id='word_1_390' title='bbox 764 1645 830 1678; x_wconf 87' lang='lat' dir='ltr'><strong>Deo,</strong></span> 
     </span>
    </p>
   </div>
   <div class='ocr_carea' id='block_1_51' title="bbox 53 1690 831 1725">
    <p class='ocr_par' dir='ltr' id='par_1_51' title="bbox 53 1690 831 1725">
     <span class='ocr_line' id='line_1_51' title="bbox 53 1690 831 1725; baseline 0.008 -13"><span class='ocrx_word' id='word_1_391' title='bbox 53 1691 76 1713; x_wconf 88' lang='lat' dir='ltr'><strong>et</strong></span> <span class='ocrx_word' id='word_1_392' title='bbox 91 1694 172 1714; x_wconf 89' lang='lat' dir='ltr'><strong>rerum</strong></span> <span class='ocrx_word' id='word_1_393' title='bbox 191 1697 206 1715; x_wconf 90' lang='lat' dir='ltr'><strong>a</strong></span> <span class='ocrx_word' id='word_1_394' title='bbox 234 1696 264 1716; x_wconf 88' lang='lat' dir='ltr'><strong>se</strong></span> <span class='ocrx_word' id='word_1_395' title='bbox 280 1694 415 1722; x_wconf 81' lang='lat' dir='ltr'><strong>gestarum</strong></span> <span class='ocrx_word' id='word_1_396' title='bbox 433 1690 563 1716; x_wconf 87' lang='lat' dir='ltr'><strong>rationem</strong></span> <span class='ocrx_word' id='word_1_397' title='bbox 585 1690 706 1724; x_wconf 83' lang='lat' dir='ltr'><strong>reddant,</strong></span> <span class='ocrx_word' id='word_1_398' title='bbox 728 1698 760 1718; x_wconf 92' lang='lat' dir='ltr'><strong>ac</strong></span> <span class='ocrx_word' id='word_1_399' title='bbox 782 1698 831 1725; x_wconf 90' lang='lat' dir='ltr'><strong>pro</strong></span> 
     </span>
    </p>
   </div>
   <div class='ocr_carea' id='block_1_52' title="bbox 56 1731 831 1768">
    <p class='ocr_par' dir='ltr' id='par_1_52' title="bbox 56 1731 831 1768">
     <span class='ocr_line' id='line_1_52' title="bbox 56 1731 831 1768; baseline 0.008 -12"><span class='ocrx_word' id='word_1_400' title='bbox 56 1731 150 1758; x_wconf 86' lang='lat' dir='ltr'><strong>meritis</strong></span> <span class='ocrx_word' id='word_1_401' title='bbox 169 1738 356 1765; x_wconf 80' lang='lat' dir='ltr'><strong>exornentur;</strong></span> <span class='ocrx_word' id='word_1_402' title='bbox 387 1733 496 1760; x_wconf 91' lang='lat' dir='ltr'><strong>interim</strong></span> <span class='ocrx_word' id='word_1_403' title='bbox 516 1734 612 1768; x_wconf 61' lang='lat' dir='ltr'><strong>ﬂamen</strong></span> <span class='ocrx_word' id='word_1_404' title='bbox 647 1736 736 1762; x_wconf 87' lang='lat' dir='ltr'><strong>varios</strong></span> <span class='ocrx_word' id='word_1_405' title='bbox 771 1735 831 1762; x_wconf 84' lang='lat' dir='ltr'><strong>illos</strong></span> 
     </span>
    </p>
   </div>
   <div class='ocr_carea' id='block_1_53' title="bbox 53 1776 829 1816">
    <p class='ocr_par' dir='ltr' id='par_1_53' title="bbox 53 1776 829 1816">
     <span class='ocr_line' id='line_1_53' title="bbox 53 1776 829 1816; baseline 0.009 -14"><span class='ocrx_word' id='word_1_406' title='bbox 53 1776 151 1804; x_wconf 83' lang='lat' dir='ltr'><strong>ordines</strong></span> <span class='ocrx_word' id='word_1_407' title='bbox 174 1785 205 1805; x_wconf 81' lang='lat' dir='ltr'><strong>ac</strong></span> <span class='ocrx_word' id='word_1_408' title='bbox 220 1783 308 1805; x_wconf 79' lang='lat' dir='ltr'><strong>status</strong></span> <span class='ocrx_word' id='word_1_409' title='bbox 329 1786 377 1813; x_wconf 89' lang='lat' dir='ltr'><strong>pro</strong></span> <span class='ocrx_word' id='word_1_410' title='bbox 396 1780 540 1807; x_wconf 86' lang='lat' dir='ltr'><strong>virtutibus</strong></span> <span class='ocrx_word' id='word_1_411' title='bbox 555 1787 586 1807; x_wconf 86' lang='lat' dir='ltr'><strong>ac</strong></span> <span class='ocrx_word' id='word_1_412' title='bbox 602 1780 674 1808; x_wconf 90' lang='lat' dir='ltr'><strong>vitiis</strong></span> <span class='ocrx_word' id='word_1_413' title='bbox 690 1781 829 1816; x_wconf 85' lang='lat' dir='ltr'><strong>consequi.</strong></span> 
     </span>
    </p>
   </div>
   <div class='ocr_carea' id='block_1_54' title="bbox 85 1820 830 1861">
    <p class='ocr_par' dir='ltr' id='par_1_54' title="bbox 85 1820 830 1861">
     <span class='ocr_line' id='line_1_54' title="bbox 85 1820 830 1861; baseline 0.008 -13"><span class='ocrx_word' id='word_1_414' title='bbox 85 1820 137 1850; x_wconf 76' lang='lat' dir='ltr'><strong>Xll.</strong></span> <span class='ocrx_word' id='word_1_415' title='bbox 162 1823 275 1851; x_wconf 83' lang='lat' dir='ltr'><strong>Summa</strong></span> <span class='ocrx_word' id='word_1_416' title='bbox 301 1825 358 1852; x_wconf 69' lang='lat' dir='ltr'><strong>hare</strong></span> <span class='ocrx_word' id='word_1_417' title='bbox 378 1830 419 1852; x_wconf 85' lang='lat' dir='ltr'><strong>est</strong></span> <span class='ocrx_word' id='word_1_418' title='bbox 435 1825 604 1861; x_wconf 71' lang='lat' dir='ltr'><strong>Origenianaa</strong></span> <span class='ocrx_word' id='word_1_419' title='bbox 625 1826 658 1853; x_wconf 89' lang='lat' dir='ltr'><strong>de</strong></span> <span class='ocrx_word' id='word_1_420' title='bbox 676 1827 830 1861; x_wconf 74' lang='lat' dir='ltr'><strong>angelorum</strong></span> 
     </span>
    </p>
   </div>
   <div class='ocr_carea' id='block_1_55' title="bbox 54 1870 831 1906">
    <p class='ocr_par' dir='ltr' id='par_1_55' title="bbox 54 1870 831 1906">
     <span class='ocr_line' id='line_1_55' title="bbox 54 1870 831 1906; baseline 0.009 -12"><span class='ocrx_word' id='word_1_421' title='bbox 54 1872 143 1896; x_wconf 85' lang='lat' dir='ltr'><strong>natura</strong></span> <span class='ocrx_word' id='word_1_422' title='bbox 165 1874 192 1896; x_wconf 91' lang='lat' dir='ltr'><strong>et</strong></span> <span class='ocrx_word' id='word_1_423' title='bbox 215 1870 320 1897; x_wconf 88' lang='lat' dir='ltr'><strong>meritis</strong></span> <span class='ocrx_word' id='word_1_424' title='bbox 344 1871 490 1904; x_wconf 61' lang='lat' dir='ltr'><strong>doctrinas,</strong></span> <span class='ocrx_word' id='word_1_425' title='bbox 516 1879 596 1906; x_wconf 87' lang='lat' dir='ltr'><strong>quam</strong></span> <span class='ocrx_word' id='word_1_426' title='bbox 620 1874 750 1900; x_wconf 85' lang='lat' dir='ltr'><strong>conviciis</strong></span> <span class='ocrx_word' id='word_1_427' title='bbox 775 1874 831 1902; x_wconf 86' lang='lat' dir='ltr'><strong>suis</strong></span> 
     </span>
    </p>
   </div>
   <div class='ocr_carea' id='block_1_56' title="bbox 56 1912 831 1954">
    <p class='ocr_par' dir='ltr' id='par_1_56' title="bbox 56 1912 831 1954">
     <span class='ocr_line' id='line_1_56' title="bbox 56 1912 831 1954; baseline 0.01 -15"><span class='ocrx_word' id='word_1_428' title='bbox 56 1912 172 1943; x_wconf 75' lang='lat' dir='ltr'><strong>Ecclesia:</strong></span> <span class='ocrx_word' id='word_1_429' title='bbox 187 1916 285 1944; x_wconf 81' lang='lat' dir='ltr'><strong>Patres</strong></span> <span class='ocrx_word' id='word_1_430' title='bbox 309 1917 500 1950; x_wconf 83' lang='lat' dir='ltr'><strong>perrnderunt;</strong></span> <span class='ocrx_word' id='word_1_431' title='bbox 519 1917 672 1947; x_wconf 80' lang='lat' dir='ltr'><strong>Methodius</strong></span> <span class='ocrx_word' id='word_1_432' title='bbox 696 1919 831 1954; x_wconf 78' lang='lat' dir='ltr'><strong>praecipue</strong></span> 
     </span>
    </p>
   </div>
   <div class='ocr_carea' id='block_1_57' title="bbox 55 1957 829 1998">
    <p class='ocr_par' dir='ltr' id='par_1_57' title="bbox 55 1957 829 1998">
     <span class='ocr_line' id='line_1_57' title="bbox 55 1957 829 1998; baseline 0.01 -13"><span class='ocrx_word' id='word_1_433' title='bbox 55 1957 78 1984; x_wconf 90' lang='lat' dir='ltr'><strong>in</strong></span> <span class='ocrx_word' id='word_1_434' title='bbox 91 1959 154 1988; x_wconf 90' lang='lat' dir='ltr'><strong>libro</strong></span> <span class='ocrx_word' id='word_1_435' title='bbox 166 1961 202 1989; x_wconf 83' lang='lat' dir='ltr'><strong>Dc</strong></span> <span class='ocrx_word' id='word_1_436' title='bbox 219 1963 428 1996; x_wconf 78' lang='lat' dir='ltr'><strong>resurrectione;</strong></span> <span class='ocrx_word' id='word_1_437' title='bbox 447 1962 612 1998; x_wconf 90' lang='lat' dir='ltr'><strong>Theophilus</strong></span> <span class='ocrx_word' id='word_1_438' title='bbox 625 1965 829 1993; x_wconf 81' lang='lat' dir='ltr'><strong>Alexandrith</strong></span> 
     </span>
    </p>
   </div>
   <div class='ocr_carea' id='block_1_58' title="bbox 55 2002 830 2044">
    <p class='ocr_par' dir='ltr' id='par_1_58' title="bbox 55 2002 830 2044">
     <span class='ocr_line' id='line_1_58' title="bbox 55 2002 830 2044; baseline 0.013 -15"><span class='ocrx_word' id='word_1_439' title='bbox 55 2002 192 2035; x_wconf 78' lang='lat' dir='ltr'><strong>Pasclml.1</strong></span> <span class='ocrx_word' id='word_1_440' title='bbox 207 2014 237 2035; x_wconf 85' lang='lat' dir='ltr'><strong>et</strong></span> <span class='ocrx_word' id='word_1_441' title='bbox 247 2008 282 2040; x_wconf 76' lang='lat'><strong>2;</strong></span> <span class='ocrx_word' id='word_1_442' title='bbox 302 2008 468 2043; x_wconf 87' lang='lat' dir='ltr'><strong>Epiphanius</strong></span> <span class='ocrx_word' id='word_1_443' title='bbox 482 2008 508 2036; x_wconf 89' lang='lat' dir='ltr'><strong>in</strong></span> <span class='ocrx_word' id='word_1_444' title='bbox 521 2009 601 2044; x_wconf 84' lang='lat' dir='ltr'><strong>epist.</strong></span> <span class='ocrx_word' id='word_1_445' title='bbox 615 2011 648 2037; x_wconf 87' lang='lat' dir='ltr'><strong>ad</strong></span> <span class='ocrx_word' id='word_1_446' title='bbox 661 2011 738 2038; x_wconf 83' lang='lat' dir='ltr'><strong>Joan.</strong></span> <span class='ocrx_word' id='word_1_447' title='bbox 755 2011 830 2038; x_wconf 81' lang='lat' dir='ltr'><strong>Jero—</strong></span> 
     </span>
    </p>
   </div>
   <div class='ocr_carea' id='block_1_59' title="bbox 53 2048 830 2089">
    <p class='ocr_par' dir='ltr' id='par_1_59' title="bbox 53 2048 830 2089">
     <span class='ocr_line' id='line_1_59' title="bbox 53 2048 830 2089; baseline 0.012 -15"><span class='ocrx_word' id='word_1_448' title='bbox 53 2048 140 2084; x_wconf 86' lang='lat' dir='ltr'><strong>solym.</strong></span> <span class='ocrx_word' id='word_1_449' title='bbox 152 2071 159 2084; x_wconf 92' lang='lat'><strong>,</strong></span> <span class='ocrx_word' id='word_1_450' title='bbox 182 2059 244 2086; x_wconf 85' lang='lat' dir='ltr'><strong>cap.</strong></span> <span class='ocrx_word' id='word_1_451' title='bbox 258 2052 285 2084; x_wconf 73' lang='grc'><strong>2,</strong></span> <span class='ocrx_word' id='word_1_452' title='bbox 293 2057 320 2079; x_wconf 86' lang='lat' dir='ltr'><strong>et</strong></span> <span class='ocrx_word' id='word_1_453' title='bbox 338 2053 443 2087; x_wconf 80' lang='lat' dir='ltr'><strong>lia-res.</strong></span> <span class='ocrx_word' id='word_1_454' title='bbox 457 2061 537 2086; x_wconf 81' lang='lat' dir='ltr'><strong>thv,</strong></span> <span class='ocrx_word' id='word_1_455' title='bbox 554 2062 613 2089; x_wconf 88' lang='lat' dir='ltr'><strong>cap.</strong></span> <span class='ocrx_word' id='word_1_456' title='bbox 629 2055 666 2087; x_wconf 67' lang='lat'><strong>4;</strong></span> <span class='ocrx_word' id='word_1_457' title='bbox 692 2055 830 2083; x_wconf 81' lang='lat' dir='ltr'><strong>Nemesius</strong></span> 
     </span>
    </p>
   </div>
   <div class='ocr_carea' id='block_1_60' title="bbox 55 2093 827 2135">
    <p class='ocr_par' dir='ltr' id='par_1_60' title="bbox 55 2093 827 2135">
     <span class='ocr_line' id='line_1_60' title="bbox 55 2093 827 2135; baseline 0.012 -14"><span class='ocrx_word' id='word_1_458' title='bbox 55 2093 88 2121; x_wconf 75' lang='lat' dir='ltr'><strong>De</strong></span> <span class='ocrx_word' id='word_1_459' title='bbox 106 2103 196 2125; x_wconf 84' lang='lat' dir='ltr'><strong>natura</strong></span> <span class='ocrx_word' id='word_1_460' title='bbox 211 2099 335 2131; x_wconf 76' lang='lat' dir='ltr'><strong>hominis,</strong></span> <span class='ocrx_word' id='word_1_461' title='bbox 354 2107 413 2135; x_wconf 89' lang='lat' dir='ltr'><strong>cap.</strong></span> <span class='ocrx_word' id='word_1_462' title='bbox 425 2100 461 2133; x_wconf 75' lang='lat'><strong>5;</strong></span> <span class='ocrx_word' id='word_1_463' title='bbox 481 2101 609 2128; x_wconf 87' lang='lat' dir='ltr'><strong>Leontius</strong></span> <span class='ocrx_word' id='word_1_464' title='bbox 626 2101 755 2130; x_wconf 78' lang='lat' dir='ltr'><strong>Sclwlior.</strong></span> <span class='ocrx_word' id='word_1_465' title='bbox 769 2103 827 2130; x_wconf 79' lang='lat' dir='ltr'><strong>Act.</strong></span> 
     </span>
    </p>
   </div>
   <div class='ocr_carea' id='block_1_61' title="bbox 56 2138 827 2182">
    <p class='ocr_par' dir='ltr' id='par_1_61' title="bbox 56 2138 827 2182">
     <span class='ocr_line' id='line_1_61' title="bbox 56 2138 827 2182; baseline 0.012 -17"><span class='ocrx_word' id='word_1_466' title='bbox 56 2138 93 2172; x_wconf 87' lang='lat' dir='ltr'><strong>l0,</strong></span> <span class='ocrx_word' id='word_1_467' title='bbox 105 2142 178 2176; x_wconf 78' lang='lat' dir='ltr'><strong>cujus</strong></span> <span class='ocrx_word' id='word_1_468' title='bbox 192 2145 274 2172; x_wconf 87' lang='lat' dir='ltr'><strong>verba</strong></span> <span class='ocrx_word' id='word_1_469' title='bbox 288 2153 368 2180; x_wconf 89' lang='lat' dir='ltr'><strong>supra</strong></span> <span class='ocrx_word' id='word_1_470' title='bbox 383 2146 544 2173; x_wconf 85' lang='lat' dir='ltr'><strong>adduximus</strong></span> <span class='ocrx_word' id='word_1_471' title='bbox 556 2156 564 2180; x_wconf 88' lang='lat'><strong>;</strong></span> <span class='ocrx_word' id='word_1_472' title='bbox 582 2146 759 2182; x_wconf 87' lang='lat' dir='ltr'><strong>Hieronymus</strong></span> <span class='ocrx_word' id='word_1_473' title='bbox 768 2156 827 2174; x_wconf 91' lang='lat' dir='ltr'><strong>cum</strong></span> 
     </span>
    </p>
   </div>
   <div class='ocr_carea' id='block_1_62' title="bbox 884 909 1671 947">
    <p class='ocr_par' dir='ltr' id='par_1_62' title="bbox 884 909 1671 947">
     <span class='ocr_line' id='line_1_62' title="bbox 884 909 1671 947; baseline 0.004 -11"><span class='ocrx_word' id='word_1_474' title='bbox 884 909 1117 937; x_wconf 82' lang='lat' dir='ltr'><strong>animadversione</strong></span> <span class='ocrx_word' id='word_1_475' title='bbox 1125 910 1233 945; x_wconf 87' lang='lat' dir='ltr'><strong>dignum</strong></span> <span class='ocrx_word' id='word_1_476' title='bbox 1243 916 1283 938; x_wconf 84' lang='lat' dir='ltr'><strong>est</strong></span> <span class='ocrx_word' id='word_1_477' title='bbox 1292 912 1361 945; x_wconf 89' lang='lat' dir='ltr'><strong>quod</strong></span> <span class='ocrx_word' id='word_1_478' title='bbox 1374 913 1412 938; x_wconf 92' lang='lat' dir='ltr'><strong>ait</strong></span> <span class='ocrx_word' id='word_1_479' title='bbox 1421 920 1453 939; x_wconf 88' lang='lat' dir='ltr'><strong>ex</strong></span> <span class='ocrx_word' id='word_1_480' title='bbox 1463 911 1589 947; x_wconf 78' lang='lat' dir='ltr'><strong>Origene,</strong></span> <span class='ocrx_word' id='word_1_481' title='bbox 1599 911 1671 939; x_wconf 74' lang='grc' dir='ltr'>κατὰ</span> 
     </span>
    </p>
   </div>
   <div class='ocr_carea' id='block_1_63' title="bbox 885 955 1671 992">
    <p class='ocr_par' dir='ltr' id='par_1_63' title="bbox 885 955 1671 992">
     <span class='ocr_line' id='line_1_63' title="bbox 885 955 1671 992; baseline 0.004 -11"><span class='ocrx_word' id='word_1_482' title='bbox 885 955 934 990; x_wconf 87' lang='grc' dir='ltr'><strong>τὴν</strong></span> <span class='ocrx_word' id='word_1_483' title='bbox 943 955 1087 989; x_wconf 79' lang='grc' dir='ltr'>ἀναλογίαν</span> <span class='ocrx_word' id='word_1_484' title='bbox 1093 955 1148 990; x_wconf 78' lang='grc' dir='ltr'>’τῆς</span> <span class='ocrx_word' id='word_1_485' title='bbox 1162 956 1338 992; x_wconf 82' lang='grc' dir='ltr'><strong>παρατροπῆς</strong></span> <span class='ocrx_word' id='word_1_486' title='bbox 1350 956 1463 982; x_wconf 71' lang='grc' dir='ltr'>ἕκαστον</span> <span class='ocrx_word' id='word_1_487' title='bbox 1473 956 1526 982; x_wconf 85' lang='grc' dir='ltr'><strong>τῶν</strong></span> <span class='ocrx_word' id='word_1_488' title='bbox 1539 957 1671 992; x_wconf 70' lang='grc' dir='ltr'>οὐρανίων</span> 
     </span>
    </p>
   </div>
   <div class='ocr_carea' id='block_1_64' title="bbox 885 1001 1670 1038">
    <p class='ocr_par' dir='ltr' id='par_1_64' title="bbox 885 1001 1670 1038">
     <span class='ocr_line' id='line_1_64' title="bbox 885 1001 1670 1038; baseline 0.005 -11"><span class='ocrx_word' id='word_1_489' title='bbox 885 1001 1033 1036; x_wconf 77' lang='grc' dir='ltr'><strong>ταγμάτων</strong></span> <span class='ocrx_word' id='word_1_490' title='bbox 1045 1001 1168 1036; x_wconf 80' lang='grc' dir='ltr'><strong>σώμασιν</strong></span> <span class='ocrx_word' id='word_1_491' title='bbox 1184 1001 1321 1037; x_wconf 77' lang='grc' dir='ltr'><strong>ἐνδεθῆναι</strong></span> <span class='ocrx_word' id='word_1_492' title='bbox 1335 1001 1514 1038; x_wconf 80' lang='grc' dir='ltr'>λεπτοτέροις.</span> <span class='ocrx_word' id='word_1_493' title='bbox 1531 1012 1539 1028; x_wconf 74' lang='grc' dir='ltr'><strong>ι</strong></span> <span class='ocrx_word' id='word_1_494' title='bbox 1553 1003 1605 1030; x_wconf 85' lang='lat' dir='ltr'><strong>Pro</strong></span> <span class='ocrx_word' id='word_1_495' title='bbox 1617 1003 1670 1031; x_wconf 88' lang='lat' dir='ltr'><strong>cri-</strong></span> 
     </span>
    </p>
   </div>
   <div class='ocr_carea' id='block_1_65' title="bbox 884 1049 1668 1083">
    <p class='ocr_par' dir='ltr' id='par_1_65' title="bbox 884 1049 1668 1083">
     <span class='ocr_line' id='line_1_65' title="bbox 884 1049 1668 1083; baseline 0.004 -8"><span class='ocrx_word' id='word_1_496' title='bbox 884 1049 965 1076; x_wconf 88' lang='lat' dir='ltr'><strong>minis</strong></span> <span class='ocrx_word' id='word_1_497' title='bbox 991 1049 1096 1076; x_wconf 80' lang='lat' dir='ltr'><strong>ratione</strong></span> <span class='ocrx_word' id='word_1_498' title='bbox 1124 1056 1341 1083; x_wconf 83' lang='lat' dir='ltr'><strong>unumquemque</strong></span> <span class='ocrx_word' id='word_1_499' title='bbox 1369 1050 1494 1078; x_wconf 87' lang='lat' dir='ltr'><strong>ordinum</strong></span> <span class='ocrx_word' id='word_1_500' title='bbox 1520 1051 1668 1078; x_wconf 67' lang='lat' dir='ltr'><strong>cmleslium</strong></span> 
     </span>
    </p>
   </div>
   <div class='ocr_carea' id='block_1_66' title="bbox 884 1095 1671 1129">
    <p class='ocr_par' dir='ltr' id='par_1_66' title="bbox 884 1095 1671 1129">
     <span class='ocr_line' id='line_1_66' title="bbox 884 1095 1671 1129; baseline 0.004 -7"><span class='ocrx_word' id='word_1_501' title='bbox 884 1095 1043 1129; x_wconf 88' lang='lat' dir='ltr'><strong>corporibus</strong></span> <span class='ocrx_word' id='word_1_502' title='bbox 1059 1095 1227 1122; x_wconf 85' lang='lat' dir='ltr'><strong>tenuioribus</strong></span> <span class='ocrx_word' id='word_1_503' title='bbox 1241 1095 1349 1129; x_wconf 81' lang='lat' dir='ltr'><strong>illigari.</strong></span> <span class='ocrx_word' id='word_1_504' title='bbox 1365 1105 1374 1121; x_wconf 74' lang='grc' dir='ltr'><strong>ι</strong></span> <span class='ocrx_word' id='word_1_505' title='bbox 1392 1095 1536 1123; x_wconf 83' lang='lat' dir='ltr'><strong>Contraria</strong></span> <span class='ocrx_word' id='word_1_506' title='bbox 1554 1097 1671 1126; x_wconf 85' lang='lat' dir='ltr'><strong>Maximo</strong></span> 
     </span>
    </p>
   </div>
   <div class='ocr_carea' id='block_1_67' title="bbox 884 1140 1668 1176">
    <p class='ocr_par' dir='ltr' id='par_1_67' title="bbox 884 1140 1668 1176">
     <span class='ocr_line' id='line_1_67' title="bbox 884 1140 1668 1176; baseline 0.003 -8"><span class='ocrx_word' id='word_1_507' title='bbox 884 1141 965 1168; x_wconf 86' lang='lat' dir='ltr'><strong>tradit</strong></span> <span class='ocrx_word' id='word_1_508' title='bbox 979 1140 1143 1175; x_wconf 82' lang='lat' dir='ltr'><strong>Augustinus</strong></span> <span class='ocrx_word' id='word_1_509' title='bbox 1162 1140 1206 1167; x_wconf 93' lang='lat' dir='ltr'><strong>lib.</strong></span> <span class='ocrx_word' id='word_1_510' title='bbox 1222 1148 1248 1166; x_wconf 74' lang='grc' dir='ltr'><strong>ιιι</strong></span> <span class='ocrx_word' id='word_1_511' title='bbox 1263 1140 1301 1167; x_wconf 88' lang='lat' dir='ltr'><strong>De</strong></span> <span class='ocrx_word' id='word_1_512' title='bbox 1311 1141 1381 1168; x_wconf 76' lang='lat' dir='ltr'><strong>civit.</strong></span> <span class='ocrx_word' id='word_1_513' title='bbox 1398 1141 1455 1175; x_wconf 82' lang='lat' dir='ltr'><strong>Dei,</strong></span> <span class='ocrx_word' id='word_1_514' title='bbox 1471 1149 1529 1176; x_wconf 89' lang='lat' dir='ltr'><strong>cap.</strong></span> <span class='ocrx_word' id='word_1_515' title='bbox 1544 1142 1590 1176; x_wconf 78' lang='lat'><strong>‘25,</strong></span> <span class='ocrx_word' id='word_1_516' title='bbox 1605 1150 1668 1170; x_wconf 83' lang='lat' dir='ltr'><strong>sen-</strong></span> 
     </span>
    </p>
   </div>
   <div class='ocr_carea' id='block_1_68' title="bbox 882 1185 1668 1222">
    <p class='ocr_par' dir='ltr' id='par_1_68' title="bbox 882 1185 1668 1222">
     <span class='ocr_line' id='line_1_68' title="bbox 882 1185 1668 1222; baseline 0.003 -10"><span class='ocrx_word' id='word_1_517' title='bbox 882 1186 950 1213; x_wconf 84' lang='lat' dir='ltr'><strong>sisse</strong></span> <span class='ocrx_word' id='word_1_518' title='bbox 973 1185 1064 1214; x_wconf 85' lang='lat' dir='ltr'><strong>dicens</strong></span> <span class='ocrx_word' id='word_1_519' title='bbox 1082 1185 1225 1220; x_wconf 81' lang='lat' dir='ltr'><strong>Origenetn</strong></span> <span class='ocrx_word' id='word_1_520' title='bbox 1249 1186 1354 1213; x_wconf 85' lang='lat' dir='ltr'><strong>animas</strong></span> <span class='ocrx_word' id='word_1_521' title='bbox 1379 1194 1427 1221; x_wconf 86' lang='lat' dir='ltr'><strong>pro</strong></span> <span class='ocrx_word' id='word_1_522' title='bbox 1451 1187 1556 1215; x_wconf 87' lang='lat' dir='ltr'><strong>ratione</strong></span> <span class='ocrx_word' id='word_1_523' title='bbox 1571 1195 1668 1222; x_wconf 89' lang='lat' dir='ltr'><strong>pecca-</strong></span> 
     </span>
    </p>
   </div>
   <div class='ocr_carea' id='block_1_69' title="bbox 882 1232 1669 1269">
    <p class='ocr_par' dir='ltr' id='par_1_69' title="bbox 882 1232 1669 1269">
     <span class='ocr_line' id='line_1_69' title="bbox 882 1232 1669 1269; baseline 0.003 -10"><span class='ocrx_word' id='word_1_524' title='bbox 882 1236 970 1259; x_wconf 87' lang='lat' dir='ltr'><strong>torum</strong></span> <span class='ocrx_word' id='word_1_525' title='bbox 988 1239 1098 1259; x_wconf 84' lang='lat' dir='ltr'><strong>suorum</strong></span> <span class='ocrx_word' id='word_1_526' title='bbox 1112 1232 1238 1266; x_wconf 79' lang='lat' dir='ltr'><strong>graviora</strong></span> <span class='ocrx_word' id='word_1_527' title='bbox 1261 1239 1375 1266; x_wconf 87' lang='lat' dir='ltr'><strong>corpora</strong></span> <span class='ocrx_word' id='word_1_528' title='bbox 1397 1233 1526 1267; x_wconf 88' lang='lat' dir='ltr'><strong>induere;</strong></span> <span class='ocrx_word' id='word_1_529' title='bbox 1544 1235 1615 1269; x_wconf 93' lang='lat' dir='ltr'><strong>quod</strong></span> <span class='ocrx_word' id='word_1_530' title='bbox 1633 1235 1669 1261; x_wconf 87' lang='lat' dir='ltr'><strong>ita</strong></span> 
     </span>
    </p>
   </div>
   <div class='ocr_carea' id='block_1_70' title="bbox 882 1278 1670 1314">
    <p class='ocr_par' dir='ltr' id='par_1_70' title="bbox 882 1278 1670 1314">
     <span class='ocr_line' id='line_1_70' title="bbox 882 1278 1670 1314; baseline 0.003 -9"><span class='ocrx_word' id='word_1_531' title='bbox 882 1279 1031 1313; x_wconf 73' lang='lat' dir='ltr'><strong>impugnat,</strong></span> <span class='ocrx_word' id='word_1_532' title='bbox 1046 1278 1072 1305; x_wconf 91' lang='lat' dir='ltr'><strong>id</strong></span> <span class='ocrx_word' id='word_1_533' title='bbox 1090 1279 1112 1305; x_wconf 89' lang='lat' dir='ltr'><strong>si</strong></span> <span class='ocrx_word' id='word_1_534' title='bbox 1131 1278 1165 1305; x_wconf 92' lang='lat' dir='ltr'><strong>sit</strong></span> <span class='ocrx_word' id='word_1_535' title='bbox 1178 1297 1187 1311; x_wconf 91' lang='lat'><strong>,</strong></span> <span class='ocrx_word' id='word_1_536' title='bbox 1202 1278 1311 1313; x_wconf 76' lang='lat' dir='ltr'><strong>gravius</strong></span> <span class='ocrx_word' id='word_1_537' title='bbox 1325 1278 1437 1305; x_wconf 72' lang='lat' dir='ltr'><strong>dacmoni</strong></span> <span class='ocrx_word' id='word_1_538' title='bbox 1450 1278 1556 1314; x_wconf 83' lang='lat' dir='ltr'><strong>adjnngi</strong></span> <span class='ocrx_word' id='word_1_539' title='bbox 1571 1279 1670 1308; x_wconf 86' lang='lat' dir='ltr'><strong>debere</strong></span> 
     </span>
    </p>
   </div>
   <div class='ocr_carea' id='block_1_71' title="bbox 881 1324 1669 1358">
    <p class='ocr_par' dir='ltr' id='par_1_71' title="bbox 881 1324 1669 1358">
     <span class='ocr_line' id='line_1_71' title="bbox 881 1324 1669 1358; baseline -0.001 -6"><span class='ocrx_word' id='word_1_540' title='bbox 881 1332 982 1358; x_wconf 86' lang='lat' dir='ltr'><strong>corpus</strong></span> <span class='ocrx_word' id='word_1_541' title='bbox 993 1332 1074 1358; x_wconf 90' lang='lat' dir='ltr'><strong>quam</strong></span> <span class='ocrx_word' id='word_1_542' title='bbox 1094 1324 1209 1356; x_wconf 89' lang='lat' dir='ltr'><strong>homini,</strong></span> <span class='ocrx_word' id='word_1_543' title='bbox 1226 1329 1317 1358; x_wconf 90' lang='lat' dir='ltr'><strong>utpote</strong></span> <span class='ocrx_word' id='word_1_544' title='bbox 1331 1324 1375 1358; x_wconf 89' lang='lat' dir='ltr'><strong>qui</strong></span> <span class='ocrx_word' id='word_1_545' title='bbox 1391 1324 1450 1358; x_wconf 88' lang='lat' dir='ltr'><strong>plus</strong></span> <span class='ocrx_word' id='word_1_546' title='bbox 1466 1325 1596 1358; x_wconf 88' lang='lat' dir='ltr'><strong>peccarit.</strong></span> <span class='ocrx_word' id='word_1_547' title='bbox 1615 1324 1669 1351; x_wconf 90' lang='lat' dir='ltr'><strong>Du-</strong></span> 
     </span>
    </p>
   </div>
   <div class='ocr_carea' id='block_1_72' title="bbox 882 1369 1670 1405">
    <p class='ocr_par' dir='ltr' id='par_1_72' title="bbox 882 1369 1670 1405">
     <span class='ocr_line' id='line_1_72' title="bbox 882 1369 1670 1405; baseline 0.001 -8"><span class='ocrx_word' id='word_1_548' title='bbox 882 1370 950 1398; x_wconf 90' lang='lat' dir='ltr'><strong>bitat</strong></span> <span class='ocrx_word' id='word_1_549' title='bbox 973 1369 1094 1404; x_wconf 84' lang='lat' dir='ltr'><strong>prol‘ecto</strong></span> <span class='ocrx_word' id='word_1_550' title='bbox 1113 1370 1244 1405; x_wconf 80' lang='lat' dir='ltr'><strong>Origenes</strong></span> <span class='ocrx_word' id='word_1_551' title='bbox 1265 1374 1325 1396; x_wconf 92' lang='lat' dir='ltr'><strong>utra</strong></span> <span class='ocrx_word' id='word_1_552' title='bbox 1347 1369 1461 1397; x_wconf 81' lang='lat' dir='ltr'><strong>inferior</strong></span> <span class='ocrx_word' id='word_1_553' title='bbox 1484 1370 1519 1397; x_wconf 87' lang='lat' dir='ltr'><strong>sit</strong></span> <span class='ocrx_word' id='word_1_554' title='bbox 1540 1370 1670 1398; x_wconf 84' lang='lat' dir='ltr'><strong>d:emouis</strong></span> 
     </span>
    </p>
   </div>
   <div class='ocr_carea' id='block_1_73' title="bbox 882 1414 1669 1451">
    <p class='ocr_par' dir='ltr' id='par_1_73' title="bbox 882 1414 1669 1451">
     <span class='ocr_line' id='line_1_73' title="bbox 882 1414 1669 1451; baseline -0.003 -7"><span class='ocrx_word' id='word_1_555' title='bbox 882 1421 989 1448; x_wconf 80' lang='lat' dir='ltr'><strong>natura,</strong></span> <span class='ocrx_word' id='word_1_556' title='bbox 1006 1423 1038 1442; x_wconf 90' lang='lat' dir='ltr'><strong>an</strong></span> <span class='ocrx_word' id='word_1_557' title='bbox 1054 1415 1171 1442; x_wconf 86' lang='lat' dir='ltr'><strong>hominis</strong></span> <span class='ocrx_word' id='word_1_558' title='bbox 1188 1414 1279 1450; x_wconf 89' lang='lat' dir='ltr'><strong>(quam</strong></span> <span class='ocrx_word' id='word_1_559' title='bbox 1300 1416 1419 1451; x_wconf 84' lang='lat' dir='ltr'><strong>angelica</strong></span> <span class='ocrx_word' id='word_1_560' title='bbox 1432 1416 1516 1442; x_wconf 88' lang='lat' dir='ltr'><strong>etiam</strong></span> <span class='ocrx_word' id='word_1_561' title='bbox 1537 1421 1669 1449; x_wconf 60' lang='lat' dir='ltr'><strong>praestan-</strong></span> 
     </span>
    </p>
   </div>
   <div class='ocr_carea' id='block_1_74' title="bbox 884 1461 1668 1494">
    <p class='ocr_par' dir='ltr' id='par_1_74' title="bbox 884 1461 1668 1494">
     <span class='ocr_line' id='line_1_74' title="bbox 884 1461 1668 1494; baseline -0.001 -4"><span class='ocrx_word' id='word_1_562' title='bbox 884 1463 978 1490; x_wconf 88' lang='lat' dir='ltr'><strong>tiorem</strong></span> <span class='ocrx_word' id='word_1_563' title='bbox 1006 1469 1067 1489; x_wconf 86' lang='lat' dir='ltr'><strong>esse</strong></span> <span class='ocrx_word' id='word_1_564' title='bbox 1088 1461 1271 1489; x_wconf 87' lang='lat' dir='ltr'><strong>Tertullianus</strong></span> <span class='ocrx_word' id='word_1_565' title='bbox 1297 1463 1344 1490; x_wconf 89' lang='lat' dir='ltr'><strong>lib.</strong></span> <span class='ocrx_word' id='word_1_566' title='bbox 1368 1470 1386 1489; x_wconf 90' lang='grc' dir='ltr'><strong>ιι</strong></span> <span class='ocrx_word' id='word_1_567' title='bbox 1412 1467 1502 1488; x_wconf 82' lang='lat' dir='ltr'><strong>contra</strong></span> <span class='ocrx_word' id='word_1_568' title='bbox 1518 1462 1668 1494; x_wconf 69' lang='lat' dir='ltr'><strong>Marciam,</strong></span> 
     </span>
    </p>
   </div>
   <div class='ocr_carea' id='block_1_75' title="bbox 883 1508 1670 1544">
    <p class='ocr_par' dir='ltr' id='par_1_75' title="bbox 883 1508 1670 1544">
     <span class='ocr_line' id='line_1_75' title="bbox 883 1508 1670 1544; baseline 0 -8"><span class='ocrx_word' id='word_1_569' title='bbox 883 1517 942 1544; x_wconf 89' lang='lat' dir='ltr'><strong>cap.</strong></span> <span class='ocrx_word' id='word_1_570' title='bbox 956 1508 982 1540; x_wconf 84' lang='lat'><strong>8.</strong></span> <span class='ocrx_word' id='word_1_571' title='bbox 999 1508 1160 1544; x_wconf 86' lang='lat' dir='ltr'><strong>autumavit)</strong></span> <span class='ocrx_word' id='word_1_572' title='bbox 1183 1509 1350 1543; x_wconf 87' lang='lat' dir='ltr'><strong>proindeque</strong></span> <span class='ocrx_word' id='word_1_573' title='bbox 1373 1509 1488 1536; x_wconf 82' lang='lat' dir='ltr'><strong>delinire</strong></span> <span class='ocrx_word' id='word_1_574' title='bbox 1511 1516 1563 1536; x_wconf 90' lang='lat' dir='ltr'><strong>non</strong></span> <span class='ocrx_word' id='word_1_575' title='bbox 1581 1513 1670 1543; x_wconf 87' lang='lat' dir='ltr'><strong>potest</strong></span> 
     </span>
    </p>
   </div>
   <div class='ocr_carea' id='block_1_76' title="bbox 883 1553 1667 1590">
    <p class='ocr_par' dir='ltr' id='par_1_76' title="bbox 883 1553 1667 1590">
     <span class='ocr_line' id='line_1_76' title="bbox 883 1553 1667 1590; baseline -0.001 -9"><span class='ocrx_word' id='word_1_576' title='bbox 883 1559 969 1582; x_wconf 91' lang='lat' dir='ltr'><strong>utram</strong></span> <span class='ocrx_word' id='word_1_577' title='bbox 988 1554 1110 1588; x_wconf 87' lang='lat' dir='ltr'><strong>suscipit,</strong></span> <span class='ocrx_word' id='word_1_578' title='bbox 1125 1554 1171 1589; x_wconf 93' lang='lat' dir='ltr'><strong>qui</strong></span> <span class='ocrx_word' id='word_1_579' title='bbox 1197 1554 1352 1590; x_wconf 87' lang='lat' dir='ltr'><strong>graviorum</strong></span> <span class='ocrx_word' id='word_1_580' title='bbox 1380 1554 1512 1582; x_wconf 86' lang='lat' dir='ltr'><strong>scelerum</strong></span> <span class='ocrx_word' id='word_1_581' title='bbox 1537 1561 1598 1581; x_wconf 90' lang='lat' dir='ltr'><strong>reus</strong></span> <span class='ocrx_word' id='word_1_582' title='bbox 1614 1553 1642 1580; x_wconf 89' lang='lat' dir='ltr'><strong>lit</strong></span> <span class='ocrx_word' id='word_1_583' title='bbox 1660 1562 1667 1581; x_wconf 89' lang='lat'><strong>:</strong></span> 
     </span>
    </p>
   </div>
   <div class='ocr_carea' id='block_1_77' title="bbox 888 1599 1669 1635">
    <p class='ocr_par' dir='ltr' id='par_1_77' title="bbox 888 1599 1669 1635">
     <span class='ocr_line' id='line_1_77' title="bbox 888 1599 1669 1635; baseline 0 -8"><span class='ocrx_word' id='word_1_584' title='bbox 888 1600 1049 1635; x_wconf 81' lang='grc' dir='ltr'>Ἐπίστησον</span> <span class='ocrx_word' id='word_1_585' title='bbox 1073 1599 1118 1632; x_wconf 83' lang='grc' dir='ltr'><strong>δὲ,</strong></span> <span class='ocrx_word' id='word_1_586' title='bbox 1142 1600 1229 1634; x_wconf 88' lang='lat' dir='ltr'><strong>inquit</strong></span> <span class='ocrx_word' id='word_1_587' title='bbox 1252 1604 1336 1627; x_wconf 85' lang='lat' dir='ltr'><strong>lom.t</strong></span> <span class='ocrx_word' id='word_1_588' title='bbox 1361 1600 1389 1626; x_wconf 83' lang='lat' dir='ltr'><strong>in</strong></span> <span class='ocrx_word' id='word_1_589' title='bbox 1406 1599 1507 1632; x_wconf 85' lang='lat' dir='ltr'><strong>Joan.,</strong></span> <span class='ocrx_word' id='word_1_590' title='bbox 1532 1608 1607 1627; x_wconf 88' lang='lat' dir='ltr'><strong>num.</strong></span> <span class='ocrx_word' id='word_1_591' title='bbox 1623 1601 1669 1634; x_wconf 71' lang='grc'><strong>54,</strong></span> 
     </span>
    </p>
   </div>
   <div class='ocr_carea' id='block_1_78' title="bbox 882 1643 1670 1681">
    <p class='ocr_par' dir='ltr' id='par_1_78' title="bbox 882 1643 1670 1681">
     <span class='ocr_line' id='line_1_78' title="bbox 882 1643 1670 1681; baseline 0.001 -10"><span class='ocrx_word' id='word_1_592' title='bbox 882 1645 994 1680; x_wconf 77' lang='grc' dir='ltr'>πότερον</span> <span class='ocrx_word' id='word_1_593' title='bbox 1008 1643 1150 1680; x_wconf 77' lang='grc' dir='ltr'><strong>ἄνθρωπός</strong></span> <span class='ocrx_word' id='word_1_594' title='bbox 1172 1645 1229 1671; x_wconf 79' lang='grc' dir='ltr'><strong>ἐστι</strong></span> <span class='ocrx_word' id='word_1_595' title='bbox 1249 1645 1278 1671; x_wconf 76' lang='grc' dir='ltr'>τὸ</span> <span class='ocrx_word' id='word_1_596' title='bbox 1293 1644 1414 1679; x_wconf 73' lang='grc' dir='ltr'>ἔσχατον,</span> <span class='ocrx_word' id='word_1_597' title='bbox 1435 1644 1451 1680; x_wconf 86' lang='grc' dir='ltr'>ἢ</span> <span class='ocrx_word' id='word_1_598' title='bbox 1465 1645 1499 1671; x_wconf 80' lang='grc' dir='ltr'>τὰ</span> <span class='ocrx_word' id='word_1_599' title='bbox 1516 1645 1670 1681; x_wconf 79' lang='grc' dir='ltr'>καλούμενα.</span> 
     </span>
    </p>
   </div>
   <div class='ocr_carea' id='block_1_79' title="bbox 881 1686 1668 1726">
    <p class='ocr_par' dir='ltr' id='par_1_79' title="bbox 881 1686 1668 1726">
     <span class='ocr_line' id='line_1_79' title="bbox 881 1686 1668 1726; baseline 0 -10"><span class='ocrx_word' id='word_1_600' title='bbox 881 1690 1055 1726; x_wconf 82' lang='grc' dir='ltr'>καταχθόνια,</span> <span class='ocrx_word' id='word_1_601' title='bbox 1076 1686 1114 1716; x_wconf 86' lang='grc' dir='ltr'>ὧν</span> <span class='ocrx_word' id='word_1_602' title='bbox 1132 1691 1185 1716; x_wconf 79' lang='grc' dir='ltr'>εἰσι</span> <span class='ocrx_word' id='word_1_603' title='bbox 1204 1691 1250 1717; x_wconf 78' lang='grc' dir='ltr'><strong>καὶ</strong></span> <span class='ocrx_word' id='word_1_604' title='bbox 1270 1691 1293 1716; x_wconf 83' lang='grc' dir='ltr'>οἱ</span> <span class='ocrx_word' id='word_1_605' title='bbox 1315 1690 1460 1725; x_wconf 77' lang='grc' dir='ltr'>δαίμονες,</span> <span class='ocrx_word' id='word_1_606' title='bbox 1478 1690 1535 1725; x_wconf 78' lang='grc' dir='ltr'>ἤτοι</span> <span class='ocrx_word' id='word_1_607' title='bbox 1557 1691 1668 1723; x_wconf 77' lang='grc' dir='ltr'>πάντες,</span> 
     </span>
    </p>
   </div>
   <div class='ocr_carea' id='block_1_80' title="bbox 882 1735 1667 1772">
    <p class='ocr_par' dir='ltr' id='par_1_80' title="bbox 882 1735 1667 1772">
     <span class='ocr_line' id='line_1_80' title="bbox 882 1735 1667 1772; baseline -0.001 -9"><span class='ocrx_word' id='word_1_608' title='bbox 882 1737 899 1772; x_wconf 78' lang='grc' dir='ltr'>ἥ</span> <span class='ocrx_word' id='word_1_609' title='bbox 912 1745 994 1769; x_wconf 82' lang='grc' dir='ltr'>τινες.</span> <span class='ocrx_word' id='word_1_610' title='bbox 1012 1737 1043 1763; x_wconf 84' lang='grc' dir='ltr'>Ει</span> <span class='ocrx_word' id='word_1_611' title='bbox 1055 1736 1134 1770; x_wconf 90' lang='lat' dir='ltr'><strong>paulo</strong></span> <span class='ocrx_word' id='word_1_612' title='bbox 1148 1736 1275 1770; x_wconf 91' lang='lat' dir='ltr'><strong>superius</strong></span> <span class='ocrx_word' id='word_1_613' title='bbox 1289 1744 1295 1762; x_wconf 93' lang='lat'>:</span> <span class='ocrx_word' id='word_1_614' title='bbox 1312 1735 1390 1762; x_wconf 75' lang='grc' dir='ltr'>Οὕτω</span> <span class='ocrx_word' id='word_1_615' title='bbox 1400 1736 1491 1771; x_wconf 70' lang='grc' dir='ltr'>καὶτῷ</span> <span class='ocrx_word' id='word_1_616' title='bbox 1504 1736 1604 1771; x_wconf 82' lang='grc' dir='ltr'>λογικῷ</span> <span class='ocrx_word' id='word_1_617' title='bbox 1617 1745 1667 1763; x_wconf 85' lang='grc' dir='ltr'><strong>κα-</strong></span> 
     </span>
    </p>
   </div>
   <div class='ocr_carea' id='block_1_81' title="bbox 881 1782 1668 1817">
    <p class='ocr_par' dir='ltr' id='par_1_81' title="bbox 881 1782 1668 1817">
     <span class='ocr_line' id='line_1_81' title="bbox 881 1782 1668 1817; baseline 0 -8"><span class='ocrx_word' id='word_1_618' title='bbox 881 1783 1012 1809; x_wconf 81' lang='grc' dir='ltr'>ταϐατέον</span> <span class='ocrx_word' id='word_1_619' title='bbox 1029 1782 1076 1809; x_wconf 71' lang='grc' dir='ltr'><strong>ἐπὶ</strong></span> <span class='ocrx_word' id='word_1_620' title='bbox 1089 1782 1200 1817; x_wconf 76' lang='grc' dir='ltr'>ἔσχατον</span> <span class='ocrx_word' id='word_1_621' title='bbox 1217 1782 1335 1815; x_wconf 74' lang='grc' dir='ltr'>λογικὸν,</span> <span class='ocrx_word' id='word_1_622' title='bbox 1353 1782 1423 1816; x_wconf 83' lang='grc' dir='ltr'>τάχα</span> <span class='ocrx_word' id='word_1_623' title='bbox 1436 1782 1486 1808; x_wconf 76' lang='grc' dir='ltr'><strong>οὐκ</strong></span> <span class='ocrx_word' id='word_1_624' title='bbox 1499 1782 1562 1808; x_wconf 75' lang='grc' dir='ltr'><strong>ἄλλο</strong></span> <span class='ocrx_word' id='word_1_625' title='bbox 1582 1791 1607 1808; x_wconf 78' lang='grc' dir='ltr'>τι</span> <span class='ocrx_word' id='word_1_626' title='bbox 1621 1783 1668 1809; x_wconf 78' lang='grc' dir='ltr'>τοῦ</span> 
     </span>
    </p>
   </div>
   <div class='ocr_carea' id='block_1_82' title="bbox 881 1826 1668 1864">
    <p class='ocr_par' dir='ltr' id='par_1_82' title="bbox 881 1826 1668 1864">
     <span class='ocr_line' id='line_1_82' title="bbox 881 1826 1668 1864; baseline -0.001 -9"><span class='ocrx_word' id='word_1_627' title='bbox 881 1828 1023 1864; x_wconf 83' lang='grc' dir='ltr'><strong>ἀνθρώπου</strong></span> <span class='ocrx_word' id='word_1_628' title='bbox 1036 1828 1178 1863; x_wconf 78' lang='grc' dir='ltr'>τυγχάνον.</span> <span class='ocrx_word' id='word_1_629' title='bbox 1199 1826 1368 1854; x_wconf 81' lang='lat' dir='ltr'><strong>Postremum</strong></span> <span class='ocrx_word' id='word_1_630' title='bbox 1385 1827 1428 1854; x_wconf 84' lang='lat' dir='ltr'><strong>hic</strong></span> <span class='ocrx_word' id='word_1_631' title='bbox 1444 1827 1530 1854; x_wconf 86' lang='lat' dir='ltr'><strong>locum</strong></span> <span class='ocrx_word' id='word_1_632' title='bbox 1552 1829 1668 1854; x_wconf 89' lang='lat' dir='ltr'><strong>homini-</strong></span> 
     </span>
    </p>
   </div>
   <div class='ocr_carea' id='block_1_83' title="bbox 881 1873 1667 1909">
    <p class='ocr_par' dir='ltr' id='par_1_83' title="bbox 881 1873 1667 1909">
     <span class='ocr_line' id='line_1_83' title="bbox 881 1873 1667 1909; baseline -0.003 -7"><span class='ocrx_word' id='word_1_633' title='bbox 881 1875 931 1902; x_wconf 86' lang='lat' dir='ltr'><strong>bus</strong></span> <span class='ocrx_word' id='word_1_634' title='bbox 948 1874 1076 1909; x_wconf 82' lang='lat' dir='ltr'><strong>assignat.</strong></span> <span class='ocrx_word' id='word_1_635' title='bbox 1092 1873 1193 1901; x_wconf 84' lang='lat' dir='ltr'><strong>Contra</strong></span> <span class='ocrx_word' id='word_1_636' title='bbox 1215 1878 1283 1901; x_wconf 87' lang='lat' dir='ltr'><strong>tom.</strong></span> <span class='ocrx_word' id='word_1_637' title='bbox 1298 1881 1332 1900; x_wconf 87' lang='lat' dir='ltr'><strong>xv</strong></span> <span class='ocrx_word' id='word_1_638' title='bbox 1353 1874 1380 1900; x_wconf 89' lang='lat' dir='ltr'><strong>in</strong></span> <span class='ocrx_word' id='word_1_639' title='bbox 1399 1873 1495 1900; x_wconf 65' lang='lat' dir='ltr'><strong>Matth.</strong></span> <span class='ocrx_word' id='word_1_640' title='bbox 1508 1893 1515 1905; x_wconf 92' lang='lat'><strong>,</strong></span> <span class='ocrx_word' id='word_1_641' title='bbox 1534 1882 1606 1900; x_wconf 91' lang='lat' dir='ltr'><strong>num.</strong></span> <span class='ocrx_word' id='word_1_642' title='bbox 1620 1874 1667 1908; x_wconf 69' lang='lat'><strong>‘27,</strong></span> 
     </span>
    </p>
   </div>
   <div class='ocr_carea' id='block_1_84' title="bbox 881 1914 1666 1956">
    <p class='ocr_par' dir='ltr' id='par_1_84' title="bbox 881 1914 1666 1956">
     <span class='ocr_line' id='line_1_84' title="bbox 881 1914 1666 1956; baseline 0 -9"><span class='ocrx_word' id='word_1_643' title='bbox 881 1921 997 1956; x_wconf 87' lang='lat' dir='ltr'><strong>priorem</strong></span> <span class='ocrx_word' id='word_1_644' title='bbox 1024 1920 1111 1946; x_wconf 92' lang='lat' dir='ltr'><strong>locum</strong></span> <span class='ocrx_word' id='word_1_645' title='bbox 1137 1920 1257 1954; x_wconf 85' lang='lat' dir='ltr'><strong>angelis,</strong></span> <span class='ocrx_word' id='word_1_646' title='bbox 1284 1919 1463 1954; x_wconf 88' lang='lat' dir='ltr'><strong>posteriorem</strong></span> <span class='ocrx_word' id='word_1_647' title='bbox 1489 1914 1666 1952; x_wconf 76' lang='lat' dir='ltr'><strong>dzemunibus,</strong></span> 
     </span>
    </p>
   </div>
   <div class='ocr_carea' id='block_1_85' title="bbox 884 1964 1668 2001">
    <p class='ocr_par' dir='ltr' id='par_1_85' title="bbox 884 1964 1668 2001">
     <span class='ocr_line' id='line_1_85' title="bbox 884 1964 1668 2001; baseline 0 -8"><span class='ocrx_word' id='word_1_648' title='bbox 884 1966 1000 1993; x_wconf 92' lang='lat' dir='ltr'><strong>medium</strong></span> <span class='ocrx_word' id='word_1_649' title='bbox 1028 1965 1183 1993; x_wconf 89' lang='lat' dir='ltr'><strong>hominibus</strong></span> <span class='ocrx_word' id='word_1_650' title='bbox 1210 1965 1324 1992; x_wconf 89' lang='lat' dir='ltr'><strong>tribuit:</strong></span> <span class='ocrx_word' id='word_1_651' title='bbox 1343 1965 1373 1992; x_wconf 90' lang='grc' dir='ltr'><strong>Οἱ</strong></span> <span class='ocrx_word' id='word_1_652' title='bbox 1393 1964 1420 1991; x_wconf 84' lang='grc' dir='ltr'><strong>δὲ</strong></span> <span class='ocrx_word' id='word_1_653' title='bbox 1439 1965 1586 2001; x_wconf 79' lang='grc' dir='ltr'><strong>ἄνθρωποι,</strong></span> <span class='ocrx_word' id='word_1_654' title='bbox 1606 1967 1668 1993; x_wconf 86' lang='grc' dir='ltr'>ὅσον</span> 
     </span>
    </p>
   </div>
   <div class='ocr_carea' id='block_1_86' title="bbox 880 2011 1668 2047">
    <p class='ocr_par' dir='ltr' id='par_1_86' title="bbox 880 2011 1668 2047">
     <span class='ocr_line' id='line_1_86' title="bbox 880 2011 1668 2047; baseline 0.001 -9"><span class='ocrx_word' id='word_1_655' title='bbox 880 2013 920 2043; x_wconf 79' lang='lat' dir='ltr'><strong>ei;</strong></span> <span class='ocrx_word' id='word_1_656' title='bbox 933 2011 1075 2047; x_wconf 83' lang='grc' dir='ltr'><strong>σύγκρισιν</strong></span> <span class='ocrx_word' id='word_1_657' title='bbox 1087 2011 1209 2046; x_wconf 82' lang='grc' dir='ltr'><strong>ἀγγέλων</strong></span> <span class='ocrx_word' id='word_1_658' title='bbox 1221 2011 1330 2046; x_wconf 76' lang='grc' dir='ltr'><strong>ἔσχατοι</strong></span> <span class='ocrx_word' id='word_1_659' title='bbox 1344 2011 1533 2046; x_wconf 79' lang='grc' dir='ltr'><strong>τυγχάνοντες,</strong></span> <span class='ocrx_word' id='word_1_660' title='bbox 1548 2012 1668 2046; x_wconf 61' lang='grc' dir='ltr'>γίνονται</span> 
     </span>
    </p>
   </div>
   <div class='ocr_carea' id='block_1_87' title="bbox 880 2055 1668 2092">
    <p class='ocr_par' dir='ltr' id='par_1_87' title="bbox 880 2055 1668 2092">
     <span class='ocr_line' id='line_1_87' title="bbox 880 2055 1668 2092; baseline 0 -9"><span class='ocrx_word' id='word_1_661' title='bbox 880 2056 1003 2091; x_wconf 77' lang='grc' dir='ltr'><strong>ἀγγέλων</strong></span> <span class='ocrx_word' id='word_1_662' title='bbox 1028 2056 1141 2090; x_wconf 82' lang='grc' dir='ltr'>πρῶτοι,</span> <span class='ocrx_word' id='word_1_663' title='bbox 1161 2055 1213 2082; x_wconf 84' lang='grc' dir='ltr'><strong>τῶν</strong></span> <span class='ocrx_word' id='word_1_664' title='bbox 1234 2056 1271 2091; x_wconf 84' lang='grc' dir='ltr'><strong>μὴ</strong></span> <span class='ocrx_word' id='word_1_665' title='bbox 1294 2057 1469 2091; x_wconf 82' lang='grc' dir='ltr'>τηρησὰντων</span> <span class='ocrx_word' id='word_1_666' title='bbox 1492 2056 1541 2092; x_wconf 78' lang='grc' dir='ltr'><strong>τὴν</strong></span> <span class='ocrx_word' id='word_1_667' title='bbox 1564 2056 1668 2083; x_wconf 76' lang='grc' dir='ltr'>ἑαυτῶν</span> 
     </span>
    </p>
   </div>
   <div class='ocr_carea' id='block_1_88' title="bbox 881 2101 1666 2138">
    <p class='ocr_par' dir='ltr' id='par_1_88' title="bbox 881 2101 1666 2138">
     <span class='ocr_line' id='line_1_88' title="bbox 881 2101 1666 2138; baseline 0 -9"><span class='ocrx_word' id='word_1_668' title='bbox 881 2103 978 2138; x_wconf 82' lang='grc' dir='ltr'>ἀρχήν.</span> <span class='ocrx_word' id='word_1_669' title='bbox 1001 2102 1066 2129; x_wconf 91' lang='lat' dir='ltr'><strong>Cum</strong></span> <span class='ocrx_word' id='word_1_670' title='bbox 1092 2101 1245 2128; x_wconf 89' lang='lat' dir='ltr'><strong>hominibus</strong></span> <span class='ocrx_word' id='word_1_671' title='bbox 1262 2109 1326 2136; x_wconf 88' lang='lat' dir='ltr'><strong>ergo</strong></span> <span class='ocrx_word' id='word_1_672' title='bbox 1342 2102 1506 2136; x_wconf 89' lang='lat' dir='ltr'><strong>quandoque</strong></span> <span class='ocrx_word' id='word_1_673' title='bbox 1522 2105 1666 2134; x_wconf 64' lang='lat' dir='ltr'><strong>dacnnones,</strong></span> 
     </span>
    </p>
   </div>
   <div class='ocr_carea' id='block_1_89' title="bbox 881 2147 1666 2182">
    <p class='ocr_par' dir='ltr' id='par_1_89' title="bbox 881 2147 1666 2182">
     <span class='ocr_line' id='line_1_89' title="bbox 881 2147 1666 2182; baseline 0 -7"><span class='ocrx_word' id='word_1_674' title='bbox 881 2149 1004 2176; x_wconf 85' lang='lat' dir='ltr'><strong>homines</strong></span> <span class='ocrx_word' id='word_1_675' title='bbox 1032 2155 1097 2175; x_wconf 87' lang='lat' dir='ltr'><strong>vero</strong></span> <span class='ocrx_word' id='word_1_676' title='bbox 1124 2147 1286 2181; x_wconf 83' lang='lat' dir='ltr'><strong>quandoque</strong></span> <span class='ocrx_word' id='word_1_677' title='bbox 1319 2152 1462 2182; x_wconf 85' lang='lat' dir='ltr'><strong>postponat</strong></span> <span class='ocrx_word' id='word_1_678' title='bbox 1488 2148 1666 2181; x_wconf 71' lang='lat' dir='ltr'><strong>daemonibus,</strong></span> 
     </span>
    </p>
   </div>
   <div class='ocr_carea' id='block_1_90' title="bbox 54 2185 1667 2228">
    <p class='ocr_par' dir='ltr' id='par_1_90' title="bbox 54 2185 1667 2228">
     <span class='ocr_line' id='line_1_90' title="bbox 54 2185 1667 2228; baseline 0.004 -15"><span class='ocrx_word' id='word_1_679' title='bbox 54 2185 108 2214; x_wconf 74' lang='lat' dir='ltr'><strong>alibi</strong></span> <span class='ocrx_word' id='word_1_680' title='bbox 122 2196 200 2224; x_wconf 68' lang='lat' dir='ltr'><strong>saepe,</strong></span> <span class='ocrx_word' id='word_1_681' title='bbox 221 2195 276 2216; x_wconf 92' lang='lat' dir='ltr'><strong>tum</strong></span> <span class='ocrx_word' id='word_1_682' title='bbox 291 2191 407 2218; x_wconf 85' lang='lat' dir='ltr'><strong>maxime</strong></span> <span class='ocrx_word' id='word_1_683' title='bbox 420 2192 500 2226; x_wconf 88' lang='lat' dir='ltr'><strong>epist.</strong></span> <span class='ocrx_word' id='word_1_684' title='bbox 529 2192 576 2223; x_wconf 84' lang='lat'><strong>59,</strong></span> <span class='ocrx_word' id='word_1_685' title='bbox 596 2193 628 2219; x_wconf 91' lang='lat' dir='ltr'><strong>ad</strong></span> <span class='ocrx_word' id='word_1_686' title='bbox 639 2194 721 2225; x_wconf 84' lang='lat' dir='ltr'><strong>Avit.,</strong></span> <span class='ocrx_word' id='word_1_687' title='bbox 733 2193 827 2228; x_wconf 70' lang='lat' dir='ltr'><strong>capJ,</strong></span> <span class='ocrx_word' id='word_1_688' title='bbox 845 2200 867 2227; x_wconf 83' lang='lat'><strong>1)</strong></span> <span class='ocrx_word' id='word_1_689' title='bbox 883 2198 994 2220; x_wconf 87' lang='lat' dir='ltr'><strong>naturas</strong></span> <span class='ocrx_word' id='word_1_690' title='bbox 1017 2193 1164 2220; x_wconf 84' lang='lat' dir='ltr'><strong>rationales</strong></span> <span class='ocrx_word' id='word_1_691' title='bbox 1193 2200 1241 2227; x_wconf 90' lang='lat' dir='ltr'><strong>pro</strong></span> <span class='ocrx_word' id='word_1_692' title='bbox 1266 2193 1401 2227; x_wconf 81' lang='lat' dir='ltr'><strong>gravitate</strong></span> <span class='ocrx_word' id='word_1_693' title='bbox 1422 2193 1553 2220; x_wconf 89' lang='lat' dir='ltr'><strong>scelerum</strong></span> <span class='ocrx_word' id='word_1_694' title='bbox 1570 2193 1667 2220; x_wconf 86' lang='lat' dir='ltr'><strong>buma-</strong></span> 
     </span>
    </p>
   </div>
   <div class='ocr_carea' id='block_1_91' title="bbox 55 2232 831 2274">
    <p class='ocr_par' dir='ltr' id='par_1_91' title="bbox 55 2232 831 2274">
     <span class='ocr_line' id='line_1_91' title="bbox 55 2232 831 2274; baseline 0.009 -15"><span class='ocrx_word' id='word_1_695' title='bbox 55 2232 93 2259; x_wconf 89' lang='lat' dir='ltr'><strong>ubi</strong></span> <span class='ocrx_word' id='word_1_696' title='bbox 114 2241 209 2268; x_wconf 75' lang='lat' dir='ltr'><strong>przeter</strong></span> <span class='ocrx_word' id='word_1_697' title='bbox 235 2236 287 2263; x_wconf 87' lang='lat' dir='ltr'><strong>alia</strong></span> <span class='ocrx_word' id='word_1_698' title='bbox 312 2237 417 2272; x_wconf 86' lang='lat' dir='ltr'><strong>insigne</strong></span> <span class='ocrx_word' id='word_1_699' title='bbox 441 2238 520 2270; x_wconf 81' lang='lat' dir='ltr'><strong>istud,</strong></span> <span class='ocrx_word' id='word_1_700' title='bbox 544 2238 624 2265; x_wconf 91' lang='lat' dir='ltr'><strong>habet</strong></span> <span class='ocrx_word' id='word_1_701' title='bbox 648 2246 655 2265; x_wconf 88' lang='lat'><strong>:</strong></span> <span class='ocrx_word' id='word_1_702' title='bbox 687 2233 831 2274; x_wconf 71' lang='lat' dir='ltr'><strong>«Cumque</strong></span> 
     </span>
    </p>
   </div>
   <div class='ocr_carea' id='block_1_92' title="bbox 54 2281 832 2322">
    <p class='ocr_par' dir='ltr' id='par_1_92' title="bbox 54 2281 832 2322">
     <span class='ocr_line' id='line_1_92' title="bbox 54 2281 832 2322; baseline 0.01 -17"><span class='ocrx_word' id='word_1_703' title='bbox 54 2281 133 2307; x_wconf 89' lang='lat' dir='ltr'><strong>omnia</strong></span> <span class='ocrx_word' id='word_1_704' title='bbox 155 2284 229 2310; x_wconf 86' lang='lat' dir='ltr'><strong>vario</strong></span> <span class='ocrx_word' id='word_1_705' title='bbox 258 2291 383 2311; x_wconf 86' lang='lat' dir='ltr'><strong>sermone</strong></span> <span class='ocrx_word' id='word_1_706' title='bbox 412 2289 554 2312; x_wconf 87' lang='lat' dir='ltr'><strong>tractasset</strong></span> <span class='ocrx_word' id='word_1_707' title='bbox 579 2284 731 2322; x_wconf 83' lang='lat' dir='ltr'><strong>(Origenes)</strong></span> <span class='ocrx_word' id='word_1_708' title='bbox 758 2293 832 2313; x_wconf 83' lang='lat' dir='ltr'><strong>asse-</strong></span> 
     </span>
    </p>
   </div>
   <div class='ocr_carea' id='block_1_93' title="bbox 55 2327 832 2365">
    <p class='ocr_par' dir='ltr' id='par_1_93' title="bbox 55 2327 832 2365">
     <span class='ocr_line' id='line_1_93' title="bbox 55 2327 832 2365; baseline 0.01 -15"><span class='ocrx_word' id='word_1_709' title='bbox 55 2331 109 2353; x_wconf 85' lang='lat' dir='ltr'><strong>rens</strong></span> <span class='ocrx_word' id='word_1_710' title='bbox 122 2327 253 2356; x_wconf 84' lang='lat' dir='ltr'><strong>diabolum</strong></span> <span class='ocrx_word' id='word_1_711' title='bbox 277 2338 329 2357; x_wconf 90' lang='lat' dir='ltr'><strong>non</strong></span> <span class='ocrx_word' id='word_1_712' title='bbox 347 2331 504 2365; x_wconf 85' lang='lat' dir='ltr'><strong>incapacem</strong></span> <span class='ocrx_word' id='word_1_713' title='bbox 528 2338 588 2358; x_wconf 88' lang='lat' dir='ltr'><strong>esse</strong></span> <span class='ocrx_word' id='word_1_714' title='bbox 603 2331 710 2358; x_wconf 90' lang='lat' dir='ltr'><strong>virtutis</strong></span> <span class='ocrx_word' id='word_1_715' title='bbox 723 2351 730 2363; x_wconf 87' lang='lat'><strong>,</strong></span> <span class='ocrx_word' id='word_1_716' title='bbox 749 2335 776 2359; x_wconf 85' lang='lat' dir='ltr'><strong>et</strong></span> <span class='ocrx_word' id='word_1_717' title='bbox 792 2336 832 2358; x_wconf 89' lang='lat' dir='ltr'><strong>ta-</strong></span> 
     </span>
    </p>
   </div>
   <div class='ocr_carea' id='block_1_94' title="bbox 55 2375 830 2412">
    <p class='ocr_par' dir='ltr' id='par_1_94' title="bbox 55 2375 830 2412">
     <span class='ocr_line' id='line_1_94' title="bbox 55 2375 830 2412; baseline 0.006 -13"><span class='ocrx_word' id='word_1_718' title='bbox 55 2377 110 2398; x_wconf 69' lang='lat' dir='ltr'><strong>mEn</strong></span> <span class='ocrx_word' id='word_1_719' title='bbox 125 2375 236 2402; x_wconf 90' lang='lat' dir='ltr'><strong>necdum</strong></span> <span class='ocrx_word' id='word_1_720' title='bbox 253 2376 321 2402; x_wconf 87' lang='lat' dir='ltr'><strong>velle</strong></span> <span class='ocrx_word' id='word_1_721' title='bbox 342 2385 438 2412; x_wconf 85' lang='lat' dir='ltr'><strong>capere</strong></span> <span class='ocrx_word' id='word_1_722' title='bbox 456 2377 603 2410; x_wconf 87' lang='lat' dir='ltr'><strong>virtutem;</strong></span> <span class='ocrx_word' id='word_1_723' title='bbox 625 2377 659 2403; x_wconf 90' lang='lat' dir='ltr'><strong>ad</strong></span> <span class='ocrx_word' id='word_1_724' title='bbox 679 2382 830 2405; x_wconf 87' lang='lat' dir='ltr'><strong>extremum</strong></span> 
     </span>
    </p>
   </div>
   <div class='ocr_carea' id='block_1_95' title="bbox 55 2422 829 2457">
    <p class='ocr_par' dir='ltr' id='par_1_95' title="bbox 55 2422 829 2457">
     <span class='ocr_line' id='line_1_95' title="bbox 55 2422 829 2457; baseline 0.01 -15"><span class='ocrx_word' id='word_1_725' title='bbox 55 2423 168 2447; x_wconf 85' lang='lat' dir='ltr'><strong>sermone</strong></span> <span class='ocrx_word' id='word_1_726' title='bbox 194 2422 325 2450; x_wconf 88' lang='lat' dir='ltr'><strong>latissimo</strong></span> <span class='ocrx_word' id='word_1_727' title='bbox 348 2423 495 2457; x_wconf 85' lang='lat' dir='ltr'><strong>disputavit</strong></span> <span class='ocrx_word' id='word_1_728' title='bbox 522 2423 666 2457; x_wconf 82' lang='lat' dir='ltr'><strong>angelum,</strong></span> <span class='ocrx_word' id='word_1_729' title='bbox 694 2423 752 2450; x_wconf 90' lang='lat' dir='ltr'><strong>sive</strong></span> <span class='ocrx_word' id='word_1_730' title='bbox 771 2423 829 2450; x_wconf 91' lang='lat' dir='ltr'><strong>ani-</strong></span> 
     </span>
    </p>
   </div>
   <div class='ocr_carea' id='block_1_96' title="bbox 58 2468 832 2504">
    <p class='ocr_par' dir='ltr' id='par_1_96' title="bbox 58 2468 832 2504">
     <span class='ocr_line' id='line_1_96' title="bbox 58 2468 832 2504; baseline 0 -7"><span class='ocrx_word' id='word_1_731' title='bbox 58 2469 120 2490; x_wconf 64' lang='lat' dir='ltr'><strong>mal“</strong></span> <span class='ocrx_word' id='word_1_732' title='bbox 133 2485 140 2497; x_wconf 72' lang='grc'><strong>9</strong></span> <span class='ocrx_word' id='word_1_733' title='bbox 153 2473 197 2495; x_wconf 83' lang='lat' dir='ltr'><strong>ant</strong></span> <span class='ocrx_word' id='word_1_734' title='bbox 212 2475 286 2497; x_wconf 85' lang='lat' dir='ltr'><strong>certe</strong></span> <span class='ocrx_word' id='word_1_735' title='bbox 301 2470 463 2501; x_wconf 67' lang='lat' dir='ltr'><strong>daemonem,</strong></span> <span class='ocrx_word' id='word_1_736' title='bbox 479 2477 548 2504; x_wconf 89' lang='lat' dir='ltr'><strong>quos</strong></span> <span class='ocrx_word' id='word_1_737' title='bbox 563 2469 642 2496; x_wconf 92' lang='lat' dir='ltr'><strong>unius</strong></span> <span class='ocrx_word' id='word_1_738' title='bbox 659 2468 756 2496; x_wconf 90' lang='lat' dir='ltr'><strong>asserit</strong></span> <span class='ocrx_word' id='word_1_739' title='bbox 772 2476 832 2497; x_wconf 88' lang='lat' dir='ltr'><strong>esse</strong></span> 
     </span>
    </p>
   </div>
   <div class='ocr_carea' id='block_1_97' title="bbox 57 2514 831 2550">
    <p class='ocr_par' dir='ltr' id='par_1_97' title="bbox 57 2514 831 2550">
     <span class='ocr_line' id='line_1_97' title="bbox 57 2514 831 2550; baseline 0.012 -17"><span class='ocrx_word' id='word_1_740' title='bbox 57 2514 159 2546; x_wconf 61' lang='lat' dir='ltr'><strong>naturai,</strong></span> <span class='ocrx_word' id='word_1_741' title='bbox 182 2518 229 2543; x_wconf 86' lang='lat' dir='ltr'><strong>sed</strong></span> <span class='ocrx_word' id='word_1_742' title='bbox 249 2517 416 2543; x_wconf 87' lang='lat' dir='ltr'><strong>diversarum</strong></span> <span class='ocrx_word' id='word_1_743' title='bbox 432 2516 616 2547; x_wconf 87' lang='lat' dir='ltr'><strong>voluntatum,</strong></span> <span class='ocrx_word' id='word_1_744' title='bbox 633 2523 682 2550; x_wconf 90' lang='lat' dir='ltr'><strong>pro</strong></span> <span class='ocrx_word' id='word_1_745' title='bbox 697 2516 831 2549; x_wconf 82' lang='lat' dir='ltr'><strong>magnitu-</strong></span> 
     </span>
    </p>
   </div>
   <div class='ocr_carea' id='block_1_98' title="bbox 59 2553 830 2596">
    <p class='ocr_par' dir='ltr' id='par_1_98' title="bbox 59 2553 830 2596">
     <span class='ocr_line' id='line_1_98' title="bbox 59 2553 830 2596; baseline 0.006 -14"><span class='ocrx_word' id='word_1_746' title='bbox 59 2553 112 2583; x_wconf 86' lang='lat' dir='ltr'><strong>dine</strong></span> <span class='ocrx_word' id='word_1_747' title='bbox 127 2560 292 2596; x_wconf 61' lang='lat' dir='ltr'><strong>negligentiie</strong></span> <span class='ocrx_word' id='word_1_748' title='bbox 306 2566 332 2589; x_wconf 89' lang='lat' dir='ltr'><strong>et</strong></span> <span class='ocrx_word' id='word_1_749' title='bbox 346 2562 466 2589; x_wconf 58' lang='lat' dir='ltr'><strong>stultitim</strong></span> <span class='ocrx_word' id='word_1_750' title='bbox 480 2561 630 2595; x_wconf 86' lang='lat' dir='ltr'><strong>jumentum</strong></span> <span class='ocrx_word' id='word_1_751' title='bbox 655 2569 733 2596; x_wconf 86' lang='lat' dir='ltr'><strong>posse</strong></span> <span class='ocrx_word' id='word_1_752' title='bbox 754 2561 830 2588; x_wconf 87' lang='lat' dir='ltr'><strong>lieri:</strong></span> 
     </span>
    </p>
   </div>
   <div class='ocr_carea' id='block_1_99' title="bbox 57 2604 830 2643">
    <p class='ocr_par' dir='ltr' id='par_1_99' title="bbox 57 2604 830 2643">
     <span class='ocr_line' id='line_1_99' title="bbox 57 2604 830 2643; baseline 0.005 -13"><span class='ocrx_word' id='word_1_753' title='bbox 57 2604 81 2626; x_wconf 77' lang='grc' dir='ltr'>ει</span> <span class='ocrx_word' id='word_1_754' title='bbox 92 2609 135 2636; x_wconf 84' lang='lat' dir='ltr'><strong>pro</strong></span> <span class='ocrx_word' id='word_1_755' title='bbox 151 2606 241 2635; x_wconf 90' lang='lat' dir='ltr'><strong>dolore</strong></span> <span class='ocrx_word' id='word_1_756' title='bbox 256 2615 412 2643; x_wconf 84' lang='lat' dir='ltr'><strong>pcenarum,</strong></span> <span class='ocrx_word' id='word_1_757' title='bbox 428 2612 455 2635; x_wconf 91' lang='lat' dir='ltr'><strong>et</strong></span> <span class='ocrx_word' id='word_1_758' title='bbox 472 2607 541 2643; x_wconf 87' lang='lat' dir='ltr'><strong>ignis</strong></span> <span class='ocrx_word' id='word_1_759' title='bbox 557 2607 666 2638; x_wconf 84' lang='lat' dir='ltr'><strong>ardore,</strong></span> <span class='ocrx_word' id='word_1_760' title='bbox 682 2608 766 2642; x_wconf 84' lang='lat' dir='ltr'><strong>magis</strong></span> <span class='ocrx_word' id='word_1_761' title='bbox 780 2607 830 2634; x_wconf 87' lang='lat' dir='ltr'><strong>eli-</strong></span> 
     </span>
    </p>
   </div>
   <div class='ocr_carea' id='block_1_100' title="bbox 59 2651 834 2688">
    <p class='ocr_par' dir='ltr' id='par_1_100' title="bbox 59 2651 834 2688">
     <span class='ocr_line' id='line_1_100' title="bbox 59 2651 834 2688; baseline 0.005 -12"><span class='ocrx_word' id='word_1_762' title='bbox 59 2651 112 2677; x_wconf 56' lang='lat' dir='ltr'><strong>gere</strong></span> <span class='ocrx_word' id='word_1_763' title='bbox 130 2655 157 2677; x_wconf 88' lang='lat' dir='ltr'><strong>ut</strong></span> <span class='ocrx_word' id='word_1_764' title='bbox 183 2653 290 2680; x_wconf 88' lang='lat' dir='ltr'><strong>brutmn</strong></span> <span class='ocrx_word' id='word_1_765' title='bbox 314 2654 415 2681; x_wconf 87' lang='lat' dir='ltr'><strong>animal</strong></span> <span class='ocrx_word' id='word_1_766' title='bbox 430 2654 485 2685; x_wconf 91' lang='lat' dir='ltr'><strong>sit,</strong></span> <span class='ocrx_word' id='word_1_767' title='bbox 505 2659 532 2681; x_wconf 88' lang='lat' dir='ltr'><strong>et</strong></span> <span class='ocrx_word' id='word_1_768' title='bbox 547 2654 574 2680; x_wconf 91' lang='lat' dir='ltr'><strong>in</strong></span> <span class='ocrx_word' id='word_1_769' title='bbox 595 2654 675 2688; x_wconf 89' lang='lat' dir='ltr'><strong>aquis</strong></span> <span class='ocrx_word' id='word_1_770' title='bbox 690 2653 792 2680; x_wconf 89' lang='lat' dir='ltr'><strong>habitet</strong></span> <span class='ocrx_word' id='word_1_771' title='bbox 806 2658 834 2681; x_wconf 90' lang='lat' dir='ltr'><strong>et</strong></span> 
     </span>
    </p>
   </div>
   <div class='ocr_carea' id='block_1_101' title="bbox 59 2689 831 2735">
    <p class='ocr_par' dir='ltr' id='par_1_101' title="bbox 59 2689 831 2735">
     <span class='ocr_line' id='line_1_101' title="bbox 59 2689 831 2735; baseline 0.009 -16"><span class='ocrx_word' id='word_1_772' title='bbox 59 2689 185 2731; x_wconf 81' lang='lat' dir='ltr'><strong>ﬂuctibus,</strong></span> <span class='ocrx_word' id='word_1_773' title='bbox 202 2707 234 2726; x_wconf 91' lang='lat' dir='ltr'><strong>ac</strong></span> <span class='ocrx_word' id='word_1_774' title='bbox 254 2708 352 2735; x_wconf 85' lang='lat' dir='ltr'><strong>corpus</strong></span> <span class='ocrx_word' id='word_1_775' title='bbox 373 2707 513 2727; x_wconf 86' lang='lat' dir='ltr'><strong>assumere</strong></span> <span class='ocrx_word' id='word_1_776' title='bbox 535 2699 617 2734; x_wconf 87' lang='lat' dir='ltr'><strong>hujus</strong></span> <span class='ocrx_word' id='word_1_777' title='bbox 634 2699 675 2727; x_wconf 90' lang='lat' dir='ltr'><strong>vel</strong></span> <span class='ocrx_word' id='word_1_778' title='bbox 692 2699 763 2726; x_wconf 90' lang='lat' dir='ltr'><strong>illius</strong></span> <span class='ocrx_word' id='word_1_779' title='bbox 783 2707 831 2733; x_wconf 90' lang='lat' dir='ltr'><strong>pe--</strong></span> 
     </span>
    </p>
   </div>
   <div class='ocr_carea' id='block_1_102' title="bbox 61 2739 834 2780">
    <p class='ocr_par' dir='ltr' id='par_1_102' title="bbox 61 2739 834 2780">
     <span class='ocr_line' id='line_1_102' title="bbox 61 2739 834 2780; baseline 0.012 -18"><span class='ocrx_word' id='word_1_780' title='bbox 61 2739 123 2766; x_wconf 75' lang='lat' dir='ltr'><strong>curis</strong></span> <span class='ocrx_word' id='word_1_781' title='bbox 140 2751 146 2768; x_wconf 91' lang='lat'><strong>:</strong></span> <span class='ocrx_word' id='word_1_782' title='bbox 164 2749 193 2770; x_wconf 89' lang='lat' dir='ltr'><strong>ut</strong></span> <span class='ocrx_word' id='word_1_783' title='bbox 216 2745 293 2773; x_wconf 88' lang='lat' dir='ltr'><strong>nobis</strong></span> <span class='ocrx_word' id='word_1_784' title='bbox 311 2755 364 2773; x_wconf 91' lang='lat' dir='ltr'><strong>non</strong></span> <span class='ocrx_word' id='word_1_785' title='bbox 383 2746 469 2773; x_wconf 88' lang='lat' dir='ltr'><strong>solum</strong></span> <span class='ocrx_word' id='word_1_786' title='bbox 496 2745 716 2780; x_wconf 85' lang='lat' dir='ltr'><strong>quadrupedum,</strong></span> <span class='ocrx_word' id='word_1_787' title='bbox 741 2745 787 2772; x_wconf 85' lang='lat' dir='ltr'><strong>sed</strong></span> <span class='ocrx_word' id='word_1_788' title='bbox 806 2748 834 2771; x_wconf 83' lang='lat' dir='ltr'><strong>et.</strong></span> 
     </span>
    </p>
   </div>
   <div class='ocr_carea' id='block_1_103' title="bbox 60 2781 832 2824">
    <p class='ocr_par' dir='ltr' id='par_1_103' title="bbox 60 2781 832 2824">
     <span class='ocr_line' id='line_1_103' title="bbox 60 2781 832 2824; baseline 0.003 -10"><span class='ocrx_word' id='word_1_789' title='bbox 60 2781 161 2814; x_wconf 74' lang='lat' dir='ltr'><strong>Piscium</strong></span> <span class='ocrx_word' id='word_1_790' title='bbox 176 2796 287 2824; x_wconf 82' lang='lat' dir='ltr'><strong>corpora</strong></span> <span class='ocrx_word' id='word_1_791' title='bbox 303 2790 357 2818; x_wconf 90' lang='lat' dir='ltr'><strong>sint</strong></span> <span class='ocrx_word' id='word_1_792' title='bbox 375 2790 502 2818; x_wconf 82' lang='lat' dir='ltr'><strong>timenda.</strong></span> <span class='ocrx_word' id='word_1_793' title='bbox 519 2799 528 2815; x_wconf 75' lang='grc' dir='ltr'><strong>ι</strong></span> <span class='ocrx_word' id='word_1_794' title='bbox 545 2790 633 2824; x_wconf 83' lang='lat' dir='ltr'><strong>Atque</strong></span> <span class='ocrx_word' id='word_1_795' title='bbox 651 2791 721 2817; x_wconf 89' lang='lat' dir='ltr'><strong>hanc</strong></span> <span class='ocrx_word' id='word_1_796' title='bbox 737 2791 770 2817; x_wconf 85' lang='lat' dir='ltr'><strong>de</strong></span> <span class='ocrx_word' id='word_1_797' title='bbox 783 2798 832 2816; x_wconf 89' lang='lat' dir='ltr'><strong>na-</strong></span> 
     </span>
    </p>
   </div>
   <div class='ocr_carea' id='block_1_104' title="bbox 61 2830 831 2871">
    <p class='ocr_par' dir='ltr' id='par_1_104' title="bbox 61 2830 831 2871">
     <span class='ocr_line' id='line_1_104' title="bbox 61 2830 831 2871; baseline 0.012 -16"><span class='ocrx_word' id='word_1_798' title='bbox 61 2830 118 2858; x_wconf 86' lang='lat' dir='ltr'><strong>turis</strong></span> <span class='ocrx_word' id='word_1_799' title='bbox 133 2835 305 2865; x_wconf 84' lang='lat' dir='ltr'><strong>rationalibus</strong></span> <span class='ocrx_word' id='word_1_800' title='bbox 318 2838 344 2865; x_wconf 91' lang='lat' dir='ltr'><strong>in</strong></span> <span class='ocrx_word' id='word_1_801' title='bbox 358 2837 538 2870; x_wconf 84' lang='lat' dir='ltr'><strong>iumentorum</strong></span> <span class='ocrx_word' id='word_1_802' title='bbox 555 2843 668 2871; x_wconf 85' lang='lat' dir='ltr'><strong>corpora</strong></span> <span class='ocrx_word' id='word_1_803' title='bbox 685 2835 831 2864; x_wconf 86' lang='lat' dir='ltr'><strong>demitten-</strong></span> 
     </span>
    </p>
   </div>
   <div class='ocr_carea' id='block_1_105' title="bbox 881 2238 1665 2274">
    <p class='ocr_par' dir='ltr' id='par_1_105' title="bbox 881 2238 1665 2274">
     <span class='ocr_line' id='line_1_105' title="bbox 881 2238 1665 2274; baseline 0 -8"><span class='ocrx_word' id='word_1_804' title='bbox 881 2248 942 2266; x_wconf 91' lang='lat' dir='ltr'><strong>nam</strong></span> <span class='ocrx_word' id='word_1_805' title='bbox 952 2240 1064 2266; x_wconf 89' lang='lat' dir='ltr'><strong>induere</strong></span> <span class='ocrx_word' id='word_1_806' title='bbox 1082 2243 1204 2265; x_wconf 82' lang='lat' dir='ltr'><strong>naturam</strong></span> <span class='ocrx_word' id='word_1_807' title='bbox 1215 2257 1223 2270; x_wconf 95' lang='lat'><strong>,</strong></span> <span class='ocrx_word' id='word_1_808' title='bbox 1239 2243 1266 2264; x_wconf 89' lang='lat' dir='ltr'><strong>et</strong></span> <span class='ocrx_word' id='word_1_809' title='bbox 1279 2238 1472 2273; x_wconf 82' lang='lat' dir='ltr'><strong>gravissimum</strong></span> <span class='ocrx_word' id='word_1_810' title='bbox 1486 2247 1585 2274; x_wconf 87' lang='lat' dir='ltr'><strong>corpus</strong></span> <span class='ocrx_word' id='word_1_811' title='bbox 1602 2240 1665 2266; x_wconf 89' lang='lat' dir='ltr'><strong>sub-</strong></span> 
     </span>
    </p>
   </div>
   <div class='ocr_carea' id='block_1_106' title="bbox 880 2283 1668 2318">
    <p class='ocr_par' dir='ltr' id='par_1_106' title="bbox 880 2283 1668 2318">
     <span class='ocr_line' id='line_1_106' title="bbox 880 2283 1668 2318; baseline 0.003 -7"><span class='ocrx_word' id='word_1_812' title='bbox 880 2284 919 2311; x_wconf 84' lang='lat' dir='ltr'><strong>ire</strong></span> <span class='ocrx_word' id='word_1_813' title='bbox 949 2290 1142 2317; x_wconf 87' lang='lat' dir='ltr'><strong>nonnunquam</strong></span> <span class='ocrx_word' id='word_1_814' title='bbox 1161 2283 1276 2315; x_wconf 91' lang='lat' dir='ltr'><strong>statuit,</strong></span> <span class='ocrx_word' id='word_1_815' title='bbox 1300 2290 1496 2318; x_wconf 84' lang='lat' dir='ltr'><strong>nonnunquam</strong></span> <span class='ocrx_word' id='word_1_816' title='bbox 1519 2293 1584 2312; x_wconf 89' lang='lat' dir='ltr'><strong>vero</strong></span> <span class='ocrx_word' id='word_1_817' title='bbox 1611 2285 1668 2313; x_wconf 66' lang='grc' dir='ltr'><strong>ἀξε-</strong></span> 
     </span>
    </p>
   </div>
   <div class='ocr_carea' id='block_1_107' title="bbox 881 2327 1666 2363">
    <p class='ocr_par' dir='ltr' id='par_1_107' title="bbox 881 2327 1666 2363">
     <span class='ocr_line' id='line_1_107' title="bbox 881 2327 1666 2363; baseline 0.005 -9"><span class='ocrx_word' id='word_1_818' title='bbox 881 2335 989 2354; x_wconf 83' lang='grc' dir='ltr'>ιιιοιιυηι</span> <span class='ocrx_word' id='word_1_819' title='bbox 1017 2332 1160 2359; x_wconf 87' lang='lat' dir='ltr'><strong>naturam,</strong></span> <span class='ocrx_word' id='word_1_820' title='bbox 1193 2327 1373 2360; x_wconf 79' lang='lat' dir='ltr'><strong>subtiliusque</strong></span> <span class='ocrx_word' id='word_1_821' title='bbox 1399 2335 1497 2363; x_wconf 90' lang='lat' dir='ltr'><strong>corpus</strong></span> <span class='ocrx_word' id='word_1_822' title='bbox 1521 2330 1666 2358; x_wconf 85' lang='lat' dir='ltr'><strong>asciscere.</strong></span> 
     </span>
    </p>
   </div>
   <div class='ocr_carea' id='block_1_108' title="bbox 881 2372 1666 2407">
    <p class='ocr_par' dir='ltr' id='par_1_108' title="bbox 881 2372 1666 2407">
     <span class='ocr_line' id='line_1_108' title="bbox 881 2372 1666 2407; baseline 0.003 -7"><span class='ocrx_word' id='word_1_823' title='bbox 881 2373 950 2407; x_wconf 79' lang='lat' dir='ltr'><strong>Quin</strong></span> <span class='ocrx_word' id='word_1_824' title='bbox 965 2373 1045 2400; x_wconf 86' lang='lat' dir='ltr'><strong>etiam</strong></span> <span class='ocrx_word' id='word_1_825' title='bbox 1061 2372 1198 2399; x_wconf 68' lang='lat' dir='ltr'><strong>daemones</strong></span> <span class='ocrx_word' id='word_1_826' title='bbox 1211 2372 1288 2398; x_wconf 85' lang='lat' dir='ltr'><strong>novis</strong></span> <span class='ocrx_word' id='word_1_827' title='bbox 1303 2373 1431 2401; x_wconf 85' lang='lat' dir='ltr'><strong>admissis</strong></span> <span class='ocrx_word' id='word_1_828' title='bbox 1446 2375 1596 2403; x_wconf 88' lang='lat' dir='ltr'><strong>sceleribus</strong></span> <span class='ocrx_word' id='word_1_829' title='bbox 1618 2378 1666 2404; x_wconf 88' lang='lat' dir='ltr'><strong>ho-</strong></span> 
     </span>
    </p>
   </div>
   <div class='ocr_carea' id='block_1_109' title="bbox 884 2415 1667 2455">
    <p class='ocr_par' dir='ltr' id='par_1_109' title="bbox 884 2415 1667 2455">
     <span class='ocr_line' id='line_1_109' title="bbox 884 2415 1667 2455; baseline 0.003 -11"><span class='ocrx_word' id='word_1_830' title='bbox 884 2419 969 2445; x_wconf 90' lang='lat' dir='ltr'><strong>mines</strong></span> <span class='ocrx_word' id='word_1_831' title='bbox 983 2417 1052 2450; x_wconf 89' lang='lat' dir='ltr'><strong>lieri,</strong></span> <span class='ocrx_word' id='word_1_832' title='bbox 1066 2422 1092 2444; x_wconf 90' lang='lat' dir='ltr'><strong>et</strong></span> <span class='ocrx_word' id='word_1_833' title='bbox 1111 2417 1234 2444; x_wconf 87' lang='lat' dir='ltr'><strong>homines</strong></span> <span class='ocrx_word' id='word_1_834' title='bbox 1247 2415 1365 2444; x_wconf 85' lang='lat' dir='ltr'><strong>vicissim</strong></span> <span class='ocrx_word' id='word_1_835' title='bbox 1381 2426 1512 2446; x_wconf 65' lang='lat' dir='ltr'><strong>novarum</strong></span> <span class='ocrx_word' id='word_1_836' title='bbox 1529 2420 1604 2455; x_wconf 86' lang='lat' dir='ltr'><strong>culpa</strong></span> <span class='ocrx_word' id='word_1_837' title='bbox 1611 2429 1667 2447; x_wconf 90' lang='lat' dir='ltr'><strong>rttm</strong></span> 
     </span>
    </p>
   </div>
   <div class='ocr_carea' id='block_1_110' title="bbox 883 2465 1668 2498">
    <p class='ocr_par' dir='ltr' id='par_1_110' title="bbox 883 2465 1668 2498">
     <span class='ocr_line' id='line_1_110' title="bbox 883 2465 1668 2498; baseline 0.004 -8"><span class='ocrx_word' id='word_1_838' title='bbox 883 2471 944 2491; x_wconf 87' lang='lat' dir='ltr'><strong>reos</strong></span> <span class='ocrx_word' id='word_1_839' title='bbox 956 2465 982 2490; x_wconf 89' lang='lat' dir='ltr'><strong>in</strong></span> <span class='ocrx_word' id='word_1_840' title='bbox 998 2465 1150 2491; x_wconf 64' lang='lat' dir='ltr'><strong>darmouum</strong></span> <span class='ocrx_word' id='word_1_841' title='bbox 1168 2468 1293 2490; x_wconf 88' lang='lat' dir='ltr'><strong>naturam</strong></span> <span class='ocrx_word' id='word_1_842' title='bbox 1306 2468 1333 2490; x_wconf 89' lang='lat' dir='ltr'><strong>et</strong></span> <span class='ocrx_word' id='word_1_843' title='bbox 1349 2471 1447 2498; x_wconf 88' lang='lat' dir='ltr'><strong>corpus</strong></span> <span class='ocrx_word' id='word_1_844' title='bbox 1464 2466 1581 2492; x_wconf 84' lang='lat' dir='ltr'><strong>transire</strong></span> <span class='ocrx_word' id='word_1_845' title='bbox 1594 2474 1668 2493; x_wconf 87' lang='lat' dir='ltr'><strong>assc-</strong></span> 
     </span>
    </p>
   </div>
   <div class='ocr_carea' id='block_1_111' title="bbox 884 2509 1668 2545">
    <p class='ocr_par' dir='ltr' id='par_1_111' title="bbox 884 2509 1668 2545">
     <span class='ocr_line' id='line_1_111' title="bbox 884 2509 1668 2545; baseline 0.001 -8"><span class='ocrx_word' id='word_1_846' title='bbox 884 2510 920 2537; x_wconf 92' lang='lat' dir='ltr'><strong>rit</strong></span> <span class='ocrx_word' id='word_1_847' title='bbox 944 2510 1014 2544; x_wconf 90' lang='lat' dir='ltr'><strong>apud</strong></span> <span class='ocrx_word' id='word_1_848' title='bbox 1032 2509 1225 2545; x_wconf 88' lang='lat' dir='ltr'><strong>Hieronymum</strong></span> <span class='ocrx_word' id='word_1_849' title='bbox 1249 2511 1329 2545; x_wconf 88' lang='lat' dir='ltr'><strong>epist.</strong></span> <span class='ocrx_word' id='word_1_850' title='bbox 1342 2511 1376 2538; x_wconf 83' lang='lat'><strong>59</strong></span> <span class='ocrx_word' id='word_1_851' title='bbox 1401 2512 1433 2538; x_wconf 89' lang='lat' dir='ltr'><strong>ad</strong></span> <span class='ocrx_word' id='word_1_852' title='bbox 1446 2512 1518 2538; x_wconf 81' lang='lat' dir='ltr'><strong>Avit.</strong></span> <span class='ocrx_word' id='word_1_853' title='bbox 1535 2531 1543 2543; x_wconf 89' lang='lat'><strong>,</strong></span> <span class='ocrx_word' id='word_1_854' title='bbox 1557 2519 1615 2545; x_wconf 83' lang='lat' dir='ltr'><strong>cap.</strong></span> <span class='ocrx_word' id='word_1_855' title='bbox 1635 2513 1668 2539; x_wconf 74' lang='lat' dir='ltr'><strong>i:</strong></span> 
     </span>
    </p>
   </div>
   <div class='ocr_carea' id='block_1_112' title="bbox 886 2554 1668 2592">
    <p class='ocr_par' dir='ltr' id='par_1_112' title="bbox 886 2554 1668 2592">
     <span class='ocr_line' id='line_1_112' title="bbox 886 2554 1668 2592; baseline 0.006 -12"><span class='ocrx_word' id='word_1_856' title='bbox 886 2564 895 2580; x_wconf 73' lang='grc' dir='ltr'><strong>ι</strong></span> <span class='ocrx_word' id='word_1_857' title='bbox 910 2554 948 2582; x_wconf 90' lang='lat' dir='ltr'><strong>lta</strong></span> <span class='ocrx_word' id='word_1_858' title='bbox 966 2559 1075 2586; x_wconf 89' lang='lat' dir='ltr'><strong>cuncta,</strong></span> <span class='ocrx_word' id='word_1_859' title='bbox 1094 2555 1193 2588; x_wconf 85' lang='lat' dir='ltr'><strong>inquit,</strong></span> <span class='ocrx_word' id='word_1_860' title='bbox 1217 2555 1318 2582; x_wconf 87' lang='lat' dir='ltr'><strong>variari</strong></span> <span class='ocrx_word' id='word_1_861' title='bbox 1339 2555 1526 2592; x_wconf 84' lang='lat' dir='ltr'><strong>(arbitramur)</strong></span> <span class='ocrx_word' id='word_1_862' title='bbox 1545 2561 1573 2582; x_wconf 92' lang='lat' dir='ltr'><strong>ut</strong></span> <span class='ocrx_word' id='word_1_863' title='bbox 1585 2561 1611 2584; x_wconf 91' lang='lat' dir='ltr'><strong>ct</strong></span> <span class='ocrx_word' id='word_1_864' title='bbox 1623 2559 1668 2592; x_wconf 82' lang='lat' dir='ltr'><strong>qui</strong></span> 
     </span>
    </p>
   </div>
   <div class='ocr_carea' id='block_1_113' title="bbox 885 2599 1668 2637">
    <p class='ocr_par' dir='ltr' id='par_1_113' title="bbox 885 2599 1668 2637">
     <span class='ocr_line' id='line_1_113' title="bbox 885 2599 1668 2637; baseline 0.004 -10"><span class='ocrx_word' id='word_1_865' title='bbox 885 2607 955 2628; x_wconf 90' lang='lat' dir='ltr'><strong>nunc</strong></span> <span class='ocrx_word' id='word_1_866' title='bbox 973 2599 1055 2626; x_wconf 92' lang='lat' dir='ltr'><strong>homo</strong></span> <span class='ocrx_word' id='word_1_867' title='bbox 1069 2605 1125 2633; x_wconf 90' lang='lat' dir='ltr'><strong>est,</strong></span> <span class='ocrx_word' id='word_1_868' title='bbox 1149 2600 1235 2634; x_wconf 89' lang='lat' dir='ltr'><strong>possit</strong></span> <span class='ocrx_word' id='word_1_869' title='bbox 1249 2602 1275 2628; x_wconf 89' lang='lat' dir='ltr'><strong>in</strong></span> <span class='ocrx_word' id='word_1_870' title='bbox 1293 2602 1345 2629; x_wconf 91' lang='lat' dir='ltr'><strong>alio</strong></span> <span class='ocrx_word' id='word_1_871' title='bbox 1362 2602 1461 2628; x_wconf 85' lang='lat' dir='ltr'><strong>mundo</strong></span> <span class='ocrx_word' id='word_1_872' title='bbox 1474 2602 1579 2629; x_wconf 71' lang='lat' dir='ltr'><strong>daemon</strong></span> <span class='ocrx_word' id='word_1_873' title='bbox 1595 2603 1668 2637; x_wconf 84' lang='lat' dir='ltr'><strong>ﬁeri;</strong></span> 
     </span>
    </p>
   </div>
   <div class='ocr_carea' id='block_1_114' title="bbox 881 2647 1671 2683">
    <p class='ocr_par' dir='ltr' id='par_1_114' title="bbox 881 2647 1671 2683">
     <span class='ocr_line' id='line_1_114' title="bbox 881 2647 1671 2683; baseline 0.001 -8"><span class='ocrx_word' id='word_1_874' title='bbox 881 2654 910 2675; x_wconf 92' lang='lat' dir='ltr'><strong>et</strong></span> <span class='ocrx_word' id='word_1_875' title='bbox 926 2647 971 2683; x_wconf 92' lang='lat' dir='ltr'><strong>qui</strong></span> <span class='ocrx_word' id='word_1_876' title='bbox 988 2648 1091 2674; x_wconf 76' lang='lat' dir='ltr'><strong>daemon</strong></span> <span class='ocrx_word' id='word_1_877' title='bbox 1109 2652 1160 2680; x_wconf 87' lang='lat' dir='ltr'><strong>est,</strong></span> <span class='ocrx_word' id='word_1_878' title='bbox 1181 2652 1208 2674; x_wconf 92' lang='lat' dir='ltr'><strong>et</strong></span> <span class='ocrx_word' id='word_1_879' title='bbox 1226 2648 1405 2683; x_wconf 77' lang='lat' dir='ltr'><strong>ncgligentius</strong></span> <span class='ocrx_word' id='word_1_880' title='bbox 1425 2648 1512 2683; x_wconf 84' lang='lat' dir='ltr'><strong>egerit</strong></span> <span class='ocrx_word' id='word_1_881' title='bbox 1525 2668 1532 2680; x_wconf 85' lang='lat'><strong>,</strong></span> <span class='ocrx_word' id='word_1_882' title='bbox 1553 2649 1580 2676; x_wconf 92' lang='lat' dir='ltr'><strong>in</strong></span> <span class='ocrx_word' id='word_1_883' title='bbox 1597 2656 1671 2676; x_wconf 81' lang='lat' dir='ltr'><strong>cras-</strong></span> 
     </span>
    </p>
   </div>
   <div class='ocr_carea' id='block_1_115' title="bbox 880 2693 1667 2728">
    <p class='ocr_par' dir='ltr' id='par_1_115' title="bbox 880 2693 1667 2728">
     <span class='ocr_line' id='line_1_115' title="bbox 880 2693 1667 2728; baseline -0.003 -7"><span class='ocrx_word' id='word_1_884' title='bbox 880 2695 953 2722; x_wconf 86' lang='lat' dir='ltr'><strong>siora</strong></span> <span class='ocrx_word' id='word_1_885' title='bbox 978 2701 1091 2728; x_wconf 85' lang='lat' dir='ltr'><strong>corpora</strong></span> <span class='ocrx_word' id='word_1_886' title='bbox 1116 2693 1266 2728; x_wconf 87' lang='lat' dir='ltr'><strong>relegetur,</strong></span> <span class='ocrx_word' id='word_1_887' title='bbox 1291 2694 1315 2720; x_wconf 90' lang='lat' dir='ltr'><strong>id</strong></span> <span class='ocrx_word' id='word_1_888' title='bbox 1345 2699 1406 2726; x_wconf 89' lang='lat' dir='ltr'><strong>est,</strong></span> <span class='ocrx_word' id='word_1_889' title='bbox 1432 2699 1460 2720; x_wconf 93' lang='lat' dir='ltr'><strong>ut</strong></span> <span class='ocrx_word' id='word_1_890' title='bbox 1485 2694 1565 2721; x_wconf 91' lang='lat' dir='ltr'><strong>homo</strong></span> <span class='ocrx_word' id='word_1_891' title='bbox 1587 2695 1643 2720; x_wconf 84' lang='lat' dir='ltr'><strong>liat.</strong></span> <span class='ocrx_word' id='word_1_892' title='bbox 1658 2704 1667 2718; x_wconf 75' lang='grc' dir='ltr'><strong>ι</strong></span> 
     </span>
    </p>
   </div>
   <div class='ocr_carea' id='block_1_116' title="bbox 880 2739 1670 2774">
    <p class='ocr_par' dir='ltr' id='par_1_116' title="bbox 880 2739 1670 2774">
     <span class='ocr_line' id='line_1_116' title="bbox 880 2739 1670 2774; baseline 0.001 -7"><span class='ocrx_word' id='word_1_893' title='bbox 880 2739 953 2767; x_wconf 83' lang='lat' dir='ltr'><strong>Idem</strong></span> <span class='ocrx_word' id='word_1_894' title='bbox 974 2739 1153 2774; x_wconf 86' lang='lat' dir='ltr'><strong>Hieronymus</strong></span> <span class='ocrx_word' id='word_1_895' title='bbox 1169 2740 1196 2766; x_wconf 94' lang='lat' dir='ltr'><strong>in</strong></span> <span class='ocrx_word' id='word_1_896' title='bbox 1223 2739 1285 2766; x_wconf 89' lang='lat' dir='ltr'><strong>illud</strong></span> <span class='ocrx_word' id='word_1_897' title='bbox 1308 2739 1408 2767; x_wconf 80' lang='lat' dir='ltr'><strong>Jerem.</strong></span> <span class='ocrx_word' id='word_1_898' title='bbox 1424 2748 1488 2767; x_wconf 76' lang='lat' dir='ltr'><strong>xxtx</strong></span> <span class='ocrx_word' id='word_1_899' title='bbox 1500 2760 1507 2771; x_wconf 88' lang='lat'><strong>,</strong></span> <span class='ocrx_word' id='word_1_900' title='bbox 1527 2739 1561 2767; x_wconf 74' lang='lat' dir='ltr'><strong>M</strong></span> <span class='ocrx_word' id='word_1_901' title='bbox 1579 2749 1586 2767; x_wconf 90' lang='lat'><strong><em>:</em></strong></span> <span class='ocrx_word' id='word_1_902' title='bbox 1612 2749 1622 2766; x_wconf 73' lang='grc' dir='ltr'><strong>ι</strong></span> <span class='ocrx_word' id='word_1_903' title='bbox 1639 2741 1670 2768; x_wconf 76' lang='lat' dir='ltr'><strong>Et</strong></span> 
     </span>
    </p>
   </div>
   <div class='ocr_carea' id='block_1_117' title="bbox 883 2785 1668 2822">
    <p class='ocr_par' dir='ltr' id='par_1_117' title="bbox 883 2785 1668 2822">
     <span class='ocr_line' id='line_1_117' title="bbox 883 2785 1668 2822; baseline -0.003 -8"><span class='ocrx_word' id='word_1_904' title='bbox 883 2788 1011 2814; x_wconf 61' lang='lat' dir='ltr'><strong>reducam</strong></span> <span class='ocrx_word' id='word_1_905' title='bbox 1027 2785 1212 2821; x_wconf 85' lang='lat' dir='ltr'><strong>captivitatem</strong></span> <span class='ocrx_word' id='word_1_906' title='bbox 1235 2791 1366 2819; x_wconf 85' lang='lat' dir='ltr'><strong>vestram,</strong></span> <span class='ocrx_word' id='word_1_907' title='bbox 1387 2791 1412 2814; x_wconf 90' lang='lat' dir='ltr'><strong>et</strong></span> <span class='ocrx_word' id='word_1_908' title='bbox 1437 2787 1606 2822; x_wconf 78' lang='lat' dir='ltr'><strong>congregabo</strong></span> <span class='ocrx_word' id='word_1_909' title='bbox 1621 2795 1668 2813; x_wconf 78' lang='lat' dir='ltr'><strong>vos</strong></span> 
     </span>
    </p>
   </div>
   <div class='ocr_carea' id='block_1_118' title="bbox 887 2831 1670 2868">
    <p class='ocr_par' dir='ltr' id='par_1_118' title="bbox 887 2831 1670 2868">
     <span class='ocr_line' id='line_1_118' title="bbox 887 2831 1670 2868; baseline -0.005 -6"><span class='ocrx_word' id='word_1_910' title='bbox 887 2835 918 2862; x_wconf 75' lang='lat' dir='ltr'><strong>:l&#39;:</strong></span> <span class='ocrx_word' id='word_1_911' title='bbox 931 2833 1064 2861; x_wconf 82' lang='lat' dir='ltr'><strong>universis</strong></span> <span class='ocrx_word' id='word_1_912' title='bbox 1082 2831 1222 2867; x_wconf 84' lang='lat' dir='ltr'><strong>gentibus,</strong></span> <span class='ocrx_word' id='word_1_913' title='bbox 1240 2836 1266 2860; x_wconf 86' lang='lat' dir='ltr'><strong>ct</strong></span> <span class='ocrx_word' id='word_1_914' title='bbox 1287 2832 1320 2860; x_wconf 89' lang='lat' dir='ltr'><strong>de</strong></span> <span class='ocrx_word' id='word_1_915' title='bbox 1334 2832 1446 2860; x_wconf 79' lang='lat' dir='ltr'><strong>cunctis</strong></span> <span class='ocrx_word' id='word_1_916' title='bbox 1456 2832 1540 2867; x_wconf 87' lang='lat' dir='ltr'><strong>locis,</strong></span> <span class='ocrx_word' id='word_1_917' title='bbox 1557 2833 1593 2860; x_wconf 82' lang='lat' dir='ltr'><strong>ad</strong></span> <span class='ocrx_word' id='word_1_918' title='bbox 1610 2839 1670 2868; x_wconf 77' lang='lat' dir='ltr'><strong>qua.</strong></span> 
     </span>
    </p>
   </div>
  </div>
