1904 3077
220 105 274 134 869

854 101 885 129 P.
907 99 1064 128 DANlELIS
1082 99 1200 128 HUETII

1802 99 1856 127 860

221 167 313 204 expuli
331 175 398 198 vos,
415 166 480 194 dicit
496 165 637 194 Dominus.
661 166 694 194 Et
718 166 817 194 reverti
838 173 886 193 vos
914 165 1010 192 factam
1026 166 1048 194 Α
1062 170 1142 197 supra
1172 161 1366 196 descripsimus
1405 159 1507 188 sanctis
1536 158 1679 194 beatisqne
1706 158 1856 186 ordinibus

223 216 256 244 de
285 216 342 244 loco
370 215 403 242 ad
421 221 500 249 quem
524 213 719 248 transmigrare
740 220 789 240 vos
812 211 872 239 feci.
888 221 897 237 ι
916 210 1011 245 Orige-

224 272 302 297 ncm,
323 270 402 297 quem
430 261 548 288 delirum
576 259 753 294 interpretem
779 257 911 293 appellat,
936 264 1010 283 som-

223 311 299 338 niare
314 309 352 335 ait
369 308 475 336 ruinam
491 306 613 334 caelestis
629 304 778 332 Jerusalem
794 304 837 332 his
853 303 1012 339 significari,

223 360 250 383 et
265 363 311 383 eos
327 359 451 389 spectare
465 353 623 380 vaticinium
634 372 641 383 ,
654 352 698 386 qui
722 352 782 378 inde
796 351 900 378 dimissi
919 350 945 376 in
961 349 1013 376 hoc

223 402 324 428 mumlo
336 405 492 431 versantur,
510 400 685 433 futurumque
701 403 730 424 ut
745 403 804 433 post
817 405 867 424 Lxx
886 404 971 424 annos
986 397 1012 423 in

223 447 311 474 locmn
325 447 471 481 pristinum
488 445 679 475 restituantur,
695 444 717 471 si
732 444 810 471 modo
826 444 852 471 id
866 444 944 471 bonis
957 443 1013 470 suis

222 493 350 526 operibus
368 491 510 526 promeriti
527 491 598 522 sint,
615 496 709 525 utpote
729 491 774 525 qui
799 495 894 524 sponte
914 491 939 517 in
957 490 1013 517 bare

225 545 339 572 corpora
360 537 557 564 descendentes
573 541 649 563 recte
662 538 767 571 egerint
787 545 793 563 :
811 536 856 570 qui
873 541 962 562 autem
979 535 1013 562 ad

226 584 334 607 terrena
355 580 412 607 hac
425 588 486 607 sese
507 585 604 614 sponte
619 580 772 613 demittere,
786 585 813 608 et
836 581 933 607 fratres
949 588 1013 607 suos

226 625 328 653 imitari
353 626 500 659 noluerint,
526 625 642 661 idipsum
666 634 793 662 passuros
809 627 879 661 quod
895 627 1014 654 Sedeciaa

226 673 364 707 ipsiusque
393 673 489 706 populo
517 672 699 700 comminatur
725 673 872 706 Dominus,
893 673 1012 700 futurum

226 725 324 753 nempe
337 724 366 745 ut
382 719 472 745 mittat
495 719 520 745 in
537 726 584 746 eos
607 719 737 753 gladium,
756 724 783 746 et
801 719 911 752 fatnem,
923 724 950 747 et
966 728 1014 754 pe-

226 769 314 797 SIem;
333 774 342 789 ι
357 769 384 790 et
396 765 440 791 det
454 765 480 791 in
494 765 662 791 vexationem
677 765 810 792 universis
823 765 912 801 regnis
924 771 1014 798 terrm,

227 817 281 844 quo
296 809 399 837 scilicet
418 818 587 845 nequaquam
607 811 745 843 homines,
770 811 816 838 sed
840 812 906 838 fiant
928 819 1014 840 aerea;

227 861 384 891 potestates,
405 861 432 883 et
457 857 512 883 sint
535 858 603 890 apud
619 862 732 884 cunctos
748 857 858 892 angelos
881 857 925 893 qui
948 865 1014 892 pra:-

227 903 281 929 sint
304 896 418 936 singulis
442 903 588 937 provinciis
610 902 636 929 in
663 903 901 936 maledictionem,
932 909 959 932 et
987 905 1013 932 in

227 952 376 982 stuporem,
400 948 426 975 in
455 948 575 982 sibilum,
600 952 626 976 et
656 949 683 975 in
710 949 884 984 opprobrium
911 950 1016 978 cunctis

227 993 373 1028 gentibus;
391 998 416 1021 et
434 994 484 1020 hoc
500 1001 547 1021 eos
570 993 673 1021 idcirco
697 1001 833 1028 passuros,
854 995 915 1029 quia
934 995 1015 1022 verba

228 1039 422 1073 prophetarum
438 1039 464 1067 in
485 1039 588 1067 caelesti
602 1039 750 1067 Jerusalem
762 1041 855 1068 audire
869 1042 1015 1074 noluerint,

227 1084 272 1119 qui
289 1092 336 1112 eos
353 1084 533 1112 hortabantur
546 1089 574 1112 ut
593 1085 626 1112 ad
647 1090 753 1112 terrena
767 1086 972 1120 descenderent,
990 1092 1016 1115 et

227 1137 325 1164 corpus
332 1129 492 1157 humilitatis
500 1135 710 1164 assumerent,et
718 1135 776 1157 acta
787 1132 944 1166 paenitentia
956 1138 1017 1167 post

228 1183 320 1203 verum
334 1176 527 1204 sabbatismum
538 1176 624 1204 locum
647 1177 790 1211 pristinum
807 1178 985 1213 possiderent.
1003 1189 1013 1205 ι

265 1220 333 1249 XIV.
350 1222 493 1249 Erroribus
508 1230 589 1257 porro
603 1223 656 1250 illis
667 1231 777 1258 aspersa
790 1229 853 1252 sunt
864 1225 1016 1253 Adamantii

228 1275 310 1302 Opera
328 1276 388 1303 quae
405 1274 523 1301 exstant,
541 1277 609 1304 quos
624 1270 646 1296 si
659 1270 799 1305 sigillatim
814 1271 934 1300 indicare
962 1262 1018 1300 satL

229 1321 351 1348 agamus,
377 1313 520 1342 almtemur
541 1315 598 1342 otio
623 1321 726 1349 nostro,
762 1321 790 1344 et
829 1317 922 1345 lectori
943 1317 1018 1346 fasti-

229 1359 303 1386 dium
334 1359 511 1387 movebimus.
539 1360 655 1389 lllustria
683 1367 772 1390 tamen
797 1363 931 1398 seligenda
956 1370 1018 1392 sunt

231 1406 365 1439 quaedam,
381 1414 435 1442 quo
446 1407 527 1434 dictis
539 1407 639 1435 nostris
653 1408 720 1436 fides
735 1410 906 1445 adiungatur.
926 1411 1018 1438 Tertio

230 1458 296 1486 ergo
319 1451 388 1478 libro
413 1452 482 1487 Περὶ
503 1454 620 1489 ἀρχῶν,
638 1463 698 1490 cap.
714 1456 731 1483 5
743 1476 751 1488 ,
779 1464 852 1483 num.
866 1457 900 1490 4,
919 1457 1019 1485 sicdis-

1062 209 1175 243 subjecti
1201 213 1265 236 sunt
1280 215 1312 236 ac
1337 206 1447 242 regendi
1467 213 1475 233 :
1496 213 1612 240 quorum
1638 204 1778 238 adiutorio
1803 205 1854 238 usi,

1062 261 1089 283 et
1103 255 1316 282 institutionibus
1331 262 1363 280 ac
1390 252 1540 288 disciplinis
1567 251 1736 279 salutaribus
1769 250 1857 277 refor-

1063 302 1140 334 mati,
1161 302 1249 329 redire
1261 309 1293 329 ac
1312 299 1418 327 restitui
1431 299 1464 326 ad
1480 303 1577 326 statum
1593 297 1777 325 beatitudinis
1794 304 1856 331 pos-

1063 353 1136 376 sunt.
1155 348 1194 375 Ex
1211 348 1310 383 quibus
1327 346 1466 377 existimo.
1485 349 1567 380 prout
1591 352 1640 379 ego
1662 343 1773 371 sentire
1793 350 1856 377 pos—

1063 403 1133 427 sum.
1153 395 1224 422 hunc
1252 394 1375 421 ordinem
1408 392 1517 419 lmmani
1547 390 1656 426 generis
1685 390 1855 420 institutum,

1064 442 1108 476 qui
1129 441 1221 475 utique
1239 440 1265 468 in
1280 440 1371 467 futuro
1388 438 1503 470 sarculo,
1532 438 1574 465 vel
1597 436 1856 471 supervenientibus

1063 487 1179 520 saeculis,
1195 495 1256 515 cum
1272 486 1372 514 coelum
1390 492 1488 512 novum
1499 505 1506 516 ,
1521 488 1548 512 et
1564 488 1635 511 terra
1666 490 1738 511 nova
1761 489 1855 509 secun-

1064 535 1127 561 dum
1142 534 1240 561 lsaiam
1254 533 1307 560 erit
1321 533 1356 564 ",
1375 531 1535 559 restituetur
1556 531 1583 557 in
1611 529 1686 557 illam
1708 529 1855 559 unitatem,

1063 587 1143 616 quam
1154 579 1288 614 promittit
1311 579 1439 606 Dominus
1457 576 1545 605 Jesus.
1564 586 1574 602 ι
1591 576 1624 603 Ει
1644 583 1707 603 mox
1724 582 1802 602 num.
1819 575 1854 602 3:

1067 635 1076 652 ι
1095 626 1239 654 Sciendum
1256 630 1345 652 tamen
1357 629 1398 652 est
1409 624 1553 659 quosdam,
1569 623 1614 657 qui
1637 630 1669 650 ex
1699 629 1757 649 uno
1783 623 1855 656 prtu-

1064 673 1146 707 cipio,
1161 673 1233 707 quod
1249 679 1331 706 supra
1346 671 1475 703 diximus,
1492 669 1593 703 delapsi
1609 673 1684 701 sunt,
1705 669 1732 696 in
1752 673 1854 696 tantam

1060 719 1253 754 ‘indignilalem
1282 725 1315 745 ac
1342 717 1473 744 malitiam
1497 723 1527 744 se
1553 716 1671 749 dedisse,
1699 719 1729 742 ut
1754 714 1855 750 indigni

1065 766 1151 793 habiti
1176 765 1230 793 sint
1255 763 1428 792 institutione
1453 763 1515 796 bac,
1534 762 1576 791 vel
1603 762 1774 795 eruditione,
1803 768 1854 795 qua

1065 820 1114 848 per
1129 820 1238 840 carnem
1267 812 1415 838 humanum
1448 817 1533 844 genus
1561 809 1697 843 adiutorio
1722 808 1854 835 virtutum

1066 859 1218 887 caelestium
1236 857 1387 885 instituitur
1403 861 1485 891 atque
1496 855 1638 888 eruditur;
1668 855 1717 882 sed
1750 861 1768 881 e
1797 861 1856 880 con-

1066 906 1152 933 trario
1182 905 1263 932 etiam
1278 903 1428 931 adversarii
1458 907 1538 938 atque
1555 906 1740 937 repugnantes
1752 900 1797 928 his
1810 900 1855 934 qui

1067 952 1231 981 erudiuntur
1261 955 1343 985 atque
1374 950 1543 981 imbuuntur,
1571 940 1717 976 exsistunt.
1748 956 1759 972 ι
1788 945 1854 972 Tum

1067 997 1147 1033 paulo
1161 996 1293 1024 inferius:
1314 1005 1323 1022 ε
1340 995 1450 1022 Interim
1464 1001 1517 1021 tam
1539 995 1566 1022 in
1582 995 1623 1021 bis
1637 1002 1698 1029 quae
1715 993 1855 1023 videntur,

1066 1047 1094 1071 et
1106 1042 1300 1076 temporalibus
1315 1041 1437 1073 saculis,
1454 1049 1536 1076 quam
1551 1041 1576 1068 in
1593 1040 1647 1068 illis
1663 1047 1728 1075 qua!
1749 1047 1803 1066 non
1819 1039 1857 1065 vi-

1067 1090 1176 1120 dentur,
1190 1093 1218 1116 et
1232 1093 1332 1115 azterna
1349 1092 1422 1119 sunt,
1436 1095 1532 1115 omnes
1548 1088 1591 1115 isti
1608 1095 1657 1122 pro
1683 1086 1792 1118 ordine,
1809 1093 1856 1120 pro

1068 1136 1184 1168 ratione,
1198 1143 1246 1169 pro
1262 1135 1352 1167 modo,
1366 1139 1393 1162 et
1417 1134 1576 1161 meritorum
1602 1132 1785 1168 dignitatibus
1805 1131 1857 1158 dis-

1068 1185 1226 1217 pensantur,
1243 1185 1272 1208 ut
1286 1181 1331 1208 alii
1345 1180 1371 1208 in
1388 1181 1494 1215 primis,
1514 1180 1560 1207 alii
1586 1179 1612 1207 in
1628 1179 1770 1212 secundis,
1788 1186 1856 1205 non-

1067 1228 1132 1255 nulli
1147 1227 1226 1255 etiam
1243 1227 1270 1254 in
1287 1227 1388 1254 ultimis
1401 1226 1567 1261 temporibus
1579 1247 1587 1260 ,
1603 1230 1630 1254 et
1645 1233 1693 1261 per
1708 1225 1814 1260 majora
1827 1231 1857 1251 ac

1068 1275 1192 1310 graviora
1217 1273 1360 1309 supplicia,
1373 1281 1477 1300 necnon
1494 1277 1521 1300 et
1541 1273 1667 1300 diuturna
1678 1293 1686 1304 ,
1703 1279 1736 1298 ac
1753 1270 1855 1303 multis,

1068 1325 1098 1347 ut
1114 1320 1149 1347 ita
1165 1319 1266 1352 dicam,
1292 1319 1399 1346 saeculis
1425 1319 1548 1351 tolerata,
1563 1317 1750 1353 asperioribus
1767 1324 1856 1344 emen-

1069 1365 1224 1392 dationibus
1240 1365 1369 1400 reparati,
1384 1369 1412 1392 et
1422 1364 1538 1392 restituti
1554 1364 1758 1391 eruditionibus
1771 1364 1857 1398 primo

1070 1410 1210 1446 angelicis,
1230 1415 1285 1438 tum
1299 1411 1397 1438 deinde
1417 1411 1500 1438 etiam
1526 1410 1697 1444 superiorum
1722 1409 1855 1444 graduum

1068 1457 1226 1489 virtutibus,
1248 1461 1276 1485 et
1291 1457 1330 1484 sic
1349 1464 1398 1492 per
1411 1456 1516 1491 singula
1536 1457 1569 1483 ad
1591 1456 1732 1490 superiora
1765 1463 1857 1490 prove-

231 1503 330 1533 putat:
352 1508 361 1524 ι
389 1499 476 1527 Unius
499 1509 617 1536 namque
644 1507 746 1530 naturae
771 1510 831 1531 esse
858 1511 951 1531 omnes
976 1512 1053 1543 νει-ο
1069 1505 1118 1537 eti,
1146 1512 1233 1539 usque
1251 1504 1285 1531 ad
1313 1511 1344 1531 ea
1370 1511 1431 1539 quae
1459 1508 1522 1530 sunt
1537 1503 1681 1530 invisibilia
1711 1507 1740 1530 et
1757 1507 1856 1529 aeterna

233 1543 374 1571 tionabiles
398 1550 540 1574 creaturas
562 1554 595 1573 ex
620 1547 710 1575 multis
728 1549 922 1577 assertionibus
945 1558 1020 1578 com-

231 1590 380 1622 probatur;
407 1598 456 1625 per
481 1591 551 1625 quod
579 1591 665 1618 solum
691 1592 736 1620 Dei
760 1592 864 1627 justitia
885 1594 911 1621 in
933 1596 1020 1623 omni-

232 1635 283 1662 bus
309 1642 401 1662 carnm
426 1636 674 1670 dispensationilms
696 1638 802 1666 defendi
826 1644 932 1674 potest,
956 1641 1018 1668 dum

230 1688 400 1715 unaquaeque
414 1681 441 1708 in
461 1683 604 1718 sametipsa
621 1684 701 1712 habet
715 1692 821 1717 causas,
835 1687 905 1721 quod
919 1687 945 1714 in
974 1687 1020 1715 illo

232 1727 273 1755 \‘cl
289 1727 314 1754 in
328 1727 373 1755 illo
385 1728 446 1756 vita:
458 1729 554 1756 ordine
570 1730 655 1764 posita
669 1730 713 1758 sit.
736 1740 745 1757 ι
763 1731 831 1759 Hinc
845 1733 938 1767 triplex
954 1741 1020 1761 enu-

234 1780 321 1801 Incrat
337 1775 537 1802 rationabilinm
553 1781 710 1804 naturarum
727 1784 810 1812 genus
828 1778 879 1805 huc
894 1779 1019 1813 delapsa-

232 1829 303 1853 rum,
315 1829 408 1849 carum
426 1822 529 1849 scilicet
549 1815 613 1858 qua!
629 1823 712 1859 gestis
727 1824 783 1851 suis
801 1823 827 1851 id
847 1824 945 1852 fuerint
958 1833 1021 1859 pro-

236 1868 368 1900 tncritm;
407 1869 520 1896 aliarum
549 1877 609 1904 qua:
642 1870 845 1904 aspectabilium
875 1872 1021 1906 cupiditate

235 1921 318 1948 rapta:
329 1915 381 1942 sint
393 1923 400 1947 ς
412 1920 438 1942 ct
451 1915 556 1942 illarum
568 1916 676 1943 demum
699 1924 758 1951 qum
771 1918 852 1944 etiam
867 1917 958 1945 invitae
986 1919 1020 1946 ad

231 1961 318 1989 cilicia
330 1961 390 1989 aliis
400 1962 551 1990 exhibenda
568 1970 583 1989 a
596 1963 650 1990 Deo
667 1963 799 1998 deputatae
816 1963 912 1997 sint,et
926 1964 952 1990 in
965 1965 1021 1992 lucc

233 2007 292 2035 loca
310 2009 447 2044 relegattc.
459 2009 562 2042 Quibus
578 2009 718 2037 hominum
743 2009 846 2037 animas
869 2010 1020 2045 significat;

233 2059 291 2083 tum
316 2056 426 2090 angelos
453 2055 513 2083 illos
534 2055 579 2091 qui
607 2056 735 2083 mulieres
762 2056 906 2084 adamasse
926 2056 1020 2084 crediti

233 2109 297 2131 sunt
312 2110 327 2130 a
341 2103 477 2137 plcrisquc
487 2103 529 2136 ἰς
548 2109 580 2130 ac
603 2103 715 2137 angelos
733 2102 848 2137 denique
864 2102 954 2130 tutelae
974 2104 1022 2131 ho-

233 2150 338 2177 minum
355 2149 506 2185 pratfcctos,
519 2148 562 2176 vel
576 2157 624 2177 eos
639 2157 709 2184 quos
722 2157 736 2176 a
765 2149 820 2176 Deo
836 2156 888 2176 non
913 2149 1019 2183 missos,

1070 1550 1241 1586 perveniant.
1256 1549 1369 1585 singulis
1383 1549 1509 1576 videlicet
1529 1548 1680 1583 quibusque
1704 1548 1855 1576 cmicstiun:

1070 1595 1200 1623 virtutum
1224 1595 1320 1622 officiis
1342 1595 1457 1629 quadam
1479 1595 1659 1622 ernditionum
1685 1594 1779 1629 specie
1800 1601 1857 1629 per—

1070 1639 1180 1676 agratis.
1198 1641 1235 1668 Et.
1252 1648 1315 1675 quo,
1332 1646 1362 1667 ut
1380 1641 1486 1672 opinor,
1513 1640 1564 1668 boc
1579 1640 1776 1675 consequentia
1800 1639 1852 1674 ipsa

1069 1688 1177 1716 videtur
1200 1688 1346 1715 ostendere
1363 1707 1372 1721 ,
1408 1694 1627 1721 unamquamque
1663 1685 1852 1713 rationabilem

1070 1740 1195 1762 naturam
1210 1741 1290 1769 posse
1316 1733 1350 1761 ab
1363 1741 1416 1761 ttno
1431 1733 1457 1760 in
1480 1732 1595 1760 alterum
1614 1731 1736 1758 ordinem
1771 1736 1857 1757 trans-

1070 1784 1177 1807 euntem
1202 1786 1249 1813 per
1266 1778 1389 1813 singulos
1412 1778 1559 1809 in'omnes,
1576 1781 1604 1804 et
1627 1776 1661 1803 ab
1672 1775 1803 1803 omnibus
1834 1775 1857 1801 in

1070 1825 1190 1861 singulos
1215 1825 1368 1861 pervenire,
1385 1824 1450 1852 dum
1471 1830 1598 1851 accessus
1613 1821 1785 1857 profectuum
1815 1820 1859 1847 dev

1071 1873 1224 1901 fectuumve
1238 1872 1329 1899 varios
1343 1878 1393 1906 pro
1412 1870 1531 1898 motibus
1555 1869 1597 1896 vel
1625 1867 1771 1896 conatibus
1800 1874 1858 1901 pro-

1070 1919 1138 1955 priis
1154 1918 1340 1953 unusquisque
1352 1925 1402 1953 pro
1413 1916 1493 1944 liberi
1515 1914 1622 1942 arbitrii
1645 1912 1777 1940 facultate
1803 1920 1858 1947 per-

1071 1966 1182 2001 petitur.
1202 1974 1212 1992 )
1231 1963 1363 1992 Nonnulla
1374 1971 1407 1990 ex
1425 1963 1468 1990 his
1480 1962 1575 1990 Grtece
1591 1959 1726 1993 descripta
1742 1958 1858 1992 reperies

1072 2013 1099 2040 in
1111 2012 1163 2040 fine
1178 2011 1299 2046 epistola:
1314 2009 1460 2038 Iustiniani
1472 2008 1504 2035 ad
1522 2007 1627 2035 Menam
1643 2010 1671 2032 et
1694 2004 1767 2039 apud
1781 2002 1858 2030 Maxi-

1071 2067 1144 2086 mum
1166 2055 1507 2091 Constantinopolitanum,
1537 2054 1596 2082 loro
1620 2052 1745 2087 proxime
1769 2051 1858 2078 citato.

1072 2105 1127 2132 Has
1148 2111 1254 2139 quoque
1265 2102 1458 2131 conversiones
1470 2105 1497 2128 et
1512 2100 1673 2135 dignitatum
1685 2105 1718 2125 ac
1731 2097 1854 2124 ordinum

1072 2150 1284 2185 permutationes
1303 2149 1398 2176 statuit
1419 2153 1484 2175 tom.
1507 2155 1542 2174 sv
1556 2147 1583 2173 in
1606 2145 1715 2177 Mallia,
1729 2143 1857 2171 num.27.

211 2200 214 2203 '
234 2196 261 2224 in
282 2197 354 2223 hunc
371 2196 512 2227 mundum,
527 2195 679 2223 doctrinam
706 2195 748 2223 vel
770 2195 938 2230 prophetiam
958 2203 1019 2230 pro-
1037 2198 1058 2225 D
1072 2197 1158 2225 Tomo
1170 2204 1236 2223 vero
1253 2203 1385 2230 xttt,pag.
1402 2194 1466 2226 594,
1483 2193 1611 2221 intricato
1626 2191 1700 2223 licet,
1714 2195 1743 2218 et
1758 2198 1773 2218 a
1785 2190 1859 2217 libra.

235 2243 374 2270 mittentes
399 2243 506 2269 venisse
519 2242 558 2269 ait
583 2247 648 2270 tom.
667 2250 702 2269 xx
727 2242 755 2268 in
775 2241 870 2274 Jonn.,
890 2242 1018 2269 numJ'I.

234 2288 329 2316 Priore
349 2293 439 2315 autem
456 2288 526 2322 Περὶ
545 2288 646 2324 ἀρχῶν
671 2289 737 2316 libro
748 2308 755 2322 ,
772 2297 831 2323 cap.
846 2288 873 2322 6,
888 2296 961 2316 num.
977 2289 995 2316 2
1011 2297 1018 2316 :

230 2345 247 2373 ν(
265 2336 302 2363 Ex
321 2335 362 2362 his
387 2342 463 2368 sane,
480 2335 579 2370 inquit,
593 2335 639 2370 qui
657 2335 684 2362 in
709 2335 755 2362 illo
768 2335 845 2362 initio
865 2337 1022 2369 permanse-

234 2386 311 2413 runt,
328 2381 399 2415 quod
426 2381 516 2409 futuro
544 2382 589 2409 tlni
611 2381 700 2410 simile
727 2389 788 2409 eSse
816 2382 1019 2417 descripsimus,

234 2427 344 2463 quidam
361 2435 395 2455 ex
426 2428 493 2463 ipsis
513 2429 538 2455 in
566 2429 738 2456 ordinatione
762 2436 795 2456 ac
821 2429 1022 2463 dispensatione

235 2475 329 2513 mundi
345 2474 468 2502 ordinem
488 2474 641 2510 angelicum
668 2476 836 2507 sortiuntur,
865 2474 909 2502 alii
933 2475 1021 2501 virtu-

235 2526 313 2555 tum,
346 2521 393 2548 alii
422 2522 638 2557 principatuuln,
665 2522 711 2548 alii
741 2525 939 2555 potestatum...
963 2529 1023 2556 qua:

233 2568 325 2596 omnia
341 2567 381 2595 eis
392 2576 441 2602 pro
455 2569 565 2601 merito,
579 2573 607 2595 et
621 2567 787 2602 profectibus
800 2568 867 2600 suis,
884 2567 983 2601 quibus
996 2567 1022 2594 in

236 2614 283 2642 Dei
304 2614 543 2649 participationem
575 2614 810 2649 imitationemque
840 2612 1022 2648 profecerant,

236 2668 313 2695 mque
337 2660 468 2695 iustoque
481 2661 584 2695 judicio
597 2660 688 2688 divina
705 2659 821 2687 contulit
836 2658 1021 2686 Providentia.

237 2705 269 2734 Hi
282 2714 346 2734 vero
357 2707 403 2742 qui
415 2708 448 2734 de
459 2711 530 2734 statu
541 2707 635 2742 prima:
648 2706 821 2734 beatitudinis
837 2706 901 2733 moti
915 2705 1022 2740 quidem

238 2758 311 2786 sunt,
331 2761 385 2781 non
406 2758 496 2781 tamen
516 2753 752 2781 irretnediabiliter
778 2752 855 2787 moli,
879 2752 932 2780 illis
956 2759 1024 2787 quos

274 2850 297 2868 "
307 2850 364 2879 Gen
384 2859 421 2885 vr,
433 2852 460 2879 2.
506 2853 528 2868 “
540 2851 592 2880 lsa.
605 2860 677 2885 ωτι,
687 2852 730 2878 2‘2.

1074 2244 1123 2272 riis
1139 2244 1255 2271 fortasse
1267 2246 1396 2276 corrupto
1420 2247 1544 2268 sermone
1562 2238 1733 2266 adversaries
1748 2241 1860 2271 potesta-

1073 2296 1116 2319 tes
1127 2295 1237 2326 pr0pter
1250 2288 1414 2317 offensiones
1430 2286 1585 2315 hominibus
1604 2284 1733 2320 przebilas
1750 2289 1859 2318 corpora

1075 2339 1192 2367 humana
1213 2336 1314 2368 subire,
1331 2336 1357 2363 in
1370 2342 1457 2369 eoque
1473 2341 1567 2368 poenas
1586 2333 1660 2359 luere
1675 2330 1770 2358 tradit.
1794 2329 1859 2357 Idem

1075 2393 1134 2421 cap.
1154 2384 1242 2412 8|ibri
1254 2382 1333 2419 primi
1348 2382 1418 2416 Περὶ
1428 2381 1539 2416 ἀρχων,
1560 2387 1634 2406 num.
1652 2379 1664 2405 1
1681 2382 1708 2405 et
1731 2377 1760 2410 Δ,
1793 2376 1860 2411 paria

1074 2430 1232 2466 repetendo,
1249 2428 1365 2456 inculcat
1381 2437 1391 2454 ι
1410 2426 1567 2462 angelorum
1580 2425 1698 2453 oﬂicium
1711 2423 1819 2451 nonnisi
1831 2430 1859 2449 ex

1075 2477 1172 2505 merito
1183 2480 1324 2507 constare;
1346 2484 1356 2500 ι
1374 2475 1510 2501 daemones
1527 2480 1603 2503 vero,
1637 2480 1646 2496 ι
1666 2478 1716 2506 pro
1746 2470 1859 2498 motibus

1076 2524 1132 2551 suis
1142 2527 1169 2550 et
1187 2522 1364 2558 profectibus,
1378 2521 1477 2556 quibus
1499 2519 1526 2546 in
1545 2518 1649 2547 scelere
1679 2517 1858 2552 profecerunt,

1075 2569 1126 2597 hos
1138 2569 1246 2596 malitiae
1260 2568 1374 2596 sortitos
1388 2574 1448 2594 esse
1470 2566 1587 2602 gradus,
1607 2575 1618 2592 ι
1640 2570 1724 2599 atque
1747 2564 1785 2591 ita
1806 2569 1859 2590 sese

1077 2615 1204 2651 nequitiae
1218 2614 1335 2646 dedisse,
1349 2615 1442 2648 utjam
1464 2612 1568 2640 libidini
1585 2611 1621 2639 sit
1637 2618 1668 2638 ac
1691 2608 1857 2638 delectationi

1078 2666 1229 2697 peccatum,
1245 2665 1272 2687 et
1284 2670 1292 2686 ι
1313 2665 1342 2687 ιιι
1361 2659 1482 2687 revocari
1496 2659 1596 2692 nolint,
1610 2657 1696 2693 magis
1711 2664 1794 2692 quam
1811 2664 1858 2683 non

1077 2707 1191 2741 possint,
1204 2715 1213 2733 ι
1228 2706 1283 2734 Dco
1304 2714 1351 2741 pro
1365 2713 1414 2734 sua
1429 2705 1594 2739 benignitate
1608 2704 1700 2732 omnia
1717 2703 1751 2730 ad
1779 2702 1857 2731 beati-

1078 2754 1197 2782 tudinem
1227 2753 1380 2781 attrabente
1400 2758 1425 2781 et
1448 2755 1632 2787 provocante:
1648 2758 1666 2778 e
1695 2748 1856 2783 rationaliuut
