1904 3077
61 130 108 158 861

471 126 759 157 ORIGENIANORUM
779 128 843 157 ΗΒ.
863 128 896 162 ll,
916 129 992 158 CAP.
1011 130 1043 163 ll,
1063 130 1200 164 QUASST.
1223 132 1255 161 V.

1627 139 1680 167 862

59 195 122 215 vero
137 191 296 214 naturarum
311 185 405 214 ordine
424 187 456 212 ad
477 185 621 214 humanum
638 195 724 223 genus
734 188 844 223 explen-

900 188 1047 225 ἐτάχθησαν
1060 190 1084 216 0i
1099 189 1169 218 οὕτω
1185 192 1460 229 προσαγορευόμενοι,
1471 191 1507 222 ὧν
1519 194 1549 221 τὺ
1574 195 1681 222 ὑποκει-

62 234 121 261 dum
137 233 243 260 animas
256 233 408 268 seligi,qme
424 237 483 267 post
497 233 538 268 pie
555 234 770 263 administratum
784 236 845 263 Vilil'.

62 286 175 316 tempus,
190 280 216 306 in
229 279 383 314 angelorum
401 280 523 308 ordinem
545 280 641 308 iterum
656 286 842 310 assumuntur.

60 325 97 355 De
128 325 237 354 diabolo
262 327 360 352 iterum
377 325 423 353 lib.
456 334 487 353 ιιι
513 327 584 361 Περὶ
605 326 717 362 ἀρχῶν,
742 335 802 362 cap.
817 327 844 361 6,

61 381 133 400 num.
145 372 162 400 5
181 383 187 401 ;
205 382 214 397 ι
233 372 338 399 Destrui
363 379 437 405 sane,
460 373 558 407 inquit,
575 373 740 401 novissimus'
755 373 845 401 inimi-

61 427 105 447 cus
133 420 169 446 ita
190 419 383 454 intelligendus
403 423 456 450 est,
472 427 524 446 non
542 424 570 446 ut
598 419 749 446 substantia
775 419 843 453 ejus,

62 475 119 501 qum
134 474 147 492 a
171 465 228 492 Deo
244 464 314 492 facta
329 470 380 498 est,
395 470 499 499 pereat,
515 466 563 493 sed
581 471 610 492 ut
623 466 801 500 propositum,
818 470 844 493 et

61 513 183 540 voluntas
198 512 321 545 inimica,
336 519 396 546 qua:
410 520 463 539 non
478 521 492 538 a
508 512 574 545 Deo,
590 513 637 539 sed
660 513 692 539 ab
706 512 764 546 ipso
782 520 846 546 pro-

62 559 150 590 cessit,
168 559 296 585 intereat.
313 567 324 584 ι
340 558 454 586 Ηοιιιὶιίιι
469 558 504 585 25
522 559 549 585 in
571 559 635 586 Luc.
646 559 757 594 angelos
772 559 844 592 illos,

61 605 91 632 de
109 605 206 639 quibus
230 605 319 639 agitur
340 605 424 640 Apoc.
444 613 464 632 ιι
479 610 506 632 et
523 613 552 632 ιιι
569 612 707 640 peccasse,
730 605 844 640 ideoque

63 650 141 678 fuisse
158 659 173 678 a
187 650 293 679 Joanne
314 652 494 685 reprehensos
511 652 559 684 ait,
585 651 702 685 ipsisque
721 658 782 678 eum
813 659 845 679 ac

897 242 976 269 μενον
991 235 1040 262 οὐκ
1053 235 1117 263 ἄλλο
1134 237 1160 263 τί
1173 237 1273 273 ἐστινῆ
1289 238 1440 274 ἄνθρωπος,
1460 241 1506 267 καὶ
1519 240 1558 276 τῷ
1572 241 1682 268 ὑποκει-

898 279 970 314 μένῳ
1002 281 1158 318 συμὸέὸηκε
1187 283 1218 309 τὺ
1247 283 1334 321 θρόνῳ
1358 283 1469 321 εἷναι,ἢ
1499 287 1649 323 κυριότητι,
1664 287 1682 323 ἦ

896 324 978 360 ἀρχῇ,
993 326 1009 361 ἢ
1026 326 1134 363 ἐξουσίᾳ
1146 336 1152 343 ·
1172 329 1218 355 καὶ
1231 329 1260 355 ὲν
1272 329 1310 364 τῷ
1329 331 1415 366 Ἰησοῦ
1437 332 1465 357 δὲ
1479 332 1516 368 τῷ
1530 333 1576 360 τοῦ
1603 334 1682 368 Ναυῆ

895 372 982 398 κεῖται
994 372 1023 398 τό
1035 381 1042 388 ·
1059 374 1146 407 Ὤῳοη
1163 374 1202 409 τῷ
1224 375 1310 411 Ἰησοῦ
1325 376 1464 412 ἄνθρωπος
1478 379 1507 405 ἐν
1524 379 1638 415 Ἱεριχῶ,
1653 381 1683 412 ὃς

897 425 989 452 φησιν·
1012 418 1081 453 Ἐγὼ
1106 421 1323 456 ἀρχιστράτηγος
1346 423 1448 458 Κυρίου
1471 424 1611 460 δυνάμεως
1624 427 1683 453 νυνὶ

898 463 1084 499 παραγέγονά.
1096 465 1158 493 lndc
1170 466 1211 492 lux
1225 466 1285 494 huic
1300 468 1356 494 loco
1370 468 1524 505 Hieronymi
1539 472 1620 506 epist.
1646 471 1678 500 61

897 509 930 535 ad
950 508 1118 541 Pammacin,
1131 517 1189 545 cap.
1201 510 1218 538 5
1232 520 1238 537 :
1255 511 1324 540 «Nec
1335 512 1465 548 Origenes
1481 523 1598 549 unquam
1611 517 1680 544 dixit

899 561 932 581 ex
952 554 1053 588 angelis
1075 555 1179 583 animas
1201 557 1275 590 ﬁeri;
1291 566 1352 585 cum
1368 560 1439 593 ipsos
1454 561 1566 594 angelos
1579 569 1678 590 nomen

897 606 957 626 esse
969 599 1047 627 cilicii
1062 601 1167 634 doceat,
1183 610 1235 629 non
1255 608 1369 631 natura}.
1388 614 1397 629 ι
1417 604 1473 632 Hoc
1489 611 1540 639 est,
1564 615 1615 634 non
1632 615 1679 642 per

899 651 1004 673 natura:
1019 648 1222 675 conversionem
1238 649 1350 684 angelus
1367 650 1456 677 anima
1475 651 1683 688 eiIicitur,ejus-

63 695 213 723 hominibus
248 695 395 722 salutarem
435 695 621 730 ptenitentiam
659 695 821 729 praedicasse
834 715 842 727 ,
880 692 956 718 ~dem
975 691 1073 726 quippe
1085 697 1188 719 natura:
1205 699 1282 727 sunt;
1302 695 1348 722 sed
1366 703 1414 729 per
1440 696 1518 724 ollicii
1533 703 1684 726 connnuta-

64 741 285 774 quemadmodum
313 746 342 768 ει
370 741 555 768 servatorem.
583 740 652 767 Hinc
674 741 766 768 ιιοιιιίι,
778 741 796 768 4
818 742 845 768 in
899 736 1011 769 tionem,
1029 743 1055 764 et
1072 738 1149 772 quasi
1167 738 1284 766 in.alind
1302 740 1467 768 domiciliqu
1484 743 1681 778 migrationem.

63 785 166 817 Exul.”
184 793 260 812 "um,
277 786 302 818 ί,
326 793 386 820 ρας,
403 785 465 817 370I
483 794 493 810 ι
516 785 630 818 Quando
648 793 723 821 ergo,
747 786 844 821 inquit,
900 781 952 808 Sed
964 786 991 809 et
1007 788 1072 810 tom.
1091 791 1156 811 xvtn
1171 785 1196 811 in
1212 783 1305 817 10am,
1324 794 1397 812 unm.
1414 786 1459 819 58,
1475 789 1631 816 existimare
1653 797 1684 817 se

63 831 143 866 angeli
160 831 385 866 ρι-ωνεη-Ῐοτιηιυι·ν
398 835 423 858 θι
500 835 562 858 sum,
581 831 626 865 qui
642 831 686 858 Dei
711 836 843 866 pracepla
860 862 880 866 Β
897 826 935 853 ειῖι
952 827 1095 855 divinitate
1111 828 1174 856 Ιυειι
1188 830 1353 865 stupefactos
1365 832 1495 865 quosdam
1517 840 1532 860 e
1553 834 1684 861 dleOIIl-

64 862 224 909 custodiunt,
248 882 276 903 et
301 862 432 910 judicium
449 862 651 911 prmstolaniur,
670 862 722 903 non
757 862 843 904 solum
860 862 882 889 Β
898 873 963 905 bus.
979 874 1138 907 νωυίῑεηιίῖι
1155 877 1250 903 ductos
1261 878 1293 903 ad
1309 877 1397 911 ipsum
1411 877 1574 913 confugisse,
1584 880 1683 915 quippe

63 924 206 954 hominum.
226 931 319 950 verum
334 924 414 950 etiam
433 923 530 956 Dei,ut
546 923 703 957 frequenter
717 923 844 957 diximus,

64 973 112 996 tam
136 970 168 996 de
194 970 236 996 his
253 977 312 1004 qua:
337 970 364 997 in
383 970 570 1004 Apocalypsim
594 970 748 1005 conscripta
771 975 845 1004 sunt,

63 1023 137 1050 quam
163 1022 196 1042 ex
224 1015 285 1042 aliis
313 1015 574 1048 innumerabilibus;
602 1023 699 1050 quare,
723 1016 845 1051 inquam,

65 1069 111 1088 non
124 1065 202 1088 terra:
217 1066 245 1088 et
261 1062 332 1088 aeris
347 1060 476 1095 judicium
491 1061 527 1088 sit
540 1060 680 1088 futurum?
701 1072 710 1088 ι
744 1061 771 1088 ln
792 1061 845 1089 Ca-

66 1107 128 1133 tenis
151 1107 233 1141 regiis
250 1107 275 1133 in
287 1106 425 1139 Psalmos,
442 1107 474 1134 ad
497 1107 595 1141 psalm.
610 1115 696 1140 xxxii,
708 1107 736 1139 6,
763 1108 844 1135 verba

66 1153 115 1179 lucc
131 1152 178 1187 ipsi
193 1153 347 1179 tribuuntur
364 1161 371 1179 :
387 1153 424 1178 Οὐ
439 1152 494 1188 γὰρ
510 1153 601 1188 νήπιοι
618 1153 774 1185 κτισθέντες
786 1153 845 1180 κατ’

63 1196 144 1230 ὀλίγον
159 1197 259 1233 μελέτῃ
275 1197 325 1232 τῆς
337 1196 385 1224 τοῦ
410 1198 564 1233 πνεύματος
580 1198 713 1234 ὑποδοχῆς
731 1198 845 1233 γεγόνα-

66 1251 102 1269 σιν
114 1243 180 1276 ἄξιοι
191 1251 197 1258 ·
211 1243 270 1270 ἀλλ’
288 1244 316 1270 ὲν
329 1244 362 1279 τῇ
379 1242 475 1279 πρώτῃ
494 1243 621 1270 συστάσει
637 1245 685 1270 καὶ
709 1243 748 1280 τῷ
765 1244 846 1270 οἱονεὶ

65 1289 194 1325 φυράματι
207 1289 259 1325 τῆς
274 1289 368 1320 οὐσίας
383 1289 473 1316 αὐτῶν
487 1289 753 1325 συγκαταϐληθείσαν
767 1289 845 1325 ἔσχον

64 1335 106 1371 τὴν
120 1335 265 1371 ἁγίοτητα·
289 1336 328 1362 διὸ
353 1336 400 1362 καὶ
425 1336 618 1371 δυσμετάθετοι
647 1337 715 1372 πρὸς
746 1337 845 1363 κακίαν

65 1381 136 1413 εἰσὶν,
161 1381 244 1413 εὐθὺς
266 1382 346 1408 οἱονεὶ
374 1382 447 1418 βαφῇ
475 1382 513 1418 τῷ
539 1382 668 1418 ἁγιασμῷ
693 1382 846 1418 στομωθέν-

65 1436 114 1459 τες.
129 1428 158 1455 Ει
169 1428 211 1455 illa
222 1436 335 1463 quoque
349 1429 382 1456 ad
408 1429 504 1463 psulm.
519 1436 614 1462 cxvnt,
635 1429 682 1460 89.
699 1437 759 1463 quae
787 1428 846 1456 alia:

67 1477 148 1500 tamen
167 1474 277 1501 Catena;
292 1473 406 1509 Didymo
419 1475 560 1502 ascribunt
578 1483 584 1501 :
600 1474 631 1500 Εἰ
643 1474 671 1501 δὲ
686 1475 750 1511 περὶ
761 1475 845 1509 ἁγίων

66 1517 194 1554 δυνάμεων
217 1521 283 1556 φῆς,
300 1520 423 1555 ἀγγέλων
438 1520 508 1555 φημὶ
524 1521 571 1547 καὶ
596 1520 782 1556 ἀρχαγγέλων,
797 1529 846 1548 κα-
859 1536 880 1565 C

65 1562 113 1595 λῶς
127 1565 193 1600 φῆς,
209 1565 332 1600 ἀκίνητοι
353 1566 407 1602 γὰρ
417 1586 424 1597 ,
446 1566 545 1601 μᾶλλον
560 1566 588 1592 δὲ
615 1566 768 1602 δυσκίνητοι
793 1568 845 1594 εἰσι

67 1609 127 1644 πρὸς
141 1611 170 1636 τὸ
181 1611 266 1638 κακόν
277 1620 283 1626 ·
295 1611 375 1638 τοῦτο
389 1611 444 1647 γὰρ
458 1611 547 1638 πείθει
563 1620 597 1647 με
612 1611 700 1646 λέγειν
714 1612 728 1638 ὁ
755 1611 845 1639 πεσὼν

68 1655 193 1692 ἑωσφόρος
208 1658 244 1685 δι’
258 1657 385 1693 ἔπαρσιν.
399 1657 539 1685 Sescentis
556 1658 589 1684 ad
606 1658 663 1685 haec
679 1658 746 1685 locis
765 1665 846 1692 ange-

70 1700 106 1728 los
120 1702 254 1730 hominum
270 1703 401 1730 custodize
416 1703 557 1737 praefectos
572 1711 671 1730 munus
686 1704 739 1731 sibi
760 1704 846 1738 impo-

69 1748 140 1776 situm
156 1749 322 1785 negligenter
331 1757 522 1784 nonnunquam
537 1749 625 1782 obire,
638 1754 665 1777 et
675 1754 845 1784 peccatorum

69 1795 98 1821 ab
122 1796 274 1824 hominibus
305 1797 485 1824 admissurum
500 1797 625 1824 conscios
646 1803 707 1824 esse
725 1805 757 1824 ac
775 1803 845 1828 reos,

70 1847 256 1878 proptereaque
268 1843 355 1878 pqanis
378 1843 515 1870 addictqu
538 1843 572 1870 iri
591 1842 695 1870 deﬁnit.
731 1842 847 1870 lllustris

70 1894 126 1914 vero
139 1896 190 1922 prae
204 1889 317 1923 reliquis
330 1889 406 1916 locus
424 1888 468 1915 ille
479 1893 520 1916 est.
536 1895 551 1915 e
566 1893 630 1916 tom.
648 1896 683 1915 xv
695 1889 722 1915 in
739 1888 845 1920 Mali/1.,

71 1939 135 1960 num.
147 1933 191 1967 9.7,
202 1935 247 1961 nbi
261 1940 404 1969 postquam
419 1934 528 1969 angelos
550 1941 602 1960 non
627 1934 734 1961 homine
747 1934 846 1964 solum.

70 1977 110 2004 sed
120 1983 145 2005 et
158 1980 260 2015 reliquo
275 1980 365 2007 mundi
391 1980 500 2015 opiﬁcio
519 1980 724 2014 praestantiores
735 1984 763 2007 et
776 1980 847 2007 anti-

71 2025 170 2059 qui0res
182 2034 241 2054 esse
255 2026 323 2053 dixit
336 2035 344 2054 :
360 2027 500 2062 Τόλμησαι
511 2047 518 2059 ,
538 2026 633 2061 inquit,
657 2025 846 2061 ἀποφήνασθαι

71 2069 107 2096 ὅτι
119 2071 205 2098 πολλοὶ
219 2073 269 2108 μὲν
284 2073 418 2107 ἀγγέλων,
429 2072 453 2099 οἳ
476 2071 580 2108 πρῶτοι
601 2070 671 2107 ἦσαν
696 2070 846 2106 ἀνθρώπων

72 2116 179 2144 γίνονταί
191 2128 269 2146 τινων
283 2119 434 2156 ἀνθρώπων
448 2118 557 2154 ἔσχατοι
571 2127 578 2134 ’
595 2118 686 2145 πολλοὶ
693 2118 722 2145 δὲ
732 2118 779 2144 καὶ
793 2117 846 2145 τῶν

72 2161 219 2198 ἀνθρώπων,
233 2165 257 2191 οἳ
273 2165 381 2201 ἔσχατοι
395 2166 428 2200 τῇ
442 2165 520 2200 φύσει.
530 2165 692 2200 τυγχάνουσι
701 2163 754 2190 τῶν
765 2163 848 2198 ἀγγέ-

900 919 945 952 qui
962 919 1070 947 virtutis
1086 921 1244 955 capaciores
1269 923 1336 956 sint,
1355 931 1436 956 quam
1463 923 1600 957 homines;
1621 933 1683 953 eum

898 964 1028 999 spiritalis
1056 971 1161 993 naturae
1186 968 1249 1001 sint,
1269 968 1389 996 homines
1404 976 1468 996 vero
1489 977 1625 1004 corporeae
1656 976 1684 999 et

897 1011 1050 1038 crassioris.
1082 1012 1205 1047 Inprimis
1221 1021 1286 1041 vero
1312 1015 1411 1050 perlegi
1435 1016 1514 1043 velim
1536 1016 1609 1044 locos
1621 1017 1671 1045 Ori

897 1057 974 1091 genis
990 1057 1024 1083 ab
1040 1057 1204 1093 Hieronymo
1218 1059 1388 1094 depromptos
1401 1060 1480 1095 epist.
1496 1061 1531 1089 59
1550 1062 1583 1089 ad
1596 1062 1684 1097 Avit.,

896 1109 957 1136 cap.
976 1103 1003 1134 l,
1022 1103 1048 1129 in
1060 1103 1159 1137 quibus
1175 1105 1288 1132 rationis
1299 1106 1442 1140 participes
1455 1111 1567 1135 naturas
1577 1107 1683 1142 jumen-

898 1151 986 1174 torum
1006 1149 1166 1183 corporibus
1183 1151 1305 1185 colligari
1323 1157 1430 1186 propter
1445 1153 1541 1180 delicta
1566 1154 1681 1187 asserit;

897 1192 1057 1225 daemonum,
1073 1195 1211 1222 hominum
1241 1196 1451 1232 angelorumque
1477 1204 1588 1226 naturas
1601 1200 1683 1226 simul

896 1241 1043 1274 permutari
1062 1249 1094 1268 ac
1106 1242 1262 1276 permisceri
1276 1251 1283 1276 ;
1301 1244 1419 1271 siderum
1433 1245 1551 1279 ipsorum
1566 1246 1684 1278 animas,

896 1289 989 1319 utpote
1006 1286 1113 1314 ratione
1131 1288 1270 1321 praeditas,
1285 1289 1321 1316 ob
1346 1295 1456 1324 peccata
1472 1291 1514 1317 his
1535 1290 1619 1318 fuisse
1632 1292 1682 1318 ad-

895 1329 1000 1365 iunctas
1015 1333 1186 1367 corporibus,
1203 1342 1263 1369 qua:
1275 1334 1314 1361 vel
1326 1335 1448 1369 plus,vel
1461 1336 1550 1364 minus
1564 1337 1681 1371 luceant,

896 1382 975 1411 prout
993 1382 1065 1406 recte
1078 1378 1120 1406 vel
1134 1379 1204 1406 male
1219 1388 1248 1407 se
1263 1387 1414 1414 gesserunt.

933 1423 1009 1457 Quod
1027 1429 1117 1453 autem
1126 1426 1221 1454 scribit
1234 1427 1401 1462 Epiphanius
1413 1429 1439 1455 in
1456 1429 1566 1464 synopsi
1582 1430 1646 1458 tomi
1661 1429 1682 1463 l,

897 1469 946 1498 lib.
968 1477 998 1504 l!,
1015 1479 1075 1506 cap.
1093 1471 1138 1504 18,
1160 1472 1286 1500 docuisse
1312 1473 1454 1508 Origenem
1476 1475 1610 1503 desituros
1634 1476 1684 1503 ali-

897 1517 1008 1551 1uando
1034 1518 1156 1553 angelos,
1189 1519 1229 1546 sic
1261 1519 1465 1554 intelligendum
1490 1525 1544 1554 est,
1565 1521 1683 1550 futuram

897 1562 960 1589 olim
977 1570 1068 1590 rerum
1083 1563 1203 1591 omnium
1217 1566 1420 1593 conversionem
1436 1570 1463 1592 et
1486 1566 1683 1595 ἀποκατάστα-

899 1616 952 1639 σιν.
966 1609 1141 1644 redituraque
1152 1609 1186 1636 ad
1198 1610 1341 1644 pristinum
1370 1615 1469 1639 statum
1485 1613 1588 1646 omnia,
1602 1621 1685 1649 ange-

898 1651 992 1687 losque
1013 1654 1081 1680 adeo
1097 1661 1130 1681 ac
1154 1655 1290 1682 daemones
1313 1655 1408 1683 eodem
1430 1656 1535 1685 futuros
1562 1657 1621 1686 loco
1630 1666 1685 1693 quo

897 1697 1020 1731 fuerunt,
1035 1704 1181 1734 antequam
1200 1700 1348 1728 virtutibus
1367 1702 1423 1729 suis
1443 1703 1484 1729 vel
1500 1704 1620 1737 peccatis
1650 1705 1684 1731 ad

897 1743 1065 1778 angelorum,
1090 1744 1277 1773 daemonumve
1300 1750 1424 1773 naturam
1442 1747 1550 1783 adjungi
1570 1749 1686 1777 meruis-

897 1792 969 1816 sent.
985 1787 1069 1816 Recte
1081 1789 1106 1816 id
1119 1789 1194 1824 juxta
1211 1790 1337 1826 Origenis
1347 1792 1507 1819 sententiam
1519 1793 1630 1828 exponit
1641 1794 1686 1822 Ju-

897 1834 1032 1861 stiuianus
1061 1835 1087 1862 in
1112 1835 1226 1870 epistola
1241 1837 1275 1863 ad
1290 1836 1413 1871 quintam
1434 1838 1579 1873 synodum,
1603 1847 1684 1875 quam

899 1879 996 1905 recitat
1006 1877 1154 1906 Cedrenus.

936 1933 995 1961 XV.
1015 1934 1217 1968 Verumtamen,
1229 1937 1384 1972 perspicuis
1401 1938 1465 1966 licet
1488 1944 1515 1968 et
1533 1940 1685 1970 illustribus

898 1980 1061 2009 testimoniis
1083 1981 1260 2010 deliramenta
1270 1983 1402 2018 ejusmodi
1414 1985 1593 2015 Adamantius
1613 1995 1685 2023 saepe

898 2026 1057 2060 prodiderit,
1074 2027 1221 2063 aliquando
1233 2033 1333 2063 tamen,
1351 2031 1426 2064 quasi
1448 2031 1586 2068 Penelopae
1604 2034 1684 2062 telam

898 2075 1035 2104 retexens,
1051 2074 1142 2107 priora
1163 2074 1270 2102 videtur
1291 2080 1449 2105 retractare.
1466 2087 1475 2104 ι
1496 2079 1561 2106 Vide
1575 2087 1650 2115 ergo,
1671 2090 1681 2107 ι

899 2117 988 2152 inquit
1003 2117 1099 2148 homil.
1113 2119 1132 2146 2
1145 2120 1171 2147 in
1184 2120 1278 2153 Lavit,
1292 2129 1367 2149 num.
1387 2123 1413 2156 3,
1436 2133 1446 2149 ί
1464 2132 1497 2151 ne
1511 2124 1580 2153 forte
1595 2125 1685 2158 Jesus.

899 2170 979 2198 quem
1004 2163 1103 2192 Paulus
1115 2166 1138 2182 “
1167 2167 1233 2195 dicit
1262 2169 1423 2203 paciﬁcasse
1450 2178 1498 2205 per
1527 2173 1685 2207 sanguinem

72 2205 127 2239 λων,
137 2209 252 2242 γίνονται
268 2211 311 2237 διὰ
326 2209 371 2236 τὸν
389 2209 459 2244 βίον.
477 2210 579 2236 καὶτὸν
601 2209 647 2236 τοῦ
674 2208 742 2236 Θεοῦ
756 2208 845 2243 λόγον,

900 2215 989 2241 suum,
1001 2216 1055 2236 non
1070 2211 1157 2238 solum
1170 2219 1230 2247 qua:
1254 2213 1280 2240 iu
1299 2214 1390 2247 terris,
1404 2217 1451 2243 sed
1475 2221 1501 2243 et
1515 2205 1615 2251 quaein
1631 2225 1688 2246 cte-

72 2253 142 2280 τινῶν
155 2255 274 2290 ἀγγέλων
293 2257 322 2283 ἐν
336 2255 455 2292 πρώτοις
475 2255 524 2291 μὲν
535 2255 720 2291 τεταγμένων,
735 2254 848 2290 γενομέ-

73 2305 119 2324 νων
141 2300 167 2326 δὲ
197 2301 228 2328 ἐκ
253 2310 333 2328 τινων
345 2300 439 2328 αἰτιῶν
461 2301 592 2336 ἐσχάτων,
611 2300 725 2336 πρῶτοι.
746 2300 849 2333 Quibus

75 2345 166 2380 reliqua
188 2348 371 2374 consentiunt.
397 2347 511 2374 lllustris
535 2351 562 2373 et
587 2346 638 2373 iste
663 2353 679 2372 e
704 2349 769 2373 tom.
788 2353 806 2372 ιι
821 2345 849 2371 in

73 2388 157 2424 Joan.,
171 2400 244 2420 num.
259 2393 291 2420 Π
303 2413 310 2425 ,
328 2394 354 2420 in
372 2401 426 2428 quo
449 2392 535 2428 angeli
551 2397 578 2420 et
603 2391 720 2418 hominis
751 2397 848 2417 nomen

75 2435 150 2463 cidem
161 2439 281 2474 subjecto
297 2446 490 2473 nonnunquam
510 2437 620 2464 attribui
635 2436 719 2468 dicit,
734 2436 801 2463 adeo
821 2441 849 2463 ut

76 2479 146 2508 homo
159 2486 269 2519 angelus
282 2484 439 2518 aliquando,
452 2489 479 2511 et
504 2483 614 2518 angelus
633 2482 752 2509 vicissim
771 2482 850 2508 homo

77 2528 220 2560 appelletur.
235 2531 302 2558 Tum
316 2530 426 2564 subjicit
442 2538 449 2556 :
468 2530 524 2556 Καὶ
538 2529 578 2556 ἐτι
604 2529 703 2564 μᾶλλον
723 2536 849 2563 παραμυ-

78 2570 178 2606 aliam:
201 2576 242 2602 ὅτι
260 2576 307 2603 ἐπὶ
328 2576 382 2602 τῶν
404 2574 564 2611 κρειττόνων
587 2574 727 2610 δυνάμεων
745 2574 779 2600 τὰ
790 2572 849 2599 ὀνό-

78 2626 142 2650 ματα
153 2622 210 2657 οὐχὶ
227 2623 333 2658 φύσεων
345 2622 421 2654 ζώων
429 2623 502 2649 ἐστὶν
513 2622 641 2658 ὀνόματα,
657 2619 725 2647 ἀλλὰ
737 2618 850 2651 τάξεων,

79 2658 108 2688 ὦν
122 2666 163 2700 ἠδέ
178 2677 227 2701 τις,
240 2669 286 2695 καὶ
297 2669 343 2704 ἠδὲ
357 2669 453 2704 λογικὴ
466 2668 545 2702 φύσις
559 2668 684 2702 τέτευχεν
699 2666 753 2693 ἀπὸ
760 2665 826 2692 Θεοῦ
844 2673 850 2680 '

78 2707 161 2743 θρόνος
171 2713 222 2750 γὰρ
237 2715 286 2741 οὐκ
300 2713 368 2746 εἶδος
383 2714 463 2746 Coma,
475 2714 535 2740 οὐδὲ
549 2713 628 2750 ἀρχὴ,
640 2713 699 2740 οὐδὲ
709 2713 848 2748 κυριότης,

79 2754 131 2782 me
156 2758 281 2793 ἐξουσία,
305 2760 373 2787 ἀλλὰ
392 2760 512 2796 ὀνόματα
537 2759 716 2795 πραγμάτων,
748 2760 789 2793 ἐφ’
813 2756 850 2786 ὧν

110 2844 131 2860 ³³
146 2847 244 2878 Coloss.
259 2858 277 2884 I,
293 2851 337 2878 20.

899 2254 934 2282 lis
945 2260 1018 2290 sunt,
1031 2257 1101 2284 idem
1115 2258 1171 2293 ipse
1182 2259 1218 2286 sit
1236 2259 1347 2293 vitulus,
1363 2261 1409 2295 qui
1432 2261 1459 2288 in
1483 2263 1561 2290 ctelis
1577 2264 1686 2299 quidem

901 2310 955 2331 non
970 2310 1018 2338 pro
1029 2310 1151 2338 peccato,
1168 2305 1215 2333 sed
1236 2311 1263 2334 et
1286 2314 1336 2341 pro
1356 2314 1468 2336 munero
1494 2309 1601 2338 oblatus
1623 2316 1685 2339 est:

902 2349 928 2376 in
944 2349 1026 2377 terris
1038 2355 1140 2383 autem,
1164 2352 1207 2378 ubi
1230 2351 1264 2379 ab
1289 2353 1374 2381 Adam
1404 2362 1490 2389 usque
1510 2355 1544 2382 ad
1572 2355 1682 2392 Moysen

902 2396 1028 2430 regnavit
1044 2401 1196 2431 peccatum,
1213 2397 1320 2425 oblatus
1336 2399 1372 2426 sit
1383 2406 1432 2434 pro
1443 2407 1563 2435 peccato.
1580 2403 1612 2430 Et
1637 2403 1688 2431 hoc

901 2445 942 2468 est
954 2449 1064 2475 passum
1078 2450 1137 2470 esse
1151 2449 1229 2471 extra
1244 2451 1344 2472 castra.
1367 2456 1377 2472 ι
1403 2447 1441 2473 Ex
1457 2446 1537 2481 hujus
1553 2448 1603 2475 loci
1619 2456 1686 2476 con-

903 2490 990 2518 textu,
1006 2487 1029 2514 si
1046 2488 1111 2521 quis
1135 2489 1268 2523 attendat,
1280 2490 1394 2518 ellicitnr
1405 2490 1479 2523 illud,
1493 2492 1520 2518 in
1539 2491 1609 2519 creto
1625 2499 1689 2527 pec-

903 2537 994 2558 catum
1016 2540 1070 2559 non
1086 2533 1204 2561 admitti.
1218 2534 1333 2562 Homilia
1357 2543 1463 2571 quoque
1481 2537 1508 2562 in
1530 2536 1612 2563 Num.
1626 2545 1686 2570 xm,

903 2586 978 2605 num.
994 2577 1019 2611 7,
1037 2586 1098 2605 cum
1114 2580 1275 2614 quaesiisset,
1288 2589 1336 2608 cur
1349 2591 1383 2610 ne
1397 2590 1412 2610 a
1444 2582 1572 2609 Balaamo
1585 2583 1687 2610 daemo—

904 2631 950 2651 nes
972 2624 1144 2658 invocentur,
1161 2627 1287 2660 prohibet
1306 2628 1392 2661 Deus;
1419 2628 1563 2663 respondet
1586 2628 1688 2656 idcirco

905 2670 1005 2698 factum
1021 2670 1097 2704 illud,
1118 2663 1188 2707 quod
1205 2673 1246 2701 vel
1267 2674 1372 2701 arbitrii
1400 2674 1495 2701 fuisset
1521 2674 1687 2702 dzemonibus

906 2718 1082 2752 relinquenda
1099 2718 1221 2751 libertas,
1248 2728 1397 2755 eorumque
1422 2720 1560 2748 furoribus
1589 2725 1615 2748 et
1646 2721 1687 2748 in-

906 2765 1044 2798 temperiis
1063 2766 1258 2799 permittendus
1289 2767 1400 2802 populus
1429 2767 1496 2801 Dei;
1514 2768 1556 2795 vel
1581 2767 1686 2796 arbitrii
