1904 3077
228 135 281 162 865

869 132 898 159 Ρ.
923 131 1080 159 DANIELIS
1100 131 1216 160 HUETH

1807 133 1849 161 864

230 196 355 223 libertate
375 194 505 230 spotiandi
527 193 640 221 fuissent
663 194 755 227 iidem,
781 202 814 222 ne
835 194 860 220 in
884 194 1019 221 lsraelitas
1034 197 1056 224 Α
1072 193 1159 227 lapsu.
1172 193 1248 221 Tunc
1260 194 1311 221 erit
1325 195 1394 222 Deus
1413 194 1501 222 omnia
1519 195 1544 222 in
1555 196 1683 222 omnibus
1698 193 1723 208 "
1737 201 1744 225 ;
1760 202 1769 218 ι
1790 194 1849 227 quod

231 241 396 274 impotenter
413 240 585 267 desaavirent.
605 240 775 268 Postremum
794 241 846 268 hoc
861 240 884 268 si
913 240 1018 273 fuisset,

233 296 244 313 ι
261 287 309 314 hoc
325 291 394 319 erat,
410 286 505 321 inquit,
521 288 665 314 damnasse
696 286 883 315 rationabilem
910 291 1018 313 creatu-

233 338 299 362 ram,
315 337 341 357 et
361 336 424 358 ante
452 337 557 365 tempus
577 331 701 359 intulisse
724 331 867 365 judicium,
886 336 913 357 ct
936 331 1019 365 impc-

231 375 303 403 disse
320 376 456 408 omnibus,
475 377 521 410 qui
534 377 677 403 adversum
697 383 743 403 eos
757 376 784 403 in
797 384 883 410 agone
894 381 1020 410 poterant

233 422 367 449 coronari.
389 431 398 447 ι
429 421 510 454 Quasi
536 422 673 449 daemones
689 421 715 448 in
733 422 834 454 judicio
849 421 979 448 adversus
990 429 1020 448 se

230 467 293 494 olim
323 469 467 494 statuendo
492 467 537 502 jus
570 467 702 494 libertatis
737 467 845 494 tandem
875 466 1020 501 aliquando

230 513 357 540 amissuri
386 513 449 541 sint.
467 513 543 546 Quod
568 513 691 547 quamvis
703 522 755 540 non
774 513 877 547 liquido
895 521 926 539 ex
939 520 1019 547 snpe-

230 560 360 592 rioribns,
374 567 462 594 neque
480 560 633 586 necessaria
645 560 839 594 consequentia
851 564 975 594 cogatur,
988 566 1020 586 eo

232 611 321 634 tamen
335 606 442 632 videtur
459 606 508 632 Eoei
538 606 616 639 hujus
633 605 763 632 inclinare
777 605 923 636 sententia,
953 608 980 631 et
1005 612 1019 630 a

231 652 366 688 prioribus
393 651 497 684 placitis
523 652 656 678 recedere.
676 651 742 678 Cum
769 649 916 686 praesertim
940 649 986 677 lib.
1011 658 1018 677 ι

232 698 301 732 Περὶ
314 697 427 732 ἀρχῶν,
442 705 501 731 cap.
515 697 542 730 6,
556 705 630 724 num.
644 698 668 729 i,
684 697 716 724 de
728 697 882 732 angelorum
899 697 1021 724 libertate

232 744 387 771 accuratius
403 748 521 776 acturus,
534 748 558 770 et
570 743 696 777 dogmata
715 750 798 776 supra
818 742 945 770 ventilata
963 742 1020 770 fuse

227 789 431 824 'prnposilurus,
461 789 496 816 ita
519 789 722 823 proloquatur:
745 799 754 815 ‹
782 789 847 822 Quae
876 790 984 824 quidem
1005 798 1019 816 a

234 835 312 862 nobis
325 836 406 861 etiam
425 843 486 862 cum
507 843 604 870 magno
621 839 693 862 metu
711 839 738 862 et
760 835 865 862 cautela
883 835 1019 866 dicuntur,

232 881 440 908 discutienlibns
468 881 555 914 magis
571 886 597 907 et
612 882 853 915 pertractantihus,
869 889 949 916 quam
971 889 1019 915 pro

231 932 306 954 certo
323 934 354 954 ac
370 927 479 954 deﬁnito
495 927 685 955 statuenlibus.
707 927 855 955 iudicatum
873 935 989 962 namque
1003 936 1018 955 a

232 974 308 1000 nobis
322 975 346 1000 in
366 975 555 1008 superioribus
567 979 618 1006 est,
633 982 691 1008 qua:
704 974 757 1001 sint
770 974 802 1001 de
818 975 918 1010 quibus
932 976 1019 1002 maui-

231 1019 299 1047 l'esto
312 1021 437 1055 dogmate
450 1020 648 1047 terminandum
668 1021 702 1048 sit
715 1042 721 1050 ,
735 1022 805 1055 quod
820 1026 844 1047 et
857 1029 905 1056 pro
919 1021 1020 1049 viribus

228 1074 281 1093 nos
309 1066 406 1093 fecisse
433 1072 508 1101 puto,
525 1075 585 1094 cum
613 1067 645 1094 de
672 1066 807 1094 Trinitate
833 1067 1018 1102 loqueremur.

231 1111 308 1139 Nunc
325 1118 414 1139 autem
429 1113 584 1147 diSpntandi
597 1113 687 1147 specie
710 1113 796 1147 magis
810 1133 817 1144 ,
846 1120 927 1148 quam
955 1114 1020 1140 deti-

229 1159 333 1190 ‘niendi,
343 1165 422 1193 prout
430 1167 582 1193 possumus,
593 1167 754 1186 exercemur
763 1168 769 1191 ;
778 1169 786 1184 ι
797 1168 910 1193 rumque
922 1168 981 1194 cap.
991 1161 1019 1192 8.

233 1213 296 1231 num
324 1204 351 1237 5,
365 1205 444 1239 hujus
458 1205 518 1231 libri
535 1205 574 1232 sic
589 1205 708 1240 disputet
725 1214 731 1231 :
758 1215 767 1231 ι
788 1205 944 1233 Secundum
973 1215 1021 1234 nos

230 1258 297 1277 vero
315 1251 379 1277 nihil
401 1255 443 1278 est
470 1251 497 1277 in
517 1252 589 1278 omni
613 1251 766 1278 rationabili
793 1257 931 1285 creatura,
949 1254 1020 1287 quod

233 1305 285 1324 non
306 1301 359 1323 tam
377 1297 438 1324 boni
455 1305 535 1332 quam
554 1297 615 1328 mali
639 1297 673 1324 sit
691 1305 776 1332 capax
794 1306 801 1324 :
816 1298 863 1324 sed
888 1305 939 1325 non
954 1307 1019 1326 con-

230 1344 308 1370 tinuo
325 1344 389 1378 quia
405 1343 518 1370 dicimus
548 1343 646 1370 nullam
670 1351 730 1371 esse
749 1349 871 1370 naturam
892 1352 951 1378 quze
967 1353 1019 1372 non

233 1389 317 1424 possit
335 1389 454 1423 recipere
468 1389 578 1419 malum.
593 1389 695 1416 ideirco
707 1389 903 1417 conﬁrmamus
912 1398 1019 1417 omnem

233 1439 356 1461 naturam
371 1435 504 1468 recepisse
525 1435 636 1465 malum.
659 1435 685 1461 id
703 1441 755 1467 est,
769 1435 867 1462 malam
889 1443 948 1463 esse
981 1437 1020 1462 ef-

234 1481 332 1507 fectam
347 1489 353 1507 :
373 1480 442 1507 sicut
457 1484 498 1507 est
514 1480 603 1507 dicere
621 1480 691 1513 quod
707 1482 796 1508 omnis
809 1482 926 1509 hominis
942 1486 1021 1509 natu-

237 1533 265 1553 ra
296 1526 391 1560 recipit
418 1531 447 1552 ut
477 1526 562 1560 possit
589 1526 730 1561 navigare,
748 1535 800 1554 non
820 1532 908 1555 tamen
935 1536 967 1555 ex
988 1536 1021 1555 eo

235 1572 318 1598 etiam
335 1571 422 1598 omnis
435 1571 514 1599 homo
527 1571 665 1606 navigabit
682 1581 689 1599 :
707 1578 734 1600 et
757 1573 854 1600 iterum
869 1574 942 1601 omni
970 1575 1020 1601 ho-

238 1617 301 1644 mini
316 1617 443 1652 possibile
467 1622 509 1644 cst
529 1618 634 1645 discere
662 1623 746 1646 artem
770 1619 974 1654 grammaticam
996 1625 1023 1647 et

236 1664 417 1696 medicinam;
447 1671 499 1690 non
528 1669 617 1691 tamen
636 1664 736 1692 idcirco
758 1666 908 1692 ostenditur
934 1666 1024 1693 omnis

235 1709 317 1737 homo
333 1709 373 1735 vel
393 1709 512 1736 medicus
532 1717 604 1741 esse,
625 1709 666 1736 vel
697 1711 912 1744 grannnalicus:
942 1711 977 1738 ita
1001 1711 1023 1738 si

235 1754 350 1781 dicimus
364 1754 464 1781 nullam
479 1761 539 1781 esse
555 1760 677 1782 naturam
697 1763 756 1789 quae
779 1764 831 1782 non
848 1756 932 1790 possit
956 1756 1024 1782 reei-

236 1808 300 1836 pere
315 1801 426 1834 malmn,
443 1808 495 1827 non
524 1806 613 1828 tamen
635 1802 763 1829 continuo
784 1802 865 1828 etiam
890 1801 1025 1836 recepisse

237 1847 336 1873 malum
349 1847 516 1881 designatur.
534 1847 687 1874 Secundum
705 1855 754 1874 nos
773 1855 890 1882 namque
913 1855 944 1874 ne
968 1847 1025 1874 dia-

239 1892 316 1919 bolus
329 1892 436 1927 quidem
449 1893 507 1926 ipse
519 1893 632 1926 iucapax
649 1893 699 1919 fuit
711 1894 791 1926 boni;
810 1902 862 1920 non
879 1898 966 1920 tamen
985 1893 1025 1920 id-

235 1937 310 1966 circo
323 1938 387 1972 quia
405 1939 493 1972 potuit
509 1939 630 1972 recipere
646 1938 759 1970 bonum.
772 1939 852 1966 etiam
865 1939 959 1972 voluit,
984 1939 1025 1966 vel

239 1984 330 2010 virtuti
355 1991 467 2019 operam
483 1985 577 2011 dedit:
599 1993 608 2010 ι
644 1990 672 2012 et
699 1984 777 2018 paulo
800 1989 876 2019 post,
897 1992 972 2011 ιιιιιιι.
988 1984 1023 2012 ιτ

239 2039 250 2056 ι
264 2030 297 2058 Ει
313 2036 355 2058 est
369 2031 438 2058 alter
449 2031 500 2058 iste
516 2031 582 2057 ordo
599 2031 765 2058 rationabilis
777 2036 920 2062 creatur-te,
934 2031 978 2065 qui
997 2039 1026 2059 se

235 2076 276 2103 ita
292 2084 412 2111 praeceps
429 2076 558 2110 nequitize
570 2077 652 2110 dedit,
671 2081 699 2102 ιιι
721 2077 842 2103 revocari
860 2076 926 2103 nolit
939 2077 1025 2111 magis

232 2129 318 2157 quam
336 2129 388 2148 non
405 2122 510 2157 possit,
524 2123 589 2148 dum
605 2121 738 2149 scelerum
756 2122 844 2148 rabies
866 2121 922 2155 jam
944 2121 1026 2148 libido

235 2173 288 2199 est,
302 2171 328 2194 et
350 2167 480 2201 delectat;
498 2177 507 2194 ι
537 2173 565 2195 et
599 2176 658 2194 cum
680 2167 726 2194 lib.
754 2175 770 2193 v
795 2167 972 2194 Commentar.
998 2168 1025 2194 in

1035 875 1055 902 ιι

1072 240 1191 274 Apostoli
1210 240 1368 267 auctoritate
1383 240 1536 272 confirmat,
1553 240 1598 274 qui
1622 239 1700 267 nulla
1719 246 1760 270 re,
1776 246 1849 273 quau-

1072 284 1195 312 tumlibet
1213 285 1287 320 gravi
1300 289 1327 312 et
1342 285 1463 319 molesta,
1479 293 1493 312 a
1522 285 1620 312 Christi
1635 285 1743 312 eharit:
1751 290 1776 311 te
1800 292 1849 312 sese

1071 329 1160 356 divelli
1177 338 1255 364 posse
1270 330 1390 358 declarat
1406 340 1413 357 :
1430 338 1545 364 cumque
1563 335 1635 358 tomo
1658 338 1718 357 xvu
1747 330 1773 356 in
1789 329 1845 357 kat-

1071 375 1167 402 thwum
1181 397 1189 410 ,
1211 384 1285 403 num.
1302 376 1347 408 50,
1375 384 1434 403 cum
1463 381 1596 410 quaereret
1618 383 1713 403 annon
1741 376 1850 403 homines

1071 422 1170 456 pietate
1197 422 1314 456 insignes
1335 422 1422 457 angeli
1443 423 1570 455 evadant,
1593 422 1770 448 dubitantem
1787 428 1813 447 se
1829 428 1850 448 et

1071 468 1205 495 incertum
1221 468 1278 495 ha-c
1301 468 1466 503 perscrutari
1479 469 1552 495 dicat
1568 477 1573 494 :
1589 475 1711 502 cumque
1723 467 1775 494 alio
1792 466 1849 499 loco,

1072 519 1214 548 postquam
1234 513 1266 540 de
1279 513 1382 548 angelis
1399 514 1462 548 quid
1485 514 1595 541 sentiret
1613 513 1779 548 explicavit,
1798 513 1850 539 talia

1072 560 1216 586 subuectat
1233 567 1238 584 :
1259 569 1267 585 ι
1285 558 1348 586 llmc
1363 559 1438 592 juxta
1461 563 1582 586 nostram
1611 558 1778 586 sententiam
1807 566 1849 584 non

1072 606 1274 640 sintdogtnata,
1292 605 1339 632 sed
1359 605 1470 639 quaesita
1489 610 1602 637 tantum,
1629 610 1716 639 atque
1734 603 1849 638 projects,

1078 659 1111 678 ne
1125 653 1232 686 penitus
1253 652 1395 678 intractata
1410 651 1562 678 viderentur
1577 651 1642 687 (3i).
1670 660 1681 677 ›

1109 696 1178 723 XVI.
1193 697 1252 724 1Ιιιιιι
1270 704 1333 723 vero
1352 697 1430 731 ecqui
1456 697 1590 723 damnosa:
1616 697 1680 724 huic
1701 704 1790 724 causa!
1804 697 1851 723 sui-

1074 747 1224 782 fragentur.
1254 747 1430 780 inquiramus.
1453 747 1492 773 Ac
1508 746 1622 780 primum
1635 747 1752 782 angelos
1764 752 1790 774 et
1811 747 1850 774 ho-

1072 793 1159 820 mines
1189 792 1327 828 hypostasi
1353 792 1461 826 quidem
1491 793 1656 826 discrepare,
1685 797 1715 819 at
1743 793 1850 820 eamdem

1072 839 1172 867 habere
1204 844 1327 866 naturam
1350 838 1417 865 dixit
1446 837 1562 865 Joannes
1583 838 1804 865 Damasccn.lib.
1822 838 1850 865 Ds

1074 885 1177 911 duabus
1191 885 1376 913 voluntatibus.
1397 884 1522 919 Ejusdem
1543 893 1607 912 vero
1622 892 1686 912 esse
1701 884 1807 919 angelos
1819 885 1851 911 in-

1076 936 1116 958 ter
1141 939 1169 958 se
1186 935 1289 957 nulline
1312 935 1389 958 tanto
1414 938 1547 958 consensu
1569 930 1666 958 Patres
1686 929 1848 961 alIirmarunt,

1076 983 1104 1004 ut
1122 978 1190 1004 hanc
1203 977 1285 1004 fuisse
1299 977 1425 1004 Ecclesia:
1441 977 1573 1004 universa;
1587 977 1746 1004 doctrinam
1766 985 1780 1003 a
1796 984 1851 1003 non-

1075 1023 1154 1050 nullis
1171 1024 1305 1056 proditum
1319 1023 1353 1049 sit
1375 1031 1381 1049 :
1405 1021 1474 1049 bene
1496 1027 1586 1049 autent
1613 1022 1655 1049 vel
1689 1022 1761 1050 male
1784 1030 1850 1057 agere

1075 1077 1153 1103 posse
1166 1068 1274 1103 angelos
1290 1073 1316 1095 et
1334 1069 1480 1099 dmmones,
1497 1072 1558 1103 post
1571 1068 1722 1103 Origenem
1738 1068 1785 1095 viri
1802 1077 1850 1103 gra-

1075 1123 1120 1142 ves
1136 1115 1237 1150 opinati
1265 1121 1336 1142 sunt.
1354 1115 1511 1142 Ambrosius
1526 1115 1597 1142 hunc
1619 1123 1762 1150 exponens
1788 1115 1848 1142 Pauli

1075 1160 1161 1187 locum
1177 1161 1210 1186 ad
1226 1159 1325 1196 Ephes.
1343 1169 1383 1192 ιιι,
1400 1161 1443 1193 10,
1460 1162 1593 1188 daemones
1615 1162 1649 1188 ab
1671 1169 1767 1188 errore
1791 1168 1851 1188 revo-

1074 1206 1130 1233 cari
1147 1214 1224 1240 posse
1250 1214 1299 1241 per
1317 1207 1486 1239 Ecclesiam,
1505 1213 1532 1234 et
1559 1215 1574 1233 a
1600 1207 1703 1234 diaboli
1730 1206 1849 1233 consortio

1077 1252 1214 1287 segregari
1228 1252 1342 1278 censuit.
1362 1252 1541 1288 Hieronymus
1555 1252 1581 1278 in
1597 1252 1722 1285 ejusdem
1740 1251 1850 1285 Epistoltc

1074 1304 1133 1332 cap.
1150 1297 1175 1328 i,
1192 1304 1264 1324 Vers.
1280 1297 1314 1324 22
1331 1305 1338 1324 :
1359 1307 1368 1323 ι
1383 1297 1437 1324 Cur
1451 1301 1539 1324 autem
1551 1298 1655 1330 omnia,
1673 1298 1770 1332 inquit,
1781 1296 1804 1324 id
1817 1300 1848 1322 est

1074 1342 1172 1377 angeli,
1192 1343 1293 1375 throni,
1309 1343 1517 1375 dominationes,
1536 1348 1699 1378 potestates,
1712 1348 1739 1370 et
1754 1343 1849 1369 virtutes

1074 1393 1188 1421 ca-tcrm,
1201 1396 1259 1423 quae
1275 1397 1410 1423 nunquam
1431 1389 1538 1416 fuerunt
1559 1390 1707 1416 contraria:
1730 1388 1791 1419 Deo.
1803 1387 1849 1421 ejus

1075 1434 1189 1468 pedibus
1217 1434 1415 1469 subjicianlur,
1450 1436 1557 1463 videtur
1580 1436 1742 1463 obscurum.
1772 1433 1849 1460 Potest

1075 1481 1166 1515 itaque
1183 1481 1339 1515 responderi
1353 1482 1423 1516 quod
1439 1483 1539 1518 absque
1552 1487 1664 1517 peccato
1682 1481 1770 1508 nullus
1781 1482 1812 1507 sit
1822 1479 1847 1511 “,

1074 1531 1101 1553 et
1115 1526 1203 1553 sidera
1219 1526 1275 1560 ipsa
1292 1531 1344 1553 nan
1363 1528 1418 1554 sint
1436 1529 1534 1554 munda
1547 1536 1637 1555 coram
1652 1527 1749 1560 Deo",
1763 1526 1849 1554 omnis-

1076 1577 1128 1604 que
1144 1575 1269 1596 creatura
1286 1577 1382 1604 pareat
1396 1570 1534 1599 Creatoris
1551 1572 1712 1598 adventum.
1737 1569 1807 1597 Unde
1828 1573 1848 1595 et

1074 1623 1142 1642 crux
1169 1615 1319 1643 Salvatoris
1339 1625 1391 1643 non
1417 1617 1504 1644 solum
1534 1625 1565 1644 ea
1588 1625 1647 1652 quae
1672 1617 1700 1644 in
1717 1622 1797 1646 terra,
1810 1615 1846 1641 sed

1074 1660 1155 1687 etiam
1170 1667 1202 1687 ea
1214 1668 1274 1695 qua:
1290 1661 1316 1688 in
1337 1661 1414 1689 caelis
1436 1667 1510 1689 erant
1525 1669 1656 1696 purgasse
1669 1661 1845 1696 perhibeturp

1075 1708 1102 1731 et
1115 1705 1194 1738 paulo
1214 1707 1338 1741 superius
1351 1707 1377 1734 in
1402 1707 1481 1742 hujus
1511 1707 1607 1741 capitis
1623 1715 1696 1734 vers.
1711 1706 1746 1732 20
1770 1714 1776 1731 :
1801 1713 1809 1730 ι
1825 1704 1846 1730 Si

1075 1755 1164 1777 autem
1180 1757 1242 1778 sunt
1255 1752 1430 1787 principatus,
1443 1757 1468 1779 et
1487 1757 1644 1787 potestates,
1657 1758 1686 1779 et
1700 1752 1816 1783 virtutes,
1826 1755 1847 1777 et

1075 1796 1282 1830 dominationes,
1292 1805 1402 1826 necesse
1409 1803 1450 1826 est
1463 1803 1528 1825 utet
1542 1798 1680 1832 subjectos
1692 1799 1812 1829 habeant,
1825 1801 1845 1823 et

1076 1842 1203 1869 timentes
1215 1850 1254 1875 se,
1272 1848 1300 1870 et
1310 1845 1459 1871 servientes
1470 1844 1532 1876 sibi,
1546 1849 1574 1870 et
1585 1851 1634 1871 eos
1654 1843 1702 1878 qui
1718 1850 1764 1870 sua
1783 1842 1847 1868 forti-

1076 1887 1170 1914 tudine
1184 1888 1355 1917 roborentur.
1374 1889 1438 1922 Quae
1467 1888 1673 1916 distributiones
1699 1888 1845 1919 oliiciorum,

1076 1941 1128 1961 non
1155 1933 1240 1961 solum
1261 1933 1516 1968 imprresentiarum,
1537 1935 1584 1961 sed
1611 1934 1694 1961 etiam
1721 1934 1746 1960 in
1772 1934 1846 1959 futuro

1077 1980 1177 2007 saeculo
1186 1976 1276 2014 erunt,
1292 1986 1319 2007 ut
1329 1989 1377 2015 per
1388 1980 1510 2015 singulos
1525 1980 1663 2015 profectus
1675 2000 1683 2012 ,
1697 1985 1724 2007 et
1736 1980 1844 2008 honores,

1076 2029 1103 2052 et
1115 2021 1296 2057 ascensiones,
1309 2031 1334 2053 et
1351 2026 1556 2059 descensiones,
1569 2026 1609 2053 vel
1628 2031 1735 2053 crescat
1754 2024 1843 2059 aliquis,

1077 2071 1120 2098 vel
1135 2071 1282 2105 decrescat,
1296 2077 1324 2099 et
1339 2073 1388 2099 sub
1405 2073 1457 2099 alia
1472 2077 1553 2107 atque
1567 2073 1619 2099 alia
1638 2077 1779 2108 potestate,
1802 2070 1844 2096 \‘ir-

1084 2122 1150 2150 tute,
1174 2118 1325 2153 principatu
1343 2124 1370 2146 et
1386 2119 1569 2146 dominatione
1586 2119 1642 2146 ﬁat.
1658 2129 1668 2144 ι
1692 2120 1775 2153 Atque
1801 2116 1844 2143 Im:

1076 2171 1138 2190 cum
1155 2163 1245 2191 Ruﬁni
1266 2165 1518 2199 reprehensionibus
1533 2171 1559 2192 et
1588 2165 1712 2192 censuris
1728 2165 1842 2198 exagitata

237 2213 322 2248 Epist,
339 2213 372 2240 ad
385 2213 472 2246 Rom_,
491 2222 565 2241 num,
578 2214 622 2246 ιο,
635 2222 695 2249 pag.
710 2208 772 2246 568',
786 2220 927 2249 postquam
940 2213 1022 2240 liber-
1042 2222 1063 2249 υ
1079 2208 1205 2241 inissent,
1222 2210 1261 2237 sic
1286 2218 1416 2239 excusare
1440 2217 1557 2238 conatur
1582 2211 1759 2246 Hieronymus
1772 2209 1819 2245 (52)
1837 2214 1842 2232 ξ

237 2260 301 2286 tatis
321 2259 460 2287 voluntate
476 2261 616 2295 praditam
636 2269 696 2288 esse
721 2267 848 2288 naturam
876 2259 1027 2294 quamlibet

239 2305 351 2332 rationis
374 2311 527 2340 compotem
553 2306 694 2334 confessus
717 2313 768 2340 est,
788 2315 839 2334 non
865 2315 895 2333 ea
915 2305 1026 2341 peri-de

237 2351 274 2376 uti
287 2351 382 2377 doceat
400 2358 408 2378 :
431 2360 440 2376 ι
457 2351 524 2384 Quid
539 2354 629 2380 autem
643 2353 689 2384 sit,
702 2353 801 2387 inquit,
822 2352 892 2387 quod
911 2352 937 2378 in
956 2352 1025 2377 intu-

237 2397 276 2424 ris
302 2397 408 2425 sreenlis
425 2402 514 2425 teneat
543 2400 649 2427 arbitrii
679 2401 844 2430 libertatem,
861 2406 894 2425 ne
917 2405 1024 2425 rursum

236 2448 348 2470 corruat
364 2444 390 2470 in
408 2449 561 2478 peccatum,
581 2445 654 2472 brevi
669 2453 718 2472 nos
743 2452 869 2472 serlnoue
882 2443 1027 2478 Apostolus

237 2489 326 2520 docet,
344 2489 438 2516 dicens
453 2498 460 2516 :
476 2489 600 2517 Charitas
626 2499 761 2525 nunquam
773 2491 844 2517 cadit
859 2490 896 2522 “;
925 2490 1027 2517 idcirco

235 2535 307 2562 enim
321 2540 348 2562 et
361 2535 413 2562 ﬁde
424 2540 451 2562 et
466 2543 513 2570 spe
530 2537 616 2571 major
629 2537 749 2564 charitas
765 2537 874 2569 dicitur,
889 2537 951 2571 quia
969 2536 1025 2563 sola

236 2582 288 2609 erit
301 2589 350 2615 per
361 2590 442 2616 quam
462 2583 580 2617 delinqui
596 2583 665 2610 ultra
688 2591 738 2610 non
754 2583 868 2618 poterit;
889 2592 898 2608 ι
927 2582 1025 2609 deinde

236 2627 364 2662 subjiciat
387 2638 394 2656 :
428 2638 437 2655 ι
458 2629 490 2656 Ει
511 2629 572 2656 ideo
595 2629 691 2656 merito
715 2628 833 2655 charitas
849 2648 856 2660 ,
886 2635 947 2662 quae
968 2628 1023 2654 sola

237 2676 356 2702 onmium
374 2674 460 2709 major
476 2679 528 2707 est,
546 2682 654 2706 omnem
669 2679 819 2700 creaturam
844 2673 992 2701 continebit
1007 2680 1022 2699 a

271 2745 315 2771 ιιι
330 2745 390 2772 Cor.
407 2753 465 2778 xui,
478 2745 504 2772 8.
562 2746 584 2760 ’⁵
599 2745 606 2771 l
622 2744 684 2772 Cor.
701 2752 745 2777 xv,
760 2744 806 2771 28.

241 2815 331 2886 (Ἰξςῖιί
348 2816 458 2852 Origen.
490 2817 559 2852 apud
588 2816 662 2845 Hier.
697 2817 775 2852 epist.
801 2817 835 2844 59
872 2816 905 2844 ad
933 2815 1017 2849 Avit.,

853 2744 875 2758 ³⁸
889 2742 939 2770 Job
956 2750 999 2774 μ’,
1017 2742 1059 2769 M.

1083 2263 1091 2280 I
1113 2255 1159 2281 Sin
1172 2260 1259 2282 autem
1272 2261 1347 2290 putat
1367 2262 1392 2284 et
1418 2257 1520 2284 idcirco
1541 2266 1583 2284 me
1609 2257 1748 2291 Origenem
1771 2252 1842 2288 sequi,

1078 2301 1141 2334 quia
1162 2301 1299 2335 profectus
1313 2307 1340 2329 et
1356 2303 1484 2336 honores,
1506 2303 1680 2330 ascensiones
1705 2308 1731 2330 et
1748 2302 1843 2329 desecu—

1080 2347 1191 2380 siones;
1219 2347 1386 2375 incrementa
1413 2353 1440 2376 et
1468 2349 1669 2376 iunninutiones
1698 2349 1723 2376 in
1753 2345 1841 2380 exposi-

1080 2392 1152 2419 tione
1170 2401 1227 2419 Inea
1245 2394 1331 2428 posui,
1352 2395 1420 2421 sciat
1442 2395 1555 2421 multtnn
1571 2395 1714 2427 interesse,
1726 2394 1756 2421 de
1777 2398 1842 2424 ηυδε·

1080 2436 1123 2469 lis,
1141 2442 1168 2464 et
1195 2439 1342 2473 seraphim,
1354 2443 1381 2466 et
1403 2439 1542 2466 cherubim
1560 2439 1649 2466 dicere
1676 2440 1808 2468 damnaues,
1820 2440 1840 2461 et

1081 2484 1208 2512 homines
1231 2485 1301 2517 ﬁeri,
1322 2486 1394 2518 quod
1410 2486 1524 2513 aiiirntat
1539 2486 1679 2520 Origenes,
1693 2492 1720 2513 et
1732 2486 1795 2520 ipsos
1808 2483 1840 2508 iu-

1082 2535 1122 2557 ter
1133 2538 1162 2558 se
1180 2532 1291 2566 angelos
1303 2532 1410 2559 diversa
1432 2531 1581 2558 ciliciorum
1595 2539 1692 2567 genera
1707 2538 1762 2559 esse
1777 2528 1839 2556 sorti-

1079 2583 1130 2609 tos,
1149 2579 1219 2612 quod
1235 2578 1361 2606 Ecclesia:
1376 2587 1428 2606 non
1445 2584 1586 2613 repugnat.
1601 2578 1737 2612 Quomodo
1746 2582 1769 2603 et
1786 2578 1838 2602 inter

1079 2623 1202 2650 homines
1219 2625 1286 2651 ordo
1301 2623 1461 2659 dignitatum
1478 2631 1509 2650 ex
1522 2624 1621 2651 laboris
1634 2624 1760 2651 varietate
1770 2620 1838 2647 diver-

1079 2677 1125 2697 sus
1144 2675 1196 2703 est,
1214 2678 1275 2697 cum
1291 2670 1433 2706 cpiscopus
1450 2675 1477 2697 et
1493 2670 1648 2705 presbyter,
1665 2674 1692 2696 et
1716 2667 1792 2697 omnis
1802 2670 1836 2691 et:-

1098 2741 1121 2757 ¹⁷
1135 2741 1185 2769 Job
1199 2749 1262 2774 xxv,
1275 2740 1302 2770 5.

1108 2815 1163 2851 (5‘2)
1181 2817 1256 2851 Apol.
1273 2815 1331 2842 adv.
1347 2814 1408 2849 Ruf.
1423 2814 1469 2842 lib.
1483 2822 1501 2847 ι,
1515 2821 1573 2848 cap.
1586 2813 1613 2840 6.
