1904 3077
55 131 103 158 865

455 131 740 161 ORIGENIANORUM
761 133 824 161 LIB.
847 134 878 166 ll,
899 134 975 162 CAP.
995 135 1028 166 1Ι,
1046 135 1192 169 ρυκΕδτ.
1214 137 1246 166 ν.

1630 147 1682 175 Sus

55 186 219 215 clesiasticus
231 187 331 223 gradus
342 187 441 215 haheat
453 189 576 216 ordinem
601 198 688 223 suum,
702 196 729 217 et
744 196 831 218 tamen

887 199 954 223 πους
970 193 1032 228 περὶ
1055 193 1090 219 τὰ
1120 195 1241 229 πρακτέα
1261 196 1485 232 καταγινόμεναι,
1512 201 1612 236 μᾶλλόν
1629 204 1684 230 είσι

56 240 144 260 omnes
160 232 286 261 homines
304 238 364 261 sunt
381 241 389 260 :
409 235 449 261 sic
465 240 491 261 et
509 235 578 262 inter
606 235 716 270 angelos
741 237 835 263 merita

55 287 110 306 esse
129 279 251 310 diversa,
265 284 291 306 et
305 283 394 306 tamen
411 280 438 307 in
456 280 579 314 angelica
596 288 690 308 omnes
709 282 837 315 persiste-

56 333 83 352 re
107 325 251 360 dignitate,
272 332 321 352 nec
348 325 382 352 de
407 326 508 360 angelis
535 325 658 352 homines
682 325 758 358 ﬁeri,
788 333 837 353 nec

56 378 157 398 rursum
198 370 322 398 homines
351 371 377 397 in
411 371 524 405 angelos
561 371 712 399 reformari.
741 382 750 398 ι
779 371 836 399 lloc

54 416 173 450 Origenis
201 416 272 443 inter
302 421 328 444 et
358 416 512 452 llieronymi
543 417 693 444 doctrinam
713 418 834 451 interest,

53 462 120 496 quod
139 452 221 489 unius
233 469 293 489 esse
316 467 418 489 naturae
430 463 540 497 angelos
559 468 585 490 et
607 463 713 490 auituas
728 463 772 490 ille
789 471 837 490 au-

55 506 179 532 tumarit:
206 510 234 533 at
252 513 302 541 pro
323 506 438 539 meritis,
467 507 593 542 gradibus
617 507 701 535 fuisse
722 508 836 536 diversis

53 551 222 584 constitutos,
234 556 262 578 et
278 551 351 578 varia
363 551 462 579 obiisse
474 551 572 586 cilicia,
588 561 646 588 quae
656 554 755 581 ’tamen
770 555 836 582 sub-

53 596 110 624 inde
122 604 170 631 pro
182 597 342 624 meritorum
359 599 463 626 ratione
479 604 674 632 permutentur,
686 600 726 627 vel
754 601 834 629 altius

53 642 231 677 ascendendo,
261 643 303 671 vel
326 644 359 671 ad
389 644 516 671 inferiora
546 645 735 679 prolabendo:
756 651 836 681 atque

52 688 126 722 hujus
149 688 344 717 vicissitudinis
358 691 459 724 gradus
481 699 542 720 esse
560 693 728 727 angelorum,
744 693 834 720 homi-

51 741 110 761 num
144 741 176 761 ac
203 735 356 762 dtemonum
386 742 521 764 naturam.
560 738 740 774 Hieronymus
771 748 835 767 vero

50 780 200 816 angelorum
228 781 338 816 quidem
360 788 483 810 naturam
502 784 536 811 ab
560 785 677 812 humana
707 787 833 819 secrevit,

53 826 94 853 sed
109 826 198 853 varios
211 827 274 854 illos
287 828 385 862 gradus
396 834 423 856 et
436 829 545 857 ordines
561 831 664 865 angelis
680 839 728 866 pro
749 832 835 858 virtu-

887 235 940 261 τῶν
951 236 1037 263 ἄλλων
1054 238 1170 273 τρεπταί
1179 247 1185 253 ·
1204 239 1264 265 ὅσαι
1279 239 1307 266 δὲ
1325 239 1358 266 δι’
1372 241 1511 277 ἀκρότητα
1524 244 1630 278 φύσεως
1644 246 1685 282 τῷ

887 281 946 317 Θεῷ
959 282 1029 309 κατὰ
1039 283 1130 318 σχέσιν
1143 283 1334 319 πλησιάζουσι,
1347 286 1393 312 καὶ
1402 289 1434 322 τῇ
1448 289 1543 316 τούτου
1554 281 1685 328 κατανοή-

890 336 931 354 σει
951 328 981 354 τὸ
1000 329 1131 365 μακάριον
1156 332 1325 366 καρποῦνται
1349 333 1417 368 πρὸς
1443 334 1542 367 ἑαυτὰς
1568 338 1614 364 καὶ
1639 338 1689 366 τδν¹

887 372 953 400 Θεὸν
971 374 1050 409 μόνον
1065 376 1262 412 ἐστραμμέναι,
1280 386 1334 404 των
1358 380 1406 414 μὲν
1423 381 1552 415 πρακτῶν
1566 383 1613 409 καὶ
1632 383 1683 419 τῆς

887 418 952 455 ὕλης
964 421 1134 448 παντάπασιν
1150 423 1252 454 ἑαυτὰς
1268 423 1504 460 ἁπηλλοτρίωσαν,
1521 430 1555 464 τῇ
1569 429 1598 455 δὲ
1616 429 1683 457 θεω-

887 465 933 502 ρίᾳ
949 466 995 493 καὶ
1010 467 1049 502 τῷ
1069 468 1128 504 Θεῷ
1149 469 1373 504 προσῳκείωσαν,
1392 471 1517 506 μένουσιν
1540 473 1679 510 ἄτρεπτοι.

889 522 899 540 ι
912 512 1028 540 Rursum
1043 521 1076 541 ex
1092 514 1133 542 his
1148 523 1208 549 qua:
1224 517 1345 543 materiae
1367 523 1493 552 expertes
1514 526 1586 552 sunt,
1607 530 1682 556 qure-

888 566 994 593 cunque
1018 559 1043 586 in
1062 559 1127 587 locis
1143 565 1221 588 terrze
1236 562 1392 596 propinquis
1412 569 1567 598 versantur,
1591 567 1625 593 ob
1636 575 1681 594 so-

887 604 1011 631 cietatem
1033 612 1113 639 quam
1129 605 1229 632 habent
1248 614 1308 633 cum
1321 607 1477 635 hominibus
1493 609 1566 636 circa
1579 618 1622 638 res
1640 620 1682 647 ge-

888 650 987 677 rendas
999 656 1179 685 occupantur,
1196 652 1303 679 caeteris
1319 653 1506 681 mutabiliores
1522 661 1592 682 sunt.
1606 657 1682 689 Qum-

889 703 996 730 cunque
1009 701 1099 723 autem
1112 702 1221 731 propter
1231 704 1335 726 natura:
1347 700 1533 733 prmstanliam
1546 703 1579 728 ad
1598 703 1680 730 Deum

887 749 935 776 per
954 742 1078 770 alIcctum
1098 744 1240 777 accedunt,
1262 750 1290 772 et
1316 753 1364 780 per
1381 746 1454 773 illius
1475 750 1680 784 contemplatio-

885 795 946 815 nem
968 788 1135 817 beatitudine
1152 789 1293 823 l'ruuntur;
1317 793 1350 818 ad
1367 793 1470 827 seipsos
1484 799 1510 820 et
1537 795 1619 822 Deum
1636 804 1680 823 so-

887 833 942 860 lum
959 841 1108 867 conversae,
1132 843 1146 862 a
1161 836 1241 863 rebus
1257 838 1369 872 agendis
1383 843 1410 865 et
1433 841 1544 868 materia
1568 843 1681 870 omnino

53 872 117 900 tibus
133 878 160 900 et
185 874 292 901 meritis
312 875 347 901 ita
375 876 526 910 assignatos
553 878 736 912 existimavit,
752 883 780 905 ut
801 879 834 906 ad
851 869 873 900 Β
888 887 917 906 se
930 879 994 914 ipsae
1009 886 1203 914 segregarunt;
1221 883 1441 918 contemplationi
1462 892 1527 912 vero
1545 891 1571 913 et
1586 886 1639 915 Deo
1650 895 1680 915 se

53 919 182 952 superiora
199 919 350 947 etiamnum
371 921 503 956 aspircut,
520 927 545 950 et
563 923 631 950 bene
652 925 755 959 agendo
772 932 833 959 per-

53 965 164 998 veniant,
181 966 223 993 vel
249 966 319 993 male
333 967 438 1002 agendo
453 968 486 994 ad
503 968 633 996 inferiora
646 970 834 1002 devolvantur,

53 1016 77 1037 et
87 1011 129 1038 alii
156 1012 259 1047 aliique
284 1013 325 1040 vel
345 1014 482 1047 potestati,
501 1014 541 1041 vel
566 1015 728 1051 principatui
755 1016 835 1050 subji-

54 1058 162 1090 ciantur,
180 1058 340 1095 l'uturasque
353 1060 434 1087 etiam
453 1061 605 1094 hujnsmodi
620 1064 833 1097 pertnutationes

53 1103 76 1130 in
91 1109 230 1136 aeternum,
252 1105 298 1131 sed
314 1106 385 1132 intra
405 1113 507 1133 naturae
521 1107 650 1141 angelicae
667 1108 748 1137 lines.

86 1150 196 1184 Angelos
221 1158 294 1186 a'grc
309 1151 429 1185 quidem,
450 1153 496 1179 sed
515 1160 626 1187 peccare
646 1158 742 1181 tamen.
756 1162 834 1189 posse

54 1196 136 1223 sciscit
159 1197 274 1224 Basilius
298 1197 390 1225 homil.
407 1198 434 1224 in
455 1198 549 1232 psalm.
572 1207 668 1226 xxxu:
691 1201 832 1236 Δυσμετα-

55 1241 138 1273 Θέτους
152 1240 220 1268 εἶναι
239 1242 308 1278 πρὸς
330 1243 438 1275 κακίαν,
453 1243 483 1269 τὸ
500 1243 612 1279 μόνιμον
630 1245 669 1276 είς
684 1245 784 1281 ἀρετὴν
799 1248 832 1282 τῇ

54 1287 131 1323 δωρεᾷ
152 1288 197 1314 τοῦ
222 1289 301 1323 ἁγίου
331 1289 486 1324 Πνεύματος
505 1289 626 1325 ἔχοντας.
657 1300 666 1316 ε
693 1290 775 1326 Ᾱὲετε
799 1292 832 1318 ad

55 1333 174 1361 malitiam
195 1335 320 1362 converti
343 1342 432 1369 posse,
446 1336 626 1363 constantiam
647 1336 718 1363 illam
736 1336 761 1363 in
779 1336 833 1363 vir-

55 1383 105 1406 tute
120 1380 252 1407 beneﬁcio
272 1380 359 1408 sancti
376 1381 494 1415 Spiritus
516 1381 656 1408 habentes.
670 1390 680 1407 ι
699 1381 833 1409 Maximus

55 1425 78 1451 in
94 1433 150 1459 cap.
166 1426 194 1453 il
219 1426 343 1460 Dionysii
359 1426 396 1452 De
411 1426 507 1453 caele“.
528 1427 671 1458 Itierarclt.,
688 1427 759 1461 quod
773 1434 834 1461 gra-

55 1468 93 1495 tiae
103 1469 194 1498 divinae
205 1476 347 1505 acceptum
360 1475 417 1497 erat
432 1470 613 1503 referendum,
630 1471 662 1498 ad
677 1472 831 1506 angelorum

55 1513 178 1547 allectmn,
193 1520 220 1543 et
236 1520 422 1550 comparatum
433 1517 575 1550 quemdam
588 1517 708 1544 habitum
729 1518 829 1550 retulit,

54 1560 116 1593 quod
136 1561 210 1596 plane
234 1561 425 1595 Origenianum
449 1567 490 1589 est
509 1572 515 1589 :
533 1562 626 1589 Ἔστιν
647 1561 703 1595 οὖν,
731 1563 828 1598 inquit,

55 1606 257 1643 ἐπιχειρήσαντα
280 1609 366 1634 εἰπεῖν
387 1608 515 1641 εὐσεϐῶς,
533 1609 572 1635 ὅτι
589 1610 603 1635 ὁ
616 1609 681 1641 Θεὸς
700 1609 830 1646 προειδὼς

55 1651 133 1678 αὐτῶν
146 1652 192 1688 τὴν
210 1653 262 1688 τῆς
279 1653 399 1688 ἐφέσεως
419 1654 536 1689 κίνησιν,
551 1654 597 1681 καὶ
614 1654 663 1685 τὰς
680 1654 769 1681 αὐτῶν
781 1655 830 1681 τά·

55 1697 102 1730 ξεις
111 1698 185 1731 ἀξίας
199 1699 290 1726 αὐτῶν
307 1702 484 1736 παρήγαγεν⁸
503 1700 532 1732 eg
542 1697 579 1727 ὧν
596 1700 645 1726 οὐκ
658 1700 689 1726 ἂν
701 1700 773 1727 εἴποι
789 1710 831 1733 τις

55 1745 128 1777 αὐτὰς
142 1746 271 1773 δύνασθαι
295 1747 431 1779 ἐκπεσεῖν,
446 1746 489 1773 διὰ
510 1747 559 1782 τὴν
579 1746 635 1779 ἕξιν
651 1747 711 1773 τινὰ
731 1747 832 1782 κτήσα-

56 1789 108 1817 σθαι
123 1792 186 1826 πρὸς
202 1791 235 1818 τὸ
251 1792 361 1826 ἀγαθὸν,
379 1792 422 1818 διὰ
439 1791 487 1827 τῆς
508 1792 577 1825 ἄγαν
598 1792 750 1827 Θελήσεως·
769 1793 832 1824 τοὺς

55 1835 78 1862 δὲ
97 1837 233 1872 ἀγγέλους,
255 1839 377 1865 τουτέστι
395 1840 457 1870 τοὺς
480 1838 649 1870 τελευταίους
667 1839 831 1874 διακόσμους

55 1881 193 1918 ἐνδέχεσθαι
212 1885 287 1916 ἴσως,
304 1885 350 1911 καὶ
367 1885 414 1911 ἐπὶ
429 1884 459 1910 τὸ
471 1886 559 1920 χεῖρον
583 1884 735 1921 τραπῆναι·
756 1883 831 1912 εἶπεν

55 1927 140 1961 αὐτοὺς
161 1930 213 1966 γὰρ
233 1931 437 1966 περικοσμίους,
454 1931 483 1963 ἐξ
499 1927 537 1956 ὧν
553 1928 639 1965 οἶμαι,
654 1930 701 1956 καὶ
718 1929 763 1956 τὸν
773 1930 832 1957 διά-

55 1972 122 2001 ϐολόν
134 1984 195 2003 ποτε
210 1974 280 2003 εἶναι
295 1976 348 2012 πρὸ
362 1976 407 2003 τοῦ
424 1976 462 2012 μὴ
481 1977 617 2003 ἐκπεσεῖν.
643 1986 652 2002 t
664 1976 744 2004 Licet
758 1977 831 2003 enim

55 2019 92 2052 pie
101 2021 186 2048 dicere
198 2022 324 2057 aggredi,
338 2021 419 2049 Deum
435 2022 542 2048 illorum
554 2021 710 2056 cupiditatis
730 2027 831 2048 motum

55 2066 245 2099 praeﬁdentem,
268 2068 377 2095 ordines
395 2067 500 2094 illorum
516 2067 580 2102 ipsis
601 2067 696 2101 dignos
711 2068 825 2095 induxis-

54 2115 79 2135 se
92 2118 97 2136 :
110 2112 248 2146 exquibus
270 2120 349 2140 nemo
370 2113 477 2147 quidem
498 2113 596 2140 dixerit
611 2113 737 2140 excidere
760 2114 831 2147 ipsos

55 2159 141 2188 posse;
156 2161 294 2191 propterea
311 2158 381 2192 quod
393 2157 514 2184 habitum
524 2157 665 2192 quemdam
681 2158 714 2184 ad
729 2157 829 2185 bonum

55 2197 165 2227 obtinent
190 2208 223 2228 ex
252 2201 404 2228 vehementi
431 2201 566 2228 desiderio
588 2210 595 2229 :
615 2203 725 2237 angelos
749 2209 826 2234 vero,

55 2249 191 2276 postremos
221 2254 317 2282 nempe
335 2247 447 2274 ordines
470 2246 503 2274 ad
533 2247 681 2281 nequitiam
710 2247 825 2274 fortasse

55 2291 162 2318 converti
183 2300 270 2327 posse.
291 2293 344 2320 Eos
356 2293 456 2328 quippe
472 2293 540 2320 dixit
553 2293 825 2325 circummundanos;

55 2341 83 2360 ex
95 2336 185 2369 quibus
209 2339 337 2366 existimo
352 2338 438 2366 fuisse
454 2338 598 2373 aliquando
614 2338 760 2370 diabolum,
775 2339 826 2374 pri-

56 2386 156 2414 usquam
186 2383 332 2411 decideret.
347 2393 356 2411 ι
385 2385 449 2416 Quze
471 2391 486 2411 e
500 2384 631 2419 Gregorio
656 2384 827 2412 Nazianzeno

55 2425 133 2461 aliqua
158 2436 189 2456 ex
207 2435 283 2463 parte
308 2430 442 2458 Maximus
468 2431 575 2457 videtur
591 2430 760 2457 transtulisse
778 2439 785 2457 :
805 2431 828 2458 is

55 2471 116 2499 enim
133 2481 190 2501 cum
207 2475 280 2507 alibi,
301 2479 356 2503 tum
376 2481 445 2503 orat.
458 2476 503 2509 38,
522 2475 558 2512 μὴ
580 2476 736 2512 ἀκινήτους,
754 2476 823 2503 ἀλλὰ

55 2515 214 2554 δυσκινήτους
235 2521 346 2556 angelos
361 2527 420 2548 esse
441 2521 507 2554 vult,
521 2521 590 2555 quod
606 2529 620 2548 a
638 2520 691 2548 Deo
703 2520 780 2547 valde
793 2521 828 2548 ob

56 2564 269 2599 propinquitatem
290 2566 483 2594 illustrentur:
507 2567 563 2594 lnrc
586 2571 675 2593 autem
699 2566 827 2594 inferiora

57 2614 107 2641 qua
122 2611 234 2644 peccatis
246 2611 361 2639 obnoxia
378 2618 455 2645 sunt,
477 2613 635 2640 secundaria
650 2617 752 2639 tantum
765 2613 824 2641 luce

58 2648 111 2678 frui.
123 2651 212 2681 Simile
225 2659 266 2682 est
279 2655 342 2682 illud
356 2655 472 2684 Nemesii
486 2656 532 2684 lib.
549 2655 586 2683 De
598 2662 691 2683 natura
702 2657 827 2690 hominis,

57 2702 108 2731 cap.
120 2697 149 2725 H
174 2709 181 2726 :
196 2700 278 2727 Πάλιν
297 2701 325 2728 δὲ
341 2702 443 2729 τούτων
458 2703 513 2730 τῶν
533 2702 622 2730 eam
647 2703 707 2729 ὂσαι
731 2703 780 2739 μὲν
797 2704 827 2729 ὲν

57 2743 103 2774 τοϊς
116 2745 262 2780 ’περιγείοις
274 2747 327 2773 εἰσὶ
335 2749 367 2783 τῇ
382 2749 507 2784 κοινωνίᾳ
517 2749 550 2784 τῇ
567 2747 633 2783 πρὸς
650 2748 712 2779 τοὺς
723 2747 828 2784 ἀνθρὼ-

88 2842 138 2880 (55)
151 2846 271 2883 August.,
285 2847 331 2876 lib.
348 2847 385 2875 De
405 2849 508 2880 Interea,
525 2854 583 2882 cap.
599 2845 643 2874 86.

885 924 1097 959 coniunxerunt,
1128 926 1310 955 immutabiles
1341 935 1484 958 manent.»
1514 932 1582 965 Quid
1606 933 1678 967 quod

884 970 1003 998 Joannes
1022 970 1202 999 Damascenus
1215 971 1261 1000 lib.
1277 980 1305 1000 Ill
1324 973 1362 1000 De
1377 975 1482 1002 orthad.
1498 977 1557 1010 ﬁd.,
1571 985 1631 1012 cap.
1650 979 1678 1012 4,

885 1016 1010 1050 angelum
1037 1024 1099 1044 eum
1130 1025 1258 1052 peccasse
1282 1024 1309 1046 et
1332 1019 1358 1046 in
1377 1025 1507 1049 tartarum
1539 1023 1678 1053 detrusum

885 1060 971 1089 fuisse
989 1062 1078 1096 docet,
1106 1063 1150 1097 qui
1170 1065 1305 1092 terrestris
1316 1065 1419 1094 ordinis
1440 1068 1620 1102 principatum
1638 1075 1678 1097 te-

885 1107 975 1140 nebat,
1000 1109 1097 1143 cuique
1115 1110 1302 1137 custodiendze
1325 1116 1404 1139 terrae
1419 1111 1483 1139 cura
1501 1121 1515 1140 a
1532 1114 1586 1142 lit-.0
1604 1123 1678 1143 eom-

884 1151 966 1178 missa
982 1151 1092 1179 fuerat?
1119 1152 1360 1181 Germanissimum
1387 1163 1453 1182 vero
1478 1156 1676 1192 Origt-nismum

883 1198 991 1232 sapittnt
1006 1198 1048 1225 illa
1071 1199 1175 1234 Evagrii
1190 1209 1196 1226 :
1215 1200 1347 1228 Ἔκαστον
1360 1201 1453 1237 τάγμα
1475 1202 1529 1229 τῶν
1543 1204 1675 1239 οὐρανίων

882 1243 1033 1279 δυνάμεων,
1050 1245 1066 1280 ἢ
1081 1244 1140 1271 ὅλον
1154 1246 1186 1272 ἐκ
1197 1245 1251 1272 τῶν
1269 1246 1356 1281 κάτω,
1375 1247 1391 1283 ἢ
1405 1248 1465 1275 ὅλον
1480 1249 1525 1275 ἐπὶ
1540 1249 1593 1276 τῶν
1609 1251 1675 1283 ἄνω,

883 1288 899 1324 ἢ
914 1289 946 1315 ὲκ
962 1289 1016 1316 τῶν
1028 1289 1084 1317 ἆνω
1108 1292 1155 1318 καὶ
1171 1291 1281 1318 ἐπὶτῶν
1292 1293 1367 1320 κάτω
1380 1293 1539 1330 συνέστηκε.
1563 1305 1572 1321 ι
1587 1295 1676 1324 Unus-

883 1336 1001 1371 quisque
1016 1337 1082 1365 ordo
1095 1338 1224 1365 virtutum
1236 1339 1402 1373 ctelestium,
1415 1346 1461 1368 aut
1476 1347 1548 1369 totus
1559 1349 1591 1369 ex
1608 1343 1676 1370 infe-

885 1380 1016 1413 rioribus,
1030 1388 1077 1409 aut
1093 1387 1166 1411 totus
1180 1391 1210 1411 ex
1234 1385 1430 1420 superioribus,
1450 1387 1490 1414 vel
1503 1395 1535 1415 ex
1553 1389 1675 1423 superio-

883 1426 960 1454 ribus
979 1432 1006 1454 et
1033 1428 1207 1457 inferioribus
1222 1435 1338 1458 constat.
1353 1441 1361 1457 |
1390 1432 1472 1460 Multo
1503 1442 1566 1461 vero
1590 1436 1674 1470 magis

883 1471 927 1498 illa
942 1481 951 1500 :
975 1472 1019 1505 Ἐξ
1036 1474 1184 1510 ἀγγελικῆς
1198 1477 1391 1510 καταστάσεως
1413 1479 1459 1505 καὶ
1475 1481 1674 1517 ἀρχαγγελικῆς

843 1545 864 1574 C
882 1517 984 1554 ψυχικὴ
1005 1520 1172 1553 κατάστασις
1183 1521 1303 1556 γίνεται·
1321 1523 1353 1550 ἐκ
1369 1523 1397 1550 δὲ
1412 1525 1461 1560 τῆς
1481 1525 1598 1562 ψυχικῆς
1618 1528 1676 1562 δαιτ

883 1564 1014 1600 μονιὼδης
1030 1566 1077 1592 καὶ
1097 1566 1254 1603 ἀνθρωπίνη
1266 1577 1272 1583 ·
1292 1570 1324 1595 ἐκ
1337 1569 1364 1596 δὲ
1380 1571 1429 1606 τῆς
1444 1572 1616 1609 ἀνθρωπίνης
1630 1573 1666 1608 ἇγ

881 1609 954 1644 γελοι
969 1611 1049 1638 πάλιν
1064 1612 1111 1639 καὶ
1123 1613 1250 1648 δαίμονες
1265 1615 1396 1649 γίνονται.
1417 1627 1425 1642 ι
1441 1617 1477 1644 Ex
1493 1619 1616 1654 angelico
1629 1628 1674 1647 or-
1707 1641 1710 1644 .

882 1655 955 1688 dine,
969 1662 995 1683 et
1010 1657 1200 1692 archangelico
1211 1659 1335 1686 animalis
1347 1661 1414 1687 ordo
1428 1662 1534 1689 exsistit
1549 1671 1556 1689 :
1571 1671 1604 1690 ex
1618 1664 1661 1690 ani

882 1702 943 1728 mali
957 1706 1046 1728 atttetn
1073 1703 1257 1731 dannoniacus
1271 1710 1298 1732 et
1322 1706 1456 1734 humanus
1483 1717 1489 1734 :
1506 1716 1538 1735 ex
1554 1709 1673 1738 humano

881 1751 970 1773 autern
988 1747 1075 1781 angeli
1098 1756 1191 1776 rursus
1204 1750 1395 1786 dannonesque
1408 1753 1485 1781 ﬁunt.
1499 1763 1508 1779 ι
1524 1753 1674 1790 Utrumque

882 1791 971 1819 locum
994 1793 1101 1820 adducit
1115 1793 1249 1822 Maximus
1265 1796 1370 1831 in'cap.
1389 1798 1405 1824 6
1434 1799 1553 1835 Dioaysii
1572 1800 1610 1827 De
1630 1809 1673 1828 et:-

881 1837 943 1864 cler.
959 1838 1090 1865 Ilierarclt.
1106 1839 1191 1866 Favet
1214 1840 1301 1868 eidem
1323 1843 1441 1878 opinioni
1458 1844 1491 1871 de
1516 1846 1672 1880 angelorum

882 1884 1070 1917 progressibus
1096 1889 1122 1911 et
1142 1887 1366 1916 conversionibus
1391 1891 1524 1917 sententia
1549 1893 1671 1925 qutedam

882 1928 1049 1957 Tertulliano
1065 1930 1098 1957 ab
1113 1930 1264 1966 Augustino
1284 1932 1340 1968 (55)
1367 1934 1468 1967 afﬁcta,
1492 1944 1551 1971 quae
1569 1938 1672 1966 animas

882 1974 1020 2001 hominum
1035 1983 1151 2009 nequam
1165 1983 1224 2010 post
1236 1984 1351 2006 mortem
1371 1980 1396 2006 in
1410 1981 1545 2009 dzemones
1559 1990 1672 2010 conver-

881 2026 940 2046 sum
959 2019 992 2046 iri
1012 2019 1142 2047 decernit.
1163 2021 1322 2057 Quanquam
1339 2023 1365 2051 in
1383 2024 1602 2055 Tertullianistas
1616 2029 1672 2055 cri-

881 2073 941 2091 men
959 2065 1029 2092 istud
1043 2066 1149 2093 derivat
1162 2067 1281 2096 Isidorus
1295 2069 1340 2097 lib.
1356 2078 1402 2098 \‘llt
1423 2071 1539 2106 Οήῃὶη.⁷
1566 2081 1624 2108 cap.
1642 2075 1670 2102 6.

882 2108 931 2136 Hic
954 2111 1011 2144 ipse
1027 2118 1106 2145 quem
1131 2112 1192 2140 dico
1206 2112 1376 2147 Hispaleusis
1398 2115 1517 2144 lsidorus
1544 2119 1670 2146 nonnulla

882 2154 962 2182 habet
982 2156 1183 2191 Origenismum
1205 2159 1304 2186 olentia
1327 2160 1374 2188 lib.
1391 2162 1553 2198 Vt10rigin.,
1567 2172 1625 2199 cap.
1644 2165 1670 2196 5.

884 2200 1065 2235 (Διιεειοτιιιη
1093 2207 1182 2229 autem
1205 2204 1377 2238 vocabulum,
1401 2207 1480 2235 otlicii
1503 2216 1599 2236 nomen
1618 2215 1671 2242 est,

881 2252 933 2272 non
953 2249 1065 2279 naturae,
1080 2256 1089 2273 ι
1113 2247 1189 2281 cuius
1208 2251 1373 2283 pronuntiati
1398 2253 1530 2280 rationetn
1547 2255 1616 2282 hanc
1632 2256 1671 2282 af-

880 2289 942 2321 l'ert,
964 2299 973 2315 ι
989 2289 1102 2325 Semper
1116 2292 1188 2318 enim
1209 2294 1320 2327 spiritus
1337 2300 1411 2328 sunt,
1427 2296 1474 2323 sed
1489 2305 1549 2324 cum
1563 2299 1671 2326 mittun-

881 2339 932 2364 tur.
954 2340 1086 2362 vocantur
1102 2336 1200 2371 angeli.
1216 2347 1225 2363 ι
1257 2337 1334 2372 Vere,
1349 2340 1395 2367 sed
1413 2340 1446 2368 de
1464 2343 1573 2369 nomine
1596 2351 1672 2377 qua:-

880 2382 995 2410 stionem
1011 2384 1092 2411 habet
1106 2383 1235 2413 lsidorus.
1249 2385 1381 2421 Origenes
1394 2392 1483 2414 autem
1496 2389 1617 2416 eamdem
1634 2390 1671 2416 lo-

878 2429 1014 2455 cutionem
1043 2429 1095 2456 alio
1111 2437 1192 2457 sensu
1212 2435 1369 2467 usurpavit;
1392 2433 1418 2460 id
1433 2434 1504 2460 enim
1521 2435 1572 2461 sibi
1588 2435 1671 2462 voluit

879 2479 990 2501 naturas
1011 2474 1072 2502 illas
1085 2483 1144 2510 qu:e
1168 2477 1288 2511 angelica
1308 2478 1439 2513 dignitate
1455 2479 1590 2509 fruuntur,
1615 2488 1668 2507 non

879 2519 904 2546 id
924 2519 1054 2546 natalium
1076 2520 1137 2555 jure
1154 2521 1239 2549 fuisse
1256 2529 1428 2557 consecutae,
1452 2525 1499 2552 sed
1523 2525 1669 2553 virtutibus

878 2565 933 2592 suis
943 2566 1025 2593 fuisse
1033 2567 1203 2600 promeritas.
1215 2569 1311 2596 Subdit
1322 2570 1417 2597 deinde
1426 2569 1543 2598 Isidorus
1555 2580 1561 2598 :
1577 2579 1586 2596 ι
1602 2570 1670 2598 Uni-

878 2611 976 2645 cuique
1005 2611 1097 2643 etiam,
1126 2612 1196 2639 sicut
1218 2613 1441 2648 prtedictumest,
1457 2614 1564 2648 propria
1581 2614 1666 2641 cilicia

879 2661 942 2683 sunt
959 2655 1092 2689 iniuncta,
1106 2665 1166 2691 quae
1182 2665 1229 2685 eos
1248 2659 1429 2692 promeruisse
1451 2659 1478 2686 in
1496 2660 1587 2686 mundi
1604 2667 1668 2687 con-

879 2706 932 2729 stat
942 2703 1065 2730 exordio.
1079 2712 1087 2728 ι
1107 2703 1189 2731 Plane
1213 2704 1391 2740 Ωριγενικῶς.

917 2747 995 2775 XVII.
1014 2748 1068 2777 Nec
1088 2748 1225 2785 sull‘ragiis
1242 2750 1330 2784 modo,
1345 2750 1392 2778 sed
1409 2750 1513 2778 ratione
1527 2749 1607 2778 etiam
1623 2757 1667 2784 pu-
