1904 3077
209 146 263 174 9.67

855 144 886 171 Ρ.
907 143 1064 183 DANIELIS
1084 143 1200 171 HUETII

1795 137 1846 165 868
1865 175 1871 182 ι

210 211 293 240 gnere
322 208 411 239 potest
423 202 565 238 Origenes,
582 206 610 230 et
639 201 730 237 aliqua
752 201 849 230 saltem
874 202 1004 230 doctrinae
1021 206 1044 234 Α
1060 202 1119 229 dem
1132 202 1233 236 absque
1251 200 1374 228 Ecclesia:
1390 206 1440 233 ope
1468 199 1633 227 intellexisse
1656 205 1665 225 :
1685 197 1846 231 εοειιονίεδο

210 257 267 277 suae
284 249 369 283 capita
382 249 534 276 defendere.
548 247 613 275 Nam
627 248 752 275 ordinum
763 252 791 275 et
801 249 932 283 graduum
944 248 1001 280 illa,

210 303 290 331 quam
308 295 374 328 dixi,
403 295 567 329 perntutatio
588 298 702 321 eatenus
725 294 829 321 admitti
858 299 956 329 potest,
979 295 1001 322 si

203 335 321 369 lservato
338 345 494 368 naturarum
512 341 539 368 in
564 340 718 367 hominibus
734 344 761 367 et
781 340 885 375 angelis
906 341 1003 368 discri-

211 386 293 418 mine,
308 385 432 413 ltomines
451 393 500 420 per
517 386 644 420 gratiam,
656 392 749 420 parem
769 385 873 420 angelis
887 386 1003 414 beatitu-

211 432 282 459 dinis
308 436 335 458 et
351 432 443 467 gloria:
470 431 582 466 gradum
606 432 734 467 consequi
761 439 840 467 posse
867 432 1001 460 dicamus.

209 476 311 504 Probat
324 483 413 505 autem
428 478 498 505 istud
514 478 653 511 angelicus
677 478 770 505 doctor
782 483 852 513 part.
868 486 888 510 ι⁷
904 482 1000 512 quaest.

211 522 273 555 I08,
291 529 373 558 atque
394 523 460 550 illud
481 531 541 550 esse
561 523 636 556 dicit,
663 532 672 549 ι
686 523 815 551 Homines
839 523 872 550 ad
893 524 1003 551 ordines

210 569 368 603 angelorum
382 569 493 596 assumi.
513 577 522 594 ›
539 568 608 595 Huic
624 576 687 596 vero
705 569 858 604 Ilieronymi
873 569 1001 597 crimina-

210 613 290 646 tioni,
303 621 355 648 qua
372 621 403 641 eo
418 621 589 648 progressum
606 613 749 649 Origenem
762 616 895 649 queritur,
915 619 944 642 ut
959 623 1002 641 ra-

212 659 294 687 tionis
306 660 452 694 participes
464 659 569 686 animas
583 658 608 685 in
627 659 766 686 brutorum
781 667 895 695 corpora
913 659 1003 687 devol-

211 705 237 732 vi
251 705 375 739 opinatus
390 705 436 736 sit,
450 703 549 738 opponi
564 709 656 737 posset
669 705 732 732 illud
745 705 869 740 Origenis
883 705 1003 732 testium-

213 751 286 778 nium
302 759 317 778 c
330 751 376 777 lib.
390 760 397 778 ι
415 751 484 785 Περὶ
501 750 611 785 ἀρχῶν,
629 759 688 786 cap.
700 743 734 784 l7,
752 760 825 779 num.
841 751 868 784 4,
885 759 944 786 pag.
958 751 1001 784 76,

213 796 264 824 nisi
281 796 370 823 Ruﬁni
387 797 545 831 interpretis
563 798 643 825 dubia
655 804 728 825 esset
746 798 832 825 fides:
853 807 862 824 ι
876 798 920 824 Illa
938 805 1004 824 sane

213 849 263 869 nos
279 850 445 877 nequaquam
461 844 613 878 recipienda
627 851 782 876 censemus,
796 852 855 878 quae
872 848 900 871 et
914 851 928 870 a
945 844 1005 878 qui-

1053 254 1118 275 vero
1143 254 1191 282 per
1220 245 1367 274 Ecclesiam
1398 245 1603 277 lncarnationis,
1637 242 1845 276 redemptionis,

1054 293 1142 321 crucis
1173 297 1201 321 et
1219 293 1313 320 mortis
1334 291 1436 319 Christi
1465 291 1603 326 mysteria.
1625 289 1698 317 Tum
1719 289 1846 316 dubitans

1053 339 1179 375 proponit
1194 338 1291 372 ecquid
1309 337 1335 364 in
1352 336 1470 364 Ecclesia
1484 345 1543 372 qua:
1556 335 1659 364 Christi
1675 342 1779 369 corpus
1793 339 1844 365 est,

1054 383 1211 420 utpoteejus
1223 391 1334 418 sponsa,
1343 390 1469 417 sponsum
1479 383 1566 417 ipsum
1579 382 1714 409 hactenus
1728 381 1780 407 sibi
1795 387 1845 406 non

1053 430 1140 457 visum
1156 429 1356 463 conspexerint.
1376 427 1585 463 Chrysostomns
1612 432 1758 462 praeterea,
1785 433 1845 453 cum

1055 476 1129 507 alibi,
1142 481 1197 503 tum
1223 480 1399 503 memoratam
1421 474 1495 502 Pauli
1521 473 1687 501 sententiam
1705 478 1846 499 commen-

1055 520 1131 548 tariis
1147 520 1205 548 suis
1217 520 1363 552 illustrans,
1382 520 1482 555 liquido
1494 518 1613 546 declarat
1623 517 1737 552 angelos
1752 524 1844 543 rerum

1053 567 1102 594 sibi
1130 571 1208 594 antea
1233 566 1399 593 occultarum
1424 571 1452 594 et
1474 565 1627 600 ignotarum
1663 564 1792 591 notitiam
1813 570 1845 589 ex

1054 613 1111 648 ipso
1125 612 1311 647 apostolorum
1344 619 1393 639 ore
1414 617 1597 646 comparasse,
1614 610 1683 637 etin
1705 610 1740 636 iis
1764 609 1846 635 rebus

1053 659 1214 694 praecipuam
1232 658 1314 686 fuisse
1335 658 1455 692 gentium
1475 656 1616 684 adChristi
1633 656 1712 683 lidem
1728 662 1844 681 conver-

1053 707 1168 739 sionem,
1192 705 1295 739 angelis
1314 709 1392 731 antea
1413 704 1577 738 ignoralam.
1596 702 1710 730 Acoedit
1724 702 1759 728 ad
1771 708 1846 728 eam-

1054 752 1114 780 dem
1128 751 1281 786 opinionem
1311 750 1491 786 Iliemnytuus
1514 749 1559 776 lib.
1576 757 1594 776 ll
1610 749 1638 775 in
1660 748 1748 782 Epist.
1763 747 1798 774 ad
1811 746 1847 774 E-

1053 797 1138 832 phes.,
1153 805 1214 832 cap.
1231 804 1270 828 III,
1291 803 1317 823 v.
1335 796 1378 828 I0,
1400 799 1428 822 et
1445 794 1619 829 multiplicem
1640 794 1711 821 illam
1735 794 1845 828 sapien-

1056 844 1120 871 tiam
1139 843 1242 878 angelis
1262 843 1413 878 ignoratam
1428 841 1490 868 vita).
1503 840 1604 868 Christi
1631 839 1768 876 mysteriis
1783 847 1847 867 cott-

212 888 326 916 husdam
342 889 478 923 superﬂuo
501 890 543 916 vel
569 891 669 925 requiri
687 891 728 917 Vel
751 891 835 918 astrui
858 891 956 923 solent,
977 890 1002 917 id
1018 883 1039 910 Β
1055 889 1133 916 tineri
1148 889 1236 916 docet.
1249 887 1303 915 Hos
1320 887 1365 914 alii
1381 886 1535 921 complures
1549 886 1633 913 secuti
1650 891 1722 913 sunt.
1737 886 1771 912 At
1785 893 1846 912 cum

212 937 264 965 est.
284 935 354 968 quod
378 934 474 960 anima:
494 934 520 961 in
535 939 638 961 tantum
657 935 698 962 sui
715 935 858 962 decessum
879 934 1002 968 veniant,

214 985 244 1007 ut
259 985 361 1007 naturae
376 981 517 1008 rationalis
530 989 561 1008 ac
575 980 715 1016 dignitatis
726 981 816 1008 oblitae
828 981 909 1008 etiam
924 981 950 1007 in
963 988 1004 1007 or-

214 1025 306 1053 dinem
330 1026 556 1052 irrationabilium
573 1026 761 1059 animantium,
785 1026 827 1053 vel
845 1025 1002 1057 bestiarum.

214 1071 255 1099 vel
270 1072 403 1106 pecudum
427 1072 607 1099 devolvantur
690 1072 755 1105 Qum
777 1079 827 1100 nos
845 1079 897 1099 non
917 1072 1003 1099 solum

214 1125 267 1145 non
296 1118 459 1152 suscipimus
472 1126 480 1150 ;
494 1118 540 1146 sed
554 1124 581 1146 et
595 1127 690 1146 omnes
703 1119 751 1146 has
774 1118 939 1146 assertiones
958 1125 1005 1145 eo-

214 1171 274 1190 rum
294 1169 388 1190 contra
405 1163 483 1191 fidem
500 1169 620 1192 nostram
638 1165 778 1193 venientes
800 1163 948 1191 refutamus
962 1168 1004 1190 at-

213 1216 267 1244 que
279 1209 439 1243 respuimus.
455 1219 465 1235 ι
485 1211 572 1245 Atque
595 1211 653 1238 hzec
667 1210 836 1238 enucleatius
860 1216 1006 1244 perseque-

213 1261 276 1281 mur
295 1255 374 1286 infra,
393 1263 453 1282 cutn
472 1254 598 1291 Origcuis
613 1256 647 1283 de
673 1255 904 1290 metempsychosi
921 1254 1004 1281 docu-

214 1305 304 1328 menta
317 1301 510 1330 scrutabimur.

251 1345 290 1373 Ex
303 1347 486 1381 superioribus
506 1347 660 1374 Adamantii
674 1347 746 1375 circa
762 1347 876 1381 angelici
899 1346 1005 1373 arbitrii

215 1391 382 1425 libertatem,
409 1397 437 1420 et
461 1393 609 1421 etiamnum
633 1399 850 1428 perseverantem
875 1395 944 1420 bene
962 1391 1005 1418 vel

216 1436 287 1464 male
299 1438 394 1472 agendi
409 1437 563 1465 facultatem
578 1438 684 1473 placitis
699 1438 870 1466 consectaria
882 1438 1006 1465 videntur

217 1482 262 1510 illa
276 1483 347 1516 duo;
362 1484 476 1511 aliorum
497 1484 742 1517 adhortationibus,
757 1485 897 1519 exemplis,
921 1490 947 1512 et
963 1485 1005 1511 in-

216 1529 406 1557 ititutionihus
420 1531 452 1557 ad
473 1530 586 1558 meliora
603 1531 735 1565 prolicere
750 1538 830 1566 posse
844 1531 964 1566 angelos,
979 1535 1006 1556 et

218 1575 314 1602 mortis
325 1574 424 1603 Christi
441 1576 571 1604 beneficio
582 1576 717 1611 gaudere;
732 1576 855 1608 alterum.
871 1581 1007 1611 gestorum

184 1633 187 1635 -
219 1621 351 1648 ralionetu
364 1622 430 1649 olim
444 1623 605 1655 reddituros,
621 1626 648 1649 et
657 1627 778 1650 extremo
789 1623 906 1650 examini
922 1630 953 1649 ac
964 1621 1008 1657 ju-

216 1666 290 1693 dicio
307 1667 446 1695 subditum
466 1669 511 1695 iri.
545 1668 622 1696 Prius
650 1668 715 1696 illud
735 1669 831 1703 partim
848 1668 905 1703 jam
925 1675 1006 1703 supra

218 1713 369 1747 attigimus,
398 1722 458 1740 cum
483 1723 624 1750 ageremus
650 1715 682 1742 de
708 1715 843 1742 taxatione
870 1715 1008 1749 sanguinis

217 1756 317 1784 Christi
345 1758 387 1793 (ut
412 1759 577 1787 scholastica
593 1767 668 1787 more
693 1759 800 1795 loquar)
824 1765 850 1787 et
867 1765 957 1786 utrum
975 1759 1008 1786 ad

217 1804 330 1838 angelos
349 1804 426 1833 ellusi
441 1805 542 1833 Christi
558 1806 698 1842 sanguinis
714 1807 828 1841 gratiam
846 1814 1008 1841 prorogave-

218 1850 254 1877 rit
268 1850 400 1884 Origenes
415 1859 613 1886 quaereremus.
627 1852 704 1880 Nunc
718 1861 784 1880 vero
796 1852 894 1887 ecquid
911 1852 1008 1879 alienis

219 1895 363 1930 praeceptis
380 1896 521 1924 informari
542 1905 601 1930 eos,
624 1903 652 1924 et
667 1898 699 1924 atl
716 1898 843 1925 virtutem
860 1897 952 1932 arrigi.
966 1897 1008 1925 vel

221 1939 441 1970 institutionibus
466 1943 568 1970 erudiri
584 1943 776 1976 autumaverit,
799 1941 1006 1978 perpendamus.

255 1984 346 2013 XVIII.
360 1987 434 2014 Pauli
454 1987 568 2022 apostoli
585 1988 618 2014 ad
635 1988 767 2022 Ephesios
791 1988 936 2016 scribentis
949 1995 1008 2015 ver-

218 2033 252 2060 ba
270 2033 327 2060 haec
340 2039 405 2061 sunt
417 2034 440 2050 “
454 2043 460 2061 :
478 2044 486 2059 ι
499 2033 563 2061 Mihi
583 2034 705 2061 omnium
720 2038 875 2061 sanctorum
897 2033 1008 2061 minimo

218 2082 280 2108 data
300 2084 340 2108 est
357 2080 442 2115 gratia
458 2081 515 2107 haec
534 2081 560 2107 in
575 2081 710 2114 gentibus,
729 2080 918 2115 evangelizare
934 2080 1007 2107 inve-

220 2127 361 2162 stigabiles
380 2127 487 2154 divitias
501 2126 613 2158 Christi,
633 2131 659 2154 et
674 2127 826 2153 illuminare
838 2133 933 2153 omnes
947 2134 1007 2161 quae

218 2173 255 2200 sit
271 2173 438 2208 dispensatio
465 2174 630 2200 sacramenti
645 2172 794 2199 absconditi
820 2179 835 2199 a
859 2172 964 2199 smculis
980 2173 1006 2199 in

219 2218 275 2246 Deo
292 2219 338 2254 qui
354 2219 444 2246 omnia
464 2219 577 2250 creavit,
599 2223 627 2246 ut
647 2219 799 2246 innotescat
817 2226 888 2246 nunc
906 2218 1007 2252 princi-

219 2265 327 2299 patibus
341 2269 369 2292 et
382 2265 561 2299 potestatibus
580 2265 606 2291 in
622 2264 780 2292 cwlestibus
793 2272 842 2299 per
855 2264 1005 2291 Ecclesiam

221 2309 394 2338 multiformis
418 2311 547 2345 sapientia
566 2310 623 2337 Dei.
637 2320 645 2336 ι
668 2309 730 2337 Haec
748 2310 867 2344 antiquis
882 2309 1009 2337 Ecclesiae

221 2355 347 2382 Patribus
363 2363 473 2383 causam
490 2356 632 2387 dederunt,
654 2362 702 2382 cur
725 2355 866 2382 crederent
878 2355 1009 2390 pleraque

222 2403 268 2430 Dei
283 2402 412 2438 mysteria
441 2401 551 2436 angelos
568 2410 617 2436 per
630 2401 779 2429 Ecclesium
801 2401 939 2433 didicisse,
955 2410 1007 2429 non

219 2457 250 2478 ea
264 2449 372 2484 quidem
392 2456 452 2483 qua!
471 2448 516 2475 Dei
540 2454 644 2475 natura:
662 2448 816 2475 necessario
839 2448 947 2480 insunt;
965 2448 1008 2475 illa

220 2495 351 2530 siquidem
371 2499 555 2529 cognoverunt
578 2501 684 2527 omnes,
707 2502 769 2521 cum
793 2493 876 2521 semel
897 2494 929 2522 iis
944 2502 1009 2521 con-

221 2540 313 2568 tuendi
337 2539 383 2567 Dei
401 2539 515 2568 facultas
542 2547 674 2567 concessa
696 2544 755 2572 est;
776 2539 824 2567 sed
846 2548 905 2574 qme
923 2540 1009 2568 libere

221 2585 293 2613 Dens
311 2590 338 2612 et
362 2585 513 2613 forinsecus
528 2591 668 2621 operatur,
681 2593 774 2612 eorum
793 2585 900 2612 detnum
917 2586 1010 2620 cogni-

220 2634 319 2658 tionem
333 2630 416 2658 fuisse
427 2638 474 2665 per
487 2631 634 2658 Ecclesiam
647 2631 768 2666 adeptos.
781 2630 928 2666 Gregorius
941 2631 1009 2667 Nys-

220 2684 301 2704 senus
316 2677 408 2704 hotnil.
420 2677 436 2704 8
454 2677 481 2704 in
494 2677 598 2705 Cantic.
623 2678 658 2703 ita
674 2676 748 2703 Pauli
769 2676 855 2703 locum
878 2677 1010 2711 interpre-

222 2727 305 2754 tatur,
319 2731 451 2750 summam
463 2729 492 2751 et
502 2723 690 2750 admirabilem
708 2723 753 2750 Dei
768 2728 941 2758 potestatem,
955 2731 1007 2756 qua

221 2769 310 2795 oumia
327 2770 360 2796 de
381 2770 466 2797 nihilo
485 2769 542 2797 solo
561 2771 644 2797 verbo
671 2770 802 2801 condidit,
817 2769 928 2804 angelos
946 2769 1009 2802 qui-

257 2824 279 2839 “
292 2823 391 2857 Ephes.
404 2833 446 2857 tn,
465 2825 542 2852 8—10.
583 2827 606 2842 ”
624 2826 700 2852 Dent.
715 2833 802 2857 xxx",
817 2825 842 2852 I.

1021 1559 1042 1588 C

1023 2247 1045 2274 Ι)

881 2825 903 2840 ³ο
917 2824 986 2851 Psal.
1002 2831 1125 2855 cxxxvtt,
1150 2825 1175 2853 I.

223 2856 245 2873 "’
259 2856 342 2892 Apoc.
370 2867 400 2893 ιι,
417 2867 477 2888 vers
498 2860 526 2893 1,
544 2860 571 2887 4.
609 2861 632 2877 ³⁵
642 2861 707 2888 ibid.
721 2860 762 2888 I4.
802 2861 824 2876 "
839 2859 934 2901 blatth.
949 2860 1064 2893 xxv,2l.
1103 2861 1125 2877 "
1144 2861 1210 2889 Dan.
1228 2868 1268 2892 Ill,
1285 2861 1329 2889 86.

1055 934 1175 961 nonttulli
1196 942 1229 960 cx
1252 933 1285 960 iis
1305 934 1345 960 sic
1361 933 1481 960 eruditos
1503 932 1668 959 crediderint
1691 939 1739 966 per
1754 931 1848 958 Eccle-

1055 981 1122 1008 siam
1144 981 1263 1015 angelos,
1286 979 1362 1014 quasi
1379 986 1469 1005 rerum
1493 983 1575 1006 testes
1589 984 1617 1005 et
1631 978 1769 1010 coltscios,
1789 985 1849 1012 qua

1055 1026 1188 1054 sententia
1207 1027 1240 1053 ad
1257 1026 1400 1053 veritatem
1424 1026 1535 1060 propius
1558 1024 1682 1055 accedit;
1697 1023 1743 1050 alii
1768 1023 1847 1057 quasi

1055 1072 1222 1107 discipulos;
1245 1073 1402 1106 posterioris
1414 1072 1494 1105 hujus
1507 1071 1640 1106 dogmatis
1656 1075 1752 1097 auctor
1763 1069 1848 1096 fuisse

1055 1118 1162 1145 videtur
1186 1118 1326 1153 Origenes.
1350 1118 1396 1146 Sic
1421 1119 1491 1146 enim
1516 1123 1625 1153 perorat
1649 1117 1744 1144 homil.
1766 1116 1803 1143 Ξῖ)
1819 1116 1846 1142 in

1055 1162 1121 1190 Luc.
1135 1171 1146 1190 :
1165 1172 1175 1189 ς
1189 1163 1272 1191 Docet
1294 1164 1376 1199 igitur
1400 1163 1523 1191 Salvator
1542 1168 1643 1197 noster,
1670 1167 1698 1189 et
1725 1162 1847 1196 Spiritus

1055 1214 1165 1237 sanctus
1188 1210 1234 1245 qui
1259 1210 1366 1238 locutus
1382 1215 1424 1239 est
1455 1211 1481 1237 in
1508 1210 1657 1245 prophetis,
1681 1216 1734 1236 non
1759 1208 1847 1235 solum

1056 1256 1191 1288 homines,
1212 1257 1259 1284 sed
1273 1256 1353 1284 etiam
1372 1257 1480 1292 angeIOs
1492 1261 1518 1283 et
1545 1256 1660 1283 virtutes
1685 1254 1846 1282 invisibiles.

1056 1301 1124 1335 Quid
1148 1302 1244 1337 loquar
1265 1303 1298 1330 de
1318 1303 1478 1331 Salvatore?
1500 1302 1639 1336 Prophetas
1664 1308 1774 1336 quoque
1799 1300 1848 1334 ipsi

1055 1354 1083 1376 et
1097 1349 1222 1384 apostoli,
1246 1357 1326 1377 omne
1356 1350 1427 1384 quod
1448 1353 1586 1380 resonant,
1608 1355 1662 1375 non
1683 1347 1771 1374 solum
1801 1347 1848 1373 ho-

1057 1394 1184 1427 minibus,
1208 1395 1255 1422 sed
1274 1399 1299 1422 el
1321 1395 1425 1431 angelis
1450 1394 1606 1430 praedicant.
1630 1393 1706 1427 Quod
1731 1397 1759 1419 ut
1778 1393 1850 1419 scias

1056 1447 1150 1467 verum
1174 1448 1182 1466 :
1205 1441 1325 1474 Attende,
1353 1440 1449 1476 inquit.
1471 1439 1575 1470 caelum,
1598 1444 1621 1466 et
1644 1438 1740 1473 loquar
1752 1437 1794 1470 ”;
1820 1436 1849 1462 1η

1056 1490 1193 1520 conspectu
1217 1486 1368 1522 angelorum
1390 1486 1503 1521 psallam
1530 1485 1630 1517 tibi";
1652 1489 1680 1511 et
1701 1492 1708 1510 :
1728 1483 1850 1510 Laudat:

1061 1530 1211 1563 Dominum,
1223 1532 1280 1558 caeli
1303 1532 1439 1564 caelorum,
1461 1537 1485 1558 et
1509 1539 1584 1566 aqua
1598 1539 1657 1564 qua:
1677 1538 1759 1564 super
1771 1530 1849 1556 celos

1060 1580 1131 1608 sunt,
1151 1575 1260 1603 laudent
1280 1584 1372 1604 nomen
1396 1576 1549 1610 Domini";
1573 1581 1600 1603 et
1620 1585 1627 1603 :
1648 1575 1771 1602 Laudent
1791 1584 1850 1602 eunt

1060 1622 1146 1657 angeli
1156 1631 1166 1655 ;
1180 1627 1207 1650 et
1222 1632 1230 1650 :
1243 1622 1276 1650 In
1288 1623 1359 1650 omni
1372 1623 1428 1650 loco
1440 1623 1575 1657 potestatis
1592 1622 1648 1657 eius
1658 1623 1778 1655 belcdic,
1796 1623 1851 1648 ani-

1060 1676 1103 1695 ma
1119 1677 1186 1702 mea,
1209 1669 1321 1696 Domino
1332 1669 1365 1697 ".
1385 1670 1506 1697 Invenies
1533 1670 1559 1696 in
1581 1669 1706 1703 plurimis
1720 1669 1801 1701 locis,
1825 1674 1851 1696 et

1060 1713 1178 1741 maxime
1193 1714 1218 1740 in
1234 1714 1360 1745 Psalmis.
1378 1719 1403 1741 et
1423 1714 1456 1740 ad
1480 1713 1590 1749 angelos
1610 1721 1764 1740 sermonem
1779 1714 1848 1745 fieri,

1060 1758 1122 1786 data
1142 1759 1244 1787 homini
1266 1765 1410 1792 potestate,
1425 1760 1448 1787 ei
1465 1766 1554 1786 tamen
1580 1760 1625 1794 qui
1641 1759 1775 1794 Spiritum
1788 1767 1850 1786 san-

1060 1809 1133 1832 ctum
1156 1805 1248 1838 habet,
1278 1810 1307 1832 ut
1328 1811 1354 1833 et
1379 1805 1492 1841 angelos
1517 1805 1717 1840 ailoquatur.E
1745 1806 1848 1839 quibus

1063 1858 1146 1877 ututm
1158 1851 1309 1886 exemplum
1317 1852 1425 1884 donant,
1441 1857 1470 1878 ut
1483 1851 1601 1878 sciamus
1617 1851 1726 1885 angelos
1741 1858 1850 1885 quoque

1062 1895 1190 1923 humanis
1209 1897 1319 1924 vocibus
1334 1897 1446 1924 erudiri.
1471 1897 1606 1932 Scriptum
1630 1902 1672 1924 est
1696 1897 1722 1924 in
1742 1899 1849 1931 Apoca-

1060 1941 1128 1977 lypsi
1141 1941 1253 1970 Joannis
1264 1942 1287 1958 ³³
1306 1952 1312 1970 :
1328 1943 1425 1979 Angela
1444 1943 1618 1978 Ephesiorum
1639 1942 1766 1970 Ecrlesite
1784 1943 1849 1969 scr-i-

1059 1987 1089 2014 be
1103 1995 1113 2015 :
1135 1987 1225 2015 Habeo
1240 1989 1341 2023 aliquid
1359 1995 1449 2016 contra
1470 1994 1509 2021 te;
1527 1994 1555 2015 et
1567 1996 1671 2015 rursum
1686 1987 1710 2004 ⁸⁸
1726 1996 1733 2014 :
1750 1989 1849 2022 Angela

1059 2032 1183 2060 Ecclesia:
1199 2033 1321 2068 Pergami
1333 2035 1416 2062 scribe
1431 2042 1440 2060 :
1455 2033 1546 2061 [Iubeo
1561 2035 1696 2070 quidpiam
1708 2039 1803 2060 contra
1814 2037 1847 2059 ιι.

1059 2079 1138 2107 Certe
1149 2080 1229 2107 homo
1239 2086 1281 2108 est
1295 2081 1339 2114 qui
1353 2081 1448 2108 scribit
1464 2081 1577 2116 angelis.
1591 2087 1616 2106 et
1631 2080 1735 2115 aliquid
1751 2080 1847 2115 praeci-

1059 2125 1130 2159 pita
1155 2125 1220 2152 Item
1232 2126 1280 2153 lib.
1295 2134 1342 2153 vm
1369 2127 1396 2153 in
1412 2126 1499 2160 Epist.
1523 2127 1557 2153 ad
1586 2125 1675 2158 Rom.,
1700 2134 1777 2153 num.
1796 2125 1847 2152 I0:

1063 2178 1073 2195 ι
1096 2170 1285 2205 Nunquidnam
1309 2177 1435 2206 tanquam
1457 2179 1551 2199 servus
1565 2171 1651 2198 bonus
1672 2176 1700 2198 et
1717 2171 1806 2198 ﬁdelis
1815 2171 1848 2203 ",

1059 2216 1105 2250 qui
1127 2217 1152 2243 in
1177 2224 1262 2251 pauca
1283 2216 1372 2244 fuerat
1388 2217 1486 2249 ﬁdelis,
1504 2218 1607 2244 sciebat
1621 2225 1652 2245 se
1670 2217 1849 2251 supera-ulta

1059 2263 1288 2295 constituendum,
1316 2268 1344 2290 et
1359 2263 1515 2298 Apostolum
1542 2264 1660 2290 futurunt
1682 2264 1766 2290 etiam
1790 2267 1850 2298 post

1059 2310 1159 2336 exitum
1174 2317 1264 2342 suutu,
1290 2317 1342 2336 tton
1361 2309 1446 2336 solum
1459 2310 1592 2344 gentium;
1610 2311 1656 2336 sed
1669 2314 1697 2336 et
1712 2309 1849 2336 Israelita-

1059 2362 1129 2388 rum,
1143 2359 1171 2382 et
1184 2355 1298 2382 aliorum
1319 2354 1446 2383 fortassis
1459 2356 1644 2387 invisibilium,
1661 2355 1697 2382 ibi
1710 2355 1755 2382 ubi
1769 2355 1849 2382 benea

1059 2401 1152 2429 dicunt
1162 2402 1273 2436 spiritus
1283 2407 1310 2430 et
1330 2403 1426 2430 anima:
1444 2402 1578 2436 iustorum
1593 2401 1740 2428 Dontinum
1753 2402 1786 2433 ",
1803 2402 1850 2436 hy-

1060 2455 1152 2474 tnnum
1167 2447 1272 2480 dicunt,
1303 2453 1330 2475 et
1352 2449 1553 2482 superexaltant
1571 2456 1631 2475 euut
1657 2449 1683 2475 in
1706 2447 1846 2475 saecula?»

1061 2493 1098 2520 De
1112 2493 1236 2520 doctrina
1251 2493 1294 2521 illa
1311 2495 1413 2529 angelis
1433 2502 1447 2522 a
1467 2494 1576 2522 Christo
1589 2494 1686 2521 tradita
1699 2502 1783 2529 supra
1795 2493 1848 2528 jam

1059 2539 1274 2575 disputavimus;
1289 2541 1323 2568 de
1333 2548 1365 2568 ea
1383 2549 1447 2568 vero
1460 2549 1542 2576 quam
1555 2550 1569 2568 a
1589 2541 1733 2576 prophetis
1747 2547 1775 2568 et
1790 2548 1849 2575 apo—

1059 2587 1135 2614 stolis
1148 2592 1312 2622 acceperunt
1327 2588 1390 2622 ipsi,
1411 2588 1450 2614 sic
1461 2587 1506 2622 pio
1520 2588 1663 2621 unicuique
1675 2587 1847 2615 sentiendum

1059 2637 1110 2664 est,
1137 2641 1188 2659 non
1203 2633 1312 2668 quidem
1333 2633 1488 2661 hominibus
1513 2634 1588 2668 prius
1603 2633 1753 2660 revelatqu
1768 2633 1847 2658 fuisse

1060 2681 1087 2704 et
1100 2682 1230 2704 retectum
1246 2685 1327 2712 quam
1342 2678 1443 2714 angelis
1459 2677 1658 2706 lncarnationis
1676 2678 1846 2713 mysterium,

1060 2723 1131 2757 quod
1140 2731 1199 2750 cum
1211 2723 1357 2758 Scriptum
1368 2732 1452 2752 sacra:
1466 2725 1628 2752 testimoniis
1642 2724 1790 2751 manifeste
1803 2731 1844 2757 pu-

1062 2773 1140 2803 gnat;
1161 2769 1208 2796 sed
1225 2776 1276 2811 non
1299 2770 1432 2805 integram
1448 2775 1535 2799 tamen
1552 2770 1632 2806 hujus
1645 2770 1844 2805 cognitionem;

1226 2825 1247 2841 “
1261 2825 1332 2863 1³8³]-
1348 2835 1458 2863 curm,
1473 2829 1499 2861 4,
1526 2829 1553 2856 5.
1610 2828 1632 2845 ³³
1649 2827 1724 2857 Psal.
1744 2827 1842 2860 c1133.
