1904 3077
52 137 105 166 869

482 136 766 166 ORlGENlANORUM
784 137 849 166 LIB.
869 138 901 172 ΙΙ,
921 137 997 167 CAP.
1019 135 1050 167 ll,
1071 132 1208 167 QUIEST.
1231 131 1262 159 ν.

1635 130 1690 158 870

55 199 189 226 bonorum
206 203 298 226 autem
315 205 375 233 quae
389 205 422 225 ex
440 205 473 225 eo
485 198 614 233 consequi
629 199 773 231 debebant,
789 207 852 234 gen-
867 201 888 230 Α
905 205 1053 232 nunquam,
1080 195 1122 223 vel
1145 201 1251 229 parum,
1267 191 1308 220 vel
1331 190 1391 227 plus
1415 190 1511 218 faciem
1535 190 1581 218 Dei
1603 190 1690 225 angeli

54 245 123 272 tium
149 249 216 279 puta
245 244 433 273 conversionis
456 244 648 279 Chrysostomo
683 251 846 279 memoratas,

55 290 115 318 fere
126 291 250 324 nullam;
268 291 396 326 temporis
411 298 475 318 vero
486 291 616 326 postremi
630 291 727 325 judicii
746 291 848 319 nullam

55 337 169 364 etnnino
182 337 321 364 habuisse.

92 382 165 410 XIX.
179 383 217 410 De
227 383 330 418 judicio
344 388 434 411 autem
448 383 476 410 in
493 382 603 418 angelos
616 383 753 410 reddendo
764 384 851 418 quod-

56 435 167 463 cunque
182 429 304 456 decernit
316 427 456 464 Origenes,
474 428 507 455 ad
524 428 634 463 angelos
649 429 787 456 hominum
802 436 851 456 cu-

55 474 158 501 stodia:
174 474 315 509 praefectos
329 475 386 502 fere
398 475 523 509 pertinet.
543 474 609 501 Nam
619 475 676 501 sive
688 475 786 509 quibus
799 475 852 502 Ec-

56 520 205 548 clesiarum
218 520 378 555 gubernatio
389 520 531 548 commissa
540 525 592 553 est,
607 521 664 548 sive
678 520 775 554 quibus
787 528 852 556 gen-

58 566 144 601 tium,
160 566 202 594 vel
216 566 385 601 singulorum
407 565 546 592 hontinum
561 565 689 600 deputata
702 571 743 593 est
760 570 852 594 custo-

56 612 116 646 dia,
127 619 176 640 eos
190 612 372 639 administrati
390 613 511 639 muneris
525 612 671 645 rationem,
687 612 758 639 haud
774 619 854 640 secus

56 667 92 688 ac
106 659 242 690 homines,
262 659 418 687 reddituros
436 660 539 687 delluit.
558 659 681 694 Duplicis
701 664 792 688 autem
805 668 854 695 ge-

56 706 135 733 neris
160 705 260 740 judicia
284 706 311 732 in
339 705 398 732 illos
415 713 431 732 a
453 705 509 733 Deo
529 707 652 734 exerceri
677 706 772 739 docet;
789 707 853 740 alia,

57 752 276 788 quotiescunque
302 751 427 779 homines
453 759 525 779 cura:
547 759 603 780 sua:
623 752 749 786 permissi
771 758 855 785 recte,

60 797 170 825 maleve
181 804 210 824 se
226 803 340 832 gerunt;
357 797 429 824 aliud
443 804 518 829 vero,
531 805 591 825 cum
604 805 732 832 supremo
744 798 857 826 arbitrio

901 242 1167 278 contemplabuntur.
1179 250 1189 267 ι

936 290 971 318 At
987 297 1040 316 non
1066 287 1179 322 angelos
1201 285 1290 313 solum
1318 288 1434 316 tutores,
1453 283 1502 311 sed
1522 283 1591 310 alios
1608 284 1689 310 etiam

900 336 1056 371 quicunque
1069 332 1189 369 peccatis
1199 339 1228 359 se
1242 331 1355 366 alligant
1371 330 1397 357 in
1410 329 1541 364 judicium
1557 328 1693 356 sistendos

901 381 1060 417 pronuntiat
1081 378 1174 407 homil.
1187 377 1204 404 4
1225 377 1253 404 in
1268 376 1378 409 ΕκεΙιη
1408 384 1483 403 num.
1498 377 1522 409 Ι,
1541 383 1602 410 pag.
1615 375 1668 402 570
1683 383 1690 402 :

904 436 914 454 ι
923 427 1036 461 Quando
1049 433 1125 460 ergo,
1143 423 1242 458 inquit,
1265 422 1353 457 angeli
1366 421 1594 457 pnevaricantur,
1606 426 1634 448 et
1646 421 1692 448 alii

901 473 1024 507 suntqui
1046 471 1093 499 Dei
1107 474 1241 505 pracepla
1257 468 1424 501 custodiunt,
1439 472 1466 494 et
1479 467 1610 502 judicium
1624 473 1693 500 pra:-

902 519 1047 550 stolantur,
1063 525 1116 544 non
1140 516 1228 543 solum
1250 515 1403 545 hominum,
1421 520 1515 541 verum
1536 513 1617 540 etiam
1634 511 1693 544 Dei,

904 569 934 592 ut
955 563 1114 599 frequenter
1127 561 1246 589 diximus
1264 564 1318 587 tam
1336 560 1424 587 dehis
1444 566 1505 594 qua:
1521 559 1548 586 in
1563 557 1695 594 Apocaly-

903 611 945 647 psi
956 609 1113 644 conscripta
1131 612 1204 639 suttt,
1222 614 1304 641 qualn
1323 610 1349 633 et
1363 613 1395 632 ex
1414 605 1475 632 aliis
1491 604 1695 646 innumerabili-

904 658 966 690 bus,
984 663 1078 692 quare,
1094 655 1217 690 inquam,
1232 661 1285 680 non
1302 658 1380 680 terra:
1392 657 1420 689 et
1435 652 1506 679 aeris
1517 651 1647 685 judicium
1661 651 1697 678 sit

905 702 1045 731 futurum?
1057 711 1066 727 ι

940 747 1001 775 XX.
1013 745 1130 782 Angelos
1148 744 1406 781 reprehensionibus
1419 751 1451 771 ac
1464 742 1595 771 conviciis
1609 742 1697 770 inces-

907 794 940 828 si,
958 801 1020 822 cum
1047 792 1213 829 provinciam
1231 795 1385 825 susceptam
1407 789 1478 817 male
1494 789 1696 820 administrant,

60 845 97 871 de
111 851 202 871 rerum
214 843 402 871 universarum
418 851 524 870 summa
543 843 614 872 Deus
626 844 769 878 iudicabit.
783 844 858 873 Utri—
907 848 956 870 cur
967 839 1241 874 crederetOrigenes,
1257 845 1291 865 ex
1303 845 1336 865 eo
1346 836 1455 864 videtur
1464 836 1606 868 adductus:
1625 835 1697 870 τιυοά

59 898 116 926 que
131 882 222 918 autem
235 889 398 924 judiciorum
412 891 503 924 generi
521 898 584 918 suas
601 891 707 919 videtur
717 892 853 927 assignas-
870 880 892 908 Β
906 887 1085 923 Apocalypsis
1107 887 1228 914 secundo
1242 889 1269 912 et
1295 884 1375 912 tertio
1393 883 1481 918 capite
1496 883 1628 917 scriptum
1644 888 1696 914 est.

59 944 93 964 se
119 943 225 971 pinnas,
246 943 294 963 sua
311 935 437 970 praemia;
462 943 495 964 ac
515 937 652 971 prioribus
666 938 786 973 quidem,
803 946 854 973 pro

58 982 137 1010 obito
153 986 227 1010 recte
240 981 338 1014 ofﬁcio,
361 981 456 1010 laudes
475 988 502 1010 et
516 982 649 1017 gloriam;
670 991 718 1018 pro
733 991 762 1012 re
785 986 855 1011 male

60 1032 152 1064 gesta.
169 1028 341 1063 ignominiam
360 1033 388 1055 et
398 1028 513 1056 dedecus
531 1038 537 1056 :
557 1029 701 1063 posteriori
713 1037 787 1064 vero,
806 1038 856 1066 pro

61 1074 224 1101 meritorum
243 1074 360 1106 ratione,
379 1075 576 1103 diuturniorem
599 1079 627 1102 et
645 1075 798 1110 clariorem,
815 1077 856 1105 vel

61 1120 252 1147 obscuriorem
270 1126 298 1148 et
312 1121 475 1154 breviorem,
488 1121 530 1148 vel
546 1121 656 1155 nullam,
672 1122 715 1149 vel
726 1128 855 1150 aeternam

61 1163 112 1192 Dei
133 1165 276 1193 visionem.
298 1165 363 1200 Quae
386 1173 541 1200 quanquam
567 1175 620 1194 non
640 1167 767 1196 distincte
785 1168 856 1203 apud

61 1210 142 1238 ilium
158 1218 286 1246 expressa
306 1212 441 1244 invenias,
459 1219 491 1240 ex
514 1212 571 1246 ejus
586 1217 675 1240 tamen
697 1214 857 1242 assertioni-

61 1257 115 1284 bus
130 1256 209 1285 facile
217 1257 398 1284 deducuntur.
415 1257 529 1285 Homilia
540 1258 567 1284 in
580 1257 663 1285 Num.
679 1266 724 1292 xx,
740 1262 816 1287 nuin.
829 1260 857 1293 5,

63 1302 189 1337 plurihtts
204 1307 392 1337 argumentum
407 1302 471 1330 illud
482 1303 618 1336 edisserit,
633 1309 661 1331 et
676 1304 784 1340 angelos
799 1305 859 1332 uni-

62 1348 166 1383 cuique
191 1354 315 1376 nostrum
333 1349 510 1384 gubernando
524 1349 672 1383 delegatos,
697 1355 744 1377 aut
763 1350 859 1378 Eccle-

61 1394 169 1423 siarum
197 1395 322 1430 regimini
345 1394 493 1428 adhibitos,
510 1395 551 1421 vel
569 1403 618 1430 pro
643 1396 781 1423 hominum
805 1396 859 1425 sibi

62 1441 230 1468 traditorum
246 1441 313 1468 bene
326 1441 410 1476 gestis
426 1441 620 1473 collaudatum,
643 1442 684 1469 vel
696 1450 745 1477 pro
760 1450 859 1478 pecca-

63 1487 101 1515 tis
111 1486 249 1522 culpatum
258 1495 291 1514 ac
303 1487 472 1514 conl'utatum
485 1487 517 1514 iri
533 1487 665 1521 allirntat;
682 1488 763 1523 idque
779 1495 813 1516 ex
828 1496 861 1516 eo

905 933 943 960 uti
958 933 1123 960 notavimus.
1145 931 1200 959 Cur
1215 935 1303 958 autem
1330 934 1496 965 postremum
1512 936 1619 963 quoque
1633 929 1698 956 sub-

906 978 992 1006 ituros
1006 977 1136 1013 judicium
1155 973 1364 1008 existimaverit,
1378 982 1468 1003 causas
1485 974 1568 1002 fuisse
1590 974 1698 1001 videtur

906 1024 983 1052 locus
996 1024 1042 1052 ille
1058 1024 1148 1056 Pauli,
1167 1031 1247 1058 quem
1271 1022 1435 1058 protulimus
1458 1029 1492 1049 ex
1509 1021 1520 1048 l
1535 1020 1598 1048 Cor.
1613 1028 1651 1053 vi,
1667 1019 1696 1053 5,

909 1071 1047 1098 «Nescitis
1069 1070 1197 1105 quoniam
1218 1069 1329 1103 angelos
1353 1068 1573 1103 judicahimus?»
1595 1067 1640 1102 qui
1664 1067 1698 1094 de

906 1117 985 1145 bonis
1003 1122 1094 1147 tamen
1110 1115 1314 1152 angelisnihilo
1328 1115 1414 1150 magis
1430 1113 1621 1148 intelligendus
1643 1116 1697 1144 est,

907 1170 990 1198 quam
1003 1162 1046 1190 ille
1054 1162 1140 1195 Petri,
1156 1169 1189 1189 ex
1202 1161 1287 1189 altera
1299 1160 1356 1194 ejus
1370 1160 1502 1195 Epistola,
1515 1167 1574 1195 cap.
1585 1167 1615 1193 ll,
1627 1167 1654 1187 v.
1664 1159 1697 1187 4:

910 1218 920 1235 ‹
934 1208 962 1237 Si
987 1209 1059 1237 enim
1087 1209 1158 1236 Deus
1174 1208 1276 1243 angelis
1291 1207 1465 1242 peccantibus
1487 1214 1539 1233 non
1564 1206 1697 1241 pepercit.

908 1255 955 1284 sed
970 1255 1130 1283 rudetttibus
1147 1255 1246 1282 inferni
1262 1255 1400 1282 detractos
1416 1254 1442 1280 in
1462 1257 1593 1280 tartarum
1613 1253 1699 1279 tradi-

909 1301 949 1329 dit
964 1300 1127 1329 cruciandos
1147 1301 1172 1327 in
1185 1300 1318 1334 judicium
1336 1300 1506 1333 reservat-ip
1524 1304 1552 1326 et
1567 1298 1610 1326 ille
1624 1298 1700 1326 Judaa

910 1355 982 1375 vers.
997 1347 1014 1374 6
1032 1356 1040 1374 :
1063 1356 1073 1373 ι
1087 1346 1206 1382 Angelos
1221 1354 1286 1374 vero
1301 1347 1347 1381 qui
1360 1354 1413 1374 non
1430 1351 1609 1374 servaverunt
1621 1353 1699 1372 suum

909 1394 1104 1429 principatum,
1127 1393 1174 1420 sed
1197 1393 1367 1429 reliquerunt
1377 1401 1455 1421 suum
1472 1392 1652 1424 domicilium,
1672 1391 1700 1419 in

909 1441 1040 1476 judicium
1057 1442 1148 1477 magni
1168 1442 1232 1474 diei,
1256 1441 1372 1469 vinculis
1384 1441 1495 1469 aeternis
1513 1439 1562 1467 sub
1585 1439 1701 1474 caligine

912 1489 1071 1517 reservavit.
1087 1498 1097 1515 ›
1115 1489 1216 1516 Retulit
1229 1493 1318 1516 tamen
1336 1488 1369 1515 ad
1387 1487 1498 1522 angelos
1511 1487 1596 1514 bonos
1609 1485 1702 1513 Pauli-

62 1532 164 1568 probat
180 1533 379 1568 Apocalypseos
398 1534 488 1568 capite
503 1541 533 1566 ll,
557 1534 583 1561 iu
600 1542 654 1568 quo
674 1534 857 1563 Asiaticarum
872 1553 893 1583 α
912 1544 977 1563 num
997 1535 1069 1563 istud
1084 1535 1268 1562 Tertullianus
1284 1535 1310 1562 in
1327 1534 1396 1561 libro
1415 1535 1452 1561 De
1469 1534 1543 1569 fuga,
1562 1541 1621 1568 cap.
1641 1532 1675 1559 ιο
1692 1540 1699 1558 :

67 1579 253 1606 Ecclesiarum
279 1578 367 1614 angeli
397 1579 522 1607 laudibus
547 1585 574 1607 et
600 1580 855 1614 reprehensionibus

67 1632 120 1660 pro
140 1623 244 1651 meritis
261 1624 434 1659 excipiuntur
457 1633 464 1652 :
493 1633 503 1650 ι
516 1624 629 1652 Venient
647 1626 732 1657 enim,
744 1635 754 1653 ι
770 1627 859 1662 inquit

67 1677 147 1697 num.
161 1669 190 1700 4,
207 1679 216 1695 ί
229 1670 316 1705 angeli
337 1669 371 1697 ad
389 1669 521 1704 judicium
538 1671 688 1704 nobiscum,
709 1677 736 1700 et
749 1674 858 1701 stabunt

62 1721 117 1750 pro
133 1715 211 1742 nobis
221 1720 285 1742 ante
296 1714 388 1742 Solem
401 1714 523 1749 iustitia.
536 1723 570 1743 ne
584 1716 653 1744 forte
664 1717 762 1752 aliquis
776 1718 858 1745 etiam

66 1769 102 1789 ex
121 1760 188 1795 ipsis
197 1767 287 1788 causa:
300 1760 391 1793 fuerit,
404 1762 475 1796 quod
490 1769 539 1789 nos
549 1762 726 1797 deliquimus;
742 1772 777 1791 ne
788 1763 859 1791 forte

69 1808 163 1835 minus
177 1814 239 1841 erga
263 1815 314 1835 nos
324 1808 414 1842 operis
429 1812 456 1835 et
470 1807 572 1836 laboris
587 1809 776 1844 expenderint,
805 1818 859 1846 quo

69 1860 122 1880 nos
135 1861 149 1879 a
165 1857 338 1887 peccatorum
354 1854 414 1881 labe
431 1853 594 1882 revocarint.
609 1864 619 1881 ι
644 1854 744 1882 Eadem
762 1856 860 1890 proba-

69 1898 190 1926 tionibus
215 1899 369 1933 conlirmat,
392 1905 418 1928 et
442 1900 539 1935 repetit
559 1901 652 1928 homil.
675 1901 709 1928 15
733 1904 759 1928 in
781 1901 859 1935 Luc.,

70 1949 157 1980 atque
179 1945 216 1972 ita
232 1945 391 1973 concludit:
411 1945 516 1973 (Porro
536 1945 692 1982 frequenter
715 1949 807 1976 evenit
831 1953 861 1976 ut

67 1991 152 2019 nobis
166 1990 352 2019 laborantibus
366 1992 416 2027 ipsi
431 2000 508 2020 suum
521 1993 638 2021 oilicium
653 2001 705 2021 nou
723 1994 860 2028 expleant,

66 2043 98 2065 et
116 2037 143 2064 in
160 2037 248 2073 culpis
263 2037 327 2065 sint.
339 2048 348 2064 ι
368 2038 404 2066 At
419 2039 531 2066 homilia
550 2040 576 2066 in
598 2040 668 2067 idem
683 2040 860 2076 Evangelium

66 2083 118 2116 55,
135 2090 189 2110 non
206 2083 344 2110 hominum
356 2085 475 2112 onmium
487 2085 596 2120 angelos
611 2085 705 2113 faciem
717 2086 803 2114 Patris
816 2086 862 2121 qui

67 2129 97 2156 in
121 2129 193 2157 cosio
216 2135 257 2157 est
277 2129 369 2157 videre
383 2129 458 2164 dicit,
478 2131 525 2158 sed
542 2137 636 2158 eorum
657 2131 791 2160 duntaxat
817 2133 862 2167 qui

66 2175 202 2204 Ecclesiae
229 2183 326 2203 nomen
354 2176 501 2210 dederunt;
528 2181 584 2204 tum
610 2177 648 2204 ait
663 2179 834 2213 postmodum
855 2186 863 2195 ο

911 1593 922 1610 ‹
934 1583 1026 1611 Times
1039 1583 1189 1615 hominem,
1207 1582 1306 1617 inquit,
1328 1582 1492 1613 Christiane,
1510 1588 1589 1616 quem
1609 1579 1700 1607 timeri

908 1634 1015 1665 oportet
1025 1629 1058 1657 ab
1076 1629 1188 1664 angelis,
1205 1629 1336 1662 siquidem
1348 1627 1457 1662 angelos
1467 1627 1639 1662 judicaturus
1650 1633 1680 1653 es
1692 1633 1700 1653 :

908 1683 989 1710 quem
1016 1674 1105 1702 timeri
1131 1679 1239 1709 oportet
1264 1682 1278 1700 a
1294 1674 1444 1705 dazmoniis,
1473 1671 1607 1707 siquidem
1628 1677 1656 1698 et
1672 1671 1701 1698 in

909 1721 1046 1748 decuriones
1060 1720 1189 1754 accepisti
1209 1724 1385 1755 potestatem.
1398 1728 1408 1744 ι

945 1765 1015 1793 XXI.
1029 1765 1156 1800 Origcnis
1171 1764 1332 1792 sententiam
1351 1763 1455 1791 mollire
1469 1763 1567 1797 satagit
1584 1762 1614 1790 S.
1628 1761 1702 1788 Tho-

911 1820 970 1840 mas
980 1816 1051 1846 part.
1070 1819 1088 1844 I,
1104 1815 1202 1845 qua-st.
1214 1810 1277 1843 “5,
1295 1815 1348 1837 art.
1365 1810 1391 1842 7,
1404 1815 1430 1837 et
1447 1814 1507 1844 post
1522 1809 1595 1836 illum
1613 1808 1702 1836 Gene—

910 1858 1028 1886 brardus
1043 1857 1069 1884 in
1085 1856 1268 1890 Collectaneit,
1283 1863 1342 1890 cap.
1361 1856 1389 1889 6,
1400 1855 1477 1890 quasi
1497 1855 1522 1882 id
1536 1854 1586 1882 sibi
1609 1854 1702 1882 volue-

910 1905 957 1938 rit,
974 1912 984 1930 α
1002 1902 1111 1939 angelos
1126 1903 1187 1930 duci
1204 1902 1230 1929 in
1250 1902 1381 1937 judicium
1404 1909 1452 1937 pro
1475 1901 1594 1936 peccatis
1612 1900 1702 1928 immi-

911 1959 987 1983 num,
1011 1958 1064 1978 non
1078 1950 1156 1984 quasi
1174 1957 1244 1981 reos,
1258 1949 1304 1976 sed
1317 1949 1395 1983 quasi
1413 1953 1505 1979 testes,
1530 1948 1564 1974 ad
1590 1947 1703 1974 convin-

912 1997 1026 2025 cendum
1054 1996 1176 2023 homines
1203 1995 1235 2023 de
1263 2002 1355 2022 eorum
1383 1995 1498 2029 ignavia.
1525 2003 1534 2020 ι
1558 1993 1631 2021 llauc
1657 2001 1702 2020 re-~

912 2043 1084 2077 sponsionem
1117 2041 1213 2069 fulcire
1237 2045 1351 2068 conatur
1374 2039 1565 2068 Genebrardus
1592 2038 1702 2066 homilia

913 2088 1038 2124 Origenis
1064 2087 1206 2115 undecima
1233 2086 1261 2113 in
1279 2085 1376 2117 Num.,
1394 2093 1468 2112 num.
1485 2085 1511 2116 5,
1539 2087 1566 2112 in
1585 2092 1637 2119 qua
1654 2084 1703 2111 ha-

913 2134 1012 2162 bentur
1035 2132 1163 2160 nonnulla
1188 2131 1373 2165 superioribus
1386 2131 1511 2158 dissona:
1538 2130 1565 2157 in
1581 2135 1704 2157 extremo

915 2187 1011 2215 nempe
1037 2179 1138 2214 jttdiciu
1163 2177 1304 2205 adfuturos
1320 2177 1427 2211 quidem
1447 2176 1556 2211 angelos
1578 2183 1638 2203 cum
1656 2175 1704 2202 lto-

69 2231 80 2248 ι
90 2221 237 2255 Quomodo
248 2221 320 2249 enim
337 2221 359 2249 si
373 2220 421 2256 per
445 2229 537 2249 curam
550 2230 643 2250 eorum
660 2229 688 2251 et
703 2223 861 2251 industriam
877 2225 901 2255 ο
914 2227 1042 2260 minibus,
1059 2227 1105 2254 sed
1122 2233 1235 2253 examen
1249 2230 1276 2252 et
1288 2225 1418 2258 judicium
1440 2230 1609 2258 nequaquam
1639 2222 1704 2249 sub-

68 2268 147 2295 salus
159 2267 314 2295 hominibus
328 2273 511 2302 comparatur,
533 2267 629 2296 faciem
649 2268 738 2296 Patris
753 2277 862 2305 semper

67 2314 219 2340 attendunt
243 2322 251 2340 :
277 2313 317 2340 sic
338 2313 361 2340 si
382 2321 431 2348 per
455 2314 644 2349 negligentiam
669 2323 762 2343 eorum
780 2316 862 2343 homo

67 2359 220 2391 corruerit,
247 2359 328 2386 etiam
359 2360 401 2387 sui
427 2360 540 2394 periculi
568 2369 624 2388 rem
651 2368 712 2388 esse
736 2369 788 2388 non
814 2369 862 2389 ne-

68 2406 172 2433 sciunt.
185 2414 195 2431 ι
219 2405 251 2433 Et
263 2406 344 2438 paulo
360 2407 475 2434 inferius
489 2416 496 2434 :
513 2416 523 2433 ‹
534 2407 680 2442 Ignominia
696 2407 794 2442 angelo
809 2412 860 2440 est,

69 2451 95 2479 si
119 2451 203 2478 homo
213 2451 302 2485 justus
316 2452 438 2480 creditus
458 2452 548 2486 fuerit,
569 2458 597 2480 et
611 2454 765 2487 peccaverit
781 2463 788 2481 :
804 2458 832 2481 ut
847 2461 863 2481 e

70 2496 215 2523 contrario
237 2496 321 2531 gloria
338 2502 381 2525 est
406 2498 511 2532 angelo,
528 2498 551 2526 si
567 2499 686 2527 creditus
698 2500 749 2528 sibi
765 2500 862 2527 saltem

71 2542 205 2570 minimus
218 2543 244 2570 in
256 2543 376 2571 Ecclesia
392 2544 485 2572 fuerit.
501 2544 634 2573 Videbunt
647 2546 719 2573 enim
742 2553 794 2573 non
810 2546 862 2573 ali-

69 2589 195 2624 quando,
214 2590 261 2617 sed
281 2598 389 2626 semper
400 2591 496 2618 faciem
512 2591 599 2619 Patris
615 2592 661 2627 qui
677 2596 719 2620 est
735 2592 762 2619 in
773 2592 860 2625 ctnlis,

71 2641 136 2661 cum
152 2634 197 2661 alii
221 2643 328 2670 semper
340 2644 393 2663 non
407 2637 528 2664 videant.
552 2636 706 2665 Secundum
737 2638 863 2665 meritum

72 2680 148 2707 enim
165 2687 271 2714 eorum,
289 2689 403 2716 quorum
417 2682 504 2718 angeli
519 2679 600 2715 'sunt,
614 2687 660 2710 aut
673 2691 791 2718 semper,
818 2688 865 2712 aut

111 2749 169 2785 (54)
189 2749 254 2789 Post
268 2750 391 2789 verbum,
407 2759 416 2776 ι
434 2751 612 2789 responderit,
631 2761 640 2778 ι
662 2751 687 2789 in
700 2759 775 2789 mss.
788 2752 862 2789 codi-

74 2785 155 2812 cibus
168 2786 298 2813 additur:
318 2794 328 2811 ε
341 2785 405 2812 'Erit
424 2794 489 2820 ergo
510 2790 537 2813 et
560 2788 586 2813 in
602 2786 788 2821 hucjudicium
802 2787 861 2818 Dei,

77 2824 170 2856 utrum
188 2821 352 2855 negligentia
365 2821 453 2854 aliqua
467 2821 650 2848 ministrorum
663 2822 806 2855 spirituum
818 2822 863 2856 qui

78 2855 112 2882 ad
127 2855 310 2884 ministerium
337 2860 364 2883 et
381 2855 542 2890 adjutorium
567 2856 641 2884 missi
666 2861 728 2884 sunt
755 2855 865 2892 propter

915 2273 1010 2300 ituros.
1024 2272 1119 2306 Opera;
1145 2271 1260 2306 pretium
1276 2270 1356 2297 fuerit
1381 2270 1462 2296 verba
1482 2269 1538 2304 ipsa
1559 2268 1704 2295 adducere.

919 2329 929 2345 ι
944 2320 1029 2355 lgilur
1050 2319 1236 2353 unusquisque
1251 2317 1408 2352 angelorum
1427 2316 1454 2343 itt
1473 2315 1706 2343 consummatione

915 2365 1004 2393 sarculi
1020 2365 1106 2392 aderit
1121 2365 1146 2391 in
1162 2363 1273 2399 judicio,
1297 2364 1414 2391 educeus
1436 2370 1483 2390 eos
1499 2368 1590 2389 secum
1607 2361 1705 2396 quibus

915 2412 1035 2447 praefuit,
1063 2418 1132 2446 quos
1158 2411 1272 2446 adjuvit,
1293 2418 1360 2445 quos
1387 2409 1524 2440 instruxit,
1546 2415 1594 2442 pro
1607 2406 1705 2441 quibus

915 2464 1022 2492 semper
1036 2457 1101 2484 vidit
1117 2457 1212 2484 faciem
1232 2456 1318 2483 Patris
1330 2456 1375 2491 qui
1393 2456 1419 2482 in
1434 2454 1511 2483 caelis
1525 2459 1576 2482 est.
1593 2454 1624 2480 Et
1641 2458 1705 2488 puto

915 2503 997 2529 etiam
1026 2502 1061 2529 ibi
1088 2502 1288 2537 inquisitionem
1316 2502 1446 2534 futuram,
1474 2509 1526 2529 non
1541 2500 1649 2536 quidem
1670 2507 1704 2526 an

915 2548 1026 2575 culturae
1038 2548 1177 2575 hominum
1192 2550 1303 2584 angelus
1315 2549 1441 2581 defuerit,
1466 2547 1514 2575 sed
1534 2555 1568 2574 an
1593 2546 1706 2573 culturae

916 2593 1044 2628 angelica?
1057 2600 1226 2628 nequaquam
1240 2594 1321 2628 digne
1339 2594 1453 2628 segnitia
1467 2593 1582 2620 humana
1595 2598 1706 2625 respon-

917 2638 988 2665 derit
1000 2637 1068 2674 (54).
1088 2647 1098 2663 ι
1114 2638 1182 2665 Tum
1207 2638 1303 2666 deinde
1323 2638 1410 2665 locum
1435 2639 1509 2665 illum
1526 2637 1592 2664 Paul
1623 2643 1706 2670 expo-

919 2684 960 2711 nit
972 2683 983 2710 ι
996 2683 1059 2712 Cor.
1077 2691 1114 2718 v1,
1129 2685 1157 2718 5,
1172 2692 1204 2712 ex
1218 2693 1271 2720 qtto
1287 2686 1319 2712 ad
1340 2686 1495 2720 ﬁgmentum
1510 2684 1573 2712 illud
1588 2681 1705 2717 dejudi-

915 2759 963 2779 eos
978 2753 1027 2787 qui
1045 2753 1229 2780 haaredilatem
1248 2753 1358 2787 capiunt
1378 2753 1482 2785 salutis,
1496 2759 1530 2779 an
1548 2758 1642 2787 eorum
1658 2749 1705 2786 qui

917 2788 952 2814 ab
967 2786 1139 2822 iisjuvantur
1153 2788 1257 2823 ignavia
1271 2786 1324 2814 tam
1344 2788 1418 2815 ttmlti
1434 2788 1523 2821 lapsus
1535 2786 1596 2813 vita:
1610 2786 1714 2813 huma-~

917 2830 959 2858 nte
976 2824 1144 2857 proveniant.
1165 2822 1173 2849 ὸ
1188 2822 1250 2850 llam
1267 2823 1289 2858 si
1304 2823 1412 2858 legisset
1431 2823 1554 2853 Huetius.
1575 2828 1628 2848 non
1650 2825 1705 2848 tam

919 2857 1033 2886 fidenter
1056 2859 1218 2887 asseruisset
1237 2858 1262 2887 in
1276 2857 1319 2886 bis
1335 2857 1480 2894 Origenem
1501 2865 1549 2894 pro
1564 2863 1638 2884 more
1657 2863 1706 2884 suo
