1904 3077
224 143 274 173 871

857 140 887 168 Ρ.
907 139 1066 167 DANIELIS
1085 137 1202 166 llUETll
1787 138 1828 167 872

227 203 271 231 cio
284 203 311 230 in
322 201 431 237 angelos
443 198 587 228 statuendo
599 197 801 232 procudendum
812 197 862 224 fuit
872 198 1014 224 inductus:
1031 205 1052 231 Α
1068 203 1184 230 namque
1198 196 1238 223 eis
1257 201 1362 223 servata
1383 203 1444 224 esse
1464 195 1491 222 in
1510 194 1643 227 futurum;
1662 203 1672 220 ι
1691 195 1762 230 cujus
1776 196 1830 225 hanc

231 259 241 276 ι
271 250 347 283 Quod
369 248 391 275 si
411 247 447 274 ita
475 250 527 278 est,
554 245 651 279 inquit,
677 245 730 271 crit
752 251 818 278 ergo
840 244 922 271 etiam
946 243 1015 270 inter

229 295 339 330 angelos
353 298 381 321 et
399 291 523 320 homines
535 290 666 326 judicium
683 290 745 322 Dei;
762 296 789 317 et
806 289 928 317 fortassis
944 289 1016 323 judi-

226 341 362 368 cabuntur
375 338 458 372 aliqui
469 345 530 365 cum
543 336 637 368 Paulo,
652 341 680 363 et
691 336 866 363 conferentur
877 336 1015 362 laboribus

227 386 296 420 ejus,
310 391 337 412 et
352 384 485 411 fructibus
496 384 543 418 qui
555 391 588 410 ex
604 382 776 409 multitudine
791 382 957 410 credentium
973 389 1016 409 ve-

228 433 306 459 niunt
333 440 340 458 :
368 435 396 457 et
421 430 492 457 forte
514 429 668 457 invenietur
689 429 716 455 in
731 429 868 456 laboribus
893 428 1016 463 superior

227 479 309 505 etiam
324 476 461 510 aliquibus
476 476 597 511 angelis;
624 481 650 502 et
673 475 732 502 ideo
749 474 878 501 nimirum
889 474 993 501 dicebat
1006 482 1013 500 :

228 525 269 550 Λη
289 522 392 549 nescitis
414 522 477 556 quia
501 521 605 555 angelos
623 520 852 555 judicubimus"?
870 519 927 547 Non
945 520 1016 555 quod

229 569 287 604 ipse
303 568 402 595 Paulus
416 567 519 602 iudicet
541 567 662 602 angelos,
688 567 735 594 sed
758 567 828 601 quod
851 573 919 601 opus
942 565 1015 593 Pauli

229 614 302 649 quod
314 614 368 649 egit
384 614 409 640 in
424 612 581 647 Evangelio,
597 617 625 640 et
637 619 701 646 erga
717 612 822 638 animas
837 611 1016 642 credentium,

229 660 362 689 iudicabit
384 659 488 693 aliquos
516 667 523 685 ε
557 665 611 685 nun
633 657 705 684 enirn
718 663 825 689 omnes,
841 656 889 684 sed
908 656 1014 690 aliquos

231 705 398 740 angelorum.
417 713 428 730 ι
446 704 565 737 Quorum
585 710 714 737 germana
729 707 792 729 sunt
807 706 833 728 et
849 702 899 729 ista
916 708 932 728 e
951 705 1016 728 tom.

232 752 284 778 lin
298 750 392 777 Matth.
406 758 444 780 γι,
458 757 533 776 num.
546 749 580 776 i3
597 759 603 776 :
619 749 730 780 Τούτοις
744 748 772 774 δὲ
793 748 844 775 οὐκ
865 747 1016 779 ἀκολουθεῖ,

229 797 298 833 ὅπερ
307 796 408 823 οἴονται
421 804 503 827 τινες,
522 795 562 821 ὅτι
583 795 631 820 καὶ
649 794 704 820 τῶν
722 793 806 828 ἁγίων
825 793 948 827 ἀγγέλων
964 792 1018 818 εἰσὶ

233 844 370 879 κρείττους
382 842 405 868 οἱ
418 841 555 877 ἄνθρωποι
569 841 594 866 οὶ
609 841 637 866 ὲν
655 840 764 876 Χριστῷ
778 839 925 874 σωζόμενοι
934 847 941 854 ⁸
959 838 1018 870 πῶς

1066 243 1198 269 rationem
1215 241 1327 269 subdit:
1347 251 1356 268 ι
1379 242 1506 276 quaniam
1535 241 1637 274 indigni
1661 245 1723 268 sunt
1748 244 1787 277 qui
1809 245 1830 272 in

1065 289 1193 324 praesenti
1218 289 1316 317 saeculo
1340 290 1532 324 corripiantur,
1552 289 1601 316 sed
1624 289 1650 315 in
1671 288 1759 317 futuro
1777 293 1831 319 reci-

1065 335 1139 370 pient
1153 343 1213 370 qua:
1227 339 1375 363 merentur.
1398 344 1408 361 ι
1436 335 1623 362 Consentanea
1646 339 1711 361 sunt
1735 342 1789 368 quae
1805 344 1831 364 ex

1065 378 1182 412 Origene
1205 379 1414 406 subministrant
1424 377 1531 405 Catena:
1545 378 1571 404 in
1590 378 1676 405 Exod.
1691 387 1735 410 xx,
1747 379 1771 411 5,
1785 389 1831 415 pag.

1066 424 1117 450 127
1133 432 1140 451 :
1157 423 1281 458 Τοσούτῳ
1294 424 1391 459 χρόνῳ,
1406 423 1501 459 inquit,
1526 423 1541 450 ὁ
1561 423 1684 455 διάὸολος
1705 425 1834 460 ἀμαρτπι

1066 470 1120 498 ἀπὸ
1134 470 1249 501 κτίσεως
1273 470 1321 496 καὶ
1345 470 1498 505 καταϐολῆς
1517 470 1631 505 κόσμου,
1651 470 1699 496 καὶ
1712 470 1770 497 οὗτε
1782 471 1832 507 πῦρ,

1065 516 1126 544 οὕτε
1141 515 1250 552 μάστιξ.
1277 516 1314 542 Οὺ
1333 516 1388 552 γὰρ
1407 516 1482 549 ἄξιός
1501 517 1558 546 ἐστι
1579 516 1633 542 τῶν
1653 515 1834 543 κολάσεωντῶν

1066 564 1120 591 ἀπὸ
1137 563 1184 590 τοῦ
1199 562 1277 593 Θεοῦ,
1290 562 1320 588 οὺ
1333 562 1388 597 γὰρ
1399 562 1508 589 δύναται
1521 563 1608 588 εἰπεῖν
1623 562 1638 588 ὁ
1652 561 1784 593 διάϐολος·
1794 563 1835 588 Kc.

1063 619 1120 646 ριε,
1143 610 1186 645 μὴ
1204 606 1286 645 θυμῷ
1303 617 1360 636 σου
1372 609 1500 644 ἐλέγξῃς
1513 617 1562 644 με,
1578 610 1627 636 καὶ
1640 609 1674 635 τὰ
1688 608 1757 644 ὲξῆς.
1770 609 1836 635 Ἕκα-

1069 666 1130 689 στος
1156 655 1203 684 οὖν
1225 657 1353 688 συνειδὼς
1377 656 1465 691 ἑαυτῷ
1481 655 1626 692 ἁμαρτιας,
1645 655 1763 690 εὐχέσθω
1777 655 1835 682 miz-

1068 703 1164 738 σθῆναι
1173 711 1180 717 ·
1201 702 1284 729 καλὸν
1298 702 1348 738 μὲν
1359 701 1413 737 γὰρ
1427 702 1457 728 τὸ
1472 702 1554 738 μηδὲν
1570 702 1645 735 ἄξιον
1659 702 1790 732 κολάσεως
1799 710 1835 728 πε-

1068 750 1220 786 ποιηκέναι.
1245 750 1276 776 Εἰ
1300 749 1329 776 δέ
1353 758 1378 776 τι
1399 749 1472 782 ἄξιον
1494 749 1630 780 κολάσεως
1656 748 1834 783 πεποιήκιμεν,

1069 796 1140 823 οὕτω
1153 796 1338 832 κολασθῶμεν,
1353 796 1423 822 ὥστε
1437 795 1529 822 ἐνθάδε
1546 796 1595 831 μὲν
1608 795 1768 822 ἀπολαϐεῖν·
1785 795 1836 830 μετὰ

1068 843 1096 870 δὲ
1109 843 1196 870 ταῦτα
1219 844 1259 875 εἰς
1278 843 1341 874 τοὺς
1357 843 1474 874 κάλπους
1495 842 1621 878 Ἀὃρειὰμ
1638 841 1835 869 ἀναπαύσασθαι.

230 891 284 925 γὰρ
297 889 421 916 δύνανται
443 888 468 914 οἱ
481 887 533 914 ὑπὸ
546 887 630 921 ἁγίων
647 886 770 920 ἀγγέλων
784 886 824 917 εἰς
835 885 907 920 ἄγγη
926 883 1016 919 βαλλό-

1075 899 1083 915 ι
1101 889 1204 917 Tandiu
1220 894 1262 917 est
1276 897 1308 917 ex
1330 897 1383 925 quo
1398 894 1493 924 peccat
1503 889 1627 916 diabolus
1645 897 1660 916 a
1677 889 1805 916 creatione
1815 896 1838 915 ac

232 944 306 970 μενοι
315 936 369 965 τοῖς
384 934 523 969 βάλλουσιν
532 934 571 964 εἰς
587 933 621 959 τὰ
631 932 704 967 ἄγγη
718 930 947 967 ¹ιιιιραὸάλλιεσθαι,
965 929 1020 956 into

232 980 278 1016 τὴν
294 980 405 1006 ἐκείνων
419 978 580 1017 τεταγμένοι
601 977 744 1011 ὲξουσῐαν;
768 976 861 1004 Ταῦτα
881 976 910 1003 δέ
931 984 1021 1011 φαμεν

231 1026 280 1052 οὐκ
294 1025 453 1059 ἀγνοοῦντὲς
470 1033 550 1051 τινων
561 1023 696 1057 ἀγγέλων.
711 1023 764 1049 τῶν
786 1022 822 1057 μὴ
837 1022 964 1056 τοιαύτην
981 1022 1021 1047 οἰ-

232 1071 361 1107 κονομίιν
373 1070 629 1106 ἐγκεχειρισμένων.
647 1069 705 1096 ἀλλ’
721 1068 782 1095 οὐδὲ
797 1068 899 1095 τούτων
914 1067 1022 1093 πάντων

231 1117 369 1152 διαφέρειν
385 1116 448 1148 τοὺς
461 1117 489 1142 ὲν
503 1114 613 1150 Χριστῷ
624 1113 832 1149 σωθησομένους
843 1111 1004 1148 ἀνθρώπους
1013 1118 1022 1126 ·

231 1163 388 1197 ἀνέγνωμεν
412 1162 466 1198 γὰρ
489 1161 536 1188 καὶ
555 1160 601 1186 τό·
621 1160 659 1192 εὶς
681 1159 699 1186 ἃ
721 1157 898 1194 ἐπιθυμοῦσιν
914 1156 1024 1191 ἄγγελοι

233 1208 403 1244 παρακύψαι,
420 1207 482 1233 ἔνθα.
499 1207 548 1233 οὐκ
559 1205 678 1242 εἴρηται,
694 1204 794 1236 πάντες
809 1203 931 1238 ἄγγελοι.
946 1202 1023 1229 orsa-

233 1263 284 1290 μεν
301 1255 348 1280 καὶ
367 1253 397 1280 τό
408 1261 415 1268 ·
429 1252 559 1287 ἀγγέλους
577 1250 734 1286 κρινοῦμεν,
756 1250 822 1277 ὅπου
836 1249 874 1285 μὴ
887 1249 1023 1281 λέλεκται,

234 1300 336 1331 πάντας
352 1299 495 1333 ἀγγέλους.
515 1299 542 1326 In
560 1299 603 1325 his
620 1298 751 1332 Origenes
775 1296 864 1332 prodit
882 1295 964 1322 animi
981 1294 1024 1321 sui

235 1347 370 1374 levitatem
387 1351 415 1373 et
429 1345 637 1373 inconstantiam
660 1352 708 1379 pro
725 1351 800 1371 more
812 1350 871 1371 suo.
895 1342 1024 1376 Quisquis

233 1397 323 1418 autem
339 1392 371 1417 ad
385 1391 472 1417 locum
489 1390 615 1421 alterum,
631 1397 710 1424 quem
728 1396 776 1416 sua
793 1388 968 1423 responsione
981 1387 1023 1414 di-

235 1437 309 1463 luere
327 1442 441 1463 conatur
456 1435 586 1468 Thomas,
612 1439 692 1462 caute
714 1434 868 1466 attenderit,
896 1433 954 1466 ejus
975 1439 1024 1460 ex-

234 1482 385 1516 ceptionem
410 1489 504 1516 parum
533 1480 668 1515 probabit.
688 1479 762 1507 Talia
782 1479 827 1506 illa
845 1484 910 1506 sunt
928 1478 1022 1506 homil.

233 1528 270 1555 ἂι
292 1529 320 1554 in
338 1526 431 1558 Num.,
454 1535 526 1553 ntnn.
540 1527 557 1554 5
573 1535 580 1553 :
595 1536 605 1552 ‹
624 1526 700 1560 Sa'pe
724 1525 841 1553 diximus
861 1525 1023 1555 animarum,

1072 935 1164 962 mundi
1192 935 1395 966 constitutiOne,
1424 942 1472 961 nec
1494 935 1518 962 ei
1547 934 1616 968 ignis
1640 941 1691 961 nec
1714 933 1836 968 ﬂagellant.

1073 980 1129 1007 Non
1145 980 1217 1007 enim
1234 987 1375 1015 ptenarum
1391 980 1489 1014 dignus
1507 985 1548 1007 est
1561 988 1619 1014 qua!
1632 987 1648 1006 a
1662 979 1717 1007 Deo
1736 980 1837 1013 inﬂigun-

1073 1029 1126 1058 tur,
1143 1032 1193 1052 nec
1205 1029 1294 1059 potest
1306 1024 1430 1052 diabolus
1445 1024 1536 1052 dicere
1549 1033 1557 1049 :
1578 1024 1699 1057 Domine,
1727 1032 1756 1050 ne
1771 1026 1794 1050 in
1807 1024 1837 1050 in

1072 1074 1118 1097 tua
1139 1079 1236 1105 arguas
1263 1071 1343 1103 me",
1355 1075 1409 1098 etc.
1435 1070 1565 1104 Quisquis
1595 1077 1662 1105 ergo
1685 1070 1734 1097 sibi
1755 1070 1837 1103 peccati

1073 1116 1200 1144 conscius
1214 1121 1266 1149 est,
1281 1121 1341 1143 oret
1352 1121 1381 1142 ut
1394 1116 1530 1150 puniatur.
1545 1115 1659 1143 Praestat
1671 1115 1774 1150 quidem
1789 1115 1838 1141 nihil

1073 1161 1242 1188 commisisse
1257 1161 1327 1195 quod
1344 1168 1452 1195 pmnam
1467 1165 1613 1188 mereatur.
1631 1159 1681 1187 Sin
1699 1166 1782 1187 autem
1795 1165 1839 1194 pte-

1075 1214 1108 1233 na
1122 1207 1233 1240 dignum
1251 1206 1388 1242 quidpiam
1402 1207 1516 1241 egimus,
1529 1207 1568 1234 sic
1583 1206 1740 1241 puniamur,
1753 1210 1779 1232 ut
1788 1212 1840 1240 pra-

1074 1252 1143 1281 senti
1159 1252 1267 1287 quidem
1287 1260 1344 1280 aevo
1364 1253 1536 1288 recipiamus,
1550 1257 1612 1286 post
1627 1252 1687 1279 hac
1701 1260 1761 1290 vero
1777 1252 1798 1279 in
1812 1251 1839 1278 si-

1074 1307 1109 1326 nu
1129 1299 1245 1326 Abrahae
1261 1299 1474 1334 requiescamus.
1493 1308 1502 1325 ι
1519 1299 1605 1326 Aliam
1626 1299 1736 1326 adducit
1750 1305 1838 1324 causam

1074 1345 1168 1372 ltomil.
1188 1345 1220 1372 I3
1251 1346 1278 1372 in
1305 1344 1401 1377 Νιωι..
1424 1353 1498 1372 ntnn.
1525 1345 1553 1374 ’1.
1577 1350 1720 1380 postquam
1736 1345 1838 1372 eumdem

1074 1389 1190 1417 Matthxi
1206 1389 1293 1417 locum
1309 1391 1341 1416 ad
1356 1390 1538 1418 testimonium
1552 1391 1646 1417 citavit
1659 1399 1666 1417 :
1678 1399 1688 1416 ι
1705 1390 1736 1417 Et
1748 1390 1780 1416 ob
1791 1389 1838 1419 hoc.

1075 1435 1171 1469 inquit,
1187 1442 1275 1469 neque
1293 1435 1428 1462 diabolum
1444 1435 1557 1462 removit
1571 1443 1585 1462 a
1605 1435 1756 1470 principatu
1768 1433 1840 1461 saeculi

1075 1481 1164 1516 hujus,
1177 1480 1240 1515 quia
1257 1480 1345 1508 adhuc
1358 1488 1425 1515 opus
1444 1485 1486 1508 est
1502 1488 1583 1515 opera
1599 1481 1659 1516 ejus
1674 1482 1706 1507 ad
1723 1480 1842 1515 perfectio-

1075 1533 1136 1553 nem
1157 1533 1251 1553 eorum
1278 1525 1326 1560 qui
1349 1525 1497 1553 coronandi
1527 1530 1608 1558 sunt;
1632 1533 1702 1560 opus
1715 1530 1754 1553 est
1773 1525 1842 1552 adhuc

234 1582 296 1608 qua:
310 1574 336 1600 in
353 1573 471 1600 Ecclesia
489 1573 534 1599 Dei
552 1578 626 1604 sunt,
640 1580 733 1599 curam
750 1571 1025 1606 procurationcmque
1039 1563 1063 1593 ο
1077 1579 1158 1607 opera
1177 1572 1237 1607 ejus
1263 1571 1298 1599 ad
1316 1572 1444 1599 exercitia
1471 1573 1651 1600 certaminum
1679 1576 1707 1599 et
1735 1572 1842 1598 victorias

237 1619 330 1646 haberi
352 1626 400 1653 per
419 1618 539 1653 angelos,
554 1625 677 1652 quosque
690 1617 772 1645 etiam
789 1617 962 1651 adjudicium
977 1623 1022 1643 vc-

236 1664 296 1691 nire
310 1671 369 1690 cum
387 1663 540 1690 hominibus
555 1662 733 1694 ostendimus,
749 1665 778 1688 ιιι
788 1661 834 1688 illo
851 1661 941 1688 divino
958 1669 1024 1688 cort-

236 1713 291 1735 stet
313 1707 439 1734 exatnine
461 1712 550 1733 utrum
568 1713 616 1733 sua
632 1705 732 1733 desidia
748 1705 919 1739 peccaverint
936 1705 1025 1732 homi-

237 1761 297 1785 nes,
324 1761 358 1779 an
393 1752 559 1780 monitorum
597 1751 794 1785 custodumque
822 1750 994 1786 negligentia.
1011 1760 1021 1776 ι

238 1798 304 1825 Nam
318 1798 340 1824 si
359 1803 388 1824 ut
402 1801 482 1824 testes
498 1802 612 1828 tantum,
628 1803 680 1822 non
695 1801 724 1823 ut
741 1803 800 1822 reos
811 1800 910 1823 statum
927 1795 959 1822 iri
974 1803 1023 1821 an-

238 1845 312 1880 gelos
330 1844 511 1880 signiﬁcatum
528 1844 654 1871 voluisset
675 1842 815 1878 Origenes,
831 1844 902 1877 quod
913 1847 1022 1869 conten-

237 1891 278 1917 dit
307 1890 434 1922 Thomas,
467 1897 518 1916 non
550 1889 642 1924 utique
671 1889 706 1916 de
740 1895 834 1916 eurum
864 1887 1024 1923 negligentia

238 1937 351 1971 perinde
379 1941 408 1963 ut
433 1936 465 1963 de
488 1936 626 1963 hominum
654 1935 756 1962 desidia
778 1935 956 1968 quazstionem
978 1933 1027 1961 ba-

238 1983 324 2009 bitum
353 1982 386 2009 iri
413 1982 534 2008 dixisset.
562 1980 598 2008 De
624 1980 718 2007 alienis
739 1980 839 2014 quippe
861 1979 1027 2007 facinoribus

239 2028 425 2056 testimonium
441 2027 534 2055 dicunt
545 2031 647 2059 testes;
665 2027 784 2062 ipsorum
799 2033 864 2054 vero
879 2032 960 2053 causa
974 2032 1025 2052 non

238 2074 339 2109 agitur.

276 2119 358 2148 XXII.
377 2119 417 2146 Ex
430 2118 544 2149 duobus.
561 2125 628 2152 quos
642 2118 792 2152 attulimus,
819 2117 890 2144 Petri
909 2121 936 2144 et
949 2116 1027 2144 Judte

239 2165 316 2198 locis,
340 2169 369 2192 et
379 2164 465 2191 altero
477 2164 521 2191 illo
537 2164 652 2191 Maltlnei
669 2164 771 2196 vnt,29
788 2171 795 2190 :
817 2172 826 2188 ‹
843 2163 875 2190 Ει
887 2170 951 2190 ecce
968 2163 1026 2190 cla-

239 2215 382 2238 tnaverunt
405 2210 527 2237 dicentes
544 2218 550 2236 :
566 2210 634 2243 Quid
651 2210 739 2242 nobis,
759 2214 786 2236 et
810 2209 857 2236 tibi
880 2208 956 2241 Jesu,
975 2207 1025 2235 Fili

241 2255 306 2282 Dei?
319 2256 414 2282 venisti
428 2256 480 2282 hue
491 2261 552 2282 ante
567 2260 670 2290 tempus
683 2260 808 2289 torquere
821 2254 889 2288 nos?
905 2263 913 2280 ι
928 2254 953 2280 in
966 2261 1026 2281 eam
1043 2243 1065 2270 Ῑ)

240 2300 380 2334 prolapsus
397 2304 439 2327 est
451 2299 610 2326 sententiam
625 2298 768 2335 Origenes,
789 2298 876 2325 nullas
891 2306 962 2325 nunc
977 2298 1027 2324 dm-

240 2345 365 2371 monibus
390 2344 504 2378 irrogari
525 2352 631 2378 poenas,
658 2351 745 2378 neque
765 2351 846 2379 porro
863 2343 894 2370 iri
921 2343 1026 2378 irroga-

241 2395 309 2422 tum,
326 2390 412 2417 donec
428 2395 551 2417 extremo
566 2390 668 2424 judicio
694 2390 833 2424 suppliciis
856 2389 965 2416 uternis
978 2389 1025 2416 ad-

240 2437 375 2463 dicantur.
402 2435 429 2461 ld
459 2436 584 2470 proponit
606 2436 702 2471 dogma
729 2435 822 2462 Itomil.
838 2434 854 2462 8
878 2434 907 2461 in
928 2433 1026 2467 Επο‹1.,

241 2489 316 2510 num.
336 2481 363 2514 6,
381 2486 408 2508 ct
423 2489 456 2508 ex
473 2480 567 2510 Matth.
585 2489 644 2513 vni,
672 2489 698 2508 v.
720 2480 766 2513 29,
796 2480 949 2513 conﬁrmat,
974 2487 1027 2515 pos-

241 2535 343 2562 nasqnc
371 2528 442 2554 inter
467 2528 606 2555 hominum
626 2531 654 2554 et
673 2527 823 2554 daemonum
848 2527 874 2553 id
897 2526 1027 2553 interesse

241 2574 308 2605 vult,
325 2575 397 2608 quod
409 2574 447 2600 illi
465 2573 636 2607 castigentur
656 2573 682 2599 in
701 2572 752 2600 hoc
765 2573 874 2605 mundo,
890 2581 899 2598 c
916 2576 944 2598 ut
963 2579 1027 2606 pur-

240 2620 358 2654 gatiores
375 2621 408 2646 ad
424 2619 543 2645 futurqu
564 2618 691 2646 sacculum
705 2623 828 2654 pergant,
845 2623 872 2645 et
885 2618 953 2644 ultra
969 2617 1027 2644 dia-

243 2664 303 2690 bolo
319 2664 385 2691 socii
413 2672 466 2692 non
489 2664 640 2691 elliciantur
656 2664 681 2691 in
695 2671 794 2698 poena:
822 2664 848 2690 hi
864 2671 928 2690 vero
942 2670 1028 2697 neque

242 2710 424 2744 cornipiautnr
435 2717 483 2744 pro
499 2715 619 2745 peccato,
635 2717 722 2744 neque
738 2709 923 2745 ﬂagelleutur;
937 2709 1027 2736 omnia

269 2755 291 2771 ⁸⁷
304 2756 313 2781 I
327 2756 390 2782 Cor.
403 2764 440 2788 vr,
454 2756 482 2783 5.
519 2757 541 2773 ³³
556 2757 627 2785 Psal.
647 2765 684 2789 vr,
702 2757 730 2785 Ξ.

245 2800 384 2839 anitni_s_ui
402 2801 575 2839 levitatemet
591 2803 800 2839 inconstantiam
817 2804 947 2836 prodere;
961 2802 1027 2830 nihil

244 2835 316 2861 enim
332 2835 376 2862 hic
392 2836 457 2863 dicit
476 2837 547 2871 quod
563 2837 658 2866 iisdem
682 2838 738 2865 fere
761 2835 849 2866 verbis
869 2846 921 2865 non
939 2843 1026 2866 exstet

1079 1618 1230 1645 beatorum.
1248 1626 1257 1643 ι
1272 1616 1417 1651 Sulijungit
1431 1617 1600 1651 postmodum
1624 1616 1744 1643 Balaami
1758 1615 1841 1642 idcirco

1073 1662 1286 1690 incantamentis
1312 1662 1395 1689 Deum
1426 1661 1622 1694 intercessisse,
1652 1662 1716 1696 quia
1747 1662 1841 1687 alterum

1075 1708 1194 1742 alioquin
1209 1707 1319 1735 evenire
1335 1714 1446 1735 necesse
1459 1713 1529 1740 erat,
1543 1707 1584 1734 vel
1602 1707 1730 1742 populum
1743 1706 1784 1733 Dei
1795 1713 1842 1740 per-

1075 1753 1161 1780 ditum
1181 1753 1252 1785 dari,
1269 1753 1291 1780 si
1309 1753 1475 1780 (immunibus
1490 1760 1505 1780 a
1521 1753 1650 1780 Balaamo
1663 1752 1797 1780 accersitis
1811 1758 1844 1776 ars

1075 1798 1147 1825 bitrii
1171 1798 1213 1825 sui
1240 1798 1361 1825 facultati
1390 1798 1474 1825 libere
1489 1798 1602 1832 obsequi
1621 1798 1761 1830 licuisset;
1783 1796 1817 1823 rel
1827 1796 1842 1822 si

1076 1843 1183 1871 arbitrii
1198 1844 1238 1871 sui
1258 1844 1382 1871 libertate
1397 1844 1529 1872 deminuti
1555 1844 1681 1876 fuissent,
1703 1843 1781 1870 fuisse
1795 1842 1843 1871 hoc.

1078 1897 1088 1914 ι
1104 1889 1248 1916 damnasse
1264 1890 1454 1916 rationabilem
1478 1894 1643 1921 creaturam,
1673 1895 1700 1917 et
1718 1894 1776 1916 ante
1789 1894 1843 1915 tem-

1077 1943 1125 1970 pus
1142 1935 1266 1963 intulisse
1280 1935 1425 1970 judicium,
1449 1940 1477 1962 et
1491 1935 1635 1970 impedisse
1662 1936 1792 1966 omnibus.
1808 1933 1843 1968 qui

1076 1980 1220 2008 adversum
1232 1988 1278 2008 eos
1292 1981 1319 2008 in
1335 1989 1421 2017 agone
1434 1987 1576 2009 certantes
1589 1986 1714 2016 poterant
1727 1980 1843 2008 coronari.

1077 2025 1106 2052 Si
1117 2026 1189 2053 enim
1201 2026 1342 2054 daemoniis
1353 2027 1494 2054 auferatur
1508 2027 1620 2055 libertas
1631 2027 1747 2058 arbitrii.
1761 2025 1843 2052 nullum

1077 2071 1150 2097 ultra
1173 2071 1392 2107 impugnaturum
1408 2073 1527 2101 athletas
1551 2073 1668 2106 Christi;
1687 2072 1756 2100 nullo
1771 2077 1844 2098 autem

1078 2118 1263 2152 impugnante,
1280 2126 1332 2146 nec
1347 2124 1484 2147 certamen
1496 2119 1605 2154 aliquod
1616 2119 1735 2146 futurum
1748 2127 1755 2151 ;
1768 2123 1792 2145 et
1800 2116 1846 2143 sub-

1080 2162 1136 2190 lato
1153 2163 1314 2196 certamine,
1339 2164 1439 2191 llllllllm
1457 2164 1576 2192 futurum
1598 2165 1746 2199 praemium.
1762 2162 1843 2190 nullam

1079 2210 1230 2238 victoriam.
1245 2219 1254 2235 ι
1270 2210 1305 2237 At
1320 2211 1430 2238 hotnilia
1450 2211 1483 2239 I5
1503 2212 1531 2238 in
1548 2210 1608 2239 los.
1631 2219 1706 2238 num.
1720 2212 1746 2241 6,
1767 2214 1844 2236 novum

1079 2255 1146 2290 quid
1162 2262 1195 2282 ac
1215 2257 1388 2284 memorabile
1408 2256 1620 2284 comminiscitur
1634 2267 1639 2283 :
1656 2256 1845 2290 quotiescunque

1079 2301 1151 2328 enitn
1173 2303 1276 2328 daemon
1299 2301 1396 2336 aliquis
1413 2306 1474 2336 post
1491 2307 1599 2337 paratas
1613 2302 1713 2329 homini
1732 2301 1772 2336 pio
1793 2298 1844 2326 insi-

1080 2346 1150 2378 dias,
1164 2347 1250 2373 victus
1264 2351 1307 2373 est
1318 2347 1352 2374 ab
1368 2354 1412 2379 eo,
1427 2354 1514 2381 pugna
1531 2347 1703 2374 excedentem
1716 2350 1802 2373 castus
1812 2350 1845 2368 ar-

1080 2396 1187 2426 temque
1203 2398 1344 2426 reponcre,
1354 2396 1382 2419 et
1391 2393 1460 2427 apud
1474 2392 1585 2425 inferos,
1598 2392 1640 2419 vel
1653 2392 1805 2419 destinatum
1817 2388 1845 2414 si-

1079 2436 1105 2464 bi
1117 2437 1204 2464 locum
1220 2437 1362 2465 abeuntem
1375 2444 1427 2464 non
1442 2438 1557 2473 amplius
1570 2437 1722 2464 hominibus
1732 2435 1762 2462 ad
1773 2432 1845 2467 nequi-

1080 2481 1143 2508 tiam
1157 2481 1333 2510 sollicitandis
1351 2490 1460 2516 operam
1481 2490 1556 2510 suam
1574 2483 1717 2510 conferre:
1733 2481 1788 2507 hinc
1804 2478 1843 2504 im-

1081 2526 1185 2554 minuto
1192 2527 1345 2554 daemonum
1356 2531 1519 2555 tentatorum
1535 2535 1647 2555 numero
1661 2526 1788 2554 faciliores
1798 2527 1844 2549 esse

1081 2572 1114 2599 ad
1138 2572 1238 2600 Christi
1265 2573 1344 2600 [idem
1368 2573 1468 2605 aditus,
1496 2573 1640 2608 pluresque
1657 2572 1689 2600 ad
1708 2573 1781 2598 Deum
1793 2575 1844 2595 ωυ-

1081 2618 1159 2652 verti,
1189 2626 1268 2653 quant
1293 2627 1353 2646 cum
1382 2619 1493 2653 integris
1514 2620 1599 2653 copiis
1614 2618 1708 2646 nefarii
1723 2616 1757 2644 illi
1773 2616 1843 2642 hostes

1081 2664 1271 2697 decertabant;
1290 2666 1315 2693 id
1328 2665 1400 2700 quod
1416 2665 1616 2700 Stripturarum
1633 2665 1736 2692 demum
1748 2659 1842 2689 auelori-

1082 2713 1137 2736 tate
1152 2716 1265 2738 conatur
1279 2712 1405 2746 probare.
1433 2711 1500 2739 Cum
1520 2712 1558 2739 ait
1580 2717 1670 2739 autem
1692 2705 1842 2737 Adamantius

1083 2803 1192 2830 homilia
1205 2803 1241 2830 ῆι
1252 2803 1280 2830 in
1297 2802 1322 2829 Ν
1326 2812 1439 2835 umeros,
1453 2803 1531 2839 cujus
1543 2804 1633 2832 locum
1648 2802 1724 2839 paqu
1736 2798 1798 2828 infra
1807 2793 1841 2821 ιδ’

1081 2839 1156 2866 ducit
1174 2839 1344 2867 clarissimus
1358 2839 1468 2874 praesul.
