1904 3077
255 171 285 186 ιο

235 219 371 255 Evangelii
386 217 543 252 scriptorem
557 223 565 242 :
581 214 645 241 Fuit
664 214 751 240 homo.
770 213 927 249 Anonymus
952 211 1022 246 apud

234 267 358 294 Photium
375 263 435 292 cod.
448 270 520 290 csvn
532 260 641 296 Origeni
664 260 798 293 obiectum
815 258 906 290 refert,
923 257 1024 284 dixisse

235 314 319 344 illum,
333 312 373 338 ὅτι
389 311 421 336 ὲκ
440 307 642 338 καταπτώσεως
650 304 731 342 ἦλθον
747 306 771 332 οἰ
788 305 860 339 ἅγιοι
875 305 914 335 εἰς
926 304 971 330 τὸν
982 303 1026 330 κό-

235 367 313 394 σμον,
332 357 389 384 ἀλλ’
406 356 436 382 οὺ
451 355 484 382 δι’
499 354 600 390 ἑτέρων
617 352 776 388 Θεραπείαν.
803 351 855 377 Pro
868 350 945 385 ἅγιοι
962 349 1026 384 legit

234 406 357 431 Andreas
381 401 521 433 Sehottus,
552 400 628 434 ἅγιοι
652 398 791 433 ἄγγελον
823 397 902 424 vertit
928 396 1023 423 enim:

237 461 247 477 ι
265 452 380 478 Sanetus
405 447 514 482 angelos
545 446 669 480 delapsos
697 444 724 470 in
750 442 879 470 tnundum
907 441 1024 473 venisse,

235 503 287 523 non
304 495 336 521 ad
351 494 463 521 aliorum
477 491 648 524 obsequium.
666 499 675 516 ›
692 489 805 522 Quoquo
819 488 896 515 modo
909 486 1024 521 legatur,

235 544 349 575 apparet
365 538 512 566 calumnia.
529 538 562 563 At
577 535 759 570 Hieronymus
770 534 887 568 priorem
900 532 1025 566 Origenis

234 587 323 614 locum
340 594 355 613 e
373 590 437 612 lout.
458 591 475 610 tt
497 583 524 610 in
541 582 620 609 Joan.
640 581 725 615 tangit
745 580 772 606 in
786 579 895 613 Agga’it
914 586 920 604 :
938 587 947 602 ι
963 577 1026 609 Qui-

236 633 299 660 dattt
313 635 418 666 putant,
434 629 531 662 inquit,
550 633 575 654 et
588 626 717 653 Joannem
732 625 893 659 Baptistam.
906 630 933 650 et
946 624 1026 650 Mala-

236 677 338 710 chiatn,
349 676 394 710 qui
408 676 602 709 iuterpretatnr
610 671 717 706 angelus
733 670 848 702 Domini,
862 674 888 695 et
901 670 1025 703 Agga-um

236 731 316 759 quem
334 730 404 749 ttuttc
416 721 546 748 habemus
567 719 594 745 itt
611 718 746 747 manibus.
761 717 844 743 fuisse
859 715 980 750 angelos,
1000 720 1028 742 et

237 771 272 797 ob
283 767 509 803 dispensationem
523 768 549 791 et
559 763 706 798 iussionem
720 761 765 789 Dei
782 760 963 795 assumpsisse
978 759 1027 785 htt-

239 823 317 843 tnana
338 820 463 848 corpora,
487 815 511 838 el
531 811 601 837 inter
618 809 740 836 homines
762 811 948 834 couversatos.
974 804 1029 832 Nec

239 863 337 889 tuirutu
357 860 407 886 hoc
420 858 453 886 de
470 856 573 892 angelis
584 855 668 885 credi,
693 861 754 881 cum
772 860 820 887 pro
833 851 919 879 salute
935 855 1027 877 nostra

239 909 319 935 etiatu
335 906 418 933 Filius
435 904 483 930 Dei
508 904 653 930 hutnattunt
670 906 768 934 corpus
793 897 981 932 assuutpserit.
999 896 1030 922 Et

240 955 274 982 ob
289 954 359 980 hanc
371 958 481 978 causam
496 949 576 976 etiam
593 948 626 974 de
640 945 802 981 apocryphis
815 944 938 979 pra-bent
955 942 1030 969 testi-

240 998 373 1030 monium,
391 996 436 1023 tibi
451 995 551 1022 dicitur
562 994 633 1028 qttod
650 991 735 1019 Jztcoh
749 990 794 1024 qui
811 993 902 1023 postea
919 992 1030 1015 vocatus

241 1051 283 1072 est
297 1042 389 1073 Israel.
404 1041 516 1076 angelus
529 1039 621 1070 fuerit,
641 1043 668 1065 et
685 1042 827 1072 propterea
841 1034 1030 1068 supplautave-

242 1091 279 1118 rit
296 1090 407 1116 fratrem
424 1088 450 1114 itt
467 1090 562 1114 ventre
579 1084 673 1112 matris
686 1090 755 1115 suae;
776 1081 906 1108 Joannem
924 1086 1032 1115 quoque

243 1137 276 1164 ad
292 1143 383 1162 vocettt
398 1133 488 1160 Maria:
504 1131 598 1158 matris
616 1129 720 1156 Domini
743 1127 895 1155 exsultasse
913 1126 939 1152 itt
957 1129 1032 1152 utero

245 1181 404 1211 Elizabeth;
420 1184 448 1206 et
464 1178 585 1205 omnium
599 1173 799 1203 rationabilium
812 1180 893 1199 ttnatu
908 1178 968 1198 esse
982 1178 1031 1197 tta-

243 1234 344 1260 turatn,
359 1231 387 1252 et
401 1224 436 1251 ob
455 1224 524 1250 hanc
540 1228 650 1248 causam
677 1219 799 1246 homines
815 1217 859 1251 qui
875 1217 1034 1250 placuerunt

244 1274 311 1306 Deo,
327 1271 446 1306 aequales
463 1268 567 1302 angelis
583 1268 651 1294 fleri.
672 1265 727 1292 lloc
751 1265 786 1291 illi
803 1263 930 1291 sentiant.
949 1262 1034 1289 Calle-

246 1327 305 1346 runt
325 1326 373 1344 ttos
388 1316 508 1343 nttulitnu
523 1313 638 1345 Domini,
661 1312 687 1338 id
704 1315 745 1337 est
758 1310 892 1344 angelum,
917 1307 961 1342 qui
983 1306 1034 1333 lle-

246 1365 338 1393 braice
352 1363 451 1390 dicitur
461 1353 556 1402 jahn,
573 1357 734 1392 simpliciter
750 1356 906 1391 prophetam
932 1353 1034 1380 dictum

247 1410 429 1444 recipiamus;
450 1397 484 1433 ab
497 1414 528 1433 eo
542 1405 612 1439 quod
633 1402 737 1430 Domini
757 1401 923 1427 voluntatem
937 1397 1035 1433 populo

248 1453 422 1482 nuntiaverit.
441 1461 450 1478 ι
478 1451 524 1478 Sic
540 1455 568 1477 et
581 1447 713 1484 prooemio
730 1444 983 1473 Commentariorum
1007 1443 1036 1468 in

248 1500 410 1528 Malae/tiam
428 1507 436 1524 :
453 1506 464 1523 ‹
480 1497 536 1524 Nec
554 1495 702 1531 putaudunt
718 1492 843 1526 estjuxta
858 1488 1035 1524 quorumdam

248 1546 415 1581 opinionem,
429 1541 552 1578 angelum
565 1539 671 1567 venisse
686 1538 717 1566 de
726 1537 806 1569 cmlo,
818 1541 845 1563 et
857 1533 1038 1568 assumpsisse

250 1600 350 1627 corptts
378 1591 524 1618 humanutn
551 1591 581 1614 ut
602 1585 693 1613 lsraeli
718 1590 778 1618 quae
802 1590 817 1609 :t
840 1581 954 1608 Doruino
974 1583 1038 1606 sunt

250 1639 380 1665 mandata
408 1635 573 1669 loqueretur.
593 1641 602 1658 ι
630 1630 662 1657 Et
683 1629 762 1664 patilo
778 1633 838 1662 post
855 1627 950 1661 dogma
973 1624 1039 1652 illud

250 1682 359 1718 Origeni
376 1680 534 1708 nominatim
553 1676 667 1704 ascribit
685 1687 690 1703 :
711 1684 720 1700 ι
743 1673 869 1708 Scripsit,
895 1671 996 1706 inquit.
1013 1671 1040 1697 in

251 1716 322 1757 hunc
335 1728 433 1755 lihrunt
447 1724 576 1759 Origenes
590 1722 642 1749 tria
659 1719 809 1751 volumina;
836 1717 882 1745 sed
898 1716 1039 1744 historiam

252 1774 366 1802 omnino
380 1779 431 1799 non
448 1770 546 1804 tetigit,
564 1772 592 1795 et
609 1773 684 1794 more
700 1772 748 1793 suo
763 1769 834 1791 totus
858 1763 884 1789 in
907 1761 1042 1796 allegoria:

253 1817 475 1854 interpretatione
494 1818 617 1842 versatus
630 1817 681 1844 est,
707 1810 808 1838 nullam
826 1809 917 1836 Esdrae
941 1807 1042 1833 faciens

254 1852 430 1896 mentionem,
442 1862 489 1890 sed
501 1859 624 1894 angelum
641 1861 739 1893 putans
757 1855 841 1882 fuisse
860 1854 906 1889 qui
925 1852 1042 1887 scripsit,

253 1912 400 1940 secundum
418 1909 484 1936 illud
509 1907 579 1943 qttod
597 1906 629 1933 de
643 1904 746 1932 Joanne
758 1902 872 1937 legimus
887 1908 895 1927 :
916 1898 984 1925 Ecce
997 1906 1043 1932 ego

253 1960 329 1987 mitto
349 1956 470 1992 angelum
488 1961 574 1980 meum
587 1957 647 1978 ante
659 1950 753 1984 [aciem
771 1946 885 1974 tuam".
901 1945 978 1978 Quod
995 1951 1045 1971 nos

253 2005 365 2033 omnino
389 2010 442 2030 tton
458 2000 615 2034 recipimus,
637 2004 672 2024 ne
686 1995 838 2022 animarum
860 1992 893 2019 de
904 1991 973 2018 male
991 1991 1046 2017 rui-

255 2059 317 2080 nattt
332 2049 471 2084 suscipere
486 2043 691 2079 eompellamur.
709 2050 718 2067 ι
733 2040 806 2067 Idem
820 2039 846 2065 itt
857 2037 970 2072 epistola
983 2035 1046 2076 126,

253 2106 315 2133 quin
329 2101 371 2124 est
386 2081 419 2122 ad
432 2092 576 2128 Evagriqu
595 2101 601 2117 ι
619 2098 628 2115 ι
643 2087 671 2115 ιιι
684 2087 772 2114 fronte
788 2085 935 2114 Geneseos,
951 2082 978 2108 in
991 2081 1048 2116 pri-

252 2126 300 2172 ma
317 2126 625 2171 homiliarumVOrigenis
636 2134 724 2168 reperi
739 2131 871 2166 scripturn
885 2129 917 2156 de
934 2126 1048 2154 Melchi-

256 2190 375 2221 sedech;
392 2188 419 2214 in
442 2193 494 2220 qtta
514 2181 654 2217 multiplici
672 2184 797 2206 sermone
815 2176 971 2210 disputans,
987 2173 1050 2200 illuc

257 2235 399 2264 devolutus
417 2238 470 2264 est,
483 2236 515 2258 ut
529 2237 590 2257 euttt
611 2226 737 2263 angelum
762 2224 878 2255 diceret,
899 2220 1050 2253 iisdemque

259 2289 327 2316 perte
351 2278 527 2314 argumentis,
551 2274 649 2310 quibus
668 2272 786 2306 scriptor
810 2274 872 2296 tuus
892 2268 925 2294 de
948 2265 1050 2300 Spiritu

259 2333 366 2358 sancto,
384 2312 444 2352 —ille
471 2324 504 2350 de
531 2320 656 2357 supernis
683 2317 831 2344 virtutibus
862 2318 904 2341 est
933 2312 1049 2339 locutus.

260 2372 384 2402 'l‘ransivi
410 2371 443 2398 ad
458 2369 601 2404 Didytuum
619 2369 780 2392 sectatorem
803 2361 872 2395 ejus,
889 2364 918 2386 et
938 2357 991 2385 vidi
1008 2358 1053 2383 lto-

261 2421 361 2449 minem
375 2417 491 2454 pedibus
503 2403 529 2442 in
543 2411 664 2447 magistri
680 2411 734 2437 isse
747 2406 920 2436 sententiam.
936 2413 946 2430 ›
960 2403 1053 2436 Longe

260 2475 326 2503 ergo
348 2450 385 2493 ali
400 2465 451 2492 hoc
469 2468 563 2489 errore
579 2458 666 2486 abfuit
684 2455 876 2488 lliemnymus,
900 2451 943 2478 cui
964 2450 1051 2483 ipsum

262 2495 352 2542 tamen
367 2512 393 2539 itt
410 2509 555 2538 Comment.
570 2506 604 2532 ad
623 2503 718 2538 psalnt.
734 2506 803 2527 xxttt
821 2498 920 2524 favisse
934 2495 1052 2529 suspica-

263 2567 307 2588 tur
326 2557 528 2587 Gencbrardus.
553 2551 629 2586 Quod
653 2554 726 2576 certe
745 2547 781 2574 ita
801 2553 853 2572 non
874 2550 934 2571 esse
957 2542 1053 2575 depre-

263 2605 372 2636 hendet,
396 2600 519 2637 quisquis
535 2602 618 2625 totatn
638 2592 735 2629 psalmi
755 2590 835 2625 huius
851 2586 1052 2615 enarrationem

262 2651 380 2680 curiosis
396 2632 484 2676 oculis
496 2640 711 2679 perlustravcrit.
732 2637 896 2670 Hieronymo
912 2632 938 2659 id
949 2638 1055 2665 quoque

263 2695 438 2732 exprobravit
450 2693 563 2720 llulinus
577 2689 676 2716 Invect.
691 2693 711 2717 t,
730 2684 772 2711 his
783 2684 935 2710 commotus
953 2684 1012 2712 quae
1026 2677 1053 2702 in

798 2727 813 2732 .-
922 2729 926 2732 ,
965 2723 980 2728 ..
1000 2722 1033 2732 σῃ
1046 2721 1052 2732 ,

267 2721 397 2777 Eprh‘e—I‘at,
408 2741 435 2774 4,
447 2738 577 2772 scriptum
593 2734 694 2762 habent
709 2730 779 2758 illitts
793 2723 990 2777 Coutmentatii.
1000 2721 1053 2772 .Sed

267 2767 374 2824 culpam
389 2767 460 2814 lianc
481 2792 496 2811 a
513 2790 542 2811 se
557 2782 717 2816 deprecatur
732 2773 839 2810 Apotog.
852 2779 861 2798 ι
876 2771 935 2797 adv.
951 2767 1051 2802 Ru/in.,

268 2842 328 2870 cap.
343 2833 360 2859 5
372 2836 400 2858 et
414 2831 441 2858 6.

304 2894 325 2909 "
344 2889 453 2918 Malaclt.
469 2895 509 2921 ιιι,
527 2887 539 2912 ι
554 2894 562 2914 ;
582 2883 677 2910 Matth.
693 2889 730 2912 ιι,
744 2879 785 2906 l0.
825 2876 847 2893 ‘°
865 2876 940 2902 Deut.
959 2877 1044 2902 xxxtt,

867 153 897 179 Ι).
919 150 1078 178 DANlELlS
1101 151 1144 178 llU
1151 150 1216 177 ETll

1817 141 1866 169 876

1037 216 1060 244 Α
1111 210 1245 237 Caeterum
1267 207 1401 235 imnterito
1416 207 1506 241 culpat
1528 204 1677 239 Origenem
1702 201 1804 228 Sixlus
1819 200 1866 228 Se-

1075 258 1178 287 nensis.
1195 256 1266 292 quod
1283 255 1377 283 homil.
1409 254 1445 281 25
1466 254 1491 280 in
1512 252 1577 279 Luc.
1604 253 1714 285 septem
1730 247 1867 275 Ecclesia-

1075 312 1134 331 rum
1155 303 1307 338 episcopos,
1321 308 1389 336 quos
1404 299 1523 327 Joannes
1539 298 1565 325 in
1580 295 1750 332 Apocalypsi
1767 294 1868 321 ratione

1074 349 1153 378 ollicii
1177 349 1285 384 angelos
1313 346 1451 383 appellat,
1469 353 1533 372 vere
1555 343 1642 371 fuisse
1664 340 1785 376 angelos
1799 360 1808 374 ,
1827 346 1869 367 ve-

1076 404 1190 431 ramque
1209 395 1374 431 angelorum
1384 398 1509 420 naturam
1528 389 1658 418 habuisse
1673 387 1803 418 dixerit;
1824 393 1869 413 nec

1076 430 1172 471 harum
1187 430 1260 470 enim
1276 439 1459 468 Ecclesiarum
1475 437 1617 472 episcopos
1640 434 1697 461 illic
1711 431 1822 467 putavit
1836 430 1870 457 si-

1076 489 1197 524 gniﬁcari
1208 508 1215 521 ,
1233 487 1280 515 sed
1293 493 1386 514 earum
1410 479 1776 520 gubernationi-pnnfectos
1791 483 1870 511 ange-

1076 535 1126 562 los.

1112 580 1215 608 XXVI.-
1232 580 1270 607 De
1293 578 1397 614 angelis
1421 575 1582 604 tutelaribus
1604 573 1749 609 paradoxa
1770 576 1873 605 quoque

1078 628 1160 655 inulta
1170 628 1262 656 habet,
1272 633 1386 660 qttoruttt
1398 622 1548 651 omittenda
1564 621 1642 648 nobis
1653 627 1711 646 non
1722 623 1768 645 est
1777 617 1873 651 disqui-

1077 674 1147 700 sitio.
1163 673 1190 700 In
1202 673 1307 699 cantico
1320 671 1400 698 Mosis
1413 675 1502 697 exstat
1515 677 1620 697 comnta
1633 667 1703 694 illud
1713 676 1721 692 :
1736 675 1746 691 ‹
1764 665 1873 699 Quando

1078 720 1215 748 dividebat
1230 720 1386 746 Altissimus
1400 722 1506 752 gentes,
1519 715 1628 751 quando
1645 713 1802 748 svparabat
1813 711 1874 737 ﬁlios

1078 767 1175 799 Adam,
1195 765 1336 792 constituit
1351 764 1482 791 terminos
1499 761 1660 797 populorum
1678 759 1766 794 juxta
1784 764 1873 783 nume-

1079 821 1138 840 rum
1151 813 1266 839 liliorum
1278 811 1371 838 Israel.
1380 810 1445 837 Pars
1453 814 1541 836 autem
1552 807 1671 838 Domini,
1680 804 1805 839 populus
1813 802 1872 836 ejus:

1079 858 1163 886 Jaeob
1176 857 1313 884 funiculus
1334 855 1503 883 litereditatis
1521 854 1578 889 ejus
1596 853 1630 879 ⁸ο.
1652 862 1662 878 ι
1678 851 1747 878 “me
1761 847 1874 877 "ebriis

1080 909 1246 937 consonant;
1262 909 1289 930 at
1300 910 1333 930 ex
1349 901 1475 930 lectionis
1489 901 1630 931 varietate,
1650 905 1739 932 qttant
1751 896 1808 922 alio
1825 895 1874 921 loco

1080 952 1269 986 expendimus,
1278 947 1599 981 verteruntSeptuagiuta
1607 946 1782 977 [interpretes
1792 953 1797 969 :
1806 942 1874 968 Κατὰ

1081 996 1197 1033 ἀριθμὸν
1208 996 1332 1030 ἀγγέλων
1345 994 1422 1021 Θεοῦ.
1440 993 1494 1020 llos
1516 1000 1578 1020 etim
1598 990 1663 1018 alibi
1681 988 1792 1024 passim
1806 1008 1814 1019 ,
1828 992 1874 1012 tum

1081 1045 1246 1072 hiesecutus
1260 1048 1302 1070 est
1315 1042 1457 1076 Origenes,
1471 1046 1553 1072 atque
1569 1038 1630 1065 inde
1649 1036 1703 1064 sibi
1720 1035 1806 1062 tinxit
1822 1039 1874 1060 lllttC

1082 1091 1199 1125 primutn
1212 1089 1339 1123 gentibus
1351 1107 1358 1119 ,
1374 1095 1435 1113 t'lllll
1451 1087 1476 1112 in
1497 1086 1587 1112 varias
1612 1084 1725 1118 linguas
1739 1080 1876 1114 variosque

1083 1136 1195 1171 populos
1212 1136 1245 1162 ad
1262 1135 1360 1161 turrim
1375 1133 1455 1160 Babel
1470 1132 1606 1166 dissipata:
1625 1134 1704 1161 sunt,
1723 1128 1876 1162 assignatas

1083 1183 1168 1210 fuisse
1192 1181 1325 1216 angelos,
1348 1184 1378 1206 ut
1393 1186 1486 1206 curam
1511 1185 1605 1205 earum
1622 1181 1772 1211 pastorum
1800 1174 1876 1200 instar

1084 1233 1224 1262 gererent,
1242 1233 1269 1254 et
1282 1226 1416 1261 primitias
1429 1232 1462 1252 ex
1482 1225 1515 1252 iis
1533 1224 1586 1251 Deo
1598 1222 1747 1254 offerrent,
1762 1220 1877 1248 homines

1088 1275 1218 1302 nimirum
1231 1274 1276 1308 qui
1289 1272 1396 1300 meritis
1405 1271 1589 1306 prmeellerent
1602 1274 1629 1296 ct
1644 1269 1763 1297 virtute,
1778 1273 1877 1293 eorum-

1086 1331 1118 1350 ve
1143 1323 1201 1356 pias
1215 1321 1415 1356 cogitationes;
1434 1324 1459 1346 et
1477 1324 1505 1345 ut
1526 1316 1682 1345 [nominibus
1697 1314 1753 1342 sibi
1767 1313 1878 1340 destina—

1087 1370 1121 1396 tis
1135 1369 1168 1396 ad
1186 1366 1396 1403 comparandam
1416 1366 1532 1393 salutem
1553 1363 1655 1390 auxilio
1678 1365 1779 1388 essent
1803 1368 1810 1385 :
1832 1365 1876 1392 quo

1086 1415 1205 1450 graviori
1230 1419 1321 1441 autem
1343 1413 1446 1440 scelere
1468 1419 1528 1438 sese
1547 1411 1572 1436 iu
1590 1407 1734 1436 cotutuuni
1751 1406 1807 1433 hac
1823 1412 1876 1439 per-

1087 1461 1223 1490 duellione
1246 1467 1414 1494 unaquteque
1431 1466 1498 1493 gens
1513 1457 1651 1491 alligasset
1667 1474 1675 1486 ,
1699 1460 1735 1479 eo
1765 1450 1878 1478 durioris

1088 1509 1194 1544 angeli,
1220 1515 1307 1543 pinna:
1328 1513 1432 1538 causa,
1458 1503 1571 1539 imperio
1599 1501 1683 1528 fuisse
1713 1497 1878 1531 subiectam;

1051 1567 1072 1596 ο
1091 1556 1174 1583 Deum
1201 1561 1290 1582 autem
1307 1553 1394 1588 ipsnnt
1419 1551 1566 1586 regendam
1593 1545 1754 1580 suscepisse
1781 1548 1879 1578 gentem

1091 1604 1160 1630 hanc
1177 1609 1236 1636 qua:
1251 1600 1389 1634 antiquam
1407 1596 1540 1632 loquelam
1559 1593 1691 1624 retinuit;
1716 1591 1768 1618 sed
1794 1590 1830 1616 ita
1845 1593 1879 1613 ta-

1091 1657 1152 1677 men
1170 1653 1199 1675 ut
1216 1648 1238 1675 si
1262 1647 1351 1673 minus
1366 1645 1390 1672 ei
1410 1644 1483 1670 dicto
1509 1641 1662 1668 audientem
1679 1644 1711 1664 se
1729 1637 1879 1671 preberet,

1091 1696 1125 1723 ad
1150 1694 1307 1730 angelorum
1332 1689 1522 1726 prchecturam
1545 1686 1696 1716 transiret;
1723 1688 1812 1716 atque
1829 1680 1881 1706 alia:

1092 1741 1184 1768 itidem
1209 1742 1305 1774 gentes
1329 1736 1497 1771 asperiorum
1515 1732 1672 1768 angelorum
1691 1729 1882 1763 experirentur

1093 1788 1207 1822 imperia
1222 1806 1230 1817 ,
1247 1785 1268 1811 si
1284 1783 1418 1811 leniorum
1430 1781 1505 1816 iussa
1520 1780 1739 1809 detrectassent;
1758 1773 1883 1802 molliori-

1092 1834 1144 1861 bus
1157 1831 1264 1860 interitn
1279 1828 1396 1856 dominis
1408 1847 1416 1859 ,
1433 1826 1466 1853 ad
1483 1824 1655 1853 sarciendam
1670 1821 1882 1849 commissorum

1094 1878 1146 1906 sibi
1162 1877 1302 1905 hominum
1316 1875 1462 1908 iacturam,
1484 1871 1551 1898 alios
1566 1869 1714 1897 szeviorum
1731 1866 1882 1901 principum

1096 1925 1210 1959 imperio
1224 1919 1461 1951 subtraheutibus,
1478 1923 1506 1945 et
1520 1916 1554 1944 ad
1568 1923 1629 1943 sese
1639 1912 1883 1941 convertenlibus;

1096 1973 1160 1999 hinc
1176 1967 1357 1997 exltatredatis
1370 1964 1499 1992 lsraelitis
1517 1963 1618 1990 ascitas
1639 1968 1654 1987 a
1666 1959 1784 1987 Christo
1796 1961 1884 1992 gentes

1097 2020 1200 2050 fuisse;
1215 2014 1326 2050 angelos
1341 2019 1450 2047 quoque
1462 2018 1511 2045 pro
1535 2008 1694 2036 meritorum
1713 2011 1828 2032 suorum
1846 2010 1885 2029 ra-

1099 2067 1171 2094 tione
1186 2064 1280 2091 harutn
1296 2061 1438 2088 illarumve
1453 2056 1573 2092 getttium
1588 2053 1710 2088 regimen
1729 2050 1816 2077 fuisse
1829 2055 1886 2076 sor-

1099 2114 1174 2144 titos,
1186 2111 1304 2143 deosque
1319 2104 1460 2140 appellari,
1481 2101 1553 2137 quod
1571 2108 1586 2128 a
1608 2099 1664 2126 Deo
1683 2097 1741 2125 dati
1757 2097 1825 2129 sint,
1841 2095 1885 2122 doc

1100 2160 1188 2187 minos
1200 2157 1272 2192 quod
1294 2163 1308 2182 a
1330 2153 1444 2181 Doutino
1460 2153 1619 2186 potestatem
1639 2144 1823 2179 acceperint:
1841 2150 1886 2177 μι-

1100 2207 1244 2242 ταιώματα
1264 2205 1322 2231 haec
1346 2200 1436 2236 prodit
1450 2198 1582 2232 Origenes
1604 2203 1656 2221 nou
1678 2200 1734 2220 uno
1749 2192 1824 2218 loco.
1842 2189 1882 2216 Υἱ-

1102 2234 1198 2283 deattlr
1229 2249 1322 2278 homil.
1337 2234 1370 2275 1-6
1393 2248 1421 2273 in
1435 2244 1543 2274 Cenem,
1559 2249 1633 2268 num.
1649 2239 1668 2265 Ξ
1680 2259 1688 2272 ,
1706 2242 1732 2265 et
1749 2235 1846 2264 homil.
1860 2234 1884 2261 ll

1102 2303 1128 2328 in
1143 2300 1237 2329 Nnm.,
1254 2304 1329 2323 num.
1344 2295 1371 2326 4,
1391 2294 1417 2320 itt
1435 2298 1487 2326 qua
1502 2296 1583 2323 supra
1596 2283 1821 2313 commemoratis
1836 2283 1886 2308 bare

1102 2346 1235 2381 adjungit,
1247 2343 1314 2370 alios
1330 2346 1437 2375 quoqtte
1453 2337 1567 2364 fortasse
1579 2333 1754 2361 extrinsecus
1770 2337 1834 2356 esse
1850 2337 1887 2354 at»

1102 2393 1197 2427 gelos,
1216 2390 1264 2426 qui
1289 2396 1322 2416 ex
1348 2384 1483 2414 universis
1506 2380 1632 2417 gentibus
1657 2377 1754 2405 ﬁdeles
1771 2380 1887 2410 quosque

1103 2441 1267 2473 congregem
1279 2455 1286 2468 ,
1307 2439 1410 2468 eosque
1421 2430 1572 2466 guliernent
1584 2446 1592 2458 ,
1608 2432 1670 2452 cutn
1688 2431 1703 2450 a
1715 2422 1829 2449 Christo
1844 2419 1886 2454 ipsi

1104 2487 1299 2520 guberucntnr,
1311 2480 1357 2515 qui
1372 2487 1381 2504 ‹
1399 2485 1452 2504 non
1466 2481 1519 2503 lam
1543 2480 1591 2500 rex
1603 2472 1721 2500 dicatur,
1736 2476 1818 2503 quam
1836 2467 1886 2493 Ret

1104 2511 1118 2520 υ
1141 2511 1170 2513 -κ
1294 2511 1297 2513 .
1321 2511 1327 2515 .

1104 2538 1213 2566 regum;
1229 2535 1321 2556 etnon
1335 2532 1389 2552 tant
1408 2522 1547 2553 Dotniutts,
1566 2524 1647 2552 quatn
1663 2515 1799 2542 Dominus
1809 2511 1887 2539 domi-

1106 2577 1243 2608 nantium;
1262 2583 1271 2599 ι
1288 2572 1418 2606 additque
1430 2567 1509 2603 paulo
1522 2565 1636 2593 inferius
1649 2567 1781 2596 magnam
1791 2558 1886 2587 sollici-

1107 2622 1226 2649 tudinem
1243 2618 1353 2654 augelos
1370 2615 1499 2643 adhibere
1521 2612 1554 2639 iis
1569 2607 1741 2638 excolendis,
1757 2613 1824 2640 quos
1839 2609 1887 2631 stu-

1107 2669 1151 2697 dio
1166 2675 1215 2695 suo
1241 2651 1426 2698 ac-diligentia
1449 2661 1482 2687 ab
1502 2657 1640 2686 erroribus
1655 2654 1689 2680 ad
1705 2653 1789 2680 fidem
1804 2651 1887 2678 trada-

1108 2714 1207 2742 xerint.
1227 2711 1280 2739 Sed
1295 2716 1322 2738 et
1343 2707 1480 2737 homiliatn
1497 2705 1532 2732 ‘25
1544 2704 1570 2730 in
1581 2702 1674 2732 λοιπε,
1690 2706 1767 2726 num.
1781 2698 1809 2730 5,
1826 2694 1885 2723 adiri

1105 2761 1196 2795 iubeo,
1215 2764 1243 2787 et
1254 2756 1443 2785 duodecimam
1462 2753 1489 2779 in
1505 2750 1613 2781 Lucam,
1635 2748 1661 2774 in
1684 2753 1738 2780 qua
1755 2744 1884 2771 nationum

1108 2806 1236 2842 praesides
1249 2803 1358 2840 angelos
1371 2801 1421 2829 sub
1435 2797 1561 2834 imposito
1573 2789 1723 2823 sibi‘onere
1737 2790 1884 2818 fatiscentes

1065 2868 1093 2900 8,
1111 2867 1137 2894 9.
