  <div class='ocr_page' id='page_1' title='image "/cluster/home/n/w/nwhite01/storage/ocr_20150623/17/njp.32101010944583/612.png"; bbox 0 0 1904 3077; ppageno 0'>
   <div class='ocr_carea' id='block_1_1' title="bbox 86 119 137 145">
    <p class='ocr_par' dir='ltr' id='par_1_1' title="bbox 86 119 137 145">
     <span class='ocr_line' id='line_1_1' title="bbox 86 119 137 145; baseline 0.02 -1"><span class='ocrx_word' id='word_1_1' title='bbox 86 119 137 145; x_wconf 78' lang='lat'><strong>877</strong></span> 
     </span>
    </p>
   </div>
   <div class='ocr_carea' id='block_1_2' title="bbox 85 223 869 264">
    <p class='ocr_par' dir='ltr' id='par_1_2' title="bbox 85 223 869 264">
     <span class='ocr_line' id='line_1_2' title="bbox 85 223 869 264; baseline 0.01 -15"><span class='ocrx_word' id='word_1_2' title='bbox 85 223 168 250; x_wconf 82' lang='lat' dir='ltr'><strong>fuisse</strong></span> <span class='ocrx_word' id='word_1_3' title='bbox 191 225 348 252; x_wconf 73' lang='lat' dir='ltr'><strong>sublevatos</strong></span> <span class='ocrx_word' id='word_1_4' title='bbox 369 226 485 254; x_wconf 80' lang='lat' dir='ltr'><strong>allia-mat</strong></span> <span class='ocrx_word' id='word_1_5' title='bbox 502 236 508 254; x_wconf 89' lang='lat'><strong>:</strong></span> <span class='ocrx_word' id='word_1_6' title='bbox 524 235 556 255; x_wconf 91' lang='lat' dir='ltr'><strong>ac</strong></span> <span class='ocrx_word' id='word_1_7' title='bbox 579 228 676 256; x_wconf 83' lang='lat' dir='ltr'><strong>liba-mn</strong></span> <span class='ocrx_word' id='word_1_8' title='bbox 695 238 701 256; x_wconf 92' lang='grc' dir='ltr'><strong>ι</strong></span> <span class='ocrx_word' id='word_1_9' title='bbox 723 230 792 264; x_wconf 74' lang='grc' dir='ltr'><em>Περὶ</em></span> <span class='ocrx_word' id='word_1_10' title='bbox 817 231 869 264; x_wconf 79' lang='grc' dir='ltr'><strong>ἀρ-</strong></span> 
     </span>
    </p>
   </div>
   <div class='ocr_carea' id='block_1_3' title="bbox 83 269 868 309">
    <p class='ocr_par' dir='ltr' id='par_1_3' title="bbox 83 269 868 309">
     <span class='ocr_line' id='line_1_3' title="bbox 83 269 868 309; baseline 0.009 -13"><span class='ocrx_word' id='word_1_11' title='bbox 83 269 154 305; x_wconf 79' lang='grc' dir='ltr'><strong>χῶν,</strong></span> <span class='ocrx_word' id='word_1_12' title='bbox 172 278 236 306; x_wconf 85' lang='lat' dir='ltr'><strong>cap.</strong></span> <span class='ocrx_word' id='word_1_13' title='bbox 251 271 280 303; x_wconf 81' lang='lat'><strong>8,</strong></span> <span class='ocrx_word' id='word_1_14' title='bbox 296 279 370 299; x_wconf 89' lang='lat' dir='ltr'><strong>num.</strong></span> <span class='ocrx_word' id='word_1_15' title='bbox 386 273 412 305; x_wconf 80' lang='grc'><strong>1,</strong></span> <span class='ocrx_word' id='word_1_16' title='bbox 425 278 453 300; x_wconf 89' lang='lat' dir='ltr'><strong>et</strong></span> <span class='ocrx_word' id='word_1_17' title='bbox 469 273 567 300; x_wconf 90' lang='lat' dir='ltr'><strong>librum</strong></span> <span class='ocrx_word' id='word_1_18' title='bbox 583 282 623 306; x_wconf 91' lang='lat' dir='ltr'><strong>Ill,</strong></span> <span class='ocrx_word' id='word_1_19' title='bbox 636 283 694 309; x_wconf 85' lang='lat' dir='ltr'><strong>cap.</strong></span> <span class='ocrx_word' id='word_1_20' title='bbox 709 277 736 309; x_wconf 77' lang='lat'><strong>5,</strong></span> <span class='ocrx_word' id='word_1_21' title='bbox 750 285 823 303; x_wconf 86' lang='grc' dir='ltr'><strong>ιιιιιιι.</strong></span> <span class='ocrx_word' id='word_1_22' title='bbox 839 272 868 308; x_wconf 70' lang='lat'><strong>2,</strong></span> 
     </span>
    </p>
   </div>
   <div class='ocr_carea' id='block_1_4' title="bbox 83 316 869 355">
    <p class='ocr_par' dir='ltr' id='par_1_4' title="bbox 83 316 869 355">
     <span class='ocr_line' id='line_1_4' title="bbox 83 316 869 355; baseline 0.011 -14"><span class='ocrx_word' id='word_1_23' title='bbox 83 316 126 342; x_wconf 89' lang='lat' dir='ltr'><strong>ubi</strong></span> <span class='ocrx_word' id='word_1_24' title='bbox 146 316 296 351; x_wconf 87' lang='lat' dir='ltr'><strong>principem</strong></span> <span class='ocrx_word' id='word_1_25' title='bbox 317 317 399 352; x_wconf 88' lang='lat' dir='ltr'><strong>Tyri,</strong></span> <span class='ocrx_word' id='word_1_26' title='bbox 428 325 454 346; x_wconf 91' lang='lat' dir='ltr'><strong>et</strong></span> <span class='ocrx_word' id='word_1_27' title='bbox 478 319 626 354; x_wconf 85' lang='lat' dir='ltr'><strong>principem</strong></span> <span class='ocrx_word' id='word_1_28' title='bbox 651 321 818 355; x_wconf 86' lang='lat' dir='ltr'><strong>Persarum,</strong></span> <span class='ocrx_word' id='word_1_29' title='bbox 842 328 869 350; x_wconf 88' lang='lat' dir='ltr'><strong>et</strong></span> 
     </span>
    </p>
   </div>
   <div class='ocr_carea' id='block_1_5' title="bbox 84 362 865 399">
    <p class='ocr_par' dir='ltr' id='par_1_5' title="bbox 84 362 865 399">
     <span class='ocr_line' id='line_1_5' title="bbox 84 362 865 399; baseline 0.014 -12"><span class='ocrx_word' id='word_1_30' title='bbox 84 362 235 397; x_wconf 82' lang='lat' dir='ltr'><strong>principem</strong></span> <span class='ocrx_word' id='word_1_31' title='bbox 258 362 414 391; x_wconf 69' lang='grc' dir='ltr'><strong>(ἶΓιξξοοι-ιιιι]</strong></span> <span class='ocrx_word' id='word_1_32' title='bbox 427 385 435 397; x_wconf 84' lang='grc'><em>,</em></span> <span class='ocrx_word' id='word_1_33' title='bbox 452 372 565 399; x_wconf 85' lang='lat' dir='ltr'><strong>quorum</strong></span> <span class='ocrx_word' id='word_1_34' title='bbox 591 369 691 394; x_wconf 86' lang='lat' dir='ltr'><strong>mentio</strong></span> <span class='ocrx_word' id='word_1_35' title='bbox 718 369 747 396; x_wconf 90' lang='lat' dir='ltr'><strong>lit</strong></span> <span class='ocrx_word' id='word_1_36' title='bbox 766 370 865 398; x_wconf 86' lang='lat' dir='ltr'><strong>Ezech.</strong></span> 
     </span>
    </p>
   </div>
   <div class='ocr_carea' id='block_1_6' title="bbox 83 408 867 448">
    <p class='ocr_par' dir='ltr' id='par_1_6' title="bbox 83 408 867 448">
     <span class='ocr_line' id='line_1_6' title="bbox 83 408 867 448; baseline 0.014 -15"><span class='ocrx_word' id='word_1_37' title='bbox 83 414 166 434; x_wconf 75' lang='lat' dir='ltr'><strong>XlVlll</strong></span> <span class='ocrx_word' id='word_1_38' title='bbox 184 412 212 434; x_wconf 93' lang='lat' dir='ltr'><strong>et</strong></span> <span class='ocrx_word' id='word_1_39' title='bbox 228 408 294 435; x_wconf 89' lang='lat' dir='ltr'><strong>Dan.</strong></span> <span class='ocrx_word' id='word_1_40' title='bbox 318 416 345 441; x_wconf 77' lang='grc' dir='ltr'><strong>ι,</strong></span> <span class='ocrx_word' id='word_1_41' title='bbox 362 410 475 437; x_wconf 93' lang='lat' dir='ltr'><strong>virtutes</strong></span> <span class='ocrx_word' id='word_1_42' title='bbox 493 411 624 446; x_wconf 86' lang='lat' dir='ltr'><strong>quasdam</strong></span> <span class='ocrx_word' id='word_1_43' title='bbox 649 414 784 448; x_wconf 85' lang='lat' dir='ltr'><strong>spiritales</strong></span> <span class='ocrx_word' id='word_1_44' title='bbox 807 424 867 444; x_wconf 88' lang='lat' dir='ltr'><strong>esse</strong></span> 
     </span>
    </p>
   </div>
   <div class='ocr_carea' id='block_1_7' title="bbox 82 453 865 496">
    <p class='ocr_par' dir='ltr' id='par_1_7' title="bbox 82 453 865 496">
     <span class='ocr_line' id='line_1_7' title="bbox 82 453 865 496; baseline 0.011 -16"><span class='ocrx_word' id='word_1_45' title='bbox 82 453 195 487; x_wconf 87' lang='lat' dir='ltr'><strong>asserit;</strong></span> <span class='ocrx_word' id='word_1_46' title='bbox 218 455 338 482; x_wconf 86' lang='lat' dir='ltr'><strong>bonasne</strong></span> <span class='ocrx_word' id='word_1_47' title='bbox 353 477 360 487; x_wconf 95' lang='lat'><strong>,</strong></span> <span class='ocrx_word' id='word_1_48' title='bbox 374 463 407 483; x_wconf 90' lang='lat' dir='ltr'><strong>an</strong></span> <span class='ocrx_word' id='word_1_49' title='bbox 422 457 506 484; x_wconf 89' lang='lat' dir='ltr'><strong>malas</strong></span> <span class='ocrx_word' id='word_1_50' title='bbox 519 478 526 489; x_wconf 96' lang='lat'><strong>,</strong></span> <span class='ocrx_word' id='word_1_51' title='bbox 540 458 590 485; x_wconf 92' lang='lat' dir='ltr'><strong>hoc</strong></span> <span class='ocrx_word' id='word_1_52' title='bbox 604 458 664 486; x_wconf 89' lang='lat' dir='ltr'><strong>loco</strong></span> <span class='ocrx_word' id='word_1_53' title='bbox 679 468 732 487; x_wconf 93' lang='lat' dir='ltr'><strong>non</strong></span> <span class='ocrx_word' id='word_1_54' title='bbox 751 461 865 496; x_wconf 83' lang='lat' dir='ltr'><strong>deﬁnit;</strong></span> 
     </span>
    </p>
   </div>
   <div class='ocr_carea' id='block_1_8' title="bbox 81 499 865 541">
    <p class='ocr_par' dir='ltr' id='par_1_8' title="bbox 81 499 865 541">
     <span class='ocr_line' id='line_1_8' title="bbox 81 499 865 541; baseline 0.013 -15"><span class='ocrx_word' id='word_1_55' title='bbox 81 504 108 526; x_wconf 89' lang='lat' dir='ltr'><strong>at</strong></span> <span class='ocrx_word' id='word_1_56' title='bbox 124 499 221 527; x_wconf 76' lang='lat' dir='ltr'><strong>definit</strong></span> <span class='ocrx_word' id='word_1_57' title='bbox 236 501 328 529; x_wconf 89' lang='lat' dir='ltr'><strong>homii.</strong></span> <span class='ocrx_word' id='word_1_58' title='bbox 353 502 388 529; x_wconf 78' lang='lat'><strong>55</strong></span> <span class='ocrx_word' id='word_1_59' title='bbox 410 503 437 529; x_wconf 84' lang='lat' dir='ltr'><strong>in</strong></span> <span class='ocrx_word' id='word_1_60' title='bbox 458 502 523 530; x_wconf 81' lang='lat' dir='ltr'><strong>Luc.</strong></span> <span class='ocrx_word' id='word_1_61' title='bbox 544 509 571 531; x_wconf 92' lang='lat' dir='ltr'><strong>ct</strong></span> <span class='ocrx_word' id='word_1_62' title='bbox 588 505 724 541; x_wconf 87' lang='lat' dir='ltr'><strong>principes</strong></span> <span class='ocrx_word' id='word_1_63' title='bbox 737 507 797 535; x_wconf 89' lang='lat' dir='ltr'><strong>illos</strong></span> <span class='ocrx_word' id='word_1_64' title='bbox 810 509 865 536; x_wconf 67' lang='lat' dir='ltr'><strong>dm-</strong></span> 
     </span>
    </p>
   </div>
   <div class='ocr_carea' id='block_1_9' title="bbox 82 547 865 584">
    <p class='ocr_par' dir='ltr' id='par_1_9' title="bbox 82 547 865 584">
     <span class='ocr_line' id='line_1_9' title="bbox 82 547 865 584; baseline 0.013 -12"><span class='ocrx_word' id='word_1_65' title='bbox 82 553 174 573; x_wconf 88' lang='lat' dir='ltr'><strong>anones</strong></span> <span class='ocrx_word' id='word_1_66' title='bbox 201 547 407 582; x_wconf 83' lang='lat' dir='ltr'><strong>interpretatur.</strong></span> <span class='ocrx_word' id='word_1_67' title='bbox 429 548 521 584; x_wconf 84' lang='lat' dir='ltr'><strong>Neque</strong></span> <span class='ocrx_word' id='word_1_68' title='bbox 547 559 613 578; x_wconf 83' lang='lat' dir='ltr'><strong>sane</strong></span> <span class='ocrx_word' id='word_1_69' title='bbox 637 552 664 579; x_wconf 94' lang='lat' dir='ltr'><strong>in</strong></span> <span class='ocrx_word' id='word_1_70' title='bbox 691 560 724 580; x_wconf 89' lang='lat' dir='ltr'><strong>eo</strong></span> <span class='ocrx_word' id='word_1_71' title='bbox 750 561 865 582; x_wconf 91' lang='lat' dir='ltr'><strong>consen-</strong></span> 
     </span>
    </p>
   </div>
   <div class='ocr_carea' id='block_1_10' title="bbox 81 591 865 629">
    <p class='ocr_par' dir='ltr' id='par_1_10' title="bbox 81 591 865 629">
     <span class='ocr_line' id='line_1_10' title="bbox 81 591 865 629; baseline 0.015 -12"><span class='ocrx_word' id='word_1_72' title='bbox 81 591 148 617; x_wconf 88' lang='lat' dir='ltr'><strong>tiunt</strong></span> <span class='ocrx_word' id='word_1_73' title='bbox 160 591 234 619; x_wconf 89' lang='lat' dir='ltr'><strong>inter</strong></span> <span class='ocrx_word' id='word_1_74' title='bbox 246 600 275 620; x_wconf 92' lang='lat' dir='ltr'><strong>se</strong></span> <span class='ocrx_word' id='word_1_75' title='bbox 289 592 388 621; x_wconf 82' lang='lat' dir='ltr'><strong>Patres</strong></span> <span class='ocrx_word' id='word_1_76' title='bbox 401 614 409 627; x_wconf 91' lang='lat'><strong>,</strong></span> <span class='ocrx_word' id='word_1_77' title='bbox 426 595 563 623; x_wconf 81' lang='lat' dir='ltr'><strong>daemones</strong></span> <span class='ocrx_word' id='word_1_78' title='bbox 578 604 625 624; x_wconf 88' lang='lat' dir='ltr'><strong>eas</strong></span> <span class='ocrx_word' id='word_1_79' title='bbox 639 606 700 626; x_wconf 89' lang='lat' dir='ltr'><strong>esse</strong></span> <span class='ocrx_word' id='word_1_80' title='bbox 717 600 865 629; x_wconf 89' lang='lat' dir='ltr'><strong>decernen-</strong></span> 
     </span>
    </p>
   </div>
   <div class='ocr_carea' id='block_1_11' title="bbox 81 637 863 678">
    <p class='ocr_par' dir='ltr' id='par_1_11' title="bbox 81 637 863 678">
     <span class='ocr_line' id='line_1_11' title="bbox 81 637 863 678; baseline 0.015 -15"><span class='ocrx_word' id='word_1_81' title='bbox 81 637 151 664; x_wconf 86' lang='lat' dir='ltr'><strong>tibus</strong></span> <span class='ocrx_word' id='word_1_82' title='bbox 174 637 258 671; x_wconf 80' lang='lat' dir='ltr'><strong>aiiis,</strong></span> <span class='ocrx_word' id='word_1_83' title='bbox 283 639 343 667; x_wconf 89' lang='lat' dir='ltr'><strong>aliis</strong></span> <span class='ocrx_word' id='word_1_84' title='bbox 365 641 495 675; x_wconf 79' lang='lat' dir='ltr'><strong>angelos,</strong></span> <span class='ocrx_word' id='word_1_85' title='bbox 511 650 659 678; x_wconf 88' lang='lat' dir='ltr'><strong>eorumque</strong></span> <span class='ocrx_word' id='word_1_86' title='bbox 682 648 863 676; x_wconf 86' lang='lat' dir='ltr'><strong>concertatio-</strong></span> 
     </span>
    </p>
   </div>
   <div class='ocr_carea' id='block_1_12' title="bbox 80 683 864 722">
    <p class='ocr_par' dir='ltr' id='par_1_12' title="bbox 80 683 864 722">
     <span class='ocr_line' id='line_1_12' title="bbox 80 683 864 722; baseline 0.017 -13"><span class='ocrx_word' id='word_1_87' title='bbox 80 690 126 710; x_wconf 86' lang='lat' dir='ltr'><strong>nes</strong></span> <span class='ocrx_word' id='word_1_88' title='bbox 145 690 161 710; x_wconf 90' lang='lat' dir='ltr'><strong>a</strong></span> <span class='ocrx_word' id='word_1_89' title='bbox 181 683 296 713; x_wconf 85' lang='lat' dir='ltr'><strong>Daniele</strong></span> <span class='ocrx_word' id='word_1_90' title='bbox 309 687 450 721; x_wconf 79' lang='lat' dir='ltr'><strong>expositas</strong></span> <span class='ocrx_word' id='word_1_91' title='bbox 467 687 494 714; x_wconf 94' lang='lat' dir='ltr'><strong>in</strong></span> <span class='ocrx_word' id='word_1_92' title='bbox 508 693 612 716; x_wconf 89' lang='lat' dir='ltr'><strong>rectum</strong></span> <span class='ocrx_word' id='word_1_93' title='bbox 628 698 737 719; x_wconf 84' lang='lat' dir='ltr'><strong>sensum</strong></span> <span class='ocrx_word' id='word_1_94' title='bbox 755 694 864 722; x_wconf 88' lang='lat' dir='ltr'><strong>trahen-</strong></span> 
     </span>
    </p>
   </div>
   <div class='ocr_carea' id='block_1_13' title="bbox 79 729 165 758">
    <p class='ocr_par' dir='ltr' id='par_1_13' title="bbox 79 729 165 758">
     <span class='ocr_line' id='line_1_13' title="bbox 79 729 165 758; baseline -0.012 -1"><span class='ocrx_word' id='word_1_95' title='bbox 79 729 165 758; x_wconf 87' lang='lat' dir='ltr'><strong>tibus.</strong></span> 
     </span>
    </p>
   </div>
   <div class='ocr_carea' id='block_1_14' title="bbox 111 777 862 818">
    <p class='ocr_par' dir='ltr' id='par_1_14' title="bbox 111 777 862 818">
     <span class='ocr_line' id='line_1_14' title="bbox 111 777 862 818; baseline 0.013 -15"><span class='ocrx_word' id='word_1_96' title='bbox 111 777 145 803; x_wconf 83' lang='lat' dir='ltr'><strong>At</strong></span> <span class='ocrx_word' id='word_1_97' title='bbox 157 777 231 804; x_wconf 89' lang='lat' dir='ltr'><strong>enim</strong></span> <span class='ocrx_word' id='word_1_98' title='bbox 248 777 364 806; x_wconf 86' lang='lat' dir='ltr'><strong>diﬂicilis</strong></span> <span class='ocrx_word' id='word_1_99' title='bbox 379 779 487 806; x_wconf 76' lang='lat' dir='ltr'><strong>Videtur</strong></span> <span class='ocrx_word' id='word_1_100' title='bbox 503 780 671 814; x_wconf 73' lang='lat' dir='ltr'><strong>Origenianae</strong></span> <span class='ocrx_word' id='word_1_101' title='bbox 696 784 775 818; x_wconf 81' lang='lat' dir='ltr'><strong>hujus</strong></span> <span class='ocrx_word' id='word_1_102' title='bbox 789 792 862 813; x_wconf 86' lang='lat' dir='ltr'><strong>cont-</strong></span> 
     </span>
    </p>
   </div>
   <div class='ocr_carea' id='block_1_15' title="bbox 78 824 862 860">
    <p class='ocr_par' dir='ltr' id='par_1_15' title="bbox 78 824 862 860">
     <span class='ocr_line' id='line_1_15' title="bbox 78 824 862 860; baseline 0.011 -11"><span class='ocrx_word' id='word_1_103' title='bbox 78 824 252 851; x_wconf 89' lang='lat' dir='ltr'><strong>mentatiouis</strong></span> <span class='ocrx_word' id='word_1_104' title='bbox 276 830 360 858; x_wconf 82' lang='lat' dir='ltr'><strong>ratio;</strong></span> <span class='ocrx_word' id='word_1_105' title='bbox 378 833 440 852; x_wconf 89' lang='lat' dir='ltr'><strong>nam</strong></span> <span class='ocrx_word' id='word_1_106' title='bbox 469 826 492 853; x_wconf 90' lang='lat' dir='ltr'><strong>si</strong></span> <span class='ocrx_word' id='word_1_107' title='bbox 516 835 525 852; x_wconf 77' lang='grc' dir='ltr'><strong>ι</strong></span> <span class='ocrx_word' id='word_1_108' title='bbox 542 828 682 855; x_wconf 86' lang='lat' dir='ltr'><strong>constituit</strong></span> <span class='ocrx_word' id='word_1_109' title='bbox 706 831 862 860; x_wconf 77' lang='lat' dir='ltr'><strong>Altissimus</strong></span> 
     </span>
    </p>
   </div>
   <div class='ocr_carea' id='block_1_16' title="bbox 80 870 861 912">
    <p class='ocr_par' dir='ltr' id='par_1_16' title="bbox 80 870 861 912">
     <span class='ocr_line' id='line_1_16' title="bbox 80 870 861 912; baseline 0.013 -17"><span class='ocrx_word' id='word_1_110' title='bbox 80 870 208 897; x_wconf 83' lang='lat' dir='ltr'><strong>terminus</strong></span> <span class='ocrx_word' id='word_1_111' title='bbox 238 871 420 906; x_wconf 88' lang='lat' dir='ltr'><strong>populorum,</strong></span> <span class='ocrx_word' id='word_1_112' title='bbox 442 873 518 907; x_wconf 80' lang='lat' dir='ltr'><strong>juxta</strong></span> <span class='ocrx_word' id='word_1_113' title='bbox 540 881 680 901; x_wconf 84' lang='lat' dir='ltr'><strong>numerum</strong></span> <span class='ocrx_word' id='word_1_114' title='bbox 706 877 861 912; x_wconf 78' lang='lat' dir='ltr'><strong>angelorum</strong></span> 
     </span>
    </p>
   </div>
   <div class='ocr_carea' id='block_1_17' title="bbox 80 915 859 957">
    <p class='ocr_par' dir='ltr' id='par_1_17' title="bbox 80 915 859 957">
     <span class='ocr_line' id='line_1_17' title="bbox 80 915 859 957; baseline 0.012 -15"><span class='ocrx_word' id='word_1_115' title='bbox 80 915 134 948; x_wconf 85' lang='lat' dir='ltr'><strong>Dei,</strong></span> <span class='ocrx_word' id='word_1_116' title='bbox 154 925 164 942; x_wconf 70' lang='grc' dir='ltr'><strong>ι</strong></span> <span class='ocrx_word' id='word_1_117' title='bbox 183 916 266 944; x_wconf 80' lang='lat' dir='ltr'><strong>fuerit</strong></span> <span class='ocrx_word' id='word_1_118' title='bbox 283 918 440 953; x_wconf 79' lang='lat' dir='ltr'><strong>angelorum</strong></span> <span class='ocrx_word' id='word_1_119' title='bbox 453 926 582 947; x_wconf 88' lang='lat' dir='ltr'><strong>nmnerus</strong></span> <span class='ocrx_word' id='word_1_120' title='bbox 607 921 705 955; x_wconf 90' lang='lat' dir='ltr'><strong>oppido</strong></span> <span class='ocrx_word' id='word_1_121' title='bbox 724 923 859 957; x_wconf 76' lang='lat' dir='ltr'><strong>exiguus;</strong></span> 
     </span>
    </p>
   </div>
   <div class='ocr_carea' id='block_1_18' title="bbox 79 963 859 998">
    <p class='ocr_par' dir='ltr' id='par_1_18' title="bbox 79 963 859 998">
     <span class='ocr_line' id='line_1_18' title="bbox 79 963 859 998; baseline 0.009 -9"><span class='ocrx_word' id='word_1_122' title='bbox 79 969 127 990; x_wconf 89' lang='lat' dir='ltr'><strong>non</strong></span> <span class='ocrx_word' id='word_1_123' title='bbox 144 963 235 990; x_wconf 76' lang='lat' dir='ltr'><strong>multae</strong></span> <span class='ocrx_word' id='word_1_124' title='bbox 248 964 381 998; x_wconf 84' lang='lat' dir='ltr'><strong>siquidem</strong></span> <span class='ocrx_word' id='word_1_125' title='bbox 396 970 491 998; x_wconf 77' lang='lat' dir='ltr'><strong>gentes</strong></span> <span class='ocrx_word' id='word_1_126' title='bbox 502 966 594 993; x_wconf 88' lang='lat' dir='ltr'><strong>orbem</strong></span> <span class='ocrx_word' id='word_1_127' title='bbox 616 966 745 994; x_wconf 87' lang='lat' dir='ltr'><strong>incolunt.</strong></span> <span class='ocrx_word' id='word_1_128' title='bbox 761 968 859 996; x_wconf 86' lang='lat' dir='ltr'><strong>Verum</strong></span> 
     </span>
    </p>
   </div>
   <div class='ocr_carea' id='block_1_19' title="bbox 77 1008 859 1049">
    <p class='ocr_par' dir='ltr' id='par_1_19' title="bbox 77 1008 859 1049">
     <span class='ocr_line' id='line_1_19' title="bbox 77 1008 859 1049; baseline 0.009 -15"><span class='ocrx_word' id='word_1_129' title='bbox 77 1008 200 1043; x_wconf 78' lang='lat' dir='ltr'><strong>expedita</strong></span> <span class='ocrx_word' id='word_1_130' title='bbox 218 1013 261 1036; x_wconf 90' lang='lat' dir='ltr'><strong>est</strong></span> <span class='ocrx_word' id='word_1_131' title='bbox 276 1011 436 1044; x_wconf 87' lang='lat' dir='ltr'><strong>responsio;</strong></span> <span class='ocrx_word' id='word_1_132' title='bbox 451 1018 499 1037; x_wconf 90' lang='lat' dir='ltr'><strong>nec</strong></span> <span class='ocrx_word' id='word_1_133' title='bbox 512 1011 583 1038; x_wconf 85' lang='lat' dir='ltr'><strong>etaim</strong></span> <span class='ocrx_word' id='word_1_134' title='bbox 603 1012 734 1047; x_wconf 87' lang='lat' dir='ltr'><strong>quidquid</strong></span> <span class='ocrx_word' id='word_1_135' title='bbox 757 1015 859 1049; x_wconf 88' lang='lat' dir='ltr'><strong>uspiam</strong></span> 
     </span>
    </p>
   </div>
   <div class='ocr_carea' id='block_1_20' title="bbox 78 1054 860 1092">
    <p class='ocr_par' dir='ltr' id='par_1_20' title="bbox 78 1054 860 1092">
     <span class='ocr_line' id='line_1_20' title="bbox 78 1054 860 1092; baseline 0.009 -12"><span class='ocrx_word' id='word_1_136' title='bbox 78 1054 232 1089; x_wconf 78' lang='lat' dir='ltr'><strong>angelorum</strong></span> <span class='ocrx_word' id='word_1_137' title='bbox 249 1060 310 1089; x_wconf 89' lang='lat' dir='ltr'><strong>est,</strong></span> <span class='ocrx_word' id='word_1_138' title='bbox 325 1056 383 1083; x_wconf 85' lang='lat' dir='ltr'><strong>orbi</strong></span> <span class='ocrx_word' id='word_1_139' title='bbox 398 1056 461 1083; x_wconf 84' lang='lat' dir='ltr'><strong>huic</strong></span> <span class='ocrx_word' id='word_1_140' title='bbox 478 1057 595 1092; x_wconf 81' lang='lat' dir='ltr'><strong>regendo</strong></span> <span class='ocrx_word' id='word_1_141' title='bbox 610 1058 765 1092; x_wconf 89' lang='lat' dir='ltr'><strong>deputatum</strong></span> <span class='ocrx_word' id='word_1_142' title='bbox 782 1059 860 1088; x_wconf 87' lang='lat' dir='ltr'><strong>intel-</strong></span> 
     </span>
    </p>
   </div>
   <div class='ocr_carea' id='block_1_21' title="bbox 78 1100 859 1138">
    <p class='ocr_par' dir='ltr' id='par_1_21' title="bbox 78 1100 859 1138">
     <span class='ocr_line' id='line_1_21' title="bbox 78 1100 859 1138; baseline 0.009 -11"><span class='ocrx_word' id='word_1_143' title='bbox 78 1100 131 1134; x_wconf 78' lang='lat' dir='ltr'><strong>ligit</strong></span> <span class='ocrx_word' id='word_1_144' title='bbox 144 1101 327 1129; x_wconf 84' lang='lat' dir='ltr'><strong>Adamantius</strong></span> <span class='ocrx_word' id='word_1_145' title='bbox 339 1121 347 1135; x_wconf 90' lang='lat'><strong>,</strong></span> <span class='ocrx_word' id='word_1_146' title='bbox 359 1104 407 1130; x_wconf 90' lang='lat' dir='ltr'><strong>sed</strong></span> <span class='ocrx_word' id='word_1_147' title='bbox 423 1102 533 1130; x_wconf 86' lang='lat' dir='ltr'><strong>selectis</strong></span> <span class='ocrx_word' id='word_1_148' title='bbox 550 1103 686 1138; x_wconf 82' lang='lat' dir='ltr'><strong>aliquibus</strong></span> <span class='ocrx_word' id='word_1_149' title='bbox 699 1113 731 1132; x_wconf 79' lang='lat' dir='ltr'><strong>ex</strong></span> <span class='ocrx_word' id='word_1_150' title='bbox 748 1105 859 1134; x_wconf 83' lang='lat' dir='ltr'><strong>inferio-</strong></span> 
     </span>
    </p>
   </div>
   <div class='ocr_carea' id='block_1_22' title="bbox 78 1146 858 1187">
    <p class='ocr_par' dir='ltr' id='par_1_22' title="bbox 78 1146 858 1187">
     <span class='ocr_line' id='line_1_22' title="bbox 78 1146 858 1187; baseline 0.009 -14"><span class='ocrx_word' id='word_1_151' title='bbox 78 1146 149 1174; x_wconf 81' lang='lat' dir='ltr'><strong>ribus</strong></span> <span class='ocrx_word' id='word_1_152' title='bbox 173 1148 317 1175; x_wconf 87' lang='lat' dir='ltr'><strong>ordinibus</strong></span> <span class='ocrx_word' id='word_1_153' title='bbox 332 1148 436 1183; x_wconf 80' lang='lat' dir='ltr'><strong>angelis</strong></span> <span class='ocrx_word' id='word_1_154' title='bbox 462 1149 489 1176; x_wconf 92' lang='lat' dir='ltr'><strong>id</strong></span> <span class='ocrx_word' id='word_1_155' title='bbox 513 1150 633 1177; x_wconf 86' lang='lat' dir='ltr'><strong>muncris</strong></span> <span class='ocrx_word' id='word_1_156' title='bbox 649 1150 733 1178; x_wconf 80' lang='lat' dir='ltr'><strong>fuisse</strong></span> <span class='ocrx_word' id='word_1_157' title='bbox 747 1152 858 1187; x_wconf 88' lang='lat' dir='ltr'><strong>imposi-</strong></span> 
     </span>
    </p>
   </div>
   <div class='ocr_carea' id='block_1_23' title="bbox 78 1193 857 1233">
    <p class='ocr_par' dir='ltr' id='par_1_23' title="bbox 78 1193 857 1233">
     <span class='ocr_line' id='line_1_23' title="bbox 78 1193 857 1233; baseline 0.009 -14"><span class='ocrx_word' id='word_1_158' title='bbox 78 1198 144 1226; x_wconf 91' lang='lat' dir='ltr'><strong>tum;</strong></span> <span class='ocrx_word' id='word_1_159' title='bbox 164 1193 247 1221; x_wconf 81' lang='lat' dir='ltr'><strong>exiis</strong></span> <span class='ocrx_word' id='word_1_160' title='bbox 261 1201 341 1229; x_wconf 90' lang='lat' dir='ltr'><strong>porro</strong></span> <span class='ocrx_word' id='word_1_161' title='bbox 362 1195 505 1222; x_wconf 91' lang='lat' dir='ltr'><strong>nonnullos</strong></span> <span class='ocrx_word' id='word_1_162' title='bbox 529 1196 593 1223; x_wconf 89' lang='lat' dir='ltr'><strong>totis</strong></span> <span class='ocrx_word' id='word_1_163' title='bbox 613 1196 756 1231; x_wconf 72' lang='lat' dir='ltr'><strong>praefectos</strong></span> <span class='ocrx_word' id='word_1_164' title='bbox 770 1201 857 1233; x_wconf 76' lang='lat' dir='ltr'><strong>genti-</strong></span> 
     </span>
    </p>
   </div>
   <div class='ocr_carea' id='block_1_24' title="bbox 77 1238 857 1278">
    <p class='ocr_par' dir='ltr' id='par_1_24' title="bbox 77 1238 857 1278">
     <span class='ocr_line' id='line_1_24' title="bbox 77 1238 857 1278; baseline 0.01 -13"><span class='ocrx_word' id='word_1_165' title='bbox 77 1238 140 1271; x_wconf 89' lang='lat' dir='ltr'><strong>bus;</strong></span> <span class='ocrx_word' id='word_1_166' title='bbox 157 1238 226 1267; x_wconf 86' lang='lat' dir='ltr'><strong>alios</strong></span> <span class='ocrx_word' id='word_1_167' title='bbox 244 1240 408 1274; x_wconf 87' lang='lat' dir='ltr'><strong>provinciis;</strong></span> <span class='ocrx_word' id='word_1_168' title='bbox 427 1241 538 1269; x_wconf 87' lang='lat' dir='ltr'><strong>urbibus</strong></span> <span class='ocrx_word' id='word_1_169' title='bbox 550 1242 635 1275; x_wconf 84' lang='lat' dir='ltr'><strong>alios,</strong></span> <span class='ocrx_word' id='word_1_170' title='bbox 659 1243 798 1278; x_wconf 86' lang='lat' dir='ltr'><strong>Ecclesiis,</strong></span> <span class='ocrx_word' id='word_1_171' title='bbox 813 1254 857 1273; x_wconf 90' lang='lat' dir='ltr'><strong>ar-</strong></span> 
     </span>
    </p>
   </div>
   <div class='ocr_carea' id='block_1_25' title="bbox 78 1285 856 1324">
    <p class='ocr_par' dir='ltr' id='par_1_25' title="bbox 78 1285 856 1324">
     <span class='ocr_line' id='line_1_25' title="bbox 78 1285 856 1324; baseline 0.012 -13"><span class='ocrx_word' id='word_1_172' title='bbox 78 1285 145 1313; x_wconf 84' lang='lat' dir='ltr'><strong>tibus</strong></span> <span class='ocrx_word' id='word_1_173' title='bbox 157 1305 165 1319; x_wconf 91' lang='lat'><strong>,</strong></span> <span class='ocrx_word' id='word_1_174' title='bbox 179 1286 332 1320; x_wconf 82' lang='lat' dir='ltr'><strong>disciplinis</strong></span> <span class='ocrx_word' id='word_1_175' title='bbox 343 1307 351 1320; x_wconf 91' lang='lat'><strong>,</strong></span> <span class='ocrx_word' id='word_1_176' title='bbox 367 1287 482 1323; x_wconf 74' lang='lat' dir='ltr'><strong>singulis</strong></span> <span class='ocrx_word' id='word_1_177' title='bbox 507 1295 614 1324; x_wconf 87' lang='lat' dir='ltr'><strong>quoque</strong></span> <span class='ocrx_word' id='word_1_178' title='bbox 638 1290 792 1319; x_wconf 87' lang='lat' dir='ltr'><strong>hominibus</strong></span> <span class='ocrx_word' id='word_1_179' title='bbox 803 1311 810 1323; x_wconf 89' lang='lat'><strong>,</strong></span> <span class='ocrx_word' id='word_1_180' title='bbox 829 1300 856 1321; x_wconf 88' lang='lat' dir='ltr'><strong>et</strong></span> 
     </span>
    </p>
   </div>
   <div class='ocr_carea' id='block_1_26' title="bbox 76 1331 853 1374">
    <p class='ocr_par' dir='ltr' id='par_1_26' title="bbox 76 1331 853 1374">
     <span class='ocr_line' id='line_1_26' title="bbox 76 1331 853 1374; baseline 0.01 -16"><span class='ocrx_word' id='word_1_181' title='bbox 76 1331 152 1359; x_wconf 85' lang='lat' dir='ltr'><strong>rebus</strong></span> <span class='ocrx_word' id='word_1_182' title='bbox 166 1332 250 1360; x_wconf 88' lang='lat' dir='ltr'><strong>etiam</strong></span> <span class='ocrx_word' id='word_1_183' title='bbox 274 1333 419 1367; x_wconf 89' lang='lat' dir='ltr'><strong>inanimis,</strong></span> <span class='ocrx_word' id='word_1_184' title='bbox 445 1334 484 1361; x_wconf 91' lang='lat' dir='ltr'><strong>uti</strong></span> <span class='ocrx_word' id='word_1_185' title='bbox 508 1343 569 1362; x_wconf 84' lang='lat' dir='ltr'><strong>mox</strong></span> <span class='ocrx_word' id='word_1_186' title='bbox 589 1337 853 1374; x_wconf 85' lang='lat' dir='ltr'><strong>demonstrabimus;</strong></span> 
     </span>
    </p>
   </div>
   <div class='ocr_carea' id='block_1_27' title="bbox 77 1377 856 1413">
    <p class='ocr_par' dir='ltr' id='par_1_27' title="bbox 77 1377 856 1413">
     <span class='ocr_line' id='line_1_27' title="bbox 77 1377 856 1413; baseline 0.009 -9"><span class='ocrx_word' id='word_1_187' title='bbox 77 1377 184 1413; x_wconf 86' lang='lat' dir='ltr'><strong>illosque</strong></span> <span class='ocrx_word' id='word_1_188' title='bbox 207 1378 235 1406; x_wconf 92' lang='lat' dir='ltr'><strong>in</strong></span> <span class='ocrx_word' id='word_1_189' title='bbox 252 1379 303 1406; x_wconf 91' lang='lat' dir='ltr'><strong>hoc</strong></span> <span class='ocrx_word' id='word_1_190' title='bbox 317 1379 397 1406; x_wconf 88' lang='lat' dir='ltr'><strong>etiam</strong></span> <span class='ocrx_word' id='word_1_191' title='bbox 425 1388 537 1408; x_wconf 87' lang='lat' dir='ltr'><strong>munere</strong></span> <span class='ocrx_word' id='word_1_192' title='bbox 554 1381 604 1408; x_wconf 85' lang='lat' dir='ltr'><strong>sibi</strong></span> <span class='ocrx_word' id='word_1_193' title='bbox 628 1383 773 1410; x_wconf 82' lang='lat' dir='ltr'><strong>succedere</strong></span> <span class='ocrx_word' id='word_1_194' title='bbox 787 1384 856 1411; x_wconf 83' lang='lat' dir='ltr'><strong>invi-</strong></span> 
     </span>
    </p>
   </div>
   <div class='ocr_carea' id='block_1_28' title="bbox 76 1425 852 1464">
    <p class='ocr_par' dir='ltr' id='par_1_28' title="bbox 76 1425 852 1464">
     <span class='ocr_line' id='line_1_28' title="bbox 76 1425 852 1464; baseline 0.01 -14"><span class='ocrx_word' id='word_1_195' title='bbox 76 1430 131 1451; x_wconf 86' lang='lat' dir='ltr'><strong>cem</strong></span> <span class='ocrx_word' id='word_1_196' title='bbox 144 1433 152 1458; x_wconf 87' lang='lat'><strong>;</strong></span> <span class='ocrx_word' id='word_1_197' title='bbox 166 1430 194 1452; x_wconf 89' lang='lat' dir='ltr'><strong>et</strong></span> <span class='ocrx_word' id='word_1_198' title='bbox 209 1425 302 1460; x_wconf 83' lang='lat' dir='ltr'><strong>plures</strong></span> <span class='ocrx_word' id='word_1_199' title='bbox 316 1433 508 1461; x_wconf 87' lang='lat' dir='ltr'><strong>nonnunquam</strong></span> <span class='ocrx_word' id='word_1_200' title='bbox 521 1427 624 1455; x_wconf 88' lang='lat' dir='ltr'><strong>homini</strong></span> <span class='ocrx_word' id='word_1_201' title='bbox 639 1429 684 1455; x_wconf 94' lang='lat' dir='ltr'><strong>uni</strong></span> <span class='ocrx_word' id='word_1_202' title='bbox 704 1430 832 1459; x_wconf 83' lang='lat' dir='ltr'><strong>assistere</strong></span> <span class='ocrx_word' id='word_1_203' title='bbox 843 1451 852 1464; x_wconf 93' lang='lat'><strong>,</strong></span> 
     </span>
    </p>
   </div>
   <div class='ocr_carea' id='block_1_29' title="bbox 76 1471 500 1506">
    <p class='ocr_par' dir='ltr' id='par_1_29' title="bbox 76 1471 500 1506">
     <span class='ocr_line' id='line_1_29' title="bbox 76 1471 500 1506; baseline 0.007 -10"><span class='ocrx_word' id='word_1_204' title='bbox 76 1474 100 1496; x_wconf 85' lang='lat' dir='ltr'><strong>et</strong></span> <span class='ocrx_word' id='word_1_205' title='bbox 111 1471 200 1497; x_wconf 91' lang='lat' dir='ltr'><strong>omnia</strong></span> <span class='ocrx_word' id='word_1_206' title='bbox 216 1471 322 1506; x_wconf 73' lang='lat' dir='ltr'><strong>angelis</strong></span> <span class='ocrx_word' id='word_1_207' title='bbox 334 1471 412 1506; x_wconf 88' lang='lat' dir='ltr'><strong>plena</strong></span> <span class='ocrx_word' id='word_1_208' title='bbox 429 1479 500 1500; x_wconf 88' lang='lat' dir='ltr'><strong>esse.</strong></span> 
     </span>
    </p>
   </div>
   <div class='ocr_carea' id='block_1_30' title="bbox 81 1514 853 1558">
    <p class='ocr_par' dir='ltr' id='par_1_30' title="bbox 81 1514 853 1558">
     <span class='ocr_line' id='line_1_30' title="bbox 81 1514 853 1558; baseline 0.009 -15"><span class='ocrx_word' id='word_1_209' title='bbox 81 1514 87 1517; x_wconf 85' lang='grc'><em>”</em></span> <span class='ocrx_word' id='word_1_210' title='bbox 107 1515 208 1544; x_wconf 76' lang='lat' dir='ltr'><strong>XXVII.</strong></span> <span class='ocrx_word' id='word_1_211' title='bbox 229 1517 288 1544; x_wconf 86' lang='lat' dir='ltr'><strong>Dixi</strong></span> <span class='ocrx_word' id='word_1_212' title='bbox 305 1518 490 1545; x_wconf 87' lang='lat' dir='ltr'><strong>Ecclesiarum</strong></span> <span class='ocrx_word' id='word_1_213' title='bbox 509 1519 592 1546; x_wconf 90' lang='lat' dir='ltr'><strong>etiam</strong></span> <span class='ocrx_word' id='word_1_214' title='bbox 616 1520 735 1555; x_wconf 81' lang='lat' dir='ltr'><strong>regimen</strong></span> <span class='ocrx_word' id='word_1_215' title='bbox 750 1523 853 1558; x_wconf 80' lang='lat' dir='ltr'><strong>angelis</strong></span> 
     </span>
    </p>
   </div>
   <div class='ocr_carea' id='block_1_31' title="bbox 512 121 1303 161">
    <p class='ocr_par' dir='ltr' id='par_1_31' title="bbox 512 121 1303 161">
     <span class='ocr_line' id='line_1_31' title="bbox 512 121 1303 161; baseline 0.009 -11"><span class='ocrx_word' id='word_1_216' title='bbox 512 121 800 153; x_wconf 78' lang='lat' dir='ltr'><strong>ORIGENIANORUM</strong></span> <span class='ocrx_word' id='word_1_217' title='bbox 820 124 885 153; x_wconf 83' lang='lat' dir='ltr'><strong>LIB.</strong></span> <span class='ocrx_word' id='word_1_218' title='bbox 905 127 937 159; x_wconf 92' lang='lat' dir='ltr'><strong>ll,</strong></span> <span class='ocrx_word' id='word_1_219' title='bbox 956 127 1033 155; x_wconf 71' lang='lat' dir='ltr'><strong>CAP.</strong></span> <span class='ocrx_word' id='word_1_220' title='bbox 1055 125 1088 161; x_wconf 85' lang='lat' dir='ltr'><strong>ll,</strong></span> <span class='ocrx_word' id='word_1_221' title='bbox 1109 127 1249 161; x_wconf 58' lang='lat' dir='ltr'><strong>QUIEST.</strong></span> <span class='ocrx_word' id='word_1_222' title='bbox 1270 128 1303 157; x_wconf 84' lang='lat' dir='ltr'><strong>V.</strong></span> 
     </span>
    </p>
   </div>
   <div class='ocr_carea' id='block_1_32' title="bbox 83 172 1065 219">
    <p class='ocr_par' dir='ltr' id='par_1_32' title="bbox 83 172 1065 219">
     <span class='ocr_line' id='line_1_32' title="bbox 83 172 1065 219; baseline 0.007 -13"><span class='ocrx_word' id='word_1_223' title='bbox 83 172 149 210; x_wconf 77' lang='lat' dir='ltr'><strong>iam,</strong></span> <span class='ocrx_word' id='word_1_224' title='bbox 163 184 196 206; x_wconf 78' lang='lat' dir='ltr'><strong>ac</strong></span> <span class='ocrx_word' id='word_1_225' title='bbox 210 178 296 206; x_wconf 88' lang='lat' dir='ltr'><strong>labori</strong></span> <span class='ocrx_word' id='word_1_226' title='bbox 312 179 429 215; x_wconf 85' lang='lat' dir='ltr'><strong>impares</strong></span> <span class='ocrx_word' id='word_1_227' title='bbox 441 202 449 215; x_wconf 87' lang='lat'><strong>,</strong></span> <span class='ocrx_word' id='word_1_228' title='bbox 463 181 563 208; x_wconf 79' lang='lat' dir='ltr'><strong>Christi</strong></span> <span class='ocrx_word' id='word_1_229' title='bbox 585 183 754 211; x_wconf 84' lang='lat' dir='ltr'><strong>adventantis</strong></span> <span class='ocrx_word' id='word_1_230' title='bbox 769 185 869 212; x_wconf 76' lang='lat' dir='ltr'><strong>auxilio</strong></span> <span class='ocrx_word' id='word_1_231' title='bbox 885 191 906 217; x_wconf 74' lang='grc' dir='ltr'>Α</span> <span class='ocrx_word' id='word_1_232' title='bbox 921 194 996 212; x_wconf 85' lang='lat' dir='ltr'><strong>imm.</strong></span> <span class='ocrx_word' id='word_1_233' title='bbox 1023 186 1039 213; x_wconf 82' lang='grc'><strong>5</strong></span> <span class='ocrx_word' id='word_1_234' title='bbox 1057 195 1065 219; x_wconf 90' lang='grc'><strong>;</strong></span> 
     </span>
    </p>
   </div>
   <div class='ocr_carea' id='block_1_33' title="bbox 1655 135 1709 163">
    <p class='ocr_par' dir='ltr' id='par_1_33' title="bbox 1655 135 1709 163">
     <span class='ocr_line' id='line_1_33' title="bbox 1655 135 1709 163; baseline 0.037 -3"><span class='ocrx_word' id='word_1_235' title='bbox 1655 135 1709 163; x_wconf 69' lang='lat'><strong>878</strong></span> 
     </span>
    </p>
   </div>
   <div class='ocr_carea' id='block_1_34' title="bbox 1094 188 1708 220">
    <p class='ocr_par' dir='ltr' id='par_1_34' title="bbox 1094 188 1708 220">
     <span class='ocr_line' id='line_1_34' title="bbox 1094 188 1708 220; baseline 0.013 -8"><span class='ocrx_word' id='word_1_236' title='bbox 1094 188 1141 213; x_wconf 89' lang='lat' dir='ltr'><strong>sed</strong></span> <span class='ocrx_word' id='word_1_237' title='bbox 1169 188 1367 215; x_wconf 77' lang='lat' dir='ltr'><strong>asseverantius</strong></span> <span class='ocrx_word' id='word_1_238' title='bbox 1393 189 1475 216; x_wconf 85' lang='lat' dir='ltr'><strong>etiam</strong></span> <span class='ocrx_word' id='word_1_239' title='bbox 1516 191 1608 220; x_wconf 88' lang='lat' dir='ltr'><strong>homii.</strong></span> <span class='ocrx_word' id='word_1_240' title='bbox 1639 193 1650 219; x_wconf 85' lang='lat' dir='ltr'><strong>l</strong></span> <span class='ocrx_word' id='word_1_241' title='bbox 1682 194 1708 220; x_wconf 82' lang='lat' dir='ltr'><strong>in</strong></span> 
     </span>
    </p>
   </div>
   <div class='ocr_carea' id='block_1_35' title="bbox 923 232 1709 271">
    <p class='ocr_par' dir='ltr' id='par_1_35' title="bbox 923 232 1709 271">
     <span class='ocr_line' id='line_1_35' title="bbox 923 232 1709 271; baseline 0.01 -13"><span class='ocrx_word' id='word_1_242' title='bbox 923 232 1033 266; x_wconf 61' lang='lat' dir='ltr'><strong>Exeo/1.,</strong></span> <span class='ocrx_word' id='word_1_243' title='bbox 1048 241 1121 260; x_wconf 84' lang='lat' dir='ltr'><strong>nutu.</strong></span> <span class='ocrx_word' id='word_1_244' title='bbox 1138 233 1153 260; x_wconf 91' lang='lat'><strong>7</strong></span> <span class='ocrx_word' id='word_1_245' title='bbox 1171 242 1177 259; x_wconf 90' lang='lat'><strong><em>:</em></strong></span> <span class='ocrx_word' id='word_1_246' title='bbox 1196 243 1206 259; x_wconf 71' lang='grc' dir='ltr'><strong>ε</strong></span> <span class='ocrx_word' id='word_1_247' title='bbox 1224 233 1279 261; x_wconf 83' lang='grc' dir='ltr'><strong>Νοη</strong></span> <span class='ocrx_word' id='word_1_248' title='bbox 1295 234 1394 262; x_wconf 83' lang='lat' dir='ltr'><strong>suﬂicit</strong></span> <span class='ocrx_word' id='word_1_249' title='bbox 1406 255 1415 268; x_wconf 83' lang='lat'><strong>.</strong></span> <span class='ocrx_word' id='word_1_250' title='bbox 1431 237 1534 271; x_wconf 88' lang='lat' dir='ltr'><strong>inquit.</strong></span> <span class='ocrx_word' id='word_1_251' title='bbox 1552 246 1634 266; x_wconf 87' lang='lat' dir='ltr'><strong>unum</strong></span> <span class='ocrx_word' id='word_1_252' title='bbox 1655 247 1709 267; x_wconf 76' lang='lat' dir='ltr'><strong>cte-</strong></span> 
     </span>
    </p>
   </div>
   <div class='ocr_carea' id='block_1_36' title="bbox 923 278 1708 318">
    <p class='ocr_par' dir='ltr' id='par_1_36' title="bbox 923 278 1708 318">
     <span class='ocr_line' id='line_1_36' title="bbox 923 278 1708 318; baseline 0.011 -14"><span class='ocrx_word' id='word_1_253' title='bbox 923 278 976 304; x_wconf 92' lang='lat' dir='ltr'><strong>lnm</strong></span> <span class='ocrx_word' id='word_1_254' title='bbox 1004 280 1125 313; x_wconf 88' lang='lat' dir='ltr'><strong>aperiri:</strong></span> <span class='ocrx_word' id='word_1_255' title='bbox 1143 281 1301 314; x_wconf 84' lang='lat' dir='ltr'><strong>aperiuntur</strong></span> <span class='ocrx_word' id='word_1_256' title='bbox 1323 281 1454 315; x_wconf 88' lang='lat' dir='ltr'><strong>plurimi,</strong></span> <span class='ocrx_word' id='word_1_257' title='bbox 1475 288 1504 309; x_wconf 91' lang='lat' dir='ltr'><strong>ut</strong></span> <span class='ocrx_word' id='word_1_258' title='bbox 1527 286 1708 318; x_wconf 91' lang='lat' dir='ltr'><strong>descendant,</strong></span> 
     </span>
    </p>
   </div>
   <div class='ocr_carea' id='block_1_37' title="bbox 922 326 1707 365">
    <p class='ocr_par' dir='ltr' id='par_1_37' title="bbox 922 326 1707 365">
     <span class='ocr_line' id='line_1_37' title="bbox 922 326 1707 365; baseline 0.011 -14"><span class='ocrx_word' id='word_1_259' title='bbox 922 331 974 351; x_wconf 91' lang='lat' dir='ltr'><strong>non</strong></span> <span class='ocrx_word' id='word_1_260' title='bbox 991 326 1025 352; x_wconf 89' lang='lat' dir='ltr'><strong>ab</strong></span> <span class='ocrx_word' id='word_1_261' title='bbox 1042 334 1106 357; x_wconf 91' lang='lat' dir='ltr'><strong>uno,</strong></span> <span class='ocrx_word' id='word_1_262' title='bbox 1129 327 1175 353; x_wconf 85' lang='lat' dir='ltr'><strong>sed</strong></span> <span class='ocrx_word' id='word_1_263' title='bbox 1199 327 1233 354; x_wconf 88' lang='lat' dir='ltr'><strong>ab</strong></span> <span class='ocrx_word' id='word_1_264' title='bbox 1255 328 1381 355; x_wconf 87' lang='lat' dir='ltr'><strong>omnibus</strong></span> <span class='ocrx_word' id='word_1_265' title='bbox 1404 329 1482 356; x_wconf 66' lang='lat' dir='ltr'><strong>caelis</strong></span> <span class='ocrx_word' id='word_1_266' title='bbox 1496 331 1583 365; x_wconf 81' lang='lat' dir='ltr'><strong>angeli</strong></span> <span class='ocrx_word' id='word_1_267' title='bbox 1603 332 1635 358; x_wconf 84' lang='lat' dir='ltr'><strong>ad</strong></span> <span class='ocrx_word' id='word_1_268' title='bbox 1661 340 1707 360; x_wconf 86' lang='lat' dir='ltr'><strong>eos</strong></span> 
     </span>
    </p>
   </div>
   <div class='ocr_carea' id='block_1_38' title="bbox 922 371 1707 409">
    <p class='ocr_par' dir='ltr' id='par_1_38' title="bbox 922 371 1707 409">
     <span class='ocr_line' id='line_1_38' title="bbox 922 371 1707 409; baseline 0.011 -12"><span class='ocrx_word' id='word_1_269' title='bbox 922 371 967 405; x_wconf 89' lang='lat' dir='ltr'><strong>qui</strong></span> <span class='ocrx_word' id='word_1_270' title='bbox 990 372 1111 398; x_wconf 86' lang='lat' dir='ltr'><strong>salvandi</strong></span> <span class='ocrx_word' id='word_1_271' title='bbox 1129 377 1202 399; x_wconf 89' lang='lat' dir='ltr'><strong>sunt.</strong></span> <span class='ocrx_word' id='word_1_272' title='bbox 1229 381 1239 399; x_wconf 85' lang='grc'><strong>›</strong></span> <span class='ocrx_word' id='word_1_273' title='bbox 1259 373 1292 400; x_wconf 86' lang='grc' dir='ltr'><strong>Ει</strong></span> <span class='ocrx_word' id='word_1_274' title='bbox 1309 382 1369 401; x_wconf 73' lang='lat' dir='ltr'><strong>mox</strong></span> <span class='ocrx_word' id='word_1_275' title='bbox 1384 384 1390 401; x_wconf 89' lang='lat'>:</span> <span class='ocrx_word' id='word_1_276' title='bbox 1408 384 1416 400; x_wconf 79' lang='grc' dir='ltr'><strong>ι</strong></span> <span class='ocrx_word' id='word_1_277' title='bbox 1434 375 1548 409; x_wconf 86' lang='lat' dir='ltr'><strong>Quando</strong></span> <span class='ocrx_word' id='word_1_278' title='bbox 1562 382 1650 405; x_wconf 87' lang='lat' dir='ltr'><strong>autem</strong></span> <span class='ocrx_word' id='word_1_279' title='bbox 1668 379 1707 406; x_wconf 82' lang='lat' dir='ltr'><strong>vi-</strong></span> 
     </span>
    </p>
   </div>
   <div class='ocr_carea' id='block_1_39' title="bbox 921 417 1705 453">
    <p class='ocr_par' dir='ltr' id='par_1_39' title="bbox 921 417 1705 453">
     <span class='ocr_line' id='line_1_39' title="bbox 921 417 1705 453; baseline 0.009 -9"><span class='ocrx_word' id='word_1_280' title='bbox 921 417 1016 444; x_wconf 89' lang='lat' dir='ltr'><strong>derunt</strong></span> <span class='ocrx_word' id='word_1_281' title='bbox 1041 418 1190 453; x_wconf 84' lang='lat' dir='ltr'><strong>principem</strong></span> <span class='ocrx_word' id='word_1_282' title='bbox 1210 419 1314 446; x_wconf 80' lang='lat' dir='ltr'><strong>militiae</strong></span> <span class='ocrx_word' id='word_1_283' title='bbox 1339 421 1458 448; x_wconf 65' lang='lat' dir='ltr'><strong>caelestis</strong></span> <span class='ocrx_word' id='word_1_284' title='bbox 1481 422 1507 448; x_wconf 93' lang='lat' dir='ltr'><strong>in</strong></span> <span class='ocrx_word' id='word_1_285' title='bbox 1531 418 1705 451; x_wconf 70' lang='lat' dir='ltr'><strong>terrestribus</strong></span> 
     </span>
    </p>
   </div>
   <div class='ocr_carea' id='block_1_40' title="bbox 920 463 1704 504">
    <p class='ocr_par' dir='ltr' id='par_1_40' title="bbox 920 463 1704 504">
     <span class='ocr_line' id='line_1_40' title="bbox 920 463 1704 504; baseline 0.01 -15"><span class='ocrx_word' id='word_1_286' title='bbox 920 463 986 490; x_wconf 88' lang='lat' dir='ltr'><strong>locis</strong></span> <span class='ocrx_word' id='word_1_287' title='bbox 1005 465 1175 497; x_wconf 85' lang='lat' dir='ltr'><strong>cmnmorari,</strong></span> <span class='ocrx_word' id='word_1_288' title='bbox 1198 470 1262 492; x_wconf 90' lang='lat' dir='ltr'><strong>tunc</strong></span> <span class='ocrx_word' id='word_1_289' title='bbox 1287 473 1335 500; x_wconf 87' lang='lat' dir='ltr'><strong>per</strong></span> <span class='ocrx_word' id='word_1_290' title='bbox 1361 472 1480 501; x_wconf 89' lang='lat' dir='ltr'><strong>apertam</strong></span> <span class='ocrx_word' id='word_1_291' title='bbox 1501 467 1572 495; x_wconf 84' lang='lat' dir='ltr'><strong>viam</strong></span> <span class='ocrx_word' id='word_1_292' title='bbox 1589 468 1704 504; x_wconf 78' lang='lat' dir='ltr'><strong>ingressi</strong></span> 
     </span>
    </p>
   </div>
   <div class='ocr_carea' id='block_1_41' title="bbox 919 511 1704 547">
    <p class='ocr_par' dir='ltr' id='par_1_41' title="bbox 919 511 1704 547">
     <span class='ocr_line' id='line_1_41' title="bbox 919 511 1704 547; baseline 0.009 -12"><span class='ocrx_word' id='word_1_293' title='bbox 919 515 982 536; x_wconf 87' lang='lat' dir='ltr'><strong>sunt</strong></span> <span class='ocrx_word' id='word_1_294' title='bbox 995 515 1140 544; x_wconf 86' lang='lat' dir='ltr'><strong>sequentes</strong></span> <span class='ocrx_word' id='word_1_295' title='bbox 1162 511 1304 538; x_wconf 81' lang='lat' dir='ltr'><strong>Dominum</strong></span> <span class='ocrx_word' id='word_1_296' title='bbox 1323 519 1413 546; x_wconf 87' lang='lat' dir='ltr'><strong>suum,</strong></span> <span class='ocrx_word' id='word_1_297' title='bbox 1429 518 1454 540; x_wconf 86' lang='lat' dir='ltr'><strong>et</strong></span> <span class='ocrx_word' id='word_1_298' title='bbox 1470 520 1595 547; x_wconf 89' lang='lat' dir='ltr'><strong>parentes</strong></span> <span class='ocrx_word' id='word_1_299' title='bbox 1609 515 1704 542; x_wconf 79' lang='lat' dir='ltr'><strong>volun-</strong></span> 
     </span>
    </p>
   </div>
   <div class='ocr_carea' id='block_1_42' title="bbox 920 555 1704 591">
    <p class='ocr_par' dir='ltr' id='par_1_42' title="bbox 920 555 1704 591">
     <span class='ocr_line' id='line_1_42' title="bbox 920 555 1704 591; baseline 0.01 -10"><span class='ocrx_word' id='word_1_300' title='bbox 920 556 966 582; x_wconf 89' lang='lat' dir='ltr'><strong>tati</strong></span> <span class='ocrx_word' id='word_1_301' title='bbox 985 555 1063 590; x_wconf 88' lang='lat' dir='ltr'><strong>ejus,</strong></span> <span class='ocrx_word' id='word_1_302' title='bbox 1080 556 1125 591; x_wconf 93' lang='lat' dir='ltr'><strong>qni</strong></span> <span class='ocrx_word' id='word_1_303' title='bbox 1153 557 1289 584; x_wconf 90' lang='lat' dir='ltr'><strong>distribuit</strong></span> <span class='ocrx_word' id='word_1_304' title='bbox 1313 565 1360 586; x_wconf 85' lang='lat' dir='ltr'><strong>eos</strong></span> <span class='ocrx_word' id='word_1_305' title='bbox 1385 560 1510 587; x_wconf 83' lang='lat' dir='ltr'><strong>custodes</strong></span> <span class='ocrx_word' id='word_1_306' title='bbox 1535 561 1704 590; x_wconf 87' lang='lat' dir='ltr'><strong>credentium</strong></span> 
     </span>
    </p>
   </div>
   <div class='ocr_carea' id='block_1_43' title="bbox 918 602 1703 637">
    <p class='ocr_par' dir='ltr' id='par_1_43' title="bbox 918 602 1703 637">
     <span class='ocr_line' id='line_1_43' title="bbox 918 602 1703 637; baseline 0.008 -9"><span class='ocrx_word' id='word_1_307' title='bbox 918 602 1020 629; x_wconf 89' lang='lat' dir='ltr'><strong>nomini</strong></span> <span class='ocrx_word' id='word_1_308' title='bbox 1046 610 1107 630; x_wconf 90' lang='lat' dir='ltr'><strong>suo.</strong></span> <span class='ocrx_word' id='word_1_309' title='bbox 1125 602 1164 630; x_wconf 92' lang='lat' dir='ltr'><strong>Tu</strong></span> <span class='ocrx_word' id='word_1_310' title='bbox 1180 603 1237 630; x_wconf 85' lang='lat' dir='ltr'><strong>heri</strong></span> <span class='ocrx_word' id='word_1_311' title='bbox 1253 604 1302 631; x_wconf 89' lang='lat' dir='ltr'><strong>sub</strong></span> <span class='ocrx_word' id='word_1_312' title='bbox 1320 604 1455 632; x_wconf 72' lang='lat' dir='ltr'><strong>daemonio</strong></span> <span class='ocrx_word' id='word_1_313' title='bbox 1469 612 1539 637; x_wconf 86' lang='lat' dir='ltr'><strong>eras,</strong></span> <span class='ocrx_word' id='word_1_314' title='bbox 1556 606 1636 633; x_wconf 88' lang='lat' dir='ltr'><strong>hodie</strong></span> <span class='ocrx_word' id='word_1_315' title='bbox 1652 607 1703 634; x_wconf 90' lang='lat' dir='ltr'><strong>sub</strong></span> 
     </span>
    </p>
   </div>
   <div class='ocr_carea' id='block_1_44' title="bbox 917 648 1701 687">
    <p class='ocr_par' dir='ltr' id='par_1_44' title="bbox 917 648 1701 687">
     <span class='ocr_line' id='line_1_44' title="bbox 917 648 1701 687; baseline 0.008 -13"><span class='ocrx_word' id='word_1_316' title='bbox 917 648 1022 681; x_wconf 69' lang='lat' dir='ltr'><strong>angelo.</strong></span> <span class='ocrx_word' id='word_1_317' title='bbox 1041 658 1049 674; x_wconf 77' lang='grc' dir='ltr'><strong>ι</strong></span> <span class='ocrx_word' id='word_1_318' title='bbox 1067 648 1121 676; x_wconf 85' lang='lat' dir='ltr'><strong>Nec</strong></span> <span class='ocrx_word' id='word_1_319' title='bbox 1146 649 1228 676; x_wconf 81' lang='lat' dir='ltr'><strong>intilto</strong></span> <span class='ocrx_word' id='word_1_320' title='bbox 1252 654 1311 684; x_wconf 85' lang='lat' dir='ltr'><strong>post</strong></span> <span class='ocrx_word' id='word_1_321' title='bbox 1327 659 1333 677; x_wconf 90' lang='lat'><strong><em>:</em></strong></span> <span class='ocrx_word' id='word_1_322' title='bbox 1352 659 1361 675; x_wconf 85' lang='grc'><strong>‹</strong></span> <span class='ocrx_word' id='word_1_323' title='bbox 1379 650 1474 678; x_wconf 85' lang='lat' dir='ltr'><strong>Omnia</strong></span> <span class='ocrx_word' id='word_1_324' title='bbox 1500 652 1602 686; x_wconf 77' lang='lat' dir='ltr'><strong>angelis</strong></span> <span class='ocrx_word' id='word_1_325' title='bbox 1623 653 1701 687; x_wconf 91' lang='lat' dir='ltr'><strong>plena</strong></span> 
     </span>
    </p>
   </div>
   <div class='ocr_carea' id='block_1_45' title="bbox 916 695 1700 731">
    <p class='ocr_par' dir='ltr' id='par_1_45' title="bbox 916 695 1700 731">
     <span class='ocr_line' id='line_1_45' title="bbox 916 695 1700 731; baseline 0.009 -11"><span class='ocrx_word' id='word_1_326' title='bbox 916 698 976 721; x_wconf 89' lang='lat' dir='ltr'><strong>sunt</strong></span> <span class='ocrx_word' id='word_1_327' title='bbox 995 702 1001 721; x_wconf 74' lang='grc' dir='ltr'>ε</span> <span class='ocrx_word' id='word_1_328' title='bbox 1020 695 1088 726; x_wconf 83' lang='lat' dir='ltr'><strong>veni,</strong></span> <span class='ocrx_word' id='word_1_329' title='bbox 1106 695 1214 730; x_wconf 74' lang='lat' dir='ltr'><strong>angele,</strong></span> <span class='ocrx_word' id='word_1_330' title='bbox 1227 697 1332 731; x_wconf 88' lang='lat' dir='ltr'><strong>suscipe</strong></span> <span class='ocrx_word' id='word_1_331' title='bbox 1349 705 1473 725; x_wconf 82' lang='lat' dir='ltr'><strong>sermone</strong></span> <span class='ocrx_word' id='word_1_332' title='bbox 1487 706 1646 726; x_wconf 78' lang='lat' dir='ltr'><strong>conversum</strong></span> <span class='ocrx_word' id='word_1_333' title='bbox 1665 701 1700 727; x_wconf 91' lang='lat' dir='ltr'><strong>ab</strong></span> 
     </span>
    </p>
   </div>
   <div class='ocr_carea' id='block_1_46' title="bbox 916 742 1702 780">
    <p class='ocr_par' dir='ltr' id='par_1_46' title="bbox 916 742 1702 780">
     <span class='ocr_line' id='line_1_46' title="bbox 916 742 1702 780; baseline 0.005 -12"><span class='ocrx_word' id='word_1_334' title='bbox 916 747 1010 768; x_wconf 82' lang='lat' dir='ltr'><strong>errore</strong></span> <span class='ocrx_word' id='word_1_335' title='bbox 1024 742 1148 775; x_wconf 81' lang='lat' dir='ltr'><strong>pristiam,</strong></span> <span class='ocrx_word' id='word_1_336' title='bbox 1162 749 1177 768; x_wconf 94' lang='lat' dir='ltr'><strong>a</strong></span> <span class='ocrx_word' id='word_1_337' title='bbox 1197 742 1320 770; x_wconf 84' lang='lat' dir='ltr'><strong>doctrina</strong></span> <span class='ocrx_word' id='word_1_338' title='bbox 1336 743 1542 778; x_wconf 75' lang='lat' dir='ltr'><strong>daemoniorum,</strong></span> <span class='ocrx_word' id='word_1_339' title='bbox 1554 745 1588 772; x_wconf 92' lang='lat' dir='ltr'><strong>ab</strong></span> <span class='ocrx_word' id='word_1_340' title='bbox 1604 745 1702 780; x_wconf 86' lang='lat' dir='ltr'><strong>iniqui-</strong></span> 
     </span>
    </p>
   </div>
   <div class='ocr_carea' id='block_1_47' title="bbox 917 787 1700 826">
    <p class='ocr_par' dir='ltr' id='par_1_47' title="bbox 917 787 1700 826">
     <span class='ocr_line' id='line_1_47' title="bbox 917 787 1700 826; baseline 0.008 -13"><span class='ocrx_word' id='word_1_341' title='bbox 917 791 971 814; x_wconf 87' lang='lat' dir='ltr'><strong>tate</strong></span> <span class='ocrx_word' id='word_1_342' title='bbox 993 787 1019 814; x_wconf 90' lang='lat' dir='ltr'><strong>in</strong></span> <span class='ocrx_word' id='word_1_343' title='bbox 1045 787 1134 814; x_wconf 81' lang='lat' dir='ltr'><strong>Altum</strong></span> <span class='ocrx_word' id='word_1_344' title='bbox 1160 788 1285 822; x_wconf 88' lang='lat' dir='ltr'><strong>loquente</strong></span> <span class='ocrx_word' id='word_1_345' title='bbox 1304 798 1310 816; x_wconf 91' lang='lat'>:</span> <span class='ocrx_word' id='word_1_346' title='bbox 1326 793 1353 816; x_wconf 89' lang='lat' dir='ltr'><strong>et</strong></span> <span class='ocrx_word' id='word_1_347' title='bbox 1375 790 1525 825; x_wconf 87' lang='lat' dir='ltr'><strong>suscipiens</strong></span> <span class='ocrx_word' id='word_1_348' title='bbox 1547 798 1610 818; x_wconf 93' lang='lat' dir='ltr'><strong>eum</strong></span> <span class='ocrx_word' id='word_1_349' title='bbox 1624 793 1700 826; x_wconf 77' lang='lat' dir='ltr'><strong>quasi</strong></span> 
     </span>
    </p>
   </div>
   <div class='ocr_carea' id='block_1_48' title="bbox 917 834 1697 872">
    <p class='ocr_par' dir='ltr' id='par_1_48' title="bbox 917 834 1697 872">
     <span class='ocr_line' id='line_1_48' title="bbox 917 834 1697 872; baseline 0.009 -13"><span class='ocrx_word' id='word_1_350' title='bbox 917 834 1037 860; x_wconf 87' lang='lat' dir='ltr'><strong>medicus</strong></span> <span class='ocrx_word' id='word_1_351' title='bbox 1047 835 1132 861; x_wconf 83' lang='lat' dir='ltr'><strong>DOIIUS</strong></span> <span class='ocrx_word' id='word_1_352' title='bbox 1143 835 1256 862; x_wconf 81' lang='lat' dir='ltr'><strong>coulbve</strong></span> <span class='ocrx_word' id='word_1_353' title='bbox 1274 840 1355 870; x_wconf 88' lang='lat' dir='ltr'><strong>atque</strong></span> <span class='ocrx_word' id='word_1_354' title='bbox 1367 836 1488 864; x_wconf 86' lang='lat' dir='ltr'><strong>institue.</strong></span> <span class='ocrx_word' id='word_1_355' title='bbox 1497 837 1629 866; x_wconf 79' lang='lat' dir='ltr'><strong>Parvulas</strong></span> <span class='ocrx_word' id='word_1_356' title='bbox 1639 845 1697 872; x_wconf 86' lang='lat' dir='ltr'><strong>est;</strong></span> 
     </span>
    </p>
   </div>
   <div class='ocr_carea' id='block_1_49' title="bbox 918 879 1698 918">
    <p class='ocr_par' dir='ltr' id='par_1_49' title="bbox 918 879 1698 918">
     <span class='ocr_line' id='line_1_49' title="bbox 918 879 1698 918; baseline 0.008 -13"><span class='ocrx_word' id='word_1_357' title='bbox 918 879 996 906; x_wconf 86' lang='lat' dir='ltr'><strong>hodie</strong></span> <span class='ocrx_word' id='word_1_358' title='bbox 1021 881 1141 908; x_wconf 89' lang='lat' dir='ltr'><strong>nascitur</strong></span> <span class='ocrx_word' id='word_1_359' title='bbox 1154 889 1236 908; x_wconf 77' lang='lat' dir='ltr'><strong>senex</strong></span> <span class='ocrx_word' id='word_1_360' title='bbox 1250 889 1446 916; x_wconf 83' lang='lat' dir='ltr'><strong>repuerascens</strong></span> <span class='ocrx_word' id='word_1_361' title='bbox 1459 891 1466 910; x_wconf 91' lang='lat'><strong>:</strong></span> <span class='ocrx_word' id='word_1_362' title='bbox 1480 889 1507 910; x_wconf 86' lang='lat' dir='ltr'><strong>et</strong></span> <span class='ocrx_word' id='word_1_363' title='bbox 1522 884 1628 918; x_wconf 84' lang='lat' dir='ltr'><strong>suscipe</strong></span> <span class='ocrx_word' id='word_1_364' title='bbox 1648 885 1698 911; x_wconf 85' lang='lat' dir='ltr'><strong>tri-</strong></span> 
     </span>
    </p>
   </div>
   <div class='ocr_carea' id='block_1_50' title="bbox 915 924 1699 964">
    <p class='ocr_par' dir='ltr' id='par_1_50' title="bbox 915 924 1699 964">
     <span class='ocr_line' id='line_1_50' title="bbox 915 924 1699 964; baseline 0.009 -14"><span class='ocrx_word' id='word_1_365' title='bbox 915 924 1000 951; x_wconf 89' lang='lat' dir='ltr'><strong>buens</strong></span> <span class='ocrx_word' id='word_1_366' title='bbox 1025 925 1049 951; x_wconf 90' lang='lat' dir='ltr'><strong>ei</strong></span> <span class='ocrx_word' id='word_1_367' title='bbox 1076 924 1239 959; x_wconf 85' lang='lat' dir='ltr'><strong>baptismum</strong></span> <span class='ocrx_word' id='word_1_368' title='bbox 1265 928 1391 954; x_wconf 72' lang='lat' dir='ltr'><strong>secundae</strong></span> <span class='ocrx_word' id='word_1_369' title='bbox 1419 929 1655 964; x_wconf 83' lang='lat' dir='ltr'><strong>regenerationis,</strong></span> <span class='ocrx_word' id='word_1_370' title='bbox 1672 936 1699 958; x_wconf 86' lang='lat' dir='ltr'><strong>et</strong></span> 
     </span>
    </p>
   </div>
   <div class='ocr_carea' id='block_1_51' title="bbox 915 970 1698 1009">
    <p class='ocr_par' dir='ltr' id='par_1_51' title="bbox 915 970 1698 1009">
     <span class='ocr_line' id='line_1_51' title="bbox 915 970 1698 1009; baseline 0.008 -14"><span class='ocrx_word' id='word_1_371' title='bbox 915 970 1016 996; x_wconf 87' lang='lat' dir='ltr'><strong>advoca</strong></span> <span class='ocrx_word' id='word_1_372' title='bbox 1032 971 1078 997; x_wconf 90' lang='lat' dir='ltr'><strong>tibi</strong></span> <span class='ocrx_word' id='word_1_373' title='bbox 1092 971 1158 998; x_wconf 86' lang='lat' dir='ltr'><strong>alios</strong></span> <span class='ocrx_word' id='word_1_374' title='bbox 1176 973 1266 998; x_wconf 89' lang='lat' dir='ltr'><strong>socios</strong></span> <span class='ocrx_word' id='word_1_375' title='bbox 1280 972 1421 999; x_wconf 82' lang='lat' dir='ltr'><strong>ministerii</strong></span> <span class='ocrx_word' id='word_1_376' title='bbox 1441 973 1490 1005; x_wconf 85' lang='lat' dir='ltr'><strong>tui,</strong></span> <span class='ocrx_word' id='word_1_377' title='bbox 1507 978 1535 1000; x_wconf 86' lang='lat' dir='ltr'><strong>ut</strong></span> <span class='ocrx_word' id='word_1_378' title='bbox 1548 975 1637 1000; x_wconf 88' lang='lat' dir='ltr'><strong>cuncti</strong></span> <span class='ocrx_word' id='word_1_379' title='bbox 1649 982 1698 1009; x_wconf 85' lang='lat' dir='ltr'><strong>pa—</strong></span> 
     </span>
    </p>
   </div>
   <div class='ocr_carea' id='block_1_52' title="bbox 915 1014 1697 1050">
    <p class='ocr_par' dir='ltr' id='par_1_52' title="bbox 915 1014 1697 1050">
     <span class='ocr_line' id='line_1_52' title="bbox 915 1014 1697 1050; baseline 0.006 -10"><span class='ocrx_word' id='word_1_380' title='bbox 915 1014 980 1040; x_wconf 90' lang='lat' dir='ltr'><strong>riter</strong></span> <span class='ocrx_word' id='word_1_381' title='bbox 1002 1021 1048 1041; x_wconf 90' lang='lat' dir='ltr'><strong>eos</strong></span> <span class='ocrx_word' id='word_1_382' title='bbox 1075 1015 1120 1049; x_wconf 88' lang='lat' dir='ltr'><strong>qui</strong></span> <span class='ocrx_word' id='word_1_383' title='bbox 1145 1015 1291 1050; x_wconf 81' lang='lat' dir='ltr'><strong>aliquando</strong></span> <span class='ocrx_word' id='word_1_384' title='bbox 1305 1016 1406 1050; x_wconf 88' lang='lat' dir='ltr'><strong>decepti</strong></span> <span class='ocrx_word' id='word_1_385' title='bbox 1421 1022 1501 1049; x_wconf 83' lang='lat' dir='ltr'><strong>sunt,</strong></span> <span class='ocrx_word' id='word_1_386' title='bbox 1518 1019 1649 1045; x_wconf 90' lang='lat' dir='ltr'><strong>erudiatis</strong></span> <span class='ocrx_word' id='word_1_387' title='bbox 1664 1020 1697 1046; x_wconf 91' lang='lat' dir='ltr'><strong>ad</strong></span> 
     </span>
    </p>
   </div>
   <div class='ocr_carea' id='block_1_53' title="bbox 913 1058 1696 1099">
    <p class='ocr_par' dir='ltr' id='par_1_53' title="bbox 913 1058 1696 1099">
     <span class='ocr_line' id='line_1_53' title="bbox 913 1058 1696 1099; baseline 0.009 -14"><span class='ocrx_word' id='word_1_388' title='bbox 913 1058 1003 1087; x_wconf 88' lang='lat' dir='ltr'><strong>ﬁdem.</strong></span> <span class='ocrx_word' id='word_1_389' title='bbox 1019 1069 1028 1086; x_wconf 87' lang='grc'><strong>›</strong></span> <span class='ocrx_word' id='word_1_390' title='bbox 1039 1061 1313 1088; x_wconf 82' lang='lat' dir='ltr'><strong>Animadvertendum</strong></span> <span class='ocrx_word' id='word_1_391' title='bbox 1327 1066 1354 1088; x_wconf 88' lang='lat' dir='ltr'><strong>et</strong></span> <span class='ocrx_word' id='word_1_392' title='bbox 1367 1062 1430 1089; x_wconf 87' lang='lat' dir='ltr'><strong>illud</strong></span> <span class='ocrx_word' id='word_1_393' title='bbox 1447 1069 1489 1090; x_wconf 83' lang='lat' dir='ltr'><strong>est</strong></span> <span class='ocrx_word' id='word_1_394' title='bbox 1502 1071 1517 1090; x_wconf 90' lang='lat' dir='ltr'><strong>e</strong></span> <span class='ocrx_word' id='word_1_395' title='bbox 1530 1064 1577 1090; x_wconf 90' lang='lat' dir='ltr'><strong>lib.</strong></span> <span class='ocrx_word' id='word_1_396' title='bbox 1589 1071 1608 1090; x_wconf 85' lang='lat' dir='ltr'><strong>II</strong></span> <span class='ocrx_word' id='word_1_397' title='bbox 1625 1065 1696 1099; x_wconf 72' lang='grc' dir='ltr'><strong>Περὶ</strong></span> 
     </span>
    </p>
   </div>
   <div class='ocr_carea' id='block_1_54' title="bbox 911 1104 1696 1141">
    <p class='ocr_par' dir='ltr' id='par_1_54' title="bbox 911 1104 1696 1141">
     <span class='ocr_line' id='line_1_54' title="bbox 911 1104 1696 1141; baseline 0.009 -9"><span class='ocrx_word' id='word_1_398' title='bbox 911 1104 1022 1139; x_wconf 79' lang='grc' dir='ltr'><strong>ἀρχῶν,</strong></span> <span class='ocrx_word' id='word_1_399' title='bbox 1035 1113 1097 1141; x_wconf 88' lang='lat' dir='ltr'><strong>cap.</strong></span> <span class='ocrx_word' id='word_1_400' title='bbox 1118 1107 1162 1140; x_wconf 79' lang='grc'><strong>10,</strong></span> <span class='ocrx_word' id='word_1_401' title='bbox 1181 1115 1254 1135; x_wconf 90' lang='lat' dir='ltr'><strong>num.</strong></span> <span class='ocrx_word' id='word_1_402' title='bbox 1273 1107 1308 1135; x_wconf 89' lang='lat'><strong>7:</strong></span> <span class='ocrx_word' id='word_1_403' title='bbox 1330 1118 1339 1134; x_wconf 79' lang='grc' dir='ltr'><strong>ι</strong></span> <span class='ocrx_word' id='word_1_404' title='bbox 1356 1108 1448 1136; x_wconf 83' lang='lat' dir='ltr'><strong>Potest</strong></span> <span class='ocrx_word' id='word_1_405' title='bbox 1463 1115 1552 1137; x_wconf 89' lang='lat' dir='ltr'><strong>autem</strong></span> <span class='ocrx_word' id='word_1_406' title='bbox 1572 1117 1599 1138; x_wconf 89' lang='lat' dir='ltr'><strong>et</strong></span> <span class='ocrx_word' id='word_1_407' title='bbox 1617 1112 1696 1140; x_wconf 91' lang='lat' dir='ltr'><strong>tertio</strong></span> 
     </span>
    </p>
   </div>
   <div class='ocr_carea' id='block_1_55' title="bbox 912 1151 1694 1191">
    <p class='ocr_par' dir='ltr' id='par_1_55' title="bbox 912 1151 1694 1191">
     <span class='ocr_line' id='line_1_55' title="bbox 912 1151 1694 1191; baseline 0.009 -14"><span class='ocrx_word' id='word_1_408' title='bbox 912 1158 992 1178; x_wconf 91' lang='lat' dir='ltr'><strong>sensu</strong></span> <span class='ocrx_word' id='word_1_409' title='bbox 1016 1151 1080 1179; x_wconf 92' lang='lat' dir='ltr'><strong>illud</strong></span> <span class='ocrx_word' id='word_1_410' title='bbox 1105 1153 1217 1188; x_wconf 78' lang='lat' dir='ltr'><strong>intelligi</strong></span> <span class='ocrx_word' id='word_1_411' title='bbox 1236 1153 1269 1180; x_wconf 90' lang='lat' dir='ltr'><strong>de</strong></span> <span class='ocrx_word' id='word_1_412' title='bbox 1288 1154 1420 1181; x_wconf 92' lang='lat' dir='ltr'><strong>divisione</strong></span> <span class='ocrx_word' id='word_1_413' title='bbox 1433 1155 1494 1187; x_wconf 83' lang='lat' dir='ltr'><strong>ista,</strong></span> <span class='ocrx_word' id='word_1_414' title='bbox 1517 1160 1546 1183; x_wconf 89' lang='lat' dir='ltr'><strong>ut</strong></span> <span class='ocrx_word' id='word_1_415' title='bbox 1568 1157 1694 1191; x_wconf 86' lang='lat' dir='ltr'><strong>quoniam</strong></span> 
     </span>
    </p>
   </div>
   <div class='ocr_carea' id='block_1_56' title="bbox 912 1197 1695 1232">
    <p class='ocr_par' dir='ltr' id='par_1_56' title="bbox 912 1197 1695 1232">
     <span class='ocr_line' id='line_1_56' title="bbox 912 1197 1695 1232; baseline 0.008 -9"><span class='ocrx_word' id='word_1_416' title='bbox 912 1197 1056 1232; x_wconf 88' lang='lat' dir='ltr'><strong>unicuique</strong></span> <span class='ocrx_word' id='word_1_417' title='bbox 1080 1198 1195 1225; x_wconf 88' lang='lat' dir='ltr'><strong>ﬁdelium</strong></span> <span class='ocrx_word' id='word_1_418' title='bbox 1210 1219 1218 1232; x_wconf 92' lang='lat'><strong>,</strong></span> <span class='ocrx_word' id='word_1_419' title='bbox 1240 1199 1346 1226; x_wconf 83' lang='lat' dir='ltr'><strong>etiamsi</strong></span> <span class='ocrx_word' id='word_1_420' title='bbox 1364 1200 1491 1228; x_wconf 88' lang='lat' dir='ltr'><strong>minimus</strong></span> <span class='ocrx_word' id='word_1_421' title='bbox 1511 1201 1547 1228; x_wconf 91' lang='lat' dir='ltr'><strong>sit</strong></span> <span class='ocrx_word' id='word_1_422' title='bbox 1560 1202 1587 1228; x_wconf 93' lang='lat' dir='ltr'><strong>in</strong></span> <span class='ocrx_word' id='word_1_423' title='bbox 1602 1202 1695 1229; x_wconf 81' lang='lat' dir='ltr'><strong>Eccle-</strong></span> 
     </span>
    </p>
   </div>
   <div class='ocr_carea' id='block_1_57' title="bbox 911 1243 1694 1282">
    <p class='ocr_par' dir='ltr' id='par_1_57' title="bbox 911 1243 1694 1282">
     <span class='ocr_line' id='line_1_57' title="bbox 911 1243 1694 1282; baseline 0.008 -13"><span class='ocrx_word' id='word_1_424' title='bbox 911 1243 961 1274; x_wconf 88' lang='lat' dir='ltr'><strong>sia,</strong></span> <span class='ocrx_word' id='word_1_425' title='bbox 980 1244 1075 1270; x_wconf 87' lang='lat' dir='ltr'><strong>adesse</strong></span> <span class='ocrx_word' id='word_1_426' title='bbox 1098 1244 1210 1279; x_wconf 82' lang='lat' dir='ltr'><strong>angelus</strong></span> <span class='ocrx_word' id='word_1_427' title='bbox 1233 1245 1343 1277; x_wconf 88' lang='lat' dir='ltr'><strong>dicitur,</strong></span> <span class='ocrx_word' id='word_1_428' title='bbox 1364 1246 1409 1279; x_wconf 88' lang='lat' dir='ltr'><strong>qui</strong></span> <span class='ocrx_word' id='word_1_429' title='bbox 1432 1247 1514 1273; x_wconf 88' lang='lat' dir='ltr'><strong>etiam</strong></span> <span class='ocrx_word' id='word_1_430' title='bbox 1533 1254 1640 1282; x_wconf 88' lang='lat' dir='ltr'><strong>semper</strong></span> <span class='ocrx_word' id='word_1_431' title='bbox 1653 1248 1694 1275; x_wconf 90' lang='lat' dir='ltr'><strong>vi-</strong></span> 
     </span>
    </p>
   </div>
   <div class='ocr_carea' id='block_1_58' title="bbox 911 1288 1694 1327">
    <p class='ocr_par' dir='ltr' id='par_1_58' title="bbox 911 1288 1694 1327">
     <span class='ocr_line' id='line_1_58' title="bbox 911 1288 1694 1327; baseline 0.008 -12"><span class='ocrx_word' id='word_1_432' title='bbox 911 1288 973 1315; x_wconf 91' lang='lat' dir='ltr'><strong>dere</strong></span> <span class='ocrx_word' id='word_1_433' title='bbox 987 1288 1086 1316; x_wconf 79' lang='lat' dir='ltr'><strong>faciem</strong></span> <span class='ocrx_word' id='word_1_434' title='bbox 1113 1290 1160 1317; x_wconf 88' lang='lat' dir='ltr'><strong>Dei</strong></span> <span class='ocrx_word' id='word_1_435' title='bbox 1178 1290 1269 1318; x_wconf 83' lang='lat' dir='ltr'><strong>Patris</strong></span> <span class='ocrx_word' id='word_1_436' title='bbox 1285 1298 1299 1317; x_wconf 92' lang='lat' dir='ltr'><strong>a</strong></span> <span class='ocrx_word' id='word_1_437' title='bbox 1315 1291 1456 1319; x_wconf 89' lang='lat' dir='ltr'><strong>Salvatore</strong></span> <span class='ocrx_word' id='word_1_438' title='bbox 1471 1292 1649 1327; x_wconf 87' lang='lat' dir='ltr'><strong>perhibetur;</strong></span> <span class='ocrx_word' id='word_1_439' title='bbox 1666 1300 1694 1321; x_wconf 87' lang='lat' dir='ltr'><strong>et</strong></span> 
     </span>
    </p>
   </div>
   <div class='ocr_carea' id='block_1_59' title="bbox 910 1335 1693 1373">
    <p class='ocr_par' dir='ltr' id='par_1_59' title="bbox 910 1335 1693 1373">
     <span class='ocr_line' id='line_1_59' title="bbox 910 1335 1693 1373; baseline 0.006 -11"><span class='ocrx_word' id='word_1_440' title='bbox 910 1335 954 1362; x_wconf 89' lang='lat' dir='ltr'><strong>ltic</strong></span> <span class='ocrx_word' id='word_1_441' title='bbox 969 1336 1013 1370; x_wconf 93' lang='lat' dir='ltr'><strong>qui</strong></span> <span class='ocrx_word' id='word_1_442' title='bbox 1029 1336 1121 1371; x_wconf 81' lang='lat' dir='ltr'><strong>utique</strong></span> <span class='ocrx_word' id='word_1_443' title='bbox 1139 1344 1221 1363; x_wconf 90' lang='lat' dir='ltr'><strong>unum</strong></span> <span class='ocrx_word' id='word_1_444' title='bbox 1236 1343 1295 1364; x_wconf 87' lang='lat' dir='ltr'><strong>erat</strong></span> <span class='ocrx_word' id='word_1_445' title='bbox 1310 1345 1372 1365; x_wconf 91' lang='lat' dir='ltr'><strong>cum</strong></span> <span class='ocrx_word' id='word_1_446' title='bbox 1386 1345 1419 1365; x_wconf 92' lang='lat' dir='ltr'><strong>eo</strong></span> <span class='ocrx_word' id='word_1_447' title='bbox 1439 1339 1481 1365; x_wconf 95' lang='lat' dir='ltr'><strong>cui</strong></span> <span class='ocrx_word' id='word_1_448' title='bbox 1495 1344 1619 1373; x_wconf 67' lang='lat' dir='ltr'><strong>praeerat,</strong></span> <span class='ocrx_word' id='word_1_449' title='bbox 1633 1340 1656 1367; x_wconf 83' lang='lat' dir='ltr'><strong>si</strong></span> <span class='ocrx_word' id='word_1_450' title='bbox 1670 1341 1693 1367; x_wconf 88' lang='lat' dir='ltr'><strong>is</strong></span> 
     </span>
    </p>
   </div>
   <div class='ocr_carea' id='block_1_60' title="bbox 909 1382 1691 1418">
    <p class='ocr_par' dir='ltr' id='par_1_60' title="bbox 909 1382 1691 1418">
     <span class='ocr_line' id='line_1_60' title="bbox 909 1382 1691 1418; baseline 0.008 -11"><span class='ocrx_word' id='word_1_451' title='bbox 909 1389 956 1415; x_wconf 89' lang='lat' dir='ltr'><strong>per</strong></span> <span class='ocrx_word' id='word_1_452' title='bbox 972 1382 1181 1409; x_wconf 86' lang='lat' dir='ltr'><strong>inobedientiam</strong></span> <span class='ocrx_word' id='word_1_453' title='bbox 1195 1382 1328 1410; x_wconf 85' lang='lat' dir='ltr'><strong>clIiciatur</strong></span> <span class='ocrx_word' id='word_1_454' title='bbox 1341 1383 1477 1418; x_wconf 78' lang='lat' dir='ltr'><strong>indignus,</strong></span> <span class='ocrx_word' id='word_1_455' title='bbox 1494 1385 1594 1412; x_wconf 74' lang='lat' dir='ltr'><strong>auferri</strong></span> <span class='ocrx_word' id='word_1_456' title='bbox 1612 1386 1645 1412; x_wconf 87' lang='lat' dir='ltr'><strong>ab</strong></span> <span class='ocrx_word' id='word_1_457' title='bbox 1658 1394 1691 1414; x_wconf 89' lang='lat' dir='ltr'><strong>eo</strong></span> 
     </span>
    </p>
   </div>
   <div class='ocr_carea' id='block_1_61' title="bbox 909 1426 1691 1465">
    <p class='ocr_par' dir='ltr' id='par_1_61' title="bbox 909 1426 1691 1465">
     <span class='ocr_line' id='line_1_61' title="bbox 909 1426 1691 1465; baseline 0.006 -12"><span class='ocrx_word' id='word_1_458' title='bbox 909 1426 956 1454; x_wconf 84' lang='lat' dir='ltr'><strong>Dei</strong></span> <span class='ocrx_word' id='word_1_459' title='bbox 968 1428 1079 1461; x_wconf 82' lang='lat' dir='ltr'><strong>angelus</strong></span> <span class='ocrx_word' id='word_1_460' title='bbox 1092 1428 1213 1455; x_wconf 84' lang='lat' dir='ltr'><strong>dicatur:</strong></span> <span class='ocrx_word' id='word_1_461' title='bbox 1227 1434 1255 1456; x_wconf 89' lang='lat' dir='ltr'><strong>et</strong></span> <span class='ocrx_word' id='word_1_462' title='bbox 1270 1435 1332 1456; x_wconf 92' lang='lat' dir='ltr'><strong>tunc</strong></span> <span class='ocrx_word' id='word_1_463' title='bbox 1345 1437 1407 1464; x_wconf 83' lang='lat' dir='ltr'><strong>pars</strong></span> <span class='ocrx_word' id='word_1_464' title='bbox 1419 1429 1486 1465; x_wconf 88' lang='lat' dir='ltr'><strong>ejus,</strong></span> <span class='ocrx_word' id='word_1_465' title='bbox 1501 1431 1528 1458; x_wconf 90' lang='lat' dir='ltr'><strong>id</strong></span> <span class='ocrx_word' id='word_1_466' title='bbox 1538 1436 1580 1458; x_wconf 90' lang='lat' dir='ltr'><strong>est</strong></span> <span class='ocrx_word' id='word_1_467' title='bbox 1596 1432 1691 1458; x_wconf 89' lang='lat' dir='ltr'><strong>imma-</strong></span> 
     </span>
    </p>
   </div>
   <div class='ocr_carea' id='block_1_62' title="bbox 907 1474 1691 1509">
    <p class='ocr_par' dir='ltr' id='par_1_62' title="bbox 907 1474 1691 1509">
     <span class='ocr_line' id='line_1_62' title="bbox 907 1474 1691 1509; baseline 0.009 -11"><span class='ocrx_word' id='word_1_468' title='bbox 907 1480 949 1499; x_wconf 79' lang='lat' dir='ltr'><strong>nae</strong></span> <span class='ocrx_word' id='word_1_469' title='bbox 964 1478 1067 1500; x_wconf 72' lang='lat' dir='ltr'><strong>naturae</strong></span> <span class='ocrx_word' id='word_1_470' title='bbox 1082 1480 1145 1507; x_wconf 87' lang='lat' dir='ltr'><strong>pars</strong></span> <span class='ocrx_word' id='word_1_471' title='bbox 1160 1474 1253 1501; x_wconf 81' lang='lat' dir='ltr'><strong>avulsa</strong></span> <span class='ocrx_word' id='word_1_472' title='bbox 1269 1483 1283 1501; x_wconf 86' lang='lat' dir='ltr'><strong>a</strong></span> <span class='ocrx_word' id='word_1_473' title='bbox 1297 1474 1343 1501; x_wconf 86' lang='lat' dir='ltr'><strong>Dei</strong></span> <span class='ocrx_word' id='word_1_474' title='bbox 1361 1482 1438 1509; x_wconf 88' lang='lat' dir='ltr'><strong>parte</strong></span> <span class='ocrx_word' id='word_1_475' title='bbox 1453 1483 1514 1502; x_wconf 92' lang='lat' dir='ltr'><strong>cum</strong></span> <span class='ocrx_word' id='word_1_476' title='bbox 1537 1477 1691 1505; x_wconf 89' lang='lat' dir='ltr'><strong>inﬁdelibus</strong></span> 
     </span>
    </p>
   </div>
   <div class='ocr_carea' id='block_1_63' title="bbox 907 1518 1692 1556">
    <p class='ocr_par' dir='ltr' id='par_1_63' title="bbox 907 1518 1692 1556">
     <span class='ocr_line' id='line_1_63' title="bbox 907 1518 1692 1556; baseline 0.008 -12"><span class='ocrx_word' id='word_1_477' title='bbox 907 1518 1188 1553; x_wconf 83' lang='lat' dir='ltr'><strong>depulatur,quuuiam</strong></span> <span class='ocrx_word' id='word_1_478' title='bbox 1197 1520 1422 1548; x_wconf 87' lang='lat' dir='ltr'><strong>commonitiones</strong></span> <span class='ocrx_word' id='word_1_479' title='bbox 1432 1523 1544 1556; x_wconf 90' lang='lat' dir='ltr'><strong>appositi</strong></span> <span class='ocrx_word' id='word_1_480' title='bbox 1554 1523 1604 1549; x_wconf 90' lang='lat' dir='ltr'><strong>sibi</strong></span> <span class='ocrx_word' id='word_1_481' title='bbox 1614 1531 1627 1549; x_wconf 93' lang='lat' dir='ltr'><strong>a</strong></span> <span class='ocrx_word' id='word_1_482' title='bbox 1637 1523 1692 1550; x_wconf 91' lang='lat' dir='ltr'><strong>Deo</strong></span> 
     </span>
    </p>
   </div>
   <div class='ocr_carea' id='block_1_64' title="bbox 75 1553 1690 1602">
    <p class='ocr_par' dir='ltr' id='par_1_64' title="bbox 75 1553 1690 1602">
     <span class='ocr_line' id='line_1_64' title="bbox 75 1553 1690 1602; baseline 0.004 -12"><span class='ocrx_word' id='word_1_483' title='bbox 75 1560 211 1597; x_wconf 81' lang='lat' dir='ltr'><strong>Origenem</strong></span> <span class='ocrx_word' id='word_1_484' title='bbox 238 1564 393 1599; x_wconf 80' lang='lat' dir='ltr'><strong>assignasse</strong></span> <span class='ocrx_word' id='word_1_485' title='bbox 412 1574 419 1592; x_wconf 74' lang='grc' dir='ltr'>ε</span> <span class='ocrx_word' id='word_1_486' title='bbox 436 1566 571 1600; x_wconf 77' lang='lat' dir='ltr'><strong>geminum</strong></span> <span class='ocrx_word' id='word_1_487' title='bbox 592 1567 725 1601; x_wconf 83' lang='lat' dir='ltr'><strong>siquidem</strong></span> <span class='ocrx_word' id='word_1_488' title='bbox 749 1569 853 1596; x_wconf 89' lang='lat' dir='ltr'><strong>unicui-</strong></span> <span class='ocrx_word' id='word_1_489' title='bbox 867 1553 888 1581; x_wconf 62' lang='grc' dir='ltr'><strong>δ</strong></span> <span class='ocrx_word' id='word_1_490' title='bbox 905 1564 992 1599; x_wconf 75' lang='lat' dir='ltr'><strong>angeli</strong></span> <span class='ocrx_word' id='word_1_491' title='bbox 1010 1572 1061 1591; x_wconf 91' lang='lat' dir='ltr'><strong>non</strong></span> <span class='ocrx_word' id='word_1_492' title='bbox 1078 1564 1195 1592; x_wconf 88' lang='lat' dir='ltr'><strong>ﬁdeliter</strong></span> <span class='ocrx_word' id='word_1_493' title='bbox 1210 1566 1366 1593; x_wconf 89' lang='lat' dir='ltr'><strong>custodivit.</strong></span> <span class='ocrx_word' id='word_1_494' title='bbox 1386 1576 1395 1591; x_wconf 78' lang='grc' dir='ltr'><strong>ι</strong></span> <span class='ocrx_word' id='word_1_495' title='bbox 1413 1565 1498 1593; x_wconf 84' lang='grc' dir='ltr'><strong>Τοιιιο</strong></span> <span class='ocrx_word' id='word_1_496' title='bbox 1517 1575 1624 1602; x_wconf 88' lang='lat' dir='ltr'><strong>quoque</strong></span> <span class='ocrx_word' id='word_1_497' title='bbox 1640 1576 1690 1596; x_wconf 83' lang='lat' dir='ltr'><strong>xan</strong></span> 
     </span>
    </p>
   </div>
   <div class='ocr_carea' id='block_1_65' title="bbox 75 1609 853 1649">
    <p class='ocr_par' dir='ltr' id='par_1_65' title="bbox 75 1609 853 1649">
     <span class='ocr_line' id='line_1_65' title="bbox 75 1609 853 1649; baseline 0.008 -13"><span class='ocrx_word' id='word_1_498' title='bbox 75 1615 123 1643; x_wconf 76' lang='lat' dir='ltr'><strong>que</strong></span> <span class='ocrx_word' id='word_1_499' title='bbox 140 1609 267 1638; x_wconf 79' lang='lat' dir='ltr'><strong>Ecclesiae</strong></span> <span class='ocrx_word' id='word_1_500' title='bbox 281 1618 399 1646; x_wconf 78' lang='lat' dir='ltr'><strong>praeesse</strong></span> <span class='ocrx_word' id='word_1_501' title='bbox 412 1613 533 1640; x_wconf 83' lang='lat' dir='ltr'><strong>decrevit</strong></span> <span class='ocrx_word' id='word_1_502' title='bbox 546 1613 715 1648; x_wconf 85' lang='lat' dir='ltr'><strong>episcopum,</strong></span> <span class='ocrx_word' id='word_1_503' title='bbox 730 1620 853 1649; x_wconf 84' lang='lat' dir='ltr'><strong>aspecta-</strong></span> 
     </span>
    </p>
   </div>
   <div class='ocr_carea' id='block_1_66' title="bbox 74 1654 850 1694">
    <p class='ocr_par' dir='ltr' id='par_1_66' title="bbox 74 1654 850 1694">
     <span class='ocr_line' id='line_1_66' title="bbox 74 1654 850 1694; baseline 0.008 -12"><span class='ocrx_word' id='word_1_504' title='bbox 74 1654 150 1683; x_wconf 87' lang='lat' dir='ltr'><strong>bilem</strong></span> <span class='ocrx_word' id='word_1_505' title='bbox 162 1657 256 1690; x_wconf 88' lang='lat' dir='ltr'><strong>alium,</strong></span> <span class='ocrx_word' id='word_1_506' title='bbox 267 1657 349 1684; x_wconf 91' lang='lat' dir='ltr'><strong>alium</strong></span> <span class='ocrx_word' id='word_1_507' title='bbox 360 1658 410 1685; x_wconf 90' lang='lat' dir='ltr'><strong>sub</strong></span> <span class='ocrx_word' id='word_1_508' title='bbox 421 1659 515 1688; x_wconf 90' lang='lat' dir='ltr'><strong>oculos</strong></span> <span class='ocrx_word' id='word_1_509' title='bbox 523 1660 679 1694; x_wconf 89' lang='lat' dir='ltr'><strong>neutiquam</strong></span> <span class='ocrx_word' id='word_1_510' title='bbox 693 1661 850 1694; x_wconf 88' lang='lat' dir='ltr'><strong>cadentem;</strong></span> 
     </span>
    </p>
   </div>
   <div class='ocr_carea' id='block_1_67' title="bbox 76 1703 852 1740">
    <p class='ocr_par' dir='ltr' id='par_1_67' title="bbox 76 1703 852 1740">
     <span class='ocr_line' id='line_1_67' title="bbox 76 1703 852 1740; baseline 0.005 -11"><span class='ocrx_word' id='word_1_511' title='bbox 76 1703 198 1731; x_wconf 87' lang='lat' dir='ltr'><strong>suadente</strong></span> <span class='ocrx_word' id='word_1_512' title='bbox 211 1704 391 1740; x_wconf 82' lang='lat' dir='ltr'><strong>Apocalypsis</strong></span> <span class='ocrx_word' id='word_1_513' title='bbox 405 1705 524 1732; x_wconf 90' lang='lat' dir='ltr'><strong>secundo</strong></span> <span class='ocrx_word' id='word_1_514' title='bbox 538 1706 636 1740; x_wconf 89' lang='lat' dir='ltr'><strong>capite,</strong></span> <span class='ocrx_word' id='word_1_515' title='bbox 659 1706 704 1733; x_wconf 90' lang='lat' dir='ltr'><strong>ubi</strong></span> <span class='ocrx_word' id='word_1_516' title='bbox 721 1706 804 1733; x_wconf 87' lang='lat' dir='ltr'><strong>multa</strong></span> <span class='ocrx_word' id='word_1_517' title='bbox 820 1708 852 1734; x_wconf 88' lang='lat' dir='ltr'><strong>de</strong></span> 
     </span>
    </p>
   </div>
   <div class='ocr_carea' id='block_1_68' title="bbox 75 1750 852 1785">
    <p class='ocr_par' dir='ltr' id='par_1_68' title="bbox 75 1750 852 1785">
     <span class='ocr_line' id='line_1_68' title="bbox 75 1750 852 1785; baseline 0.004 -10"><span class='ocrx_word' id='word_1_518' title='bbox 75 1750 171 1783; x_wconf 74' lang='lat' dir='ltr'><strong>angelis</strong></span> <span class='ocrx_word' id='word_1_519' title='bbox 195 1750 380 1778; x_wconf 85' lang='lat' dir='ltr'><strong>Ecclesiarum</strong></span> <span class='ocrx_word' id='word_1_520' title='bbox 407 1751 591 1778; x_wconf 87' lang='lat' dir='ltr'><strong>Asiaticarum</strong></span> <span class='ocrx_word' id='word_1_521' title='bbox 619 1759 691 1778; x_wconf 70' lang='lat' dir='ltr'><strong>curae</strong></span> <span class='ocrx_word' id='word_1_522' title='bbox 716 1751 852 1785; x_wconf 77' lang='lat' dir='ltr'><strong>praefectis</strong></span> 
     </span>
    </p>
   </div>
   <div class='ocr_carea' id='block_1_69' title="bbox 75 1796 850 1832">
    <p class='ocr_par' dir='ltr' id='par_1_69' title="bbox 75 1796 850 1832">
     <span class='ocr_line' id='line_1_69' title="bbox 75 1796 850 1832; baseline 0.003 -11"><span class='ocrx_word' id='word_1_523' title='bbox 75 1796 249 1825; x_wconf 84' lang='lat' dir='ltr'><strong>disseruntur.</strong></span> <span class='ocrx_word' id='word_1_524' title='bbox 265 1797 329 1830; x_wconf 72' lang='lat' dir='ltr'><strong>Quae</strong></span> <span class='ocrx_word' id='word_1_525' title='bbox 341 1797 486 1829; x_wconf 84' lang='lat' dir='ltr'><strong>sententia,</strong></span> <span class='ocrx_word' id='word_1_526' title='bbox 502 1797 630 1832; x_wconf 91' lang='lat' dir='ltr'><strong>quoniam</strong></span> <span class='ocrx_word' id='word_1_527' title='bbox 655 1796 783 1823; x_wconf 85' lang='lat' dir='ltr'><strong>tralatitia</strong></span> <span class='ocrx_word' id='word_1_528' title='bbox 798 1801 850 1830; x_wconf 89' lang='lat' dir='ltr'><strong>est,</strong></span> 
     </span>
    </p>
   </div>
   <div class='ocr_carea' id='block_1_70' title="bbox 75 1841 850 1877">
    <p class='ocr_par' dir='ltr' id='par_1_70' title="bbox 75 1841 850 1877">
     <span class='ocr_line' id='line_1_70' title="bbox 75 1841 850 1877; baseline 0.001 -9"><span class='ocrx_word' id='word_1_529' title='bbox 75 1847 100 1869; x_wconf 87' lang='lat' dir='ltr'><strong>et</strong></span> <span class='ocrx_word' id='word_1_530' title='bbox 112 1841 220 1871; x_wconf 86' lang='lat' dir='ltr'><strong>Patrum</strong></span> <span class='ocrx_word' id='word_1_531' title='bbox 247 1851 378 1871; x_wconf 89' lang='lat' dir='ltr'><strong>consensu</strong></span> <span class='ocrx_word' id='word_1_532' title='bbox 402 1844 516 1870; x_wconf 87' lang='lat' dir='ltr'><strong>subnixa</strong></span> <span class='ocrx_word' id='word_1_533' title='bbox 530 1863 538 1877; x_wconf 91' lang='lat'><strong>,</strong></span> <span class='ocrx_word' id='word_1_534' title='bbox 561 1843 692 1870; x_wconf 88' lang='lat' dir='ltr'><strong>addemus</strong></span> <span class='ocrx_word' id='word_1_535' title='bbox 715 1850 746 1869; x_wconf 88' lang='lat' dir='ltr'><strong>ea</strong></span> <span class='ocrx_word' id='word_1_536' title='bbox 763 1842 850 1870; x_wconf 90' lang='lat' dir='ltr'><strong>solum</strong></span> 
     </span>
    </p>
   </div>
   <div class='ocr_carea' id='block_1_71' title="bbox 76 1887 849 1924">
    <p class='ocr_par' dir='ltr' id='par_1_71' title="bbox 76 1887 849 1924">
     <span class='ocr_line' id='line_1_71' title="bbox 76 1887 849 1924; baseline -0.003 -8"><span class='ocrx_word' id='word_1_537' title='bbox 76 1887 192 1924; x_wconf 79' lang='lat' dir='ltr'><strong>Origenis</strong></span> <span class='ocrx_word' id='word_1_538' title='bbox 214 1890 296 1918; x_wconf 81' lang='lat' dir='ltr'><strong>verba</strong></span> <span class='ocrx_word' id='word_1_539' title='bbox 314 1897 346 1917; x_wconf 85' lang='lat' dir='ltr'><strong>ex</strong></span> <span class='ocrx_word' id='word_1_540' title='bbox 364 1889 459 1916; x_wconf 85' lang='lat' dir='ltr'><strong>homii.</strong></span> <span class='ocrx_word' id='word_1_541' title='bbox 479 1889 514 1915; x_wconf 76' lang='grc'><strong>25</strong></span> <span class='ocrx_word' id='word_1_542' title='bbox 541 1889 569 1915; x_wconf 87' lang='lat' dir='ltr'><strong>in</strong></span> <span class='ocrx_word' id='word_1_543' title='bbox 584 1887 648 1915; x_wconf 82' lang='lat' dir='ltr'><strong>Luc.</strong></span> <span class='ocrx_word' id='word_1_544' title='bbox 667 1895 676 1913; x_wconf 91' lang='lat'><strong><em>:</em></strong></span> <span class='ocrx_word' id='word_1_545' title='bbox 695 1897 703 1913; x_wconf 78' lang='grc' dir='ltr'><strong>ι</strong></span> <span class='ocrx_word' id='word_1_546' title='bbox 723 1887 778 1922; x_wconf 77' lang='lat' dir='ltr'><strong>Ego</strong></span> <span class='ocrx_word' id='word_1_547' title='bbox 797 1896 849 1915; x_wconf 94' lang='lat' dir='ltr'><strong>non</strong></span> 
     </span>
    </p>
   </div>
   <div class='ocr_carea' id='block_1_72' title="bbox 76 1934 851 1972">
    <p class='ocr_par' dir='ltr' id='par_1_72' title="bbox 76 1934 851 1972">
     <span class='ocr_line' id='line_1_72' title="bbox 76 1934 851 1972; baseline 0 -11"><span class='ocrx_word' id='word_1_548' title='bbox 76 1936 174 1972; x_wconf 76' lang='lat' dir='ltr'><strong>ambigo</strong></span> <span class='ocrx_word' id='word_1_549' title='bbox 186 1942 214 1964; x_wconf 90' lang='lat' dir='ltr'><strong>et</strong></span> <span class='ocrx_word' id='word_1_550' title='bbox 232 1937 258 1963; x_wconf 93' lang='lat' dir='ltr'><strong>in</strong></span> <span class='ocrx_word' id='word_1_551' title='bbox 274 1943 345 1963; x_wconf 67' lang='lat' dir='ltr'><strong>cantu</strong></span> <span class='ocrx_word' id='word_1_552' title='bbox 368 1941 462 1963; x_wconf 89' lang='lat' dir='ltr'><strong>nostro</strong></span> <span class='ocrx_word' id='word_1_553' title='bbox 480 1935 574 1962; x_wconf 88' lang='lat' dir='ltr'><strong>adesse</strong></span> <span class='ocrx_word' id='word_1_554' title='bbox 596 1934 718 1969; x_wconf 72' lang='lat' dir='ltr'><strong>angelos,</strong></span> <span class='ocrx_word' id='word_1_555' title='bbox 735 1942 789 1961; x_wconf 93' lang='lat' dir='ltr'><strong>non</strong></span> <span class='ocrx_word' id='word_1_556' title='bbox 806 1941 851 1961; x_wconf 91' lang='lat' dir='ltr'><strong>so-</strong></span> 
     </span>
    </p>
   </div>
   <div class='ocr_carea' id='block_1_73' title="bbox 77 1979 850 2017">
    <p class='ocr_par' dir='ltr' id='par_1_73' title="bbox 77 1979 850 2017">
     <span class='ocr_line' id='line_1_73' title="bbox 77 1979 850 2017; baseline -0.003 -10"><span class='ocrx_word' id='word_1_557' title='bbox 77 1981 126 2009; x_wconf 90' lang='lat' dir='ltr'><strong>lum</strong></span> <span class='ocrx_word' id='word_1_558' title='bbox 151 1983 316 2017; x_wconf 75' lang='lat' dir='ltr'><strong>generaliter</strong></span> <span class='ocrx_word' id='word_1_559' title='bbox 348 1982 420 2010; x_wconf 85' lang='lat' dir='ltr'><strong>onnii</strong></span> <span class='ocrx_word' id='word_1_560' title='bbox 435 1981 575 2011; x_wconf 80' lang='lat' dir='ltr'><strong>Ecclesiae.</strong></span> <span class='ocrx_word' id='word_1_561' title='bbox 591 1980 637 2007; x_wconf 88' lang='lat' dir='ltr'><strong>sed</strong></span> <span class='ocrx_word' id='word_1_562' title='bbox 656 1981 736 2006; x_wconf 83' lang='lat' dir='ltr'><strong>etiam</strong></span> <span class='ocrx_word' id='word_1_563' title='bbox 750 1979 850 2014; x_wconf 77' lang='lat' dir='ltr'><strong>sigilla-</strong></span> 
     </span>
    </p>
   </div>
   <div class='ocr_carea' id='block_1_74' title="bbox 76 2026 850 2065">
    <p class='ocr_par' dir='ltr' id='par_1_74' title="bbox 76 2026 850 2065">
     <span class='ocr_line' id='line_1_74' title="bbox 76 2026 850 2065; baseline -0.005 -9"><span class='ocrx_word' id='word_1_564' title='bbox 76 2029 119 2056; x_wconf 84' lang='lat' dir='ltr'><strong>titn</strong></span> <span class='ocrx_word' id='word_1_565' title='bbox 132 2038 139 2056; x_wconf 90' lang='lat'><strong>:</strong></span> <span class='ocrx_word' id='word_1_566' title='bbox 153 2030 184 2057; x_wconf 87' lang='lat' dir='ltr'><strong>de</strong></span> <span class='ocrx_word' id='word_1_567' title='bbox 195 2030 293 2065; x_wconf 90' lang='lat' dir='ltr'><strong>quibus</strong></span> <span class='ocrx_word' id='word_1_568' title='bbox 308 2028 432 2056; x_wconf 88' lang='lat' dir='ltr'><strong>Salvator</strong></span> <span class='ocrx_word' id='word_1_569' title='bbox 447 2029 485 2055; x_wconf 90' lang='lat' dir='ltr'><strong>ait</strong></span> <span class='ocrx_word' id='word_1_570' title='bbox 500 2036 507 2055; x_wconf 89' lang='lat' dir='ltr'><strong>a</strong></span> <span class='ocrx_word' id='word_1_571' title='bbox 528 2026 621 2062; x_wconf 70' lang='grc' dir='ltr'><strong>Ληρείί</strong></span> <span class='ocrx_word' id='word_1_572' title='bbox 641 2035 730 2053; x_wconf 82' lang='lat' dir='ltr'><strong>eorum</strong></span> <span class='ocrx_word' id='word_1_573' title='bbox 750 2034 850 2060; x_wconf 79' lang='lat' dir='ltr'><strong>semper</strong></span> 
     </span>
    </p>
   </div>
   <div class='ocr_carea' id='block_1_75' title="bbox 75 2072 847 2111">
    <p class='ocr_par' dir='ltr' id='par_1_75' title="bbox 75 2072 847 2111">
     <span class='ocr_line' id='line_1_75' title="bbox 75 2072 847 2111; baseline -0.003 -10"><span class='ocrx_word' id='word_1_574' title='bbox 75 2076 153 2102; x_wconf 79' lang='lat' dir='ltr'><strong>rident</strong></span> <span class='ocrx_word' id='word_1_575' title='bbox 176 2076 272 2111; x_wconf 79' lang='lat' dir='ltr'><strong>faciem</strong></span> <span class='ocrx_word' id='word_1_576' title='bbox 290 2075 377 2102; x_wconf 77' lang='lat' dir='ltr'><strong>Patris</strong></span> <span class='ocrx_word' id='word_1_577' title='bbox 393 2075 442 2101; x_wconf 79' lang='lat' dir='ltr'><strong>mei</strong></span> <span class='ocrx_word' id='word_1_578' title='bbox 454 2074 499 2108; x_wconf 81' lang='lat' dir='ltr'><strong>qui</strong></span> <span class='ocrx_word' id='word_1_579' title='bbox 514 2074 541 2100; x_wconf 77' lang='lat' dir='ltr'><strong>in</strong></span> <span class='ocrx_word' id='word_1_580' title='bbox 556 2073 626 2100; x_wconf 65' lang='lat' dir='ltr'><strong>cali:</strong></span> <span class='ocrx_word' id='word_1_581' title='bbox 640 2077 677 2099; x_wconf 76' lang='lat' dir='ltr'><strong>est</strong></span> <span class='ocrx_word' id='word_1_582' title='bbox 695 2072 728 2098; x_wconf 58' lang='grc' dir='ltr'><strong>ιι.</strong></span> <span class='ocrx_word' id='word_1_583' title='bbox 747 2072 847 2106; x_wconf 88' lang='lat' dir='ltr'><strong>Dupch</strong></span> 
     </span>
    </p>
   </div>
   <div class='ocr_carea' id='block_1_76' title="bbox 75 2117 847 2155">
    <p class='ocr_par' dir='ltr' id='par_1_76' title="bbox 75 2117 847 2155">
     <span class='ocr_line' id='line_1_76' title="bbox 75 2117 847 2155; baseline -0.006 -7"><span class='ocrx_word' id='word_1_584' title='bbox 75 2121 114 2150; x_wconf 88' lang='lat' dir='ltr'><strong>hic</strong></span> <span class='ocrx_word' id='word_1_585' title='bbox 127 2123 200 2151; x_wconf 83' lang='lat' dir='ltr'><strong>adest</strong></span> <span class='ocrx_word' id='word_1_586' title='bbox 225 2121 346 2150; x_wconf 86' lang='lat' dir='ltr'><strong>Ecclesia</strong></span> <span class='ocrx_word' id='word_1_587' title='bbox 357 2142 365 2155; x_wconf 88' lang='lat'><strong>,</strong></span> <span class='ocrx_word' id='word_1_588' title='bbox 384 2128 435 2147; x_wconf 92' lang='lat' dir='ltr'><strong>una</strong></span> <span class='ocrx_word' id='word_1_589' title='bbox 454 2120 591 2147; x_wconf 91' lang='lat' dir='ltr'><strong>hominum</strong></span> <span class='ocrx_word' id='word_1_590' title='bbox 606 2138 613 2150; x_wconf 92' lang='lat'><strong>,</strong></span> <span class='ocrx_word' id='word_1_591' title='bbox 628 2118 711 2145; x_wconf 86' lang='lat' dir='ltr'><strong>altera</strong></span> <span class='ocrx_word' id='word_1_592' title='bbox 739 2117 847 2152; x_wconf 82' lang='lat' dir='ltr'><strong>angelo—</strong></span> 
     </span>
    </p>
   </div>
   <div class='ocr_carea' id='block_1_77' title="bbox 75 2163 846 2204">
    <p class='ocr_par' dir='ltr' id='par_1_77' title="bbox 75 2163 846 2204">
     <span class='ocr_line' id='line_1_77' title="bbox 75 2163 846 2204; baseline -0.008 -10"><span class='ocrx_word' id='word_1_593' title='bbox 75 2176 138 2197; x_wconf 89' lang='lat' dir='ltr'><strong>rum.</strong></span> <span class='ocrx_word' id='word_1_594' title='bbox 153 2169 180 2197; x_wconf 87' lang='lat' dir='ltr'><strong>Si</strong></span> <span class='ocrx_word' id='word_1_595' title='bbox 195 2168 345 2204; x_wconf 78' lang='lat' dir='ltr'><strong>quidjuxla</strong></span> <span class='ocrx_word' id='word_1_596' title='bbox 363 2167 504 2198; x_wconf 86' lang='lat' dir='ltr'><strong>rationem,</strong></span> <span class='ocrx_word' id='word_1_597' title='bbox 517 2170 544 2192; x_wconf 86' lang='lat' dir='ltr'><strong>et</strong></span> <span class='ocrx_word' id='word_1_598' title='bbox 556 2165 632 2200; x_wconf 79' lang='lat' dir='ltr'><strong>juxta</strong></span> <span class='ocrx_word' id='word_1_599' title='bbox 646 2163 846 2197; x_wconf 88' lang='lat' dir='ltr'><strong>Scripturarum</strong></span> 
     </span>
    </p>
   </div>
   <div class='ocr_carea' id='block_1_78' title="bbox 74 2209 886 2251">
    <p class='ocr_par' dir='ltr' id='par_1_78' title="bbox 74 2209 886 2251">
     <span class='ocr_line' id='line_1_78' title="bbox 74 2209 886 2251; baseline -0.007 -10"><span class='ocrx_word' id='word_1_600' title='bbox 74 2214 180 2243; x_wconf 87' lang='lat' dir='ltr'><strong>dicimus</strong></span> <span class='ocrx_word' id='word_1_601' title='bbox 190 2215 366 2247; x_wconf 88' lang='lat' dir='ltr'><strong>voluntatem,</strong></span> <span class='ocrx_word' id='word_1_602' title='bbox 380 2213 505 2240; x_wconf 70' lang='lat' dir='ltr'><strong>laetantur</strong></span> <span class='ocrx_word' id='word_1_603' title='bbox 518 2211 616 2246; x_wconf 75' lang='lat' dir='ltr'><strong>angeli,</strong></span> <span class='ocrx_word' id='word_1_604' title='bbox 629 2216 656 2237; x_wconf 89' lang='lat' dir='ltr'><strong>et</strong></span> <span class='ocrx_word' id='word_1_605' title='bbox 666 2215 745 2237; x_wconf 86' lang='lat' dir='ltr'><strong>orant</strong></span> <span class='ocrx_word' id='word_1_606' title='bbox 756 2209 847 2236; x_wconf 89' lang='lat' dir='ltr'><strong>uobis-</strong></span> <span class='ocrx_word' id='word_1_607' title='bbox 864 2224 886 2251; x_wconf 70' lang='grc' dir='ltr'><strong>ι)</strong></span> 
     </span>
    </p>
   </div>
   <div class='ocr_carea' id='block_1_79' title="bbox 74 2255 843 2297">
    <p class='ocr_par' dir='ltr' id='par_1_79' title="bbox 74 2255 843 2297">
     <span class='ocr_line' id='line_1_79' title="bbox 74 2255 843 2297; baseline -0.009 -10"><span class='ocrx_word' id='word_1_608' title='bbox 74 2267 138 2288; x_wconf 91' lang='lat' dir='ltr'><strong>cum.</strong></span> <span class='ocrx_word' id='word_1_609' title='bbox 162 2262 195 2289; x_wconf 85' lang='lat' dir='ltr'><strong>Et</strong></span> <span class='ocrx_word' id='word_1_610' title='bbox 217 2261 280 2297; x_wconf 90' lang='lat' dir='ltr'><strong>quia</strong></span> <span class='ocrx_word' id='word_1_611' title='bbox 301 2263 448 2296; x_wconf 68' lang='lat' dir='ltr'><strong>praesentes</strong></span> <span class='ocrx_word' id='word_1_612' title='bbox 474 2257 560 2293; x_wconf 77' lang='lat' dir='ltr'><strong>angeli</strong></span> <span class='ocrx_word' id='word_1_613' title='bbox 586 2262 648 2284; x_wconf 93' lang='lat' dir='ltr'><strong>sunt</strong></span> <span class='ocrx_word' id='word_1_614' title='bbox 673 2256 699 2282; x_wconf 91' lang='lat' dir='ltr'><strong>in</strong></span> <span class='ocrx_word' id='word_1_615' title='bbox 715 2255 843 2287; x_wconf 80' lang='lat' dir='ltr'><strong>Ecclesia,</strong></span> 
     </span>
    </p>
   </div>
   <div class='ocr_carea' id='block_1_80' title="bbox 74 2302 845 2342">
    <p class='ocr_par' dir='ltr' id='par_1_80' title="bbox 74 2302 845 2342">
     <span class='ocr_line' id='line_1_80' title="bbox 74 2302 845 2342; baseline -0.008 -9"><span class='ocrx_word' id='word_1_616' title='bbox 74 2305 98 2334; x_wconf 85' lang='lat' dir='ltr'><strong>in</strong></span> <span class='ocrx_word' id='word_1_617' title='bbox 112 2307 153 2334; x_wconf 89' lang='lat' dir='ltr'><strong>illa</strong></span> <span class='ocrx_word' id='word_1_618' title='bbox 169 2309 300 2335; x_wconf 82' lang='lat' dir='ltr'><strong>duntaxat</strong></span> <span class='ocrx_word' id='word_1_619' title='bbox 318 2314 377 2342; x_wconf 67' lang='lat' dir='ltr'><strong>qua:</strong></span> <span class='ocrx_word' id='word_1_620' title='bbox 393 2309 522 2336; x_wconf 86' lang='lat' dir='ltr'><strong>meretur,</strong></span> <span class='ocrx_word' id='word_1_621' title='bbox 545 2309 571 2330; x_wconf 90' lang='lat' dir='ltr'><strong>et</strong></span> <span class='ocrx_word' id='word_1_622' title='bbox 590 2302 689 2330; x_wconf 88' lang='lat' dir='ltr'><strong>Christi</strong></span> <span class='ocrx_word' id='word_1_623' title='bbox 707 2307 749 2329; x_wconf 89' lang='lat' dir='ltr'><strong>est</strong></span> <span class='ocrx_word' id='word_1_624' title='bbox 761 2323 768 2335; x_wconf 96' lang='lat'><strong>,</strong></span> <span class='ocrx_word' id='word_1_625' title='bbox 781 2309 845 2336; x_wconf 90' lang='lat' dir='ltr'><strong>pro-</strong></span> 
     </span>
    </p>
   </div>
   <div class='ocr_carea' id='block_1_81' title="bbox 73 2348 846 2386">
    <p class='ocr_par' dir='ltr' id='par_1_81' title="bbox 73 2348 846 2386">
     <span class='ocr_line' id='line_1_81' title="bbox 73 2348 846 2386; baseline -0.009 -6"><span class='ocrx_word' id='word_1_626' title='bbox 73 2357 155 2386; x_wconf 80' lang='lat' dir='ltr'><strong>pterea</strong></span> <span class='ocrx_word' id='word_1_627' title='bbox 168 2354 309 2382; x_wconf 90' lang='lat' dir='ltr'><strong>orantibus</strong></span> <span class='ocrx_word' id='word_1_628' title='bbox 336 2352 445 2380; x_wconf 82' lang='lat' dir='ltr'><strong>feminis</strong></span> <span class='ocrx_word' id='word_1_629' title='bbox 461 2349 617 2386; x_wconf 75' lang='lat' dir='ltr'><strong>praecipitur</strong></span> <span class='ocrx_word' id='word_1_630' title='bbox 631 2348 665 2382; x_wconf 57' lang='grc' dir='ltr'><strong>δ’,</strong></span> <span class='ocrx_word' id='word_1_631' title='bbox 686 2353 714 2374; x_wconf 86' lang='grc' dir='ltr'><strong>ιιι</strong></span> <span class='ocrx_word' id='word_1_632' title='bbox 728 2349 846 2375; x_wconf 86' lang='lat' dir='ltr'><strong>habeant</strong></span> 
     </span>
    </p>
   </div>
   <div class='ocr_carea' id='block_1_82' title="bbox 73 2394 845 2435">
    <p class='ocr_par' dir='ltr' id='par_1_82' title="bbox 73 2394 845 2435">
     <span class='ocr_line' id='line_1_82' title="bbox 73 2394 845 2435; baseline -0.009 -9"><span class='ocrx_word' id='word_1_633' title='bbox 73 2399 182 2428; x_wconf 83' lang='lat' dir='ltr'><strong>velamen</strong></span> <span class='ocrx_word' id='word_1_634' title='bbox 207 2408 288 2435; x_wconf 87' lang='lat' dir='ltr'><strong>super</strong></span> <span class='ocrx_word' id='word_1_635' title='bbox 302 2404 385 2435; x_wconf 89' lang='lat' dir='ltr'><strong>caput</strong></span> <span class='ocrx_word' id='word_1_636' title='bbox 405 2402 518 2432; x_wconf 88' lang='lat' dir='ltr'><strong>propter</strong></span> <span class='ocrx_word' id='word_1_637' title='bbox 538 2395 666 2430; x_wconf 79' lang='lat' dir='ltr'><strong>angelos,</strong></span> <span class='ocrx_word' id='word_1_638' title='bbox 693 2394 786 2428; x_wconf 87' lang='lat' dir='ltr'><strong>utique</strong></span> <span class='ocrx_word' id='word_1_639' title='bbox 813 2394 845 2420; x_wconf 93' lang='lat' dir='ltr'><strong>il-</strong></span> 
     </span>
    </p>
   </div>
   <div class='ocr_carea' id='block_1_83' title="bbox 72 2439 844 2480">
    <p class='ocr_par' dir='ltr' id='par_1_83' title="bbox 72 2439 844 2480">
     <span class='ocr_line' id='line_1_83' title="bbox 72 2439 844 2480; baseline -0.009 -7"><span class='ocrx_word' id='word_1_640' title='bbox 72 2443 106 2470; x_wconf 76' lang='lat' dir='ltr'><strong>los</strong></span> <span class='ocrx_word' id='word_1_641' title='bbox 127 2447 169 2480; x_wconf 91' lang='lat' dir='ltr'><strong>qui</strong></span> <span class='ocrx_word' id='word_1_642' title='bbox 193 2447 323 2474; x_wconf 90' lang='lat' dir='ltr'><strong>assistunt</strong></span> <span class='ocrx_word' id='word_1_643' title='bbox 346 2445 467 2477; x_wconf 87' lang='lat' dir='ltr'><strong>sanctis,</strong></span> <span class='ocrx_word' id='word_1_644' title='bbox 492 2447 520 2470; x_wconf 91' lang='lat' dir='ltr'><strong>et</strong></span> <span class='ocrx_word' id='word_1_645' title='bbox 545 2441 671 2469; x_wconf 74' lang='lat' dir='ltr'><strong>iactantur</strong></span> <span class='ocrx_word' id='word_1_646' title='bbox 697 2441 724 2467; x_wconf 94' lang='lat' dir='ltr'><strong>in</strong></span> <span class='ocrx_word' id='word_1_647' title='bbox 751 2439 844 2467; x_wconf 86' lang='lat' dir='ltr'><strong>Eccle—</strong></span> 
     </span>
    </p>
   </div>
   <div class='ocr_carea' id='block_1_84' title="bbox 71 2490 145 2517">
    <p class='ocr_par' dir='ltr' id='par_1_84' title="bbox 71 2490 145 2517">
     <span class='ocr_line' id='line_1_84' title="bbox 71 2490 145 2517; baseline 0.027 -2"><span class='ocrx_word' id='word_1_648' title='bbox 71 2490 116 2517; x_wconf 89' lang='lat' dir='ltr'><strong>sia.</strong></span> <span class='ocrx_word' id='word_1_649' title='bbox 136 2501 145 2517; x_wconf 87' lang='grc'><strong>›</strong></span> 
     </span>
    </p>
   </div>
   <div class='ocr_carea' id='block_1_85' title="bbox 101 2531 844 2572">
    <p class='ocr_par' dir='ltr' id='par_1_85' title="bbox 101 2531 844 2572">
     <span class='ocr_line' id='line_1_85' title="bbox 101 2531 844 2572; baseline -0.009 -7"><span class='ocrx_word' id='word_1_650' title='bbox 101 2536 214 2566; x_wconf 75' lang='lat' dir='ltr'><strong>XXVlII.</strong></span> <span class='ocrx_word' id='word_1_651' title='bbox 231 2539 267 2566; x_wconf 84' lang='lat' dir='ltr'><strong>At</strong></span> <span class='ocrx_word' id='word_1_652' title='bbox 282 2541 315 2566; x_wconf 87' lang='lat' dir='ltr'><strong>de</strong></span> <span class='ocrx_word' id='word_1_653' title='bbox 327 2537 430 2572; x_wconf 75' lang='lat' dir='ltr'><strong>angelis</strong></span> <span class='ocrx_word' id='word_1_654' title='bbox 452 2536 592 2564; x_wconf 91' lang='lat' dir='ltr'><strong>hominum</strong></span> <span class='ocrx_word' id='word_1_655' title='bbox 607 2533 735 2561; x_wconf 82' lang='lat' dir='ltr'><strong>custodiae</strong></span> <span class='ocrx_word' id='word_1_656' title='bbox 747 2531 844 2567; x_wconf 76' lang='lat' dir='ltr'><strong>praeie-</strong></span> 
     </span>
    </p>
   </div>
   <div class='ocr_carea' id='block_1_86' title="bbox 71 2578 843 2618">
    <p class='ocr_par' dir='ltr' id='par_1_86' title="bbox 71 2578 843 2618">
     <span class='ocr_line' id='line_1_86' title="bbox 71 2578 843 2618; baseline -0.003 -11"><span class='ocrx_word' id='word_1_657' title='bbox 71 2581 126 2615; x_wconf 84' lang='lat' dir='ltr'><strong>ctis,</strong></span> <span class='ocrx_word' id='word_1_658' title='bbox 136 2585 196 2618; x_wconf 86' lang='lat' dir='ltr'><strong>quid</strong></span> <span class='ocrx_word' id='word_1_659' title='bbox 211 2585 326 2612; x_wconf 90' lang='lat' dir='ltr'><strong>sentiret</strong></span> <span class='ocrx_word' id='word_1_660' title='bbox 338 2583 480 2618; x_wconf 76' lang='lat' dir='ltr'><strong>Origenes,</strong></span> <span class='ocrx_word' id='word_1_661' title='bbox 489 2588 592 2610; x_wconf 88' lang='lat' dir='ltr'><strong>certuan</strong></span> <span class='ocrx_word' id='word_1_662' title='bbox 601 2588 653 2608; x_wconf 91' lang='lat' dir='ltr'><strong>non</strong></span> <span class='ocrx_word' id='word_1_663' title='bbox 666 2579 768 2607; x_wconf 88' lang='lat' dir='ltr'><strong>habuit.</strong></span> <span class='ocrx_word' id='word_1_664' title='bbox 776 2578 843 2605; x_wconf 81' lang='lat' dir='ltr'><strong>Natat</strong></span> 
     </span>
    </p>
   </div>
   <div class='ocr_carea' id='block_1_87' title="bbox 71 2626 841 2665">
    <p class='ocr_par' dir='ltr' id='par_1_87' title="bbox 71 2626 841 2665">
     <span class='ocr_line' id='line_1_87' title="bbox 71 2626 841 2665; baseline 0 -12"><span class='ocrx_word' id='word_1_665' title='bbox 71 2627 176 2660; x_wconf 88' lang='lat' dir='ltr'><strong>primum</strong></span> <span class='ocrx_word' id='word_1_666' title='bbox 192 2631 321 2665; x_wconf 88' lang='lat' dir='ltr'><strong>relinquit</strong></span> <span class='ocrx_word' id='word_1_667' title='bbox 345 2631 455 2657; x_wconf 91' lang='lat' dir='ltr'><strong>dubium</strong></span> <span class='ocrx_word' id='word_1_668' title='bbox 470 2650 477 2660; x_wconf 95' lang='lat'><strong>,</strong></span> <span class='ocrx_word' id='word_1_669' title='bbox 497 2628 649 2663; x_wconf 77' lang='lat' dir='ltr'><strong>singulisne</strong></span> <span class='ocrx_word' id='word_1_670' title='bbox 667 2626 820 2655; x_wconf 91' lang='lat' dir='ltr'><strong>hominibus</strong></span> <span class='ocrx_word' id='word_1_671' title='bbox 833 2647 841 2659; x_wconf 94' lang='lat'><strong>,</strong></span> 
     </span>
    </p>
   </div>
   <div class='ocr_carea' id='block_1_88' title="bbox 70 2674 843 2711">
    <p class='ocr_par' dir='ltr' id='par_1_88' title="bbox 70 2674 843 2711">
     <span class='ocr_line' id='line_1_88' title="bbox 70 2674 843 2711; baseline 0 -11"><span class='ocrx_word' id='word_1_672' title='bbox 70 2679 100 2700; x_wconf 84' lang='lat' dir='ltr'><strong>an</strong></span> <span class='ocrx_word' id='word_1_673' title='bbox 113 2675 207 2704; x_wconf 74' lang='lat' dir='ltr'><strong>Christi</strong></span> <span class='ocrx_word' id='word_1_674' title='bbox 222 2678 300 2705; x_wconf 92' lang='lat' dir='ltr'><strong>ﬁdem</strong></span> <span class='ocrx_word' id='word_1_675' title='bbox 317 2677 403 2704; x_wconf 92' lang='lat' dir='ltr'><strong>solum</strong></span> <span class='ocrx_word' id='word_1_676' title='bbox 427 2675 565 2711; x_wconf 85' lang='lat' dir='ltr'><strong>professis,</strong></span> <span class='ocrx_word' id='word_1_677' title='bbox 588 2679 614 2702; x_wconf 91' lang='lat' dir='ltr'><strong>et</strong></span> <span class='ocrx_word' id='word_1_678' title='bbox 628 2674 730 2701; x_wconf 87' lang='lat' dir='ltr'><strong>sanctis</strong></span> <span class='ocrx_word' id='word_1_679' title='bbox 752 2677 843 2700; x_wconf 87' lang='lat' dir='ltr'><strong>custos</strong></span> 
     </span>
    </p>
   </div>
   <div class='ocr_carea' id='block_1_89' title="bbox 70 2719 841 2759">
    <p class='ocr_par' dir='ltr' id='par_1_89' title="bbox 70 2719 841 2759">
     <span class='ocr_line' id='line_1_89' title="bbox 70 2719 841 2759; baseline -0.005 -10"><span class='ocrx_word' id='word_1_680' title='bbox 70 2721 171 2755; x_wconf 66' lang='lat' dir='ltr'><strong>angelus</strong></span> <span class='ocrx_word' id='word_1_681' title='bbox 195 2724 358 2759; x_wconf 73' lang='lat' dir='ltr'><strong>assignetur.</strong></span> <span class='ocrx_word' id='word_1_682' title='bbox 387 2721 525 2749; x_wconf 82' lang='lat' dir='ltr'><strong>Posterius</strong></span> <span class='ocrx_word' id='word_1_683' title='bbox 545 2720 610 2748; x_wconf 90' lang='lat' dir='ltr'><strong>illud</strong></span> <span class='ocrx_word' id='word_1_684' title='bbox 636 2719 707 2747; x_wconf 93' lang='lat' dir='ltr'><strong>tueri</strong></span> <span class='ocrx_word' id='word_1_685' title='bbox 735 2719 841 2746; x_wconf 85' lang='lat' dir='ltr'><strong>videtur</strong></span> 
     </span>
    </p>
   </div>
   <div class='ocr_carea' id='block_1_90' title="bbox 70 2763 839 2810">
    <p class='ocr_par' dir='ltr' id='par_1_90' title="bbox 70 2763 839 2810">
     <span class='ocr_line' id='line_1_90' title="bbox 70 2763 839 2810; baseline 0 -18"><span class='ocrx_word' id='word_1_686' title='bbox 70 2763 155 2796; x_wconf 83' lang='lat' dir='ltr'><strong>houiil.</strong></span> <span class='ocrx_word' id='word_1_687' title='bbox 168 2769 202 2798; x_wconf 73' lang='lat'><strong>20</strong></span> <span class='ocrx_word' id='word_1_688' title='bbox 216 2770 244 2798; x_wconf 85' lang='lat' dir='ltr'><strong>in</strong></span> <span class='ocrx_word' id='word_1_689' title='bbox 269 2769 366 2802; x_wconf 70' lang='lat' dir='ltr'><strong>Num,</strong></span> <span class='ocrx_word' id='word_1_690' title='bbox 387 2775 461 2796; x_wconf 89' lang='lat' dir='ltr'><strong>num.</strong></span> <span class='ocrx_word' id='word_1_691' title='bbox 484 2767 511 2800; x_wconf 78' lang='lat'><strong>3,</strong></span> <span class='ocrx_word' id='word_1_692' title='bbox 526 2772 554 2794; x_wconf 87' lang='lat' dir='ltr'><strong>et</strong></span> <span class='ocrx_word' id='word_1_693' title='bbox 574 2765 667 2810; x_wconf 81' lang='lat' dir='ltr'><strong>homii.</strong></span> <span class='ocrx_word' id='word_1_694' title='bbox 680 2764 716 2793; x_wconf 75' lang='grc'>25</span> <span class='ocrx_word' id='word_1_695' title='bbox 728 2765 756 2793; x_wconf 85' lang='lat' dir='ltr'><strong>in</strong></span> <span class='ocrx_word' id='word_1_696' title='bbox 769 2764 839 2793; x_wconf 61' lang='lat' dir='ltr'><strong>Jan.</strong></span> 
     </span>
    </p>
   </div>
   <div class='ocr_carea' id='block_1_91' title="bbox 99 2855 662 2893">
    <p class='ocr_par' dir='ltr' id='par_1_91' title="bbox 99 2855 662 2893">
     <span class='ocr_line' id='line_1_91' title="bbox 99 2855 662 2893; baseline -0.005 -7"><span class='ocrx_word' id='word_1_697' title='bbox 99 2856 118 2873; x_wconf 82' lang='lat'>“</span> <span class='ocrx_word' id='word_1_698' title='bbox 136 2858 224 2889; x_wconf 79' lang='lat' dir='ltr'><strong>Matth.</strong></span> <span class='ocrx_word' id='word_1_699' title='bbox 242 2870 320 2893; x_wconf 72' lang='lat' dir='ltr'><strong>xrtn,</strong></span> <span class='ocrx_word' id='word_1_700' title='bbox 340 2860 382 2887; x_wconf 72' lang='lat' dir='ltr'><strong>lt}.</strong></span> <span class='ocrx_word' id='word_1_701' title='bbox 429 2859 451 2874; x_wconf 68' lang='grc' dir='ltr'><strong>δ’</strong></span> <span class='ocrx_word' id='word_1_702' title='bbox 468 2858 548 2886; x_wconf 82' lang='lat' dir='ltr'><strong>lCor.</strong></span> <span class='ocrx_word' id='word_1_703' title='bbox 566 2865 603 2889; x_wconf 71' lang='lat' dir='ltr'><strong>si,</strong></span> <span class='ocrx_word' id='word_1_704' title='bbox 619 2855 662 2883; x_wconf 86' lang='lat' dir='ltr'><strong>l0.</strong></span> 
     </span>
    </p>
   </div>
   <div class='ocr_carea' id='block_1_92' title="bbox 904 1611 1690 1648">
    <p class='ocr_par' dir='ltr' id='par_1_92' title="bbox 904 1611 1690 1648">
     <span class='ocr_line' id='line_1_92' title="bbox 904 1611 1690 1648; baseline 0.006 -10"><span class='ocrx_word' id='word_1_705' title='bbox 904 1613 933 1639; x_wconf 84' lang='lat' dir='ltr'><strong>in</strong></span> <span class='ocrx_word' id='word_1_706' title='bbox 946 1611 1054 1644; x_wconf 69' lang='lat' dir='ltr'><strong>Malm,</strong></span> <span class='ocrx_word' id='word_1_707' title='bbox 1074 1620 1147 1640; x_wconf 92' lang='lat' dir='ltr'><strong>num.</strong></span> <span class='ocrx_word' id='word_1_708' title='bbox 1160 1613 1188 1644; x_wconf 87' lang='lat'><strong>6,</strong></span> <span class='ocrx_word' id='word_1_709' title='bbox 1201 1613 1267 1640; x_wconf 80' lang='lat' dir='ltr'><strong>solis</strong></span> <span class='ocrx_word' id='word_1_710' title='bbox 1286 1613 1318 1640; x_wconf 90' lang='lat' dir='ltr'><strong>iis</strong></span> <span class='ocrx_word' id='word_1_711' title='bbox 1335 1614 1486 1648; x_wconf 79' lang='lat' dir='ltr'><strong>angelicam</strong></span> <span class='ocrx_word' id='word_1_712' title='bbox 1506 1615 1610 1642; x_wconf 81' lang='lat' dir='ltr'><strong>videtur</strong></span> <span class='ocrx_word' id='word_1_713' title='bbox 1622 1616 1690 1643; x_wconf 89' lang='lat' dir='ltr'><strong>assi-</strong></span> 
     </span>
    </p>
   </div>
   <div class='ocr_carea' id='block_1_93' title="bbox 905 1658 1689 1694">
    <p class='ocr_par' dir='ltr' id='par_1_93' title="bbox 905 1658 1689 1694">
     <span class='ocr_line' id='line_1_93' title="bbox 905 1658 1689 1694; baseline 0.005 -10"><span class='ocrx_word' id='word_1_714' title='bbox 905 1664 988 1692; x_wconf 81' lang='lat' dir='ltr'><strong>gnare</strong></span> <span class='ocrx_word' id='word_1_715' title='bbox 1003 1658 1128 1690; x_wconf 82' lang='lat' dir='ltr'><strong>tutelam,</strong></span> <span class='ocrx_word' id='word_1_716' title='bbox 1146 1659 1191 1692; x_wconf 91' lang='lat' dir='ltr'><strong>qui</strong></span> <span class='ocrx_word' id='word_1_717' title='bbox 1207 1666 1238 1686; x_wconf 90' lang='lat' dir='ltr'><strong>ea</strong></span> <span class='ocrx_word' id='word_1_718' title='bbox 1263 1666 1292 1685; x_wconf 91' lang='lat' dir='ltr'><strong>se</strong></span> <span class='ocrx_word' id='word_1_719' title='bbox 1305 1659 1401 1694; x_wconf 72' lang='lat' dir='ltr'><strong>dignos</strong></span> <span class='ocrx_word' id='word_1_720' title='bbox 1422 1661 1596 1693; x_wconf 85' lang='lat' dir='ltr'><strong>praestiterint</strong></span> <span class='ocrx_word' id='word_1_721' title='bbox 1611 1661 1689 1688; x_wconf 74' lang='lat' dir='ltr'><strong>:&quot;lva</strong></span> 
     </span>
    </p>
   </div>
   <div class='ocr_carea' id='block_1_94' title="bbox 904 1703 1690 1740">
    <p class='ocr_par' dir='ltr' id='par_1_94' title="bbox 904 1703 1690 1740">
     <span class='ocr_line' id='line_1_94' title="bbox 904 1703 1690 1740; baseline 0.004 -10"><span class='ocrx_word' id='word_1_722' title='bbox 904 1705 1056 1740; x_wconf 80' lang='grc' dir='ltr'><strong>ὲνεργήσῃ,</strong></span> <span class='ocrx_word' id='word_1_723' title='bbox 1078 1704 1181 1737; x_wconf 88' lang='lat' dir='ltr'><strong>inquit,</strong></span> <span class='ocrx_word' id='word_1_724' title='bbox 1204 1703 1313 1739; x_wconf 81' lang='grc' dir='ltr'>πνεῦμα</span> <span class='ocrx_word' id='word_1_725' title='bbox 1341 1704 1495 1740; x_wconf 82' lang='grc' dir='ltr'><strong>ἀκάθαρτον</strong></span> <span class='ocrx_word' id='word_1_726' title='bbox 1516 1706 1556 1736; x_wconf 71' lang='grc' dir='ltr'><strong>εἰς</strong></span> <span class='ocrx_word' id='word_1_727' title='bbox 1576 1706 1621 1733; x_wconf 86' lang='grc' dir='ltr'><strong>τὸν</strong></span> <span class='ocrx_word' id='word_1_728' title='bbox 1646 1706 1690 1734; x_wconf 84' lang='grc' dir='ltr'><strong>διά</strong></span> 
     </span>
    </p>
   </div>
   <div class='ocr_carea' id='block_1_95' title="bbox 902 1749 1689 1787">
    <p class='ocr_par' dir='ltr' id='par_1_95' title="bbox 902 1749 1689 1787">
     <span class='ocr_line' id='line_1_95' title="bbox 902 1749 1689 1787; baseline 0.004 -11"><span class='ocrx_word' id='word_1_729' title='bbox 902 1758 977 1781; x_wconf 85' lang='grc' dir='ltr'><strong>τινας</strong></span> <span class='ocrx_word' id='word_1_730' title='bbox 992 1750 1080 1781; x_wconf 76' lang='grc' dir='ltr'>αἰτίας</span> <span class='ocrx_word' id='word_1_731' title='bbox 1093 1749 1304 1785; x_wconf 80' lang='grc' dir='ltr'><strong>παραδιδόμενον</strong></span> <span class='ocrx_word' id='word_1_732' title='bbox 1317 1749 1400 1785; x_wconf 82' lang='grc' dir='ltr'><strong>αὐτῷ,</strong></span> <span class='ocrx_word' id='word_1_733' title='bbox 1419 1751 1465 1776; x_wconf 75' lang='grc' dir='ltr'>καὶ</span> <span class='ocrx_word' id='word_1_734' title='bbox 1486 1751 1522 1786; x_wconf 78' lang='grc' dir='ltr'><strong>μὴ</strong></span> <span class='ocrx_word' id='word_1_735' title='bbox 1539 1752 1689 1787; x_wconf 79' lang='grc' dir='ltr'><strong>ποιήσαντα</strong></span> 
     </span>
    </p>
   </div>
   <div class='ocr_carea' id='block_1_96' title="bbox 903 1794 1687 1831">
    <p class='ocr_par' dir='ltr' id='par_1_96' title="bbox 903 1794 1687 1831">
     <span class='ocr_line' id='line_1_96' title="bbox 903 1794 1687 1831; baseline 0.004 -10"><span class='ocrx_word' id='word_1_736' title='bbox 903 1794 997 1821; x_wconf 77' lang='grc' dir='ltr'><strong>ἑαυτὸν</strong></span> <span class='ocrx_word' id='word_1_737' title='bbox 1012 1794 1086 1828; x_wconf 79' lang='grc' dir='ltr'><strong>ἄξιον</strong></span> <span class='ocrx_word' id='word_1_738' title='bbox 1099 1796 1220 1831; x_wconf 81' lang='grc' dir='ltr'><strong>φρουρᾶς</strong></span> <span class='ocrx_word' id='word_1_739' title='bbox 1236 1795 1394 1830; x_wconf 56' lang='grc' dir='ltr'><strong>ἀγγελικὴν</strong></span> <span class='ocrx_word' id='word_1_740' title='bbox 1405 1801 1432 1822; x_wconf 92' lang='lat' dir='ltr'><strong>et</strong></span> <span class='ocrx_word' id='word_1_741' title='bbox 1450 1802 1521 1823; x_wconf 79' lang='lat' dir='ltr'><strong>tonio</strong></span> <span class='ocrx_word' id='word_1_742' title='bbox 1538 1803 1668 1831; x_wconf 88' lang='lat' dir='ltr'><strong>sequente</strong></span> <span class='ocrx_word' id='word_1_743' title='bbox 1678 1817 1687 1831; x_wconf 89' lang='lat'><strong>,</strong></span> 
     </span>
    </p>
   </div>
   <div class='ocr_carea' id='block_1_97' title="bbox 902 1841 1688 1876">
    <p class='ocr_par' dir='ltr' id='par_1_97' title="bbox 902 1841 1688 1876">
     <span class='ocr_line' id='line_1_97' title="bbox 902 1841 1688 1876; baseline 0.003 -8"><span class='ocrx_word' id='word_1_744' title='bbox 902 1849 978 1868; x_wconf 94' lang='lat' dir='ltr'><strong>num.</strong></span> <span class='ocrx_word' id='word_1_745' title='bbox 998 1841 1044 1873; x_wconf 73' lang='lat' dir='ltr'><strong>2i,</strong></span> <span class='ocrx_word' id='word_1_746' title='bbox 1069 1848 1158 1868; x_wconf 88' lang='lat' dir='ltr'><strong>annon</strong></span> <span class='ocrx_word' id='word_1_747' title='bbox 1179 1841 1269 1868; x_wconf 87' lang='lat' dir='ltr'><strong>anima</strong></span> <span class='ocrx_word' id='word_1_748' title='bbox 1293 1848 1351 1876; x_wconf 69' lang='lat' dir='ltr'><strong>qna.-</strong></span> <span class='ocrx_word' id='word_1_749' title='bbox 1367 1841 1456 1876; x_wconf 81' lang='lat' dir='ltr'><strong>angeli</strong></span> <span class='ocrx_word' id='word_1_750' title='bbox 1483 1842 1591 1869; x_wconf 86' lang='lat' dir='ltr'><strong>tutelam</strong></span> <span class='ocrx_word' id='word_1_751' title='bbox 1606 1842 1688 1870; x_wconf 81' lang='lat' dir='ltr'><strong>fuerit</strong></span> 
     </span>
    </p>
   </div>
   <div class='ocr_carea' id='block_1_98' title="bbox 902 1887 1686 1922">
    <p class='ocr_par' dir='ltr' id='par_1_98' title="bbox 902 1887 1686 1922">
     <span class='ocr_line' id='line_1_98' title="bbox 902 1887 1686 1922; baseline 0.001 -8"><span class='ocrx_word' id='word_1_752' title='bbox 902 1888 1065 1922; x_wconf 86' lang='lat' dir='ltr'><strong>promerita,</strong></span> <span class='ocrx_word' id='word_1_753' title='bbox 1082 1887 1106 1914; x_wconf 92' lang='lat' dir='ltr'><strong>ei</strong></span> <span class='ocrx_word' id='word_1_754' title='bbox 1124 1887 1228 1919; x_wconf 85' lang='lat' dir='ltr'><strong>nubat,</strong></span> <span class='ocrx_word' id='word_1_755' title='bbox 1243 1887 1279 1914; x_wconf 89' lang='lat' dir='ltr'><strong>ita</strong></span> <span class='ocrx_word' id='word_1_756' title='bbox 1297 1888 1429 1921; x_wconf 86' lang='lat' dir='ltr'><strong>inquirit,</strong></span> <span class='ocrx_word' id='word_1_757' title='bbox 1447 1893 1474 1914; x_wconf 89' lang='lat' dir='ltr'><strong>ut</strong></span> <span class='ocrx_word' id='word_1_758' title='bbox 1500 1888 1526 1915; x_wconf 92' lang='lat' dir='ltr'><strong>id</strong></span> <span class='ocrx_word' id='word_1_759' title='bbox 1551 1888 1686 1916; x_wconf 82' lang='lat' dir='ltr'><strong>alﬁrmarc</strong></span> 
     </span>
    </p>
   </div>
   <div class='ocr_carea' id='block_1_99' title="bbox 902 1933 1685 1969">
    <p class='ocr_par' dir='ltr' id='par_1_99' title="bbox 902 1933 1685 1969">
     <span class='ocr_line' id='line_1_99' title="bbox 902 1933 1685 1969; baseline 0.003 -9"><span class='ocrx_word' id='word_1_760' title='bbox 902 1933 1040 1967; x_wconf 85' lang='lat' dir='ltr'><strong>videatur;</strong></span> <span class='ocrx_word' id='word_1_761' title='bbox 1062 1933 1189 1967; x_wconf 88' lang='lat' dir='ltr'><strong>additque</strong></span> <span class='ocrx_word' id='word_1_762' title='bbox 1203 1940 1262 1960; x_wconf 90' lang='lat' dir='ltr'><strong>eam</strong></span> <span class='ocrx_word' id='word_1_763' title='bbox 1285 1933 1438 1966; x_wconf 84' lang='lat' dir='ltr'><strong>hujusntodi</strong></span> <span class='ocrx_word' id='word_1_764' title='bbox 1466 1934 1582 1967; x_wconf 84' lang='lat' dir='ltr'><strong>praesidii</strong></span> <span class='ocrx_word' id='word_1_765' title='bbox 1598 1935 1685 1969; x_wconf 75' lang='lat' dir='ltr'><strong>gratia</strong></span> 
     </span>
    </p>
   </div>
   <div class='ocr_carea' id='block_1_100' title="bbox 902 1978 1687 2014">
    <p class='ocr_par' dir='ltr' id='par_1_100' title="bbox 902 1978 1687 2014">
     <span class='ocr_line' id='line_1_100' title="bbox 902 1978 1687 2014; baseline 0.003 -9"><span class='ocrx_word' id='word_1_766' title='bbox 902 1987 979 2014; x_wconf 84' lang='lat' dir='ltr'><strong>posse</strong></span> <span class='ocrx_word' id='word_1_767' title='bbox 993 1979 1132 2012; x_wconf 88' lang='lat' dir='ltr'><strong>excidere,</strong></span> <span class='ocrx_word' id='word_1_768' title='bbox 1148 1979 1170 2006; x_wconf 86' lang='lat' dir='ltr'><strong>si</strong></span> <span class='ocrx_word' id='word_1_769' title='bbox 1195 1986 1246 2013; x_wconf 84' lang='lat' dir='ltr'><strong>qua</strong></span> <span class='ocrx_word' id='word_1_770' title='bbox 1264 1978 1323 2006; x_wconf 88' lang='lat' dir='ltr'><strong>labe</strong></span> <span class='ocrx_word' id='word_1_771' title='bbox 1346 1978 1446 2006; x_wconf 65' lang='lat' dir='ltr'><strong>latalata</strong></span> <span class='ocrx_word' id='word_1_772' title='bbox 1467 1979 1629 2014; x_wconf 84' lang='lat' dir='ltr'><strong>reperiatur;</strong></span> <span class='ocrx_word' id='word_1_773' title='bbox 1647 1981 1687 2007; x_wconf 81' lang='lat' dir='ltr'><strong>al-</strong></span> 
     </span>
    </p>
   </div>
   <div class='ocr_carea' id='block_1_101' title="bbox 901 2022 1682 2061">
    <p class='ocr_par' dir='ltr' id='par_1_101' title="bbox 901 2022 1682 2061">
     <span class='ocr_line' id='line_1_101' title="bbox 901 2022 1682 2061; baseline 0.003 -8"><span class='ocrx_word' id='word_1_774' title='bbox 901 2026 1004 2060; x_wconf 88' lang='lat' dir='ltr'><strong>teriqne</strong></span> <span class='ocrx_word' id='word_1_775' title='bbox 1016 2025 1111 2061; x_wconf 86' lang='lat' dir='ltr'><strong>subjici</strong></span> <span class='ocrx_word' id='word_1_776' title='bbox 1126 2026 1233 2060; x_wconf 83' lang='lat' dir='ltr'><strong>angelo,</strong></span> <span class='ocrx_word' id='word_1_777' title='bbox 1245 2030 1325 2060; x_wconf 89' lang='lat' dir='ltr'><strong>atque</strong></span> <span class='ocrx_word' id='word_1_778' title='bbox 1344 2026 1408 2053; x_wconf 90' lang='lat' dir='ltr'><strong>item</strong></span> <span class='ocrx_word' id='word_1_779' title='bbox 1430 2027 1527 2058; x_wconf 88' lang='lat' dir='ltr'><strong>alteri,</strong></span> <span class='ocrx_word' id='word_1_780' title='bbox 1545 2033 1625 2061; x_wconf 90' lang='lat' dir='ltr'><strong>prout</strong></span> <span class='ocrx_word' id='word_1_781' title='bbox 1636 2022 1682 2055; x_wconf 80' lang='lat' dir='ltr'><strong>eo-</strong></span> 
     </span>
    </p>
   </div>
   <div class='ocr_carea' id='block_1_102' title="bbox 900 2072 1684 2106">
    <p class='ocr_par' dir='ltr' id='par_1_102' title="bbox 900 2072 1684 2106">
     <span class='ocr_line' id='line_1_102' title="bbox 900 2072 1684 2106; baseline 0.004 -9"><span class='ocrx_word' id='word_1_782' title='bbox 900 2079 958 2098; x_wconf 91' lang='lat' dir='ltr'><strong>rum</strong></span> <span class='ocrx_word' id='word_1_783' title='bbox 975 2078 1025 2105; x_wconf 89' lang='lat' dir='ltr'><strong>ope</strong></span> <span class='ocrx_word' id='word_1_784' title='bbox 1042 2075 1068 2098; x_wconf 92' lang='lat' dir='ltr'><strong>et</strong></span> <span class='ocrx_word' id='word_1_785' title='bbox 1083 2072 1220 2098; x_wconf 88' lang='lat' dir='ltr'><strong>consortio</strong></span> <span class='ocrx_word' id='word_1_786' title='bbox 1235 2072 1370 2106; x_wconf 83' lang='lat' dir='ltr'><strong>indignam</strong></span> <span class='ocrx_word' id='word_1_787' title='bbox 1393 2079 1422 2099; x_wconf 90' lang='lat' dir='ltr'><strong>se</strong></span> <span class='ocrx_word' id='word_1_788' title='bbox 1439 2072 1612 2106; x_wconf 68' lang='lat' dir='ltr'><strong>praestiterit;</strong></span> <span class='ocrx_word' id='word_1_789' title='bbox 1634 2081 1684 2100; x_wconf 83' lang='lat' dir='ltr'><strong>nec</strong></span> 
     </span>
    </p>
   </div>
   <div class='ocr_carea' id='block_1_103' title="bbox 899 2117 1683 2152">
    <p class='ocr_par' dir='ltr' id='par_1_103' title="bbox 899 2117 1683 2152">
     <span class='ocr_line' id='line_1_103' title="bbox 899 2117 1683 2152; baseline 0.003 -8"><span class='ocrx_word' id='word_1_790' title='bbox 899 2117 998 2151; x_wconf 82' lang='lat' dir='ltr'><strong>angeli,</strong></span> <span class='ocrx_word' id='word_1_791' title='bbox 1018 2124 1032 2144; x_wconf 89' lang='lat' dir='ltr'><strong>a</strong></span> <span class='ocrx_word' id='word_1_792' title='bbox 1047 2125 1100 2152; x_wconf 93' lang='lat' dir='ltr'><strong>quo</strong></span> <span class='ocrx_word' id='word_1_793' title='bbox 1114 2117 1197 2145; x_wconf 89' lang='lat' dir='ltr'><strong>semel</strong></span> <span class='ocrx_word' id='word_1_794' title='bbox 1213 2118 1353 2151; x_wconf 89' lang='lat' dir='ltr'><strong>repudiata</strong></span> <span class='ocrx_word' id='word_1_795' title='bbox 1369 2122 1420 2149; x_wconf 86' lang='lat' dir='ltr'><strong>est,</strong></span> <span class='ocrx_word' id='word_1_796' title='bbox 1439 2119 1617 2152; x_wconf 87' lang='lat' dir='ltr'><strong>patrocinium</strong></span> <span class='ocrx_word' id='word_1_797' title='bbox 1631 2119 1683 2146; x_wconf 82' lang='lat' dir='ltr'><strong>ite-</strong></span> 
     </span>
    </p>
   </div>
   <div class='ocr_carea' id='block_1_104' title="bbox 887 2163 1685 2198">
    <p class='ocr_par' dir='ltr' id='par_1_104' title="bbox 887 2163 1685 2198">
     <span class='ocr_line' id='line_1_104' title="bbox 887 2163 1685 2198; baseline 0.003 -8"><span class='ocrx_word' id='word_1_798' title='bbox 887 2171 958 2190; x_wconf 91' lang='lat' dir='ltr'><strong>-rum</strong></span> <span class='ocrx_word' id='word_1_799' title='bbox 974 2163 1026 2191; x_wconf 86' lang='lat' dir='ltr'><strong>sibi</strong></span> <span class='ocrx_word' id='word_1_800' title='bbox 1044 2165 1175 2198; x_wconf 86' lang='lat' dir='ltr'><strong>spondere</strong></span> <span class='ocrx_word' id='word_1_801' title='bbox 1190 2171 1277 2198; x_wconf 79' lang='lat' dir='ltr'><strong>pOSse.</strong></span> <span class='ocrx_word' id='word_1_802' title='bbox 1293 2163 1384 2191; x_wconf 81' lang='lat' dir='ltr'><strong>Utitur</strong></span> <span class='ocrx_word' id='word_1_803' title='bbox 1397 2164 1428 2190; x_wconf 85' lang='lat' dir='ltr'><strong>ad</strong></span> <span class='ocrx_word' id='word_1_804' title='bbox 1444 2164 1500 2190; x_wconf 84' lang='lat' dir='ltr'><strong>haec</strong></span> <span class='ocrx_word' id='word_1_805' title='bbox 1514 2163 1573 2191; x_wconf 92' lang='lat' dir='ltr'><strong>libri</strong></span> <span class='ocrx_word' id='word_1_806' title='bbox 1589 2164 1685 2192; x_wconf 78' lang='lat' dir='ltr'><strong>Pasto-</strong></span> 
     </span>
    </p>
   </div>
   <div class='ocr_carea' id='block_1_105' title="bbox 899 2209 1683 2245">
    <p class='ocr_par' dir='ltr' id='par_1_105' title="bbox 899 2209 1683 2245">
     <span class='ocr_line' id='line_1_105' title="bbox 899 2209 1683 2245; baseline 0.003 -9"><span class='ocrx_word' id='word_1_807' title='bbox 899 2211 936 2237; x_wconf 70' lang='lat' dir='ltr'><strong>ris</strong></span> <span class='ocrx_word' id='word_1_808' title='bbox 962 2211 1146 2243; x_wconf 78' lang='lat' dir='ltr'><strong>auctoritate,</strong></span> <span class='ocrx_word' id='word_1_809' title='bbox 1169 2212 1213 2245; x_wconf 88' lang='lat' dir='ltr'><strong>qui</strong></span> <span class='ocrx_word' id='word_1_810' title='bbox 1234 2211 1357 2237; x_wconf 89' lang='lat' dir='ltr'><strong>homines</strong></span> <span class='ocrx_word' id='word_1_811' title='bbox 1383 2209 1521 2238; x_wconf 84' lang='lat' dir='ltr'><strong>Christum</strong></span> <span class='ocrx_word' id='word_1_812' title='bbox 1546 2211 1683 2245; x_wconf 78' lang='lat' dir='ltr'><strong>professos</strong></span> 
     </span>
    </p>
   </div>
   <div class='ocr_carea' id='block_1_106' title="bbox 899 2255 1675 2292">
    <p class='ocr_par' dir='ltr' id='par_1_106' title="bbox 899 2255 1675 2292">
     <span class='ocr_line' id='line_1_106' title="bbox 899 2255 1675 2292; baseline 0 -9"><span class='ocrx_word' id='word_1_813' title='bbox 899 2255 1023 2284; x_wconf 86' lang='lat' dir='ltr'><strong>Michaeli</strong></span> <span class='ocrx_word' id='word_1_814' title='bbox 1047 2257 1144 2292; x_wconf 87' lang='lat' dir='ltr'><strong>subjici</strong></span> <span class='ocrx_word' id='word_1_815' title='bbox 1161 2257 1250 2290; x_wconf 89' lang='lat' dir='ltr'><strong>docet,</strong></span> <span class='ocrx_word' id='word_1_816' title='bbox 1273 2257 1318 2283; x_wconf 87' lang='lat' dir='ltr'><strong>sed</strong></span> <span class='ocrx_word' id='word_1_817' title='bbox 1334 2263 1444 2291; x_wconf 91' lang='lat' dir='ltr'><strong>propter</strong></span> <span class='ocrx_word' id='word_1_818' title='bbox 1459 2256 1606 2291; x_wconf 86' lang='lat' dir='ltr'><strong>voluptatis</strong></span> <span class='ocrx_word' id='word_1_819' title='bbox 1623 2262 1675 2283; x_wconf 89' lang='lat' dir='ltr'><strong>stu-</strong></span> 
     </span>
    </p>
   </div>
   <div class='ocr_carea' id='block_1_107' title="bbox 899 2301 1684 2337">
    <p class='ocr_par' dir='ltr' id='par_1_107' title="bbox 899 2301 1684 2337">
     <span class='ocr_line' id='line_1_107' title="bbox 899 2301 1684 2337; baseline 0.001 -9"><span class='ocrx_word' id='word_1_820' title='bbox 899 2302 981 2335; x_wconf 87' lang='lat' dir='ltr'><strong>dium,</strong></span> <span class='ocrx_word' id='word_1_821' title='bbox 993 2301 1021 2329; x_wconf 88' lang='lat' dir='ltr'><strong>in</strong></span> <span class='ocrx_word' id='word_1_822' title='bbox 1042 2303 1152 2330; x_wconf 91' lang='lat' dir='ltr'><strong>tutelam</strong></span> <span class='ocrx_word' id='word_1_823' title='bbox 1164 2302 1286 2334; x_wconf 83' lang='lat' dir='ltr'><strong>alterius,</strong></span> <span class='ocrx_word' id='word_1_824' title='bbox 1296 2303 1342 2337; x_wconf 88' lang='lat' dir='ltr'><strong>qui</strong></span> <span class='ocrx_word' id='word_1_825' title='bbox 1355 2302 1459 2329; x_wconf 92' lang='lat' dir='ltr'><strong>deliciis</strong></span> <span class='ocrx_word' id='word_1_826' title='bbox 1475 2308 1583 2336; x_wconf 74' lang='lat' dir='ltr'><strong>praeest,</strong></span> <span class='ocrx_word' id='word_1_827' title='bbox 1600 2308 1684 2329; x_wconf 64' lang='lat' dir='ltr'><strong>trans</strong></span> 
     </span>
    </p>
   </div>
   <div class='ocr_carea' id='block_1_108' title="bbox 898 2348 1682 2383">
    <p class='ocr_par' dir='ltr' id='par_1_108' title="bbox 898 2348 1682 2383">
     <span class='ocr_line' id='line_1_108' title="bbox 898 2348 1682 2383; baseline 0.003 -9"><span class='ocrx_word' id='word_1_828' title='bbox 898 2348 947 2379; x_wconf 92' lang='lat' dir='ltr'><strong>ire,</strong></span> <span class='ocrx_word' id='word_1_829' title='bbox 966 2354 1020 2374; x_wconf 92' lang='lat' dir='ltr'><strong>tum</strong></span> <span class='ocrx_word' id='word_1_830' title='bbox 1047 2348 1123 2375; x_wconf 92' lang='lat' dir='ltr'><strong>alteri</strong></span> <span class='ocrx_word' id='word_1_831' title='bbox 1141 2349 1208 2375; x_wconf 91' lang='lat' dir='ltr'><strong>tradi</strong></span> <span class='ocrx_word' id='word_1_832' title='bbox 1225 2348 1270 2383; x_wconf 89' lang='lat' dir='ltr'><strong>qui</strong></span> <span class='ocrx_word' id='word_1_833' title='bbox 1287 2348 1392 2382; x_wconf 87' lang='lat' dir='ltr'><strong>poenis,</strong></span> <span class='ocrx_word' id='word_1_834' title='bbox 1406 2355 1438 2374; x_wconf 89' lang='lat' dir='ltr'><strong>ac</strong></span> <span class='ocrx_word' id='word_1_835' title='bbox 1462 2348 1486 2375; x_wconf 93' lang='lat' dir='ltr'><strong>ei</strong></span> <span class='ocrx_word' id='word_1_836' title='bbox 1508 2348 1615 2375; x_wconf 85' lang='lat' dir='ltr'><strong>demum</strong></span> <span class='ocrx_word' id='word_1_837' title='bbox 1637 2350 1682 2383; x_wconf 68' lang='lat' dir='ltr'><strong>qui</strong></span> 
     </span>
    </p>
   </div>
   <div class='ocr_carea' id='block_1_109' title="bbox 897 2393 1681 2428">
    <p class='ocr_par' dir='ltr' id='par_1_109' title="bbox 897 2393 1681 2428">
     <span class='ocr_line' id='line_1_109' title="bbox 897 2393 1681 2428; baseline 0.001 -9"><span class='ocrx_word' id='word_1_838' title='bbox 897 2394 1063 2428; x_wconf 73' lang='lat' dir='ltr'><strong>pcenitentia:</strong></span> <span class='ocrx_word' id='word_1_839' title='bbox 1076 2394 1218 2428; x_wconf 72' lang='lat' dir='ltr'><strong>praefectus</strong></span> <span class='ocrx_word' id='word_1_840' title='bbox 1229 2398 1279 2420; x_wconf 86' lang='lat' dir='ltr'><strong>est.</strong></span> <span class='ocrx_word' id='word_1_841' title='bbox 1294 2393 1411 2420; x_wconf 82' lang='lat' dir='ltr'><strong>Rursum</strong></span> <span class='ocrx_word' id='word_1_842' title='bbox 1423 2393 1518 2420; x_wconf 86' lang='lat' dir='ltr'><strong>homii.</strong></span> <span class='ocrx_word' id='word_1_843' title='bbox 1530 2393 1565 2420; x_wconf 76' lang='lat'><strong>25</strong></span> <span class='ocrx_word' id='word_1_844' title='bbox 1579 2394 1605 2420; x_wconf 84' lang='lat' dir='ltr'><strong>in</strong></span> <span class='ocrx_word' id='word_1_845' title='bbox 1617 2393 1681 2420; x_wconf 82' lang='lat' dir='ltr'><strong>Luc.</strong></span> 
     </span>
    </p>
   </div>
   <div class='ocr_carea' id='block_1_110' title="bbox 897 2439 1681 2473">
    <p class='ocr_par' dir='ltr' id='par_1_110' title="bbox 897 2439 1681 2473">
     <span class='ocr_line' id='line_1_110' title="bbox 897 2439 1681 2473; baseline 0.001 -8"><span class='ocrx_word' id='word_1_846' title='bbox 897 2439 1006 2471; x_wconf 72' lang='lat' dir='ltr'><strong>angelus</strong></span> <span class='ocrx_word' id='word_1_847' title='bbox 1022 2446 1169 2473; x_wconf 77' lang='lat' dir='ltr'><strong>praesentes</strong></span> <span class='ocrx_word' id='word_1_848' title='bbox 1181 2447 1242 2467; x_wconf 89' lang='lat' dir='ltr'><strong>esse</strong></span> <span class='ocrx_word' id='word_1_849' title='bbox 1255 2440 1334 2466; x_wconf 90' lang='lat' dir='ltr'><strong>docet</strong></span> <span class='ocrx_word' id='word_1_850' title='bbox 1350 2440 1377 2466; x_wconf 92' lang='lat' dir='ltr'><strong>in</strong></span> <span class='ocrx_word' id='word_1_851' title='bbox 1403 2445 1434 2465; x_wconf 87' lang='lat' dir='ltr'><strong>ea</strong></span> <span class='ocrx_word' id='word_1_852' title='bbox 1455 2439 1542 2465; x_wconf 86' lang='lat' dir='ltr'><strong>solum</strong></span> <span class='ocrx_word' id='word_1_853' title='bbox 1561 2439 1681 2466; x_wconf 81' lang='lat' dir='ltr'><strong>Ecclesia</strong></span> 
     </span>
    </p>
   </div>
   <div class='ocr_carea' id='block_1_111' title="bbox 899 2484 1681 2518">
    <p class='ocr_par' dir='ltr' id='par_1_111' title="bbox 899 2484 1681 2518">
     <span class='ocr_line' id='line_1_111' title="bbox 899 2484 1681 2518; baseline 0.003 -9"><span class='ocrx_word' id='word_1_854' title='bbox 899 2493 908 2509; x_wconf 77' lang='grc' dir='ltr'><strong>ι</strong></span> <span class='ocrx_word' id='word_1_855' title='bbox 933 2491 992 2518; x_wconf 78' lang='lat' dir='ltr'><strong>quae</strong></span> <span class='ocrx_word' id='word_1_856' title='bbox 1005 2490 1135 2517; x_wconf 82' lang='lat' dir='ltr'><strong>tueretur,</strong></span> <span class='ocrx_word' id='word_1_857' title='bbox 1148 2490 1173 2511; x_wconf 89' lang='lat' dir='ltr'><strong>et</strong></span> <span class='ocrx_word' id='word_1_858' title='bbox 1191 2485 1291 2512; x_wconf 88' lang='lat' dir='ltr'><strong>Christi</strong></span> <span class='ocrx_word' id='word_1_859' title='bbox 1305 2489 1357 2512; x_wconf 88' lang='lat' dir='ltr'><strong>est.</strong></span> <span class='ocrx_word' id='word_1_860' title='bbox 1385 2493 1394 2510; x_wconf 74' lang='grc' dir='ltr'><strong>ι</strong></span> <span class='ocrx_word' id='word_1_861' title='bbox 1421 2485 1474 2512; x_wconf 89' lang='lat' dir='ltr'><strong>Sed</strong></span> <span class='ocrx_word' id='word_1_862' title='bbox 1492 2489 1519 2510; x_wconf 86' lang='lat' dir='ltr'><strong>et</strong></span> <span class='ocrx_word' id='word_1_863' title='bbox 1531 2484 1597 2510; x_wconf 87' lang='lat' dir='ltr'><strong>mihi</strong></span> <span class='ocrx_word' id='word_1_864' title='bbox 1614 2492 1681 2518; x_wconf 81' lang='lat' dir='ltr'><strong>petae</strong></span> 
     </span>
    </p>
   </div>
   <div class='ocr_carea' id='block_1_112' title="bbox 896 2530 1678 2566">
    <p class='ocr_par' dir='ltr' id='par_1_112' title="bbox 896 2530 1678 2566">
     <span class='ocr_line' id='line_1_112' title="bbox 896 2530 1678 2566; baseline 0 -9"><span class='ocrx_word' id='word_1_865' title='bbox 896 2531 959 2558; x_wconf 89' lang='lat' dir='ltr'><strong>illud</strong></span> <span class='ocrx_word' id='word_1_866' title='bbox 973 2532 1121 2563; x_wconf 83' lang='lat' dir='ltr'><strong>exciderat,</strong></span> <span class='ocrx_word' id='word_1_867' title='bbox 1137 2532 1207 2566; x_wconf 88' lang='lat' dir='ltr'><strong>quod</strong></span> <span class='ocrx_word' id='word_1_868' title='bbox 1219 2531 1256 2558; x_wconf 90' lang='lat' dir='ltr'><strong>ait</strong></span> <span class='ocrx_word' id='word_1_869' title='bbox 1269 2531 1363 2558; x_wconf 88' lang='lat' dir='ltr'><strong>homil.</strong></span> <span class='ocrx_word' id='word_1_870' title='bbox 1376 2531 1392 2558; x_wconf 83' lang='lat'><strong>5</strong></span> <span class='ocrx_word' id='word_1_871' title='bbox 1404 2532 1430 2558; x_wconf 83' lang='lat' dir='ltr'><strong>in</strong></span> <span class='ocrx_word' id='word_1_872' title='bbox 1446 2530 1543 2563; x_wconf 87' lang='lat' dir='ltr'><strong>Num.,</strong></span> <span class='ocrx_word' id='word_1_873' title='bbox 1561 2539 1636 2558; x_wconf 91' lang='lat' dir='ltr'><strong>num.</strong></span> <span class='ocrx_word' id='word_1_874' title='bbox 1650 2531 1678 2562; x_wconf 78' lang='lat'><strong>5,</strong></span> 
     </span>
    </p>
   </div>
   <div class='ocr_carea' id='block_1_113' title="bbox 898 2575 1678 2611">
    <p class='ocr_par' dir='ltr' id='par_1_113' title="bbox 898 2575 1678 2611">
     <span class='ocr_line' id='line_1_113' title="bbox 898 2575 1678 2611; baseline -0.001 -8"><span class='ocrx_word' id='word_1_875' title='bbox 898 2586 907 2602; x_wconf 82' lang='grc' dir='ltr'><strong>ι</strong></span> <span class='ocrx_word' id='word_1_876' title='bbox 927 2575 996 2603; x_wconf 78' lang='lat' dir='ltr'><strong>Justi</strong></span> <span class='ocrx_word' id='word_1_877' title='bbox 1010 2577 1081 2603; x_wconf 83' lang='lat' dir='ltr'><strong>enini</strong></span> <span class='ocrx_word' id='word_1_878' title='bbox 1106 2581 1189 2608; x_wconf 86' lang='lat' dir='ltr'><strong>sunt,</strong></span> <span class='ocrx_word' id='word_1_879' title='bbox 1205 2577 1251 2611; x_wconf 87' lang='lat' dir='ltr'><strong>qui</strong></span> <span class='ocrx_word' id='word_1_880' title='bbox 1277 2577 1400 2611; x_wconf 78' lang='lat' dir='ltr'><strong>indigent</strong></span> <span class='ocrx_word' id='word_1_881' title='bbox 1416 2575 1551 2610; x_wconf 84' lang='lat' dir='ltr'><strong>adjutorio</strong></span> <span class='ocrx_word' id='word_1_882' title='bbox 1566 2575 1678 2610; x_wconf 76' lang='lat' dir='ltr'><strong>angelo-</strong></span> 
     </span>
    </p>
   </div>
   <div class='ocr_carea' id='block_1_114' title="bbox 895 2621 1678 2655">
    <p class='ocr_par' dir='ltr' id='par_1_114' title="bbox 895 2621 1678 2655">
     <span class='ocr_line' id='line_1_114' title="bbox 895 2621 1678 2655; baseline -0.004 -5"><span class='ocrx_word' id='word_1_883' title='bbox 895 2631 954 2650; x_wconf 89' lang='lat' dir='ltr'><strong>rum</strong></span> <span class='ocrx_word' id='word_1_884' title='bbox 969 2623 1015 2650; x_wconf 84' lang='lat' dir='ltr'><strong>Dci</strong></span> <span class='ocrx_word' id='word_1_885' title='bbox 1029 2642 1036 2655; x_wconf 88' lang='lat'><strong>,</strong></span> <span class='ocrx_word' id='word_1_886' title='bbox 1053 2623 1090 2649; x_wconf 85' lang='lat' dir='ltr'><strong>tati</strong></span> <span class='ocrx_word' id='word_1_887' title='bbox 1114 2630 1148 2650; x_wconf 90' lang='lat' dir='ltr'><strong>ne</strong></span> <span class='ocrx_word' id='word_1_888' title='bbox 1169 2630 1184 2649; x_wconf 88' lang='lat' dir='ltr'><strong>a</strong></span> <span class='ocrx_word' id='word_1_889' title='bbox 1202 2623 1371 2650; x_wconf 67' lang='lat' dir='ltr'><strong>daemonibus</strong></span> <span class='ocrx_word' id='word_1_890' title='bbox 1392 2621 1570 2653; x_wconf 85' lang='lat' dir='ltr'><strong>subruantur,</strong></span> <span class='ocrx_word' id='word_1_891' title='bbox 1590 2626 1617 2648; x_wconf 93' lang='lat' dir='ltr'><strong>et</strong></span> <span class='ocrx_word' id='word_1_892' title='bbox 1644 2629 1678 2648; x_wconf 90' lang='lat' dir='ltr'><strong>ne</strong></span> 
     </span>
    </p>
   </div>
   <div class='ocr_carea' id='block_1_115' title="bbox 895 2667 1676 2704">
    <p class='ocr_par' dir='ltr' id='par_1_115' title="bbox 895 2667 1676 2704">
     <span class='ocr_line' id='line_1_115' title="bbox 895 2667 1676 2704; baseline -0.005 -7"><span class='ocrx_word' id='word_1_893' title='bbox 895 2670 977 2697; x_wconf 88' lang='lat' dir='ltr'><strong>corda</strong></span> <span class='ocrx_word' id='word_1_894' title='bbox 997 2676 1089 2696; x_wconf 84' lang='lat' dir='ltr'><strong>corum</strong></span> <span class='ocrx_word' id='word_1_895' title='bbox 1103 2668 1199 2704; x_wconf 79' lang='lat' dir='ltr'><strong>sagitta</strong></span> <span class='ocrx_word' id='word_1_896' title='bbox 1218 2668 1327 2695; x_wconf 86' lang='lat' dir='ltr'><strong>volante</strong></span> <span class='ocrx_word' id='word_1_897' title='bbox 1352 2669 1378 2695; x_wconf 90' lang='lat' dir='ltr'><strong>in</strong></span> <span class='ocrx_word' id='word_1_898' title='bbox 1399 2667 1518 2695; x_wconf 88' lang='lat' dir='ltr'><strong>tenebris</strong></span> <span class='ocrx_word' id='word_1_899' title='bbox 1538 2667 1676 2694; x_wconf 87' lang='lat' dir='ltr'><strong>terebrcn-</strong></span> 
     </span>
    </p>
   </div>
   <div class='ocr_carea' id='block_1_116' title="bbox 896 2711 1677 2750">
    <p class='ocr_par' dir='ltr' id='par_1_116' title="bbox 896 2711 1677 2750">
     <span class='ocr_line' id='line_1_116' title="bbox 896 2711 1677 2750; baseline -0.008 -6"><span class='ocrx_word' id='word_1_900' title='bbox 896 2722 958 2749; x_wconf 90' lang='lat' dir='ltr'><strong>tur;</strong></span> <span class='ocrx_word' id='word_1_901' title='bbox 983 2725 993 2742; x_wconf 74' lang='grc' dir='ltr'><strong>ι</strong></span> <span class='ocrx_word' id='word_1_902' title='bbox 1008 2721 1034 2743; x_wconf 90' lang='lat' dir='ltr'><strong>et</strong></span> <span class='ocrx_word' id='word_1_903' title='bbox 1056 2715 1128 2750; x_wconf 89' lang='lat' dir='ltr'><strong>quod</strong></span> <span class='ocrx_word' id='word_1_904' title='bbox 1148 2715 1195 2743; x_wconf 88' lang='lat' dir='ltr'><strong>lib.</strong></span> <span class='ocrx_word' id='word_1_905' title='bbox 1211 2722 1260 2742; x_wconf 86' lang='lat' dir='ltr'><strong>vnt</strong></span> <span class='ocrx_word' id='word_1_906' title='bbox 1274 2720 1366 2742; x_wconf 82' lang='lat' dir='ltr'><strong>contra</strong></span> <span class='ocrx_word' id='word_1_907' title='bbox 1380 2714 1462 2747; x_wconf 77' lang='lat' dir='ltr'><strong>Cels.,</strong></span> <span class='ocrx_word' id='word_1_908' title='bbox 1478 2721 1552 2740; x_wconf 90' lang='lat' dir='ltr'><strong>num.</strong></span> <span class='ocrx_word' id='word_1_909' title='bbox 1570 2711 1616 2744; x_wconf 78' lang='grc'><strong>56,</strong></span> <span class='ocrx_word' id='word_1_910' title='bbox 1630 2712 1677 2738; x_wconf 89' lang='lat' dir='ltr'><strong>ubi</strong></span> 
     </span>
    </p>
   </div>
   <div class='ocr_carea' id='block_1_117' title="bbox 895 2761 1678 2796">
    <p class='ocr_par' dir='ltr' id='par_1_117' title="bbox 895 2761 1678 2796">
     <span class='ocr_line' id='line_1_117' title="bbox 895 2761 1678 2796; baseline -0.009 -5"><span class='ocrx_word' id='word_1_911' title='bbox 895 2763 986 2791; x_wconf 85' lang='lat' dir='ltr'><strong>datam</strong></span> <span class='ocrx_word' id='word_1_912' title='bbox 1003 2769 1061 2790; x_wconf 88' lang='lat' dir='ltr'><strong>esse</strong></span> <span class='ocrx_word' id='word_1_913' title='bbox 1075 2761 1190 2790; x_wconf 67' lang='grc' dir='ltr'><strong>αππιοηί</strong></span> <span class='ocrx_word' id='word_1_914' title='bbox 1209 2761 1353 2790; x_wconf 84' lang='lat' dir='ltr'><strong>adversum</strong></span> <span class='ocrx_word' id='word_1_915' title='bbox 1365 2761 1462 2796; x_wconf 87' lang='lat' dir='ltr'><strong>impios</strong></span> <span class='ocrx_word' id='word_1_916' title='bbox 1476 2763 1636 2795; x_wconf 73' lang='lat' dir='ltr'><strong>potestatem</strong></span> <span class='ocrx_word' id='word_1_917' title='bbox 1648 2762 1678 2784; x_wconf 78' lang='lat' dir='ltr'><strong>ct</strong></span> 
     </span>
    </p>
   </div>
  </div>
