1904 3077
219 122 271 148 879

857 119 885 147 Ρ.
908 120 1005 148 DAN”

1060 122 1066 147 i
1085 120 1205 148 llUE'l'l!
1791 128 1833 155 880

220 181 363 216 imperium
380 179 497 212 fatetur;
512 183 622 205 sanctos
635 183 725 206 autem
738 185 752 205 a
767 178 876 206 Christo
889 181 1006 214 protegi,
1023 183 1043 210 Α
1059 181 1100 207 vis
1118 185 1146 208 et
1165 181 1215 216 ipsi
1238 183 1352 216 apostoli
1375 183 1477 218 angelis
1495 188 1606 212 utantur
1619 186 1783 221 adiutoribus
1805 190 1832 215 ad

222 227 268 261 qui
279 231 373 254 contra
387 226 537 252 daemonum
553 224 674 251 assultus
689 224 800 258 angelos
824 232 889 252 suos
905 230 1008 253 tutores

221 273 256 299 iis
275 271 386 299 addidit.
412 270 438 296 ld
460 269 531 304 quod
553 269 674 296 suasisse
692 269 799 296 videtur
818 268 930 303 Origeni
953 269 1007 297 Da-

220 317 339 344 vidicnm
372 315 434 342 illul
468 314 562 348 psalmi
593 322 691 346 uxut,
722 316 737 343 8
759 324 766 342 :
787 324 797 341 ι
824 315 1008 344 Castrameta-

220 363 294 390 bitur
313 361 427 396 angelus
451 360 555 388 Domini
577 360 604 387 in
622 360 737 388 circuitu
755 360 910 388 timentium
933 369 1008 395 eum,

220 414 247 436 et
263 409 358 439 eripiet
375 415 431 434 eos.
450 416 458 432 ι

256 456 282 481 ln
302 453 439 481 contraria
460 456 549 479 autem
571 452 635 479 alibi
659 452 795 484 discedit,
818 458 845 479 et
868 453 1006 480 neminem

220 500 319 528 asserit
338 499 461 534 angelico
483 505 578 525 carere
597 498 725 532 pra-sidio
750 509 755 526 :
777 504 840 533 puta
862 503 936 526 tomo
957 508 1007 527 xut

219 549 246 575 in
261 546 370 578 Mauh.,
384 553 458 573 num.
471 545 499 576 5,
520 545 565 571 tibi
578 544 696 571 lunatico
711 545 786 577 huic,
803 553 884 580 quem
903 546 1009 573 curavit

221 594 371 625 Dominus,
392 590 516 626 angelum
542 590 642 617 bonum
671 589 791 618 adfuisse
820 591 921 625 docet,
950 595 1007 618 tum

219 642 300 668 etiam
314 647 375 666 cum
395 647 409 666 a
426 638 548 665 daemone
566 642 723 670 vexaretur,
747 643 774 665 et
800 638 917 665 nondum
935 639 1008 665 saltt-

220 693 306 715 tarem
324 686 424 714 Christi
442 693 519 720 opem
541 685 669 712 sensisset
686 694 692 711 :
707 684 801 720 Πατὴρ
820 684 847 712 δὲ
867 685 913 711 τοῦ
933 685 1008 720 σελη-

220 733 379 768 νιαζομένου
390 732 460 767 τάχα
474 733 488 758 ὁ
501 731 590 766 λαχὼν
608 730 688 758 αὑτὸν
707 730 831 764 ἄγγελος·
847 732 900 757 εἴτε
917 732 1008 758 πᾶσαν

220 781 328 807 λεκτέον
349 779 522 814 ἀνθρωπίνην
545 777 633 812 ψυχὴν
657 777 710 804 ὑπό
732 786 783 804 τινι
810 777 938 812 τετάχθαι
962 778 1009 811 ἀγ-

220 827 301 862 γέλῳ.
327 825 456 852 lllustrior
470 825 550 851 ciam
565 829 605 850 cst
629 823 703 850 locus
722 823 790 850 alter
810 831 844 850 ex
863 823 955 850 homil.
973 824 1007 850 55

220 874 247 899 in
272 872 335 899 Luc.
360 872 385 897 in
401 878 454 905 quo
480 869 652 904 parvulorum
672 870 716 904 qui
734 869 860 896 Ecclesia:
877 868 1010 896 dederunt
1025 862 1046 889 Β

220 926 317 946 nomen
329 938 337 950 ,
361 917 471 953 angelos
486 916 582 943 faciem
598 916 717 944 ctelestis
741 915 830 942 Patris
847 922 954 950 semper
969 915 1010 942 vi-

220 966 285 991 dere
310 967 460 995 asseverat;
486 961 532 996 qui
551 969 615 989 vero
632 962 665 988 ab
683 961 802 989 Ecclesia
828 961 906 988 alieni
934 966 1007 995 sunt,

219 1018 312 1038 eorum
327 1009 438 1044 angelos
455 1009 488 1035 ad
508 1007 626 1034 ctelestis
642 1007 731 1034 Patris
748 1006 844 1034 faciem
859 1007 953 1034 oculos
967 1011 1009 1032 at—

221 1056 314 1084 tollere
328 1062 380 1082 non
398 1054 515 1087 audere;
536 1059 561 1081 et
581 1061 630 1088 pro
655 1053 793 1080 hominum
818 1052 870 1083 sibi
886 1052 1008 1080 subdito-

220 1110 280 1129 rum
293 1101 399 1129 meritis
416 1108 447 1128 ac
460 1100 622 1133 virtutibus,
645 1099 704 1134 plus
727 1099 864 1130 minusve,
879 1098 919 1126 vel
938 1106 1009 1126 scm-

220 1155 278 1182 pcr,
295 1147 336 1174 vel
355 1154 490 1180 nunquam
514 1145 561 1172 Dei
587 1146 689 1171 vultum
713 1144 891 1179 contemplari
917 1151 1006 1178 posse.

220 1193 290 1226 Quin
308 1192 391 1218 etiam
410 1191 554 1225 unicuique
567 1190 676 1225 angelos
689 1190 756 1216 duos
768 1210 775 1222 ,
791 1189 889 1216 bonum
905 1197 1007 1222 unum,

220 1239 320 1266 malum
344 1237 456 1265 alterum
473 1237 568 1263 adesse
585 1244 637 1263 non
655 1243 707 1263 uno
723 1236 782 1264 loco
806 1236 1006 1270 pronuntiavit,

220 1291 249 1312 nt
266 1285 345 1319 paulo
360 1283 472 1311 inferius
492 1282 674 1310 ostendemus.

257 1331 365 1358 Dubitat
380 1335 509 1364 praeterea
532 1328 663 1363 Origenes
678 1333 768 1356 utrum
786 1327 820 1355 ab
839 1328 897 1362 ipso
914 1327 1005 1355 statim

220 1383 281 1405 ortu
296 1377 406 1412 angelus
419 1384 509 1403 comes
523 1375 625 1402 homini
641 1375 737 1407 electo,
753 1380 780 1402 et
792 1370 871 1401 saluti
887 1374 1008 1402 destina-

220 1429 249 1450 to
264 1423 423 1457 adiungatur
436 1430 450 1448 a
469 1422 523 1449 Deo
538 1443 545 1455 ,
561 1430 594 1449 an
613 1429 627 1448 a
643 1421 788 1455 baptistno.
811 1420 917 1448 Prostat
930 1420 1008 1448 locus

221 1475 295 1497 tomo
317 1475 364 1494 xui
382 1468 409 1494 in
430 1466 539 1499 Matt/1.,
563 1474 636 1493 num.
663 1465 708 1498 26,
725 1466 768 1492 ubi
791 1464 854 1492 illud
870 1465 1008 1500 evangeli-

220 1520 269 1543 stae
290 1515 314 1530 ⁸³
339 1514 487 1548 explanans
502 1524 508 1541 :
527 1523 536 1539 ι
554 1513 648 1540 Videte
676 1519 710 1540 ne
726 1511 906 1539 contemnatis
924 1518 1006 1538 unum

220 1569 253 1588 ex
270 1560 312 1587 his
327 1559 430 1594 pusillis
446 1579 454 1592 ,
470 1569 479 1585 ι
494 1558 590 1593 quaerit
605 1566 696 1585 annon
714 1557 758 1592 qui
779 1557 805 1584 in
817 1556 927 1584 Christo
941 1564 1005 1591 par-

220 1604 274 1633 vuli
290 1610 352 1632 sunt
366 1609 393 1632 et
404 1603 733 1638 imperfecti,angelornm
749 1602 872 1629 custodia
888 1607 1003 1638 egeant;

221 1649 337 1684 majores
360 1653 449 1676 autem
467 1653 494 1676 ct
519 1648 654 1683 perfecti,
683 1647 784 1675 Christi
817 1647 909 1681 ipsius.
933 1647 1002 1674 Tum

219 1694 395 1729 quaestionem
412 1698 650 1721 commemoratam
665 1692 802 1728 proponit,
821 1692 918 1726 ecquid
931 1696 1005 1727 post-

220 1748 301 1775 quam
317 1740 371 1768 nati
381 1746 444 1767 sunt
458 1739 584 1772 infantes,
600 1747 636 1766 an
649 1743 791 1774 postquam
808 1738 906 1771 renati,
921 1745 1005 1772 ange-

220 1785 306 1812 lorum
323 1784 463 1813 custodum
476 1785 612 1812 c0nsortio
626 1784 758 1811 fruantur.
773 1783 923 1818 Utramque
939 1783 1005 1811 locis

219 1839 236 1859 e
250 1831 390 1866 Scriptura
411 1830 531 1865 quaesitis
545 1829 621 1865 fulcit
637 1830 810 1863 sententiam,
827 1829 873 1857 sed
886 1829 1004 1864 priorem

221 1876 357 1911 pluribus;
371 1875 512 1910 posteriori
527 1883 591 1902 vero
613 1881 780 1909 consequens
792 1880 852 1902 esse
869 1873 1003 1909 agnoscit,

219 1922 322 1957 angelis
349 1921 456 1949 Satanae
471 1921 606 1948 subditum
623 1927 683 1948 esse
709 1919 845 1947 hominem
860 1938 869 1952 ,
885 1920 1003 1953 quandiu

220 1968 301 1996 ﬁdem
314 1967 414 1995 Christi
431 1975 484 1994 non
499 1966 628 2001 suscepit.
647 1965 768 1993 lnsolens
779 1970 869 1992 autem
885 1973 916 1992 ac
929 1965 1006 1992 dam-

220 2022 316 2042 nosum
334 2013 460 2047 estquod
487 2012 589 2048 adjicit,
616 2011 740 2046 angelum
766 2010 884 2038 fortasse
900 2010 1003 2038 homini

221 2060 341 2088 nascenti
368 2059 505 2086 custodem
529 2058 647 2085 additum
663 2077 670 2089 ,
699 2057 797 2084 malum
825 2055 902 2083 initio
928 2063 1004 2089 esse;

219 2106 318 2133 Christi
332 2105 429 2133 deinde
446 2105 596 2131 doctrinam
611 2107 769 2137 capessente
782 2109 876 2137 puero,
893 2102 1004 2129 eosdem

220 2151 309 2179 facere
333 2157 490 2186 progressus
506 2150 628 2184 angelum
642 2170 650 2182 ,
666 2154 693 2176 et
708 2148 807 2175 facient
824 2148 931 2174 demum
948 2155 1004 2175 cae-

1061 226 1222 260 explendum
1239 228 1435 262 praedicationis
1448 237 1502 256 sua:
1521 238 1628 264 munus,
1636 237 1662 259 et
1679 240 1746 267 opus
1756 233 1830 260 Evan-

1060 272 1123 307 gelii
1139 276 1392 302 consummandam.
1415 274 1460 302 Sic
1477 276 1548 303 enim
1565 277 1705 306 dicebatur
1722 278 1747 305 in
1766 279 1828 306 Acti-

1059 319 1110 345 bus
1135 318 1317 353 apostolorum
1330 319 1364 352 ⁸⁸,
1390 321 1452 354 quia
1471 322 1582 356 angelus
1597 322 1667 350 Petri
1691 329 1772 355 esset,
1793 325 1830 359 qui

1060 362 1182 396 pulsaret
1194 363 1227 390 ad
1242 365 1352 392 uatium.
1370 364 1502 393 Similiter
1516 374 1580 401 ergo
1603 367 1760 403 intelligitur
1782 376 1830 398 esse

1059 414 1086 436 et
1103 409 1171 437 alius
1188 409 1262 437 Pauli
1277 411 1390 446 angelus
1402 432 1410 444 ,
1431 412 1502 438 sicut
1515 417 1555 438 est
1576 412 1663 444 Petri,
1676 418 1705 441 et
1723 413 1786 441 alius
1799 416 1831 442 aL

1060 455 1144 483 terius
1158 456 1284 490 apostoli,
1298 461 1325 484 et
1337 458 1504 493 singulorum
1526 466 1573 491 per
1588 459 1723 486 ordinem.
1741 469 1751 486 ι
1769 459 1829 494 Quo-

1060 508 1120 527 rum
1135 501 1233 528 similia
1251 502 1332 529 habet
1348 503 1421 529 hom.
1434 503 1470 529 25
1486 503 1513 529 in
1523 502 1595 536 Νι,
1613 511 1687 531 num.
1704 504 1732 531 5.

1097 547 1193 575 XXIX.
1217 548 1318 576 Prmter
1344 549 1466 577 homines
1482 549 1676 585 hominumque
1699 556 1830 580 conventus

1060 601 1091 620 ac
1103 593 1262 626 societates,
1279 599 1334 621 tum
1357 595 1563 628 ecclesiasticas,
1580 601 1634 622 tum
1649 595 1779 630 politicas,
1791 605 1831 624 au-

1060 639 1181 674 gelorum
1196 647 1268 666 cura:
1286 640 1431 674 permissas
1445 660 1452 671 ,
1469 641 1521 668 alia
1539 635 1654 676 'quoque
1668 641 1782 668 inanima
1796 650 1830 670 re-

1060 685 1152 719 gimini
1172 686 1291 719 ipsorum
1311 686 1417 713 subdita
1432 694 1492 714 esse
1504 687 1635 718 decrevit,
1650 688 1830 722 variaquehzc

1060 731 1121 758 illos
1136 732 1241 758 meritis
1254 733 1311 759 suis
1333 733 1443 760 sortitos
1461 732 1546 759 ofﬁcia
1559 753 1567 764 ,
1585 737 1615 760 ut
1638 734 1662 760 si
1682 734 1727 767 qui
1751 735 1830 761 bestiis

1060 776 1179 810 praesint,
1197 776 1290 804 ferinis
1311 777 1336 803 id
1356 778 1461 804 aclibus
1476 778 1530 804 sint
1543 778 1702 809 consecuti;
1724 778 1767 812 qui
1777 785 1829 805 vero

1060 829 1213 850 sanctorum
1230 831 1324 858 preces
1341 823 1394 851 Deo
1409 823 1586 859 uﬂ'errejussi
1602 825 1668 857 sint,
1686 831 1733 850 sua
1748 824 1831 858 pietate

1061 869 1086 895 id
1105 869 1225 896 muneris
1239 870 1436 903 promcruerint
1453 878 1461 896 :
1479 870 1542 897 hinc
1558 869 1690 904 Raphacli
1708 870 1830 897 medicina

1061 914 1177 941 studium
1207 914 1290 942 fuisse
1307 916 1480 942 commissum
1497 935 1504 946 ,
1531 923 1578 950 pro
1603 922 1652 942 sua
1681 915 1708 941 in
1725 914 1830 942 homines

1061 959 1211 992 cbaritate;
1232 959 1355 987 Michaeli
1370 981 1377 992 ,
1393 962 1547 988 orationum
1564 960 1619 988 Deo
1647 960 1828 988 offerendarum

1061 1005 1217 1032 mandatum
1234 1005 1318 1033 fuisse
1333 1014 1447 1039 munus;
1463 1006 1595 1038 Gabrieli,
1613 1006 1745 1034 bellorum
1757 1007 1827 1033 admi-

1060 1050 1256 1077 nistrationem.
1285 1051 1408 1086 Legenda
1433 1053 1459 1079 in
1478 1059 1538 1079 eam
1563 1053 1727 1079 sententiam
1749 1052 1827 1079 homil.

1059 1095 1092 1122 Μ
1113 1096 1139 1121 in
1155 1094 1250 1128 Nam,
1266 1104 1340 1123 num.
1356 1097 1384 1129 Ξ,
1409 1105 1470 1132 pag.
1494 1097 1546 1124 325
1558 1117 1566 1130 ,
1580 1105 1633 1132 qua
1652 1097 1766 1132 plantis,
1779 1097 1828 1124 ani-

1059 1142 1175 1169 malibus
1187 1162 1194 1174 ,
1214 1143 1422 1178 animaliumque
1436 1143 1546 1176 fetibus,
1558 1144 1734 1176 esercitibus,
1748 1143 1827 1171 rebus-

1059 1195 1112 1226 que
1139 1188 1200 1215 aliis
1221 1189 1346 1222 terrenis,
1362 1189 1408 1217 sed
1425 1195 1453 1217 et
1467 1190 1569 1217 sanctis
1582 1190 1723 1224 operibus,
1739 1198 1828 1217 rerum-

1060 1241 1113 1268 que
1133 1233 1285 1262 divinarum
1310 1235 1447 1263 tradendze
1470 1237 1589 1265 scientiae
1605 1236 1716 1272 angelos
1731 1243 1828 1270 praeesse

1058 1281 1168 1313 asserit,
1182 1281 1386 1316 cavendumque
1401 1282 1490 1309 sancit
1503 1291 1536 1310 ne
1550 1283 1667 1310 terrenis
1681 1282 1760 1310 dediti
1771 1281 1827 1309 acti-

1058 1326 1108 1353 bus
1132 1330 1159 1354 et
1183 1326 1331 1361 corporeis,
1350 1326 1419 1354 inter
1444 1328 1584 1362 deputatos
1603 1328 1636 1356 iis
1654 1329 1828 1356 administran-

1059 1372 1102 1398 dis
1130 1372 1240 1407 angelos
1259 1373 1438 1407 reperiamnr.
1459 1373 1582 1409 Legenda
1604 1380 1631 1402 et
1654 1374 1748 1402 homil.
1766 1373 1828 1400 25in

1057 1417 1129 1450 105.,
1147 1426 1221 1445 num.
1237 1418 1264 1450 5,
1283 1423 1310 1445 et
1323 1419 1417 1445 homil.
1442 1420 1475 1446 10
1499 1420 1525 1447 in
1540 1420 1651 1454 Jerem.,
1671 1428 1744 1448 num.
1761 1419 1784 1451 6,
1807 1422 1828 1445 et

1058 1470 1118 1496 cap.
1137 1462 1153 1489 8
1176 1463 1236 1490 libri
1261 1471 1269 1490 ι
1293 1464 1362 1498 Περὶ
1379 1464 1490 1498 ἀρχῶν,
1516 1473 1590 1492 ιιιιιιι.
1617 1466 1644 1498 l,
1663 1470 1691 1493 et
1707 1464 1770 1493 liber
1790 1471 1828 1491 vm

1060 1513 1151 1535 contra
1170 1508 1253 1541 Cels,
1269 1517 1346 1536 num.
1370 1510 1415 1543 5t,
1441 1518 1494 1545 quo
1508 1510 1670 1546 Epicureum
1692 1511 1762 1538 illurn
1773 1517 1827 1538 con-

1061 1554 1151 1582 futans
1168 1555 1366 1590 philosophum,
1399 1563 1490 1584 rerum
1518 1557 1638 1584 omnium
1652 1576 1659 1589 ,
1684 1565 1743 1592 qnze
1755 1557 1777 1583 in
1795 1556 1828 1583 his

1057 1600 1232 1628 inferioribus
1252 1608 1385 1637 geruntur
1399 1601 1465 1630 locis
1480 1623 1488 1636 ,
1503 1603 1724 1637 procurationem
1739 1603 1764 1630 in
1784 1603 1826 1630 da!-

1057 1654 1153 1673 mones
1170 1648 1395 1675 transcribentem
1410 1668 1417 1681 ,
1433 1648 1536 1683 angelis
1549 1648 1625 1684 quasi
1640 1656 1674 1676 ex
1688 1649 1748 1684 jure
1761 1655 1827 1675 manu

1060 1691 1215 1719 confertum
1233 1694 1344 1727 reperit,
1367 1694 1436 1721 mala
1454 1694 1551 1727 solum,
1567 1699 1591 1721 et
1619 1695 1791 1727 incommoda,
1807 1699 1828 1721 et

1056 1745 1116 1773 quae
1131 1738 1247 1766 humano
1271 1739 1364 1773 generi
1391 1740 1469 1767 noxia
1499 1745 1579 1772 sunt,
1595 1740 1752 1767 sterilitates
1765 1745 1825 1774 puta,

1057 1784 1238 1816 calamitates,
1253 1785 1401 1818 siccitates,
1419 1786 1598 1820 pestilentiam
1613 1806 1620 1817 ,
1638 1786 1744 1821 aliaque
1755 1785 1778 1812 id
1790 1793 1827 1820 ge-

1056 1837 1107 1857 nus
1115 1830 1149 1857 ad
1157 1835 1282 1858 auctores
1292 1831 1428 1859 daemones
1434 1831 1563 1863 referens,
1573 1831 1769 1866 diviuojudicio
1777 1839 1826 1859 cer-

1058 1876 1092 1902 tis
1113 1876 1277 1911 temporibus
1291 1876 1361 1904 hanc
1384 1878 1526 1905 adversum
1544 1877 1669 1905 homines
1682 1882 1826 1913 potestatem

1056 1922 1245 1948 nanciscentes
1258 1942 1265 1954 ,
1291 1923 1337 1949 sed
1363 1922 1491 1950 adversus
1510 1923 1606 1958 impios
1631 1924 1791 1958 praesertim,
1806 1927 1827 1950 et

1058 1975 1072 1994 a
1103 1968 1149 1994 Dei
1175 1968 1247 1995 cultu
1272 1969 1385 1997 alienos.
1410 1969 1600 1997 Verumtamen
1625 1969 1695 1998 libro
1713 1967 1827 2003 Περιὰρ-

1056 2013 1119 2048 χῶν
1130 2022 1170 2045 ιιι,
1185 2022 1245 2049 cap.
1260 2014 1287 2045 5.
1307 2022 1379 2041 num.
1397 2015 1425 2046 2,
1441 2015 1467 2045 5,
1487 2015 1690 2050 disciplinarum
1705 2020 1730 2042 et
1742 2014 1824 2041 artium

1057 2064 1218 2093 potestatem
1253 2061 1420 2095 spiritalibus
1451 2058 1613 2096 qnlbnsdam
1645 2061 1735 2088 mundi
1762 2059 1826 2094 hujus

1057 2105 1173 2140 energiis
1207 2113 1238 2132 ac
1263 2106 1410 2134 virtutibus
1431 2106 1560 2140 ascribit;
1589 2112 1672 2141 atque
1693 2106 1751 2133 inde
1768 2104 1826 2132 exsi-

1057 2155 1128 2178 stere
1162 2152 1266 2180 furores
1301 2153 1442 2187 poeticos,
1470 2153 1648 2180 divinationes
1676 2157 1703 2180 et
1730 2151 1825 2185 magiam

221 2197 295 2225 lcstis
308 2196 396 2224 Patris
413 2200 551 2230 spectare:
565 2194 606 2222 vel
617 2195 731 2221 fortasse
744 2193 868 2229 angelum
886 2193 1002 2226 homini,
1020 2208 1042 2234 ο
1057 2197 1224 2223 arbitratur.
1260 2197 1326 2230 Qua:
1364 2205 1429 2225 sane
1465 2204 1497 2224 ex
1538 2197 1693 2224 Graecorum
1711 2216 1719 2228 ,
1753 2195 1825 2221 Musas

221 2243 260 2268 ret
286 2243 419 2269 hominem
443 2241 537 2276 angelo
560 2241 654 2268 salutis
679 2245 819 2267 auctorem
842 2239 976 2266 exsistere
995 2247 1002 2271 ;

221 2287 362 2315 nonnullos
373 2295 436 2314 vero
449 2295 463 2314 e
476 2287 627 2314 tutelarium
642 2287 799 2321 angelorum
819 2293 931 2312 numero
943 2284 1002 2311 Pa-

221 2335 270 2361 tris
286 2334 404 2360 caalestis
418 2338 524 2368 aspectu
550 2340 657 2367 semper
683 2333 746 2359 frui.
765 2331 866 2358 Deinde
889 2331 1004 2365 opponit

220 2379 271 2407 sibi
283 2379 353 2414 quod
366 2379 391 2405 in
408 2378 483 2405 Actis
494 2379 677 2412 apostolorum
694 2376 825 2411 scriptum
839 2380 880 2403 est
895 2375 929 2407 “,
948 2375 1005 2410 pul-

220 2428 296 2451 sante
308 2423 405 2451 ostium
420 2422 509 2455 Petro,
527 2423 572 2456 qui
593 2422 665 2448 intus
681 2427 768 2454 erant,
785 2421 869 2455 ipsius
883 2427 943 2447 esse
955 2427 1005 2446 an-

220 2470 307 2505 gelum
322 2468 529 2504 pronuntiasse;
545 2475 597 2495 non
621 2475 685 2502 ergo
702 2466 828 2501 perfectis
845 2465 983 2493 Christum
997 2485 1004 2497 ,

221 2517 267 2542 sed
281 2514 406 2550 angelum
423 2514 514 2541 itidem
527 2519 555 2540 ut
569 2512 682 2547 reliquis
697 2512 844 2544 assistere;
860 2512 1005 2545 respondet

221 2569 269 2596 pro
281 2561 404 2595 dogmate
417 2561 578 2588 sententiam
592 2559 698 2586 illorum
716 2558 870 2592 neutiquam
883 2565 945 2584 esse
958 2557 1004 2583 ha-

220 2606 344 2638 bendam,
357 2605 448 2639 quisic
460 2605 589 2632 sentiunt.
606 2604 697 2638 itaque
711 2602 804 2629 homil.
817 2602 851 2628 24
868 2602 894 2627 in
910 2600 1005 2633 Num.,

222 2659 295 2678 num.
310 2651 432 2685 5,justis
451 2656 478 2677 et
491 2650 584 2677 electis
610 2649 697 2684 ipsum
722 2649 817 2675 adesse
844 2647 984 2674 Dominum
998 2667 1005 2679 ,

223 2698 394 2725 inferioribus
412 2704 476 2724 vero
495 2697 605 2731 angelos
631 2695 740 2723 disertis
763 2695 853 2722 verbis
877 2694 1003 2722 allirmat.

223 2744 267 2771 Sic
280 2745 337 2779 ipse
349 2744 541 2778 tamen_ltomil.
557 2743 585 2770 ll
603 2744 630 2770 in
645 2741 737 2775 Num.,
755 2750 829 2770 num.
842 2743 893 2769 4:4
907 2742 1006 2775 Quam-

260 2844 280 2859 ”
295 2845 385 2871 Matth.
407 2853 480 2878 mit,
499 2846 542 2873 10.
580 2846 602 2860 δ’
615 2846 675 2872 Act.
694 2855 741 2879 χιι,
761 2847 802 2878 15,
816 2846 857 2873 15.

1059 2242 1189 2277 quasdam
1210 2243 1392 2270 doctrinarum
1411 2243 1539 2279 praesides
1553 2264 1560 2275 ,
1580 2248 1607 2269 et
1627 2242 1692 2270 deos
1711 2238 1825 2277 μουδητέ·

1058 2295 1107 2318 τας
1122 2288 1294 2322 ﬁngentium,
1314 2287 1449 2322 theologia
1461 2288 1587 2315 videntur
1601 2294 1662 2314 esse
1681 2286 1771 2320 petita.

1095 2331 1181 2359 XXX.
1201 2330 1339 2360 Hactenus
1356 2333 1389 2360 de
1410 2333 1540 2360 alterutra
1555 2332 1714 2367 angelorum
1729 2330 1766 2358 vel
1788 2329 1825 2355 ho-

1060 2387 1156 2405 normn
1175 2378 1214 2405 vel
1232 2378 1361 2406 malorum
1377 2380 1539 2414 stipatione,
1563 2379 1689 2414 gentibus
1702 2398 1710 2410 ,
1725 2375 1821 2404 homini-

1060 2424 1121 2455 bus,
1134 2429 1162 2450 et
1182 2423 1308 2451 inanimis
1323 2424 1405 2451 etiam
1431 2425 1513 2451 rebus
1530 2424 1622 2450 addita
1635 2444 1642 2456 ,
1658 2424 1732 2458 juxta
1747 2419 1824 2454 Οτίῑεε

1061 2469 1102 2496 nis
1117 2469 1279 2496 sententiam
1295 2470 1486 2498 disseruimus.
1503 2469 1581 2496 Nunc
1605 2469 1639 2497 de
1657 2471 1821 2500 utrorumque.

1059 2514 1191 2543 bonorum
1211 2516 1291 2544 simul
1313 2523 1341 2544 et
1361 2517 1493 2544 malorum
1510 2517 1667 2551 angelorum
1680 2513 1792 2552 gentibus
1802 2515 1822 2537 ει

1059 2562 1216 2591 hominibus
1244 2564 1431 2591 assistentium
1459 2564 1590 2591 comitatu
1612 2570 1731 2598 quzcnam
1755 2559 1821 2586 abeo

1059 2609 1156 2635 tradita
1170 2609 1224 2636 sint
1238 2629 1245 2641 ,
1258 2609 1436 2643 disputemus.
1452 2609 1536 2637 Malos
1551 2610 1662 2645 angelos
1682 2607 1748 2636 haud
1760 2610 1821 2633 secus

1058 2661 1091 2681 ac
1111 2655 1196 2682 bonos
1220 2655 1246 2682 in
1271 2660 1367 2690 gentes
1382 2660 1473 2683 tenere
1499 2660 1661 2690 potestatem
1686 2654 1773 2682 scitum
1787 2652 1819 2676 εει

1057 2699 1182 2735 Origenis
1199 2701 1246 2728 lib.
1269 2702 1314 2729 vni
1335 2707 1426 2728 contra
1446 2701 1564 2735 Celsum,
1580 2709 1655 2728 num.
1670 2700 1713 2732 δι,
1727 2703 1751 2726 et
1760 2697 1817 2723 horn-

1059 2745 1091 2771 12
1104 2746 1130 2772 in
1149 2745 1213 2774 Luc.
1230 2753 1239 2772 :
1254 2755 1263 2772 ι
1283 2745 1375 2781 Neque
1389 2746 1462 2774 enim
1478 2766 1485 2779 .
1507 2746 1604 2782 inquit,
1620 2746 1661 2774 fas
1675 2749 1714 2772 est
1726 2739 1818 2770 crede!te

897 2846 919 2862 "
934 2846 997 2873 ibid.
1014 2845 1056 2872 l5.
