1904 3077
46 166 97 195 881

476 161 762 191 ORIGENIANORUM
783 161 847 189 LIB.
870 161 901 194 ll,
922 161 999 189 CAP.
1021 160 1052 194 ll,
1074 159 1214 194 QUEST.
1236 158 1268 187 ν.

1632 161 1684 187 88:!

49 224 136 252 malos
153 222 267 258 angelos
285 222 342 250 suis
367 229 484 256 praeesse
508 223 674 257 provinciis,
699 228 725 249 et
752 222 837 249 bonos
854 228 874 254 Α
893 222 956 248 vitio
977 221 1121 254 unicuique
1150 226 1267 254 praeesse
1294 219 1442 245 dmmonem
1479 226 1581 250 unum,
1604 221 1684 253 eique

49 277 102 297 non
121 269 236 296 easdem
256 268 410 303 provincias
426 267 527 294 habere
547 270 705 301 permissas.
724 278 732 293 ι
757 267 842 301 Lrges

49 315 152 342 similia
178 314 227 342 lib.
247 321 276 341 Ill
293 313 362 347 Περὶ
377 312 488 348 ἀρχῶν,
506 321 566 348 cap.
589 314 616 344 5,
641 322 715 340 ιιυιιι.
728 313 757 344 Ξ,
773 313 800 344 5,
815 318 842 339 et

51 363 126 390 hom.
142 362 160 389 9
175 361 206 388 in
217 360 323 394 Genu,
348 368 422 387 num.
432 360 460 392 ὅ,
476 360 502 386 in
521 368 573 394 qua
588 359 718 394 apostolis
729 360 841 386 verbum

50 408 98 436 Dei
115 407 330 442 praedicantibus
346 407 379 434 ad
399 406 566 433 iracundiam
591 407 743 433 concitatos
758 405 842 432 fuisse

50 454 118 481 dicit
139 452 254 488 angelos
275 452 335 479 illos
349 472 357 484 ,
373 451 418 485 qui
437 450 559 485 singulas
582 458 701 484 quasque
719 450 841 476 muliones

51 500 165 535 imperio
179 499 349 534 premebam.
367 498 416 525 Cui
437 498 584 524 astruendo
601 497 714 524 citatum
731 501 842 530 usurpat

51 543 139 570 locum
153 550 170 570 e
185 542 294 569 cautico
317 541 409 574 Mosis,
428 541 572 568 Detlteron.
590 549 675 572 xxxtt,
685 540 711 572 8,
725 540 750 571 9,
761 548 840 575 quem

50 593 76 615 et
89 588 186 615 hotnil.
207 587 242 614 35
264 588 291 613 in
308 586 372 613 Luc.
388 587 421 613 ad
437 587 545 614 eosdem
562 586 649 614 malos
665 586 775 621 angelos
801 587 841 614 in-

51 633 229 668 terpretando
255 632 399 659 convertit.
417 631 548 658 Eumdem
577 639 641 659 vero
658 632 750 660 Itotnil.
774 631 791 658 8
814 633 841 658 in

51 677 127 705 Exod
143 698 151 711 ,
169 686 246 705 ltlllll.
255 677 283 709 Ξ,
295 685 377 712 super
389 677 441 704 hoc
453 683 613 712 argumento
626 677 778 712 proferens,
788 684 840 703 non

51 724 118 750 satis
146 727 261 758 apparet
289 723 322 750 ad
341 723 481 756 malosne,
507 731 541 750 an
569 723 601 750 ad
626 723 711 750 bonos
732 722 841 758 angelos

53 769 190 803 pertinere
216 769 288 797 velit.
304 769 344 797 Ad
368 770 453 798 bonos
477 777 543 798 vero
559 775 653 805 aperte
673 769 757 797 refert
773 775 839 796 tom.

52 823 100 842 ιιιι
114 815 143 842 in
154 814 251 848 10am,
267 823 342 842 nunt.
357 815 402 843 49.

86 861 249 891 Hominibus
264 869 330 890 vero
342 862 455 897 singulis
468 862 591 898 geminos
608 862 704 890 adesae
718 862 840 896 angelos,

895 266 1030 300 subjectos
1043 273 1103 292 esse
1123 265 1260 292 dannones
1283 263 1448 297 complures,
1463 264 1509 298 qui
1532 263 1565 291 ad
1587 264 1682 291 vitium
1712 300 1715 303 ‘

895 316 978 341 hocce
990 311 1191 346 propagaudum
1204 310 1375 337 subserviant
1383 330 1390 342 ,
1405 317 1498 336 omnes
1509 315 1596 336 autem
1607 310 1684 344 prin-

893 360 977 392 cipes,
988 361 1160 392 peccatorum
1177 356 1346 382 incremento
1362 355 1513 390 ptml'ectos,
1526 362 1681 389 supremum

894 412 976 432 unum
995 403 1102 435 ducem,
1113 401 1187 429 velut
1212 401 1316 428 militiae
1330 408 1385 428 sute
1400 401 1556 436 magistrum
1572 401 1682 428 habere.

893 450 961 477 Cum
977 454 1067 476 autem
1086 447 1181 474 mttltis
1201 447 1280 474 simul
1307 447 1430 473 laborare
1445 447 1531 480 possit
1542 447 1616 473 vitiis
1632 447 1682 474 lto-

894 503 949 529 mo,
969 500 996 522 et
1019 495 1125 522 laboret
1155 500 1285 528 persmpe,
1300 497 1362 519 tunc
1389 500 1403 519 a
1420 493 1511 519 nntltis
1529 500 1590 519 eum
1602 492 1682 519 simul

893 541 1064 569 datmonibus
1082 539 1203 568 insideri.
1213 539 1289 572 Quod
1304 539 1340 565 ita
1355 544 1442 565 tamen
1460 538 1493 565 ab
1508 538 1625 573 Origene
1638 539 1681 565 iu-

895 588 1033 615 tellectum
1050 591 1127 622 puto,
1144 585 1323 620 temporarias
1343 592 1404 611 esse
1429 585 1478 611 has
1504 584 1682 618 complurium

893 634 1046 660 daemonum
1085 632 1279 666 angelorumve
1311 629 1486 663 ati‘cctiones;
1514 635 1681 657 constantem

893 683 984 706 autem
996 683 1023 705 et
1041 685 1088 714 per
1101 678 1184 705 totius
1201 676 1368 704 curriculum
1382 677 1444 704 vita:
1464 681 1681 711 perseverantem

893 725 961 752 certi
988 723 1103 758 alicujus
1129 723 1219 758 angeli
1246 722 1337 750 itidem
1356 726 1384 749 et
1409 722 1537 749 daunonis
1559 722 1682 755 stipatio-

894 779 966 803 nem,
992 770 1112 798 nascenti
1140 769 1252 797 cuilibet
1280 769 1383 796 bomiui
1406 768 1540 796 decretam
1561 772 1588 794 et
1603 768 1682 794 attri-

892 818 995 844 butatn.

928 862 1014 890 Porro
1036 867 1095 896 post
1108 861 1323 889 administratum
1347 860 1436 887 tutel-.e
1453 865 1551 887 nostrae
1574 868 1681 891 munus,

53 908 149 935 bonum
165 908 294 941 alterum,
319 908 434 936 alterum
461 908 559 936 malum
587 909 708 936 decernit
724 909 770 936 lib.
790 917 796 934 ι
814 909 840 935 in
859 905 877 932 Β
893 913 993 935 statum
1008 909 1041 935 iri
1062 907 1173 942 angelos
1188 907 1214 934 in
1233 906 1346 940 judicio,
1356 911 1388 932 et
1410 906 1541 941 impositm
1554 906 1607 933 sibi
1621 914 1682 940 pro-

54 953 135 987 Epist.
144 953 180 979 ad
191 953 281 989 Rom,
293 961 366 981 num.
379 953 457 984 18,et
468 961 500 981 ex
516 954 663 989 Scripturis
676 954 760 981 sacris
770 962 840 988 sazpe

54 999 78 1026 id
90 1006 119 1026 se
135 1000 263 1027 docuisse
276 1000 313 1026 ait
329 999 422 1036 homil.
440 1001 475 1027 25
490 999 516 1027 in
530 999 603 1031 εισι,
619 1008 694 1027 num.
710 1000 738 1034 5,
752 1006 779 1028 et
794 1008 841 1035 per

53 1045 163 1073 Genium
190 1045 334 1080 principis,
361 1053 441 1079 quem
456 1046 605 1072 daunoncm
621 1053 681 1072 esse
697 1046 763 1073 dicit
790 1047 840 1081 ipsi

55 1089 171 1116 nascenti
194 1089 359 1123 appositum,
387 1089 473 1124 jurari
503 1094 575 1116 vetat
599 1089 647 1118 lib.
670 1097 717 1117 vui
749 1095 841 1118 contra

55 1134 132 1168 (2:13.,
149 1143 224 1162 num.
245 1135 290 1168 65,
314 1135 510 1163 Ἀποθανατέον
533 1138 592 1163 ἐστὶ
618 1137 729 1172 μᾶλλον,
744 1138 841 1173 inquit,

55 1180 116 1214 ἡμῖν
143 1181 214 1216 ὑπὲρ
234 1180 282 1207 τοῦ
301 1182 339 1217 μὴ
376 1181 472 1217 ὀμόσαι
504 1182 641 1218 μοχθηρὸν
658 1184 773 1219 δαίμονα
796 1185 842 1211 καὶ

56 1225 162 1253 ἄπιστον
188 1226 320 1258 πολλάκις
342 1227 613 1262 συνεξαμαρτάνοντα
639 1226 662 1263 ᾧ
682 1229 776 1264 ἔλαχεν
796 1230 842 1256 ἀν-

58 1272 163 1308 θρώπῳ,
179 1272 196 1305 ἢ
218 1273 266 1299 καὶ
283 1272 363 1299 πλέον
378 1272 460 1298 αὐτοῦ
491 1273 690 1308 ἁμαρτάνοντα.
719 1274 841 1309 Dogtnati

58 1318 116 1346 huic
144 1319 300 1354 praesidium
331 1319 440 1347 aseiscit
467 1327 500 1347 ex
532 1320 638 1348 Hermae
666 1320 787 1354 Pastore,
816 1327 843 1348 et

57 1363 181 1392 Barnabas
195 1365 310 1400 epistola
323 1365 380 1401 (qui
393 1365 453 1392 libri
466 1365 499 1393 ad
519 1365 590 1394 hanc
602 1367 672 1394 diem
686 1372 841 1402 supersunt.

58 1415 164 1445 eamque
179 1411 326 1439 continent
352 1412 525 1448 doctrinam),
553 1413 600 1440 lib.
615 1421 645 1440 ιιι
667 1413 705 1441 De
718 1413 841 1448 princip.,

59 1462 112 1490 cap.
125 1456 153 1490 Ξ,
170 1465 248 1485 num.
266 1458 293 1489 4,
310 1463 337 1486 et
365 1457 460 1486 hontil.
486 1458 521 1486 55
535 1459 563 1486 in
577 1459 653 1492 Lua,
670 1459 714 1487 ubi
735 1460 774 1487 ait
793 1461 842 1488 ad-

58 1502 212 1535 versarium,
239 1508 266 1531 et
285 1503 472 1532 insidiatorem
489 1513 503 1533 a
524 1505 601 1533 nobis
617 1513 748 1541 nusquam
765 1514 841 1534 rece-

60 1546 127 1580 dere,
155 1549 203 1576 sed
223 1549 259 1576 ad
287 1550 436 1585 principem
454 1551 544 1586 gentis
558 1552 684 1579 nimirttm
700 1553 841 1587 praesidem

60 1593 202 1622 daemonem
220 1603 272 1624 nos
285 1596 430 1629 deducere,
455 1602 482 1624 et
501 1605 561 1632 ase
577 1603 698 1626 servatos
711 1599 842 1627 adversus

60 1639 179 1676 principis
208 1642 343 1674 alterius,
370 1650 465 1676 rapere
489 1651 539 1670 nos
566 1644 699 1677 volentis,
728 1646 842 1673 insidias

59 1685 146 1714 sistere
161 1697 167 1714 :
180 1688 321 1716 Christum
348 1694 438 1717 autem
465 1689 602 1726 principes
617 1698 712 1719 omnes
731 1692 839 1725 vicisse,

61 1734 86 1758 ot
101 1733 227 1762 terminos
246 1742 340 1762 eorum
371 1740 553 1763 transeuntem
583 1738 704 1773 captivos
728 1738 842 1773 populos

62 1776 91 1803 ad
100 1784 127 1804 se
135 1778 160 1806 in
170 1779 285 1806 salutem
309 1782 491 1810 transtulisse.
503 1783 584 1810 Addit
598 1783 694 1810 deinde
707 1792 714 1812 ε
730 1794 738 1809 ι
751 1784 843 1819 Neque

63 1822 127 1849 enini
142 1832 236 1854 omnes
260 1827 380 1854 otnniutn
402 1834 466 1856 sunt
488 1829 650 1861 adversarii,
677 1830 724 1857 sed
744 1830 841 1865 singuli

63 1866 174 1902 Singulos
187 1871 298 1904 habent,
317 1873 362 1907 qui
379 1874 479 1910 ubique
499 1883 546 1903 eos
562 1881 721 1910 sequantur,
740 1881 766 1903 et
789 1878 842 1904 sint

64 1914 175 1942 comites.
199 1926 209 1942 ι

94 1959 157 1992 Qnid
170 1963 240 1996 quod
269 1964 382 2000 singulis
409 1966 563 1994 hominibus
579 1975 631 1994 non
658 1968 765 1995 unicum
781 1973 841 1996 tan-

66 2007 190 2034 tunnuodo
200 2009 337 2044 angelum,
355 2011 498 2039 unicumve
512 2013 674 2046 daemonem,
708 2015 754 2041 sed
774 2019 842 2042 tutas

66 2052 209 2098 angelorum
225 2057 432 2092 daemonumque
447 2059 573 2087 cohortes
584 2060 704 2095 adjungit
719 2061 812 2088 liomil.
825 2062 843 2088 4

65 2099 175 2144 ξηρδρίηι
198 2108 293 2135 usu,
306 2111 380 2131 num.
397 2104 424 2137 ὅ,
437 2112 497 2140 pag.
509 2106 572 2132 675.
584 2115 592 2131 ι
608 2105 746 2140 Nunquam
757 2108 840 2140 enim,

66 2143 152 2176 ιηειιιὶι.
167 2146 241 2175 solus
251 2153 294 2176 est
315 2149 417 2184 justus,
444 2151 491 2177 sed
508 2159 541 2178 ne
558 2152 638 2178 ttnius
653 2153 773 2186 quidem,
795 2157 843 2179 aut

66 2187 186 2224 duorum,
218 2194 261 2221 vel
283 2195 362 2221 trium
395 2197 579 2224 tantummodo
605 2198 763 2231 angelorum
798 2206 842 2225 so-

894 953 990 981 vinciae
1014 954 1146 981 rationem
1171 953 1322 980 reddituros
1349 952 1434 986 ipsius
1460 952 1597 987 persuasio
1621 952 1680 979 fuit.

896 1000 981 1033 Quam
997 1000 1123 1035 quoniam
1152 999 1206 1034 iam
1228 1003 1290 1026 ante
1304 999 1485 1031 exeussimus,
1508 1006 1683 1032 properemus

894 1045 927 1073 ad
945 1045 1007 1078 alia,
1023 1050 1050 1073 et
1065 1045 1163 1081 placita
1179 1053 1227 1072 sua
1245 1052 1326 1079 super
1344 1045 1498 1079 angelorum
1516 1044 1596 1071 tutela
1612 1045 1682 1072 unde

895 1091 1027 1124 hauserit,
1045 1096 1072 1119 et
1100 1091 1237 1125 quodnam
1267 1091 1317 1117 sibi
1349 1091 1526 1126 patroc'nium
1550 1091 1682 1124 spondere

893 1138 988 1171 possit,
1005 1137 1190 1171 exquiramus.

933 1182 1031 1210 XXXI.
1048 1183 1214 1210 l‘raeiverunl
1231 1182 1268 1209 illi
1288 1183 1314 1209 in
1327 1191 1358 1209 ea
1379 1183 1507 1217 opinione
1519 1184 1550 1210 de
1567 1183 1682 1210 ltomiuis

894 1229 1105 1263 uniuscujusque
1125 1229 1200 1256 socio
1215 1236 1247 1255 ac
1263 1229 1391 1263 stipatore
1407 1230 1485 1263 genio
1496 1229 1609 1263 gentiles
1623 1230 1683 1263 phi-

894 1274 1011 1309 losophi,
1030 1275 1075 1308 qui
1099 1274 1236 1301 hominum
1250 1280 1278 1301 et
1292 1274 1412 1301 locorum
1426 1275 1552 1308 pra‘sides
1577 1274 1681 1309 genios,

894 1329 946 1349 non
960 1329 975 1348 e
992 1322 1176 1356 superioribus
1192 1321 1315 1352 deorum,
1330 1321 1376 1348 sed
1388 1328 1421 1347 ex
1439 1320 1549 1347 deorum
1562 1321 1594 1347 de
1605 1320 1683 1355 plebe

893 1366 1035 1393 ordinibus
1046 1367 1192 1393 accersitos
1205 1365 1321 1392 confessi
1335 1369 1416 1398 sunt;
1450 1364 1527 1392 Plato
1538 1373 1602 1392 vero
1614 1373 1682 1400 pra-—

893 1414 982 1448 cipue,
1001 1419 1029 1440 ut
1043 1413 1168 1441 Clemens
1188 1413 1387 1440 Alexandrinus
1403 1413 1534 1447 agnoscit,
1553 1421 1613 1439 cum
1633 1413 1683 1440 ali-

894 1459 932 1493 bi,
956 1465 1012 1486 tum
1037 1460 1064 1486 in
1080 1460 1127 1487 lib.
1141 1468 1158 1486 x
1174 1460 1212 1487 De
1225 1460 1337 1494 republ.,
1358 1468 1453 1487 versus
1482 1460 1574 1487 tinent.
1599 1460 1682 1494 Cujus

894 1506 1045 1534 doctrinam
1068 1507 1106 1533 ita
1122 1507 1250 1534 edisserit
1271 1506 1392 1533 Plotinus
1408 1506 1478 1533 Enn.
1492 1507 1520 1539 5,
1537 1506 1583 1533 lib.
1603 1513 1638 1538 tv,
1654 1511 1682 1533 ut

894 1552 939 1586 qui
954 1559 985 1579 ea
1005 1553 1173 1586 perspexerit
1189 1557 1302 1584 attente,
1323 1553 1446 1580 dubitare
1459 1553 1569 1579 tninime
1584 1552 1680 1587 lmssit,

893 1597 958 1631 quin
975 1604 1024 1624 sua
1035 1606 1051 1624 e
1064 1596 1178 1624 Platone
1195 1597 1430 1624 Platonicorutnvc
1446 1597 1682 1624 lucubrationibus

893 1642 1024 1677 tirigenes
1038 1642 1223 1674 transtulerit;
1246 1651 1307 1669 nam
1329 1647 1356 1670 et
1373 1643 1503 1670 daemonis
1526 1643 1680 1677 pnesidium

893 1689 990 1715 animas
1010 1688 1134 1723 largitur,
1158 1693 1186 1715 et
1207 1689 1355 1716 secundum
1383 1689 1480 1715 animae
1507 1689 1679 1720 mutationes,

893 1734 994 1761 mutari
1008 1733 1157 1761 daemonem
1180 1739 1266 1768 putat,
1284 1739 1312 1762 et
1328 1741 1390 1762 eum
1404 1734 1502 1761 animae
1522 1734 1678 1767 dxernouent,

894 1785 1036 1815 postquam
1053 1786 1170 1814 corpore
1189 1780 1276 1807 soluta
1293 1784 1345 1812 est,
1365 1780 1506 1807 imminere
1518 1786 1620 1811 censet,
1635 1781 1679 1814 qui

892 1833 951 1852 eam
972 1826 1042 1852 rexit
1059 1826 1122 1852 dum
1134 1833 1233 1860 corpus
1248 1825 1402 1856 animaret;
1422 1831 1448 1853 et
1469 1831 1596 1853 externos
1613 1835 1682 1860 pra-—

894 1875 966 1898 terea
981 1878 1013 1897 ac
1028 1871 1150 1898 iuternos
1158 1872 1256 1899 anian
1271 1873 1416 1907 unicuique
1426 1873 1521 1900 adesse
1535 1873 1680 1906 dammnes,

893 1926 925 1944 ex
946 1917 1005 1951 ejus
1019 1918 1108 1944 verbis
1119 1919 1288 1952 perspicuum
1304 1924 1360 1948 est.
1379 1919 1446 1947 llinc
1462 1920 1590 1955 Apuleius
1603 1921 1629 1947 in
1651 1920 1681 1946 li-

894 1963 965 1990 bello
983 1963 1020 1990 De
1033 1963 1081 1990 deo
1092 1963 1231 1991 Socratis:
1251 1973 1260 1990 ι
1279 1965 1317 1992 Ex
1337 1965 1388 1992 ltac
1404 1973 1479 2000 ergo,
1508 1966 1604 2000 inquit,
1634 1974 1680 1992 su-

893 2009 1018 2036 blimiore
1038 2011 1188 2037 da-ntonum
1205 2011 1281 2045 cupia
1310 2010 1387 2038 Plato
1416 2016 1539 2038 autumat
1568 2011 1682 2044 singulis

894 2055 1048 2082 hominibus
1065 2055 1090 2081 in
1101 2056 1154 2082 vita
1169 2056 1273 2090 agenda
1287 2061 1370 2084 testes
1379 2062 1407 2084 et
1420 2059 1548 2085 custodes
1563 2058 1682 2092 singulos

893 2100 1010 2132 additos,
1018 2101 1062 2135 qui
1073 2101 1174 2127 nemini
1185 2102 1322 2137 conspicui
1334 2110 1441 2136 semper
1452 2103 1552 2134 adsint,
1561 2104 1681 2130 ontnium

894 2154 946 2173 non
964 2147 1044 2174 modo
1052 2151 1175 2175 actorum
1191 2152 1284 2180 testes,
1295 2155 1387 2175 verum
1400 2149 1481 2175 etiam
1491 2149 1680 2184 cogitatorum.

894 2193 933 2219 Ac
949 2193 993 2220 ubi
1008 2193 1062 2220 vita
1081 2193 1152 2220 edita
1175 2195 1346 2221 remeandqu
1371 2201 1427 2227 est,
1447 2195 1573 2222 euntdem
1594 2195 1679 2228 illum,

66 2233 154 2264 cietate
166 2241 297 2267 subnixus
315 2245 367 2272 est,
381 2241 427 2267 sed
441 2242 578 2268 exercitus
593 2242 617 2268 ei
638 2243 765 2269 virtutum
786 2250 841 2270 cae—
858 2247 880 2274 υ
895 2239 940 2273 qui
958 2238 1036 2266 nobis
1058 2241 1186 2274 praeditus
1213 2234 1273 2272 fuit,
1302 2246 1410 2275 raptare
1438 2240 1508 2268 illico
1522 2246 1549 2268 et
1574 2244 1683 2269 trahere

68 2276 162 2308 lestium
178 2290 277 2318 praem
292 2290 348 2313 est:
370 2295 378 2311 ι
407 2286 545 2321 quodnon
559 2288 593 2315 ad
607 2288 737 2322 spiritalia
751 2293 841 2315 tamen

69 2322 129 2352 bona
143 2328 306 2358 conterenda
324 2332 475 2367 restringit,
494 2332 543 2360 sed
565 2333 598 2360 ad
614 2341 744 2368 corporea
759 2335 841 2361 etiam

68 2374 182 2406 Prorogat
196 2375 290 2402 ltotnil.
304 2376 338 2403 20
354 2377 381 2403 in
395 2376 467 2409 λοι,
480 2385 555 2405 nuttt.
571 2378 584 2404 l
597 2386 603 2404 :
617 2388 625 2403 ι
636 2378 749 2406 Constat
777 2387 842 2414 ergo

69 2415 156 2445 multas
168 2426 227 2447 esse
243 2422 356 2449 virtutes
369 2422 439 2449 intra
454 2429 512 2454 nos,
527 2423 625 2457 quibus
637 2423 678 2451 vel
691 2425 841 2451 animarum

70 2464 221 2503 nostrarum,
240 2466 280 2494 vel
296 2475 442 2502 corporum
457 2475 521 2496 cura
535 2469 666 2503 permissa
682 2474 744 2502 est;
765 2479 774 2495 ι
799 2471 843 2498 cui

71 2502 224 2538 deieudeudo
243 2513 328 2540 utitur
353 2514 503 2548 scriptione
526 2502 642 2550 quadam
676 2517 842 2550 apocrypha,

71 2554 139 2596 quam
157 2553 251 2583 Enocht'
265 2558 361 2585 librum
372 2566 432 2586 esse
448 2560 577 2594 suspicari
591 2561 686 2594 possis,
702 2561 796 2587 hotuil.
808 2560 842 2588 55

74 2594 164 2646 ξηραι-
195 2610 203 2626 ι
225 2601 363 2636 Legimus,
383 2603 481 2639 ittquit,
509 2606 533 2632 si
563 2610 652 2633 tamen
682 2607 725 2633 citi
754 2606 843 2641 placet

75 2638 210 2674 ""iuSmodi
223 2650 385 2683 scripturam
402 2638 534 2686 recipere,
559 2651 671 2685 jostitiaa
690 2657 717 2679 et
740 2638 840 2686 iniqui-

76 2686 128 2714 ωιίε
137 2692 240 2725 attgelos
251 2702 332 2730 super
341 2696 457 2724 Abrahae
472 2698 557 2724 salute
575 2699 766 2732 disceptantes,
777 2699 838 2725 dum

76 2734 179 2781 ""ll'ftque
198 2743 290 2769 tunnte
305 2749 355 2769 suo
373 2750 434 2769 curn
452 2743 545 2770 volunt
569 2745 650 2770 coetui
666 2744 812 2772 vindicare.
829 2753 838 2769 ι

79 2773 108 2802 Ex
123 2779 234 2812 dtetnone
252 2793 353 2818 autem,
370 2789 412 2816 cui
430 2796 528 2815 nomen
550 2789 639 2824 Legio,
656 2790 747 2816 miseri
770 2790 842 2818 illius

79 2827 99 2870 ".1
110 2827 229 2858 sepulcris
242 2831 390 2861 habitantis
405 2841 504 2868 corpus
515 2840 674 2868 occupante,
688 2843 702 2861 a
720 2835 841 2868 plurimis

81 2870 145 2896 Stmul
163 2872 324 2907 daetttouibus
337 2887 385 2907 nos
407 2880 503 2914 probat
523 2880 706 2908 circumsideri
721 2889 727 2913 ;
744 2881 841 2916 quippe

896 2284 979 2311 veluti
994 2285 1147 2312 custodiam
1164 2293 1240 2313 suam
1255 2287 1288 2313 ad
1311 2286 1444 2321 judicium
1463 2295 1469 2313 :
1488 2293 1570 2322 atque
1589 2288 1642 2315 illic
1656 2289 1682 2315 in

896 2337 977 2358 causa
994 2331 1107 2358 dicenda
1123 2334 1251 2359 assistere
1266 2341 1272 2365 ;
1299 2333 1321 2359 si
1339 2340 1391 2367 qtta
1406 2334 1626 2366 commentiatur,
1641 2342 1683 2361 re-

895 2376 1049 2410 darguere,
1077 2379 1166 2412 siqua
1190 2385 1254 2405 vera
1275 2379 1356 2412 dicat,
1373 2387 1550 2412 asseverare;
1571 2388 1682 2415 prorsus

896 2422 968 2449 illius
986 2424 1143 2451 testimonio
1161 2423 1225 2451 ferri
1242 2425 1418 2453 sententiain.
1438 2436 1447 2451 ι
1465 2426 1556 2460 Itaque
1577 2433 1681 2453 summa

896 2467 1025 2503 religione
1040 2469 1134 2502 genius
1152 2470 1186 2496 ab
1200 2470 1318 2505 autiqttis
1336 2471 1477 2499 colebatur
1493 2480 1499 2497 :
1517 2472 1682 2499 Censorinus

894 2520 956 2546 cap.
972 2513 990 2540 5
1003 2513 1042 2540 De
1063 2514 1105 2540 die
1130 2515 1215 2541 natali
1235 2523 1245 2543 :
1262 2524 1270 2540 ι
1297 2516 1385 2543 Genio
1405 2517 1486 2551 igitur
1511 2517 1681 2551 potissimunt

894 2568 942 2596 per
955 2569 1062 2588 omnem
1084 2567 1190 2589 aetatem
1211 2565 1355 2598 quotannis
1379 2564 1574 2591 sacriﬁcamus.
1588 2563 1681 2596 Quatt-

893 2614 975 2642 quam
987 2615 1040 2635 non
1055 2609 1141 2635 solum
1165 2608 1219 2641 ltic,
1234 2609 1281 2636 sed
1302 2614 1329 2636 et
1353 2609 1396 2636 alii
1413 2615 1474 2636 sunt
1497 2614 1626 2644 praeterea
1644 2609 1680 2636 dii

893 2653 1047 2688 complures
1060 2655 1197 2681 hominum
1210 2654 1292 2681 vitam
1308 2663 1356 2689 pro
1370 2664 1416 2682 sua
1430 2656 1544 2690 quisque
1559 2655 1682 2689 portione

894 2700 1130 2731 adminiculantes,
1154 2709 1222 2735 qttos
1243 2702 1376 2728 volentetn
1393 2709 1558 2736 cognoscere
1578 2700 1683 2734 Indigi-

896 2750 1071 2772 tamentorum
1087 2746 1147 2773 libri
1164 2746 1231 2773 satis
1246 2747 1412 2779 edocebunt;
1428 2747 1475 2774 sed
1487 2754 1581 2773 omnes
1597 2747 1623 2772 ili
1639 2755 1682 2773 se-

895 2792 946 2818 mel
973 2793 999 2819 in
1022 2800 1184 2828 unoquoque
1203 2794 1311 2821 homine
1332 2795 1471 2821 numinum
1488 2802 1597 2821 suorum
1618 2794 1683 2821 επε-

895 2843 967 2864 etum
987 2845 1200 2871 reprmsentant:
1221 2841 1347 2875 quocirca
1378 2848 1429 2867 non
1452 2847 1499 2873 per
1526 2848 1604 2867 otnttc
1623 2841 1683 2867 vita:

896 2885 1012 2918 spatium
1028 2886 1104 2913 novis
1119 2885 1295 2921 religionibus
1315 2891 1499 2914 arcessuntur.
1513 2886 1616 2914 Genius
1633 2893 1682 2913 au-
