1904 3077
239 165 292 192 εςδ

876 158 906 186 Ρ.
931 157 1089 185 DANIELIS
1108 154 1226 184 IIUET“
1796 153 1834 180 Siti

239 227 293 249 tem
309 221 344 248 ita
365 217 442 255 nobis
467 220 626 246 observatur
642 217 781 252 appositus
794 222 848 249 est,
863 223 892 244 ιιι
904 225 938 245 ne
957 225 1026 253 pun~
1043 218 1063 245 Α
1078 216 1230 250 asperiores
1255 213 1353 247 imponi
1374 212 1455 239 duces
1481 211 1601 239 deﬁnivit
1623 211 1786 240 Adamantius
1800 223 1805 240 ε
1817 217 1833 241 si

239 272 284 295 cto
298 266 405 301 quidem
423 264 552 298 temporis
568 263 673 298 longius
689 263 826 295 abscedat,
838 263 886 290 sed
901 262 935 289 alt
949 268 1027 290 utero

239 314 334 339 matris
345 315 473 344 exceptos
481 310 514 336 ad
529 316 679 336 extremum
691 309 752 335 vita:
761 309 832 337 diem
846 309 1000 336 comitetur.
1015 318 1023 333 ι

239 357 305 385 Nota
328 361 426 391 praeter
449 359 608 390 perpetuum
628 355 698 388 genii
722 355 891 386 comitatum,
914 355 1026 382 deorum

238 402 415 437 complurium
445 400 595 428 ministerio
635 401 718 426 vitam
755 399 902 427 humanam
937 399 1026 433 jttvari

239 449 344 482 priscos
363 448 423 475 illos
447 454 570 482 putasse,
597 447 666 480 quod
689 445 861 481 Origenianis
884 446 1027 474 sententiis

237 496 380 520 consonat.
403 494 491 525 Atque
506 498 536 518 ea
553 497 618 518 sane
639 491 778 525 persuasio
794 490 827 516 ad
844 495 950 517 veteres
967 490 1026 517 illo:

237 546 253 565 e
267 538 353 565 sacris
364 536 544 564 voluminibus
560 536 678 570 profecta
696 536 827 570 primunt,
844 537 890 563 sed
906 535 1027 570 profanis

239 584 353 611 subinde
378 583 514 618 ﬁgmentis
545 583 694 609 deformata
721 583 851 610 manavit.
877 582 940 609 llzcc
969 582 1024 616 ipsa

239 637 346 664 quoque
364 629 482 656 indidem
503 629 529 655 in
552 628 712 660 Ecclesiam,
726 627 908 663 Ecclesiazqne
921 627 1025 660 Patres,

239 677 286 703 sed
306 676 398 708 purior
411 679 438 702 et
458 674 612 701 defaecatior
624 673 759 708 proﬂuxit.

275 720 383 747 XXXII.
400 719 486 747 Verba
504 718 586 746 Mosis
600 726 616 745 e
634 719 780 746 Deuteron.
798 727 885 749 xxxn.
900 719 927 751 8,
941 719 969 751 9,
981 727 1026 746 eo-

239 767 299 794 dem
324 767 515 800 propemodum
534 766 644 794 deﬂexit.
671 766 803 793 Eusebius
828 773 859 792 ac
885 764 1023 799 Origenes.

241 812 379 841 Universis
392 812 488 847 quippe
511 813 635 847 gentibus
661 812 772 846 angelos
796 812 923 846 praesides
938 820 952 838 a
971 812 1026 838 Deo

237 859 376 894 appositas
387 859 473 886 docet.
489 858 586 885 Filium
599 863 687 885 autem
704 859 749 885 Dei
765 859 916 892 suscepisse
928 866 1024 893 regen-

237 907 300 934 dum
313 907 454 939 lsraelcnt,
473 907 628 942 quicunque
645 914 742 941 nempe
753 907 916 940 patriarcha:
931 906 1024 934 Jacobi

238 952 364 986 pietatem
381 952 491 983 imitati,
509 952 619 979 nomine
636 952 695 986 cjns
707 951 835 986 appellari
854 956 1023 979 meruerunt.

237 999 324 1032 Atque
361 999 416 1025 ha'c
456 998 696 1025 Demonstrationis
720 998 873 1033 evangelica
910 997 956 1024 lib.
987 1005 1023 1030 tv,

236 1052 297 1079 cap.
321 1044 348 1071 7.
366 1043 433 1071 Tum
459 1044 484 1070 in
512 1044 689 1079 sequentibus
708 1044 801 1071 scribit
819 1043 927 1078 angelos
950 1043 1023 1076 illos,

236 1091 293 1117 sive
308 1090 396 1125 potius
411 1090 567 1125 angelorum
593 1089 682 1117 tutela:
698 1089 858 1117 commissos
874 1090 996 1118 homines
1009 1098 1023 1117 a

236 1136 403 1164 daemonibus
415 1136 562 1171 oppugnari
589 1136 672 1164 {uisse
686 1141 801 1170 emptos,
817 1144 969 1172 magnaque
989 1145 1023 1164 ex

236 1187 312 1216 parte
326 1183 352 1210 in
370 1191 463 1210 corttm
481 1187 641 1216 potestatem
667 1183 752 1210 fuisse
767 1183 909 1216 redactos;
936 1184 1024 1217 quoad

236 1229 421 1257 laborantibus
433 1235 458 1256 et
481 1229 617 1263 oppressis
637 1233 808 1256 succurreret
823 1228 960 1263 Christus,
974 1229 1024 1255 int-

234 1275 395 1309 piorumqne
425 1276 575 1301 dattttonmn
603 1274 772 1309 tyrannidem
798 1274 961 1308 proﬂigaret.
985 1274 1023 1301 Ita

234 1325 261 1348 et
271 1321 436 1353 Augustinus
450 1321 476 1347 in
492 1320 590 1348 Psatm.
601 1327 741 1348 Lxxxrttt:
756 1329 765 1345 ι
776 1320 832 1348 Non
845 1320 942 1348 clausit
955 1321 1024 1348 Deus

234 1366 334 1393 fontem
352 1366 480 1393 bonitatis
505 1373 560 1392 sine
584 1367 664 1392 etiam
683 1366 709 1392 in
729 1365 898 1400 alienigenas
918 1371 1022 1401 gentes,

233 1418 302 1445 qttas
317 1411 367 1438 sub
377 1410 480 1444 angelis
496 1411 685 1442 constituerat,
699 1411 849 1444 portionem
861 1411 911 1437 sibi
921 1410 1023 1438 faciens

234 1456 359 1491 populum
375 1456 466 1482 lsracl.
485 1465 492 1481 ›

269 1500 308 1527 Ne
325 1499 465 1527 conﬂictus
475 1500 582 1534 quidem
599 1499 658 1526 illos
675 1501 834 1535 angelorum
851 1500 922 1527 inter
933 1508 974 1532 se,
995 1505 1022 1527 et

233 1547 334 1581 przelia,
350 1546 472 1574 homines
484 1546 534 1573 sibi
549 1547 707 1573 commissos
722 1547 837 1573 invicem
849 1547 1019 1579 subtrahere,
1033 1569 1054 1597 ϐ

231 1592 337 1626 sibique
374 1591 508 1625 subjicere
533 1592 680 1619 volentium
711 1592 770 1619 sine
799 1593 1020 1627 astipulatoribus

230 1637 371 1671 proposuit
396 1636 525 1671 Origenes
541 1645 548 1663 :
563 1644 631 1671 quos
660 1637 731 1663 inter
756 1638 916 1665 recensendi
945 1643 1018 1672 sunt,

230 1687 361 1717 quotquot
374 1683 487 1710 citatum
506 1683 624 1710 Danit-lis
636 1683 770 1711 decimum
786 1689 868 1719 caput
881 1685 914 1711 ad
936 1684 1020 1712 bonos

231 1729 342 1764 angelos
358 1734 560 1757 converterunt.
576 1729 642 1756 Nam
656 1730 678 1757 si
692 1730 819 1765 princeps
831 1731 907 1764 regni
922 1730 1018 1758 Persa-

230 1781 301 1806 rum,
317 1775 428 1807 angelns
441 1775 539 1809 quippe
559 1775 655 1807 bonus,
670 1783 732 1802 cunt
751 1775 880 1804 MicbaeIe
894 1777 1019 1804 velitatus

229 1825 285 1852 est,
300 1821 410 1854 angelos
425 1821 509 1848 bonos
528 1822 597 1848 inter
611 1828 641 1848 se
663 1822 793 1849 dimicare
813 1823 950 1850 fatendum
966 1830 1017 1851 est.

231 1865 371 1899 Principes
386 1870 475 1893 autem
500 1867 574 1900 regni
595 1866 749 1899 Persarum,
764 1873 791 1894 et
803 1867 956 1895 Cra-corum
969 1870 1018 1896 bo—

232 1918 280 1938 nos
305 1918 364 1938 esse
395 1912 504 1946 angelos
534 1913 724 1939 existimarunt
751 1914 925 1947 complures;
948 1915 1019 1942 velut

230 1955 415 1985 Theodoretus
431 1957 458 1984 in
482 1958 533 1984 hoc
557 1958 674 1985 Daniclis
689 1964 787 1992 caput;
808 1959 923 1986 Isidorus
941 1959 1019 1986 Pelu-

230 2003 299 2030 siota
321 2003 368 2031 lib.
383 2011 413 2037 tt,
434 2004 512 2039 epist.
538 2004 588 2035 85;
614 2003 731 2030 Joannes
754 2004 964 2039 Chrysostomus
991 2005 1017 2032 itt

231 2048 347 2076 ltoutilite
369 2049 509 2084 cujusdatn
533 2050 560 2075 in
578 2049 676 2076 Christi
703 2046 826 2076 Natalem
855 2050 1017 2084 fragmento,

229 2094 302 2129 quod
320 2094 433 2122 exhibet
448 2093 562 2121 Pltotius
572 2094 634 2121 cod.
655 2101 801 2125 ccuxvn;
817 2093 865 2120 sed
886 2094 1019 2127 imprimis

229 2141 259 2170 S.
275 2139 403 2173 Thomas,
418 2148 444 2175 p.
457 2149 477 2173 I,
500 2148 528 2175 q.
543 2141 604 2173 115,
617 2146 670 2167 art.
687 2141 715 2173 8,
737 2141 782 2174 qui
799 2140 934 2174 quomodo
948 2140 1019 2167 inter

228 2193 257 2213 se
269 2186 423 2214 discordare
445 2186 548 2221 possint
569 2187 668 2220 angeli,
684 2186 804 2220 exponit.

1080 261 1169 288 minus
1182 267 1266 288 novos
1279 259 1375 287 ascribi
1392 258 1525 293 principes
1539 258 1729 285 rebellantibus
1742 259 1833 286 homini-

1079 308 1138 338 bus,
1155 312 1183 334 at
1204 297 1399 341 priores'certe
1417 304 1523 332 detrahi
1552 304 1667 331 Basilius
1680 305 1784 331 censuit.
1803 305 1835 332 Sic

1077 354 1148 380 enim
1176 353 1256 380 habet
1277 352 1303 379 in
1322 351 1401 378 [snite
1416 358 1444 382 ν,
1470 350 1488 376 5
1514 359 1521 377 :
1544 351 1657 386 Μήπστε
1678 349 1706 376 δὲ
1720 350 1762 376 καὶ
1778 351 1835 385 tuo.

1079 400 1195 431 ἕκαστος
1217 399 1286 434 ἔχων
1321 397 1437 433 ἄγγελον
1458 396 1534 431 ἆγιον
1563 396 1609 422 τὸν
1644 395 1836 431 παρεμΰάλλοντι

1080 445 1172 480 κύκλῳ
1183 445 1237 472 τῶν
1251 443 1425 479 φοϐουμένων
1435 444 1481 470 τὸν
1495 443 1606 478 Κύριον,
1618 443 1646 469 ἐν
1662 441 1794 477 ἁμαρτίαις
1808 441 1837 474 ἐξ·

1081 491 1205 522 ετασθεὶς
1217 490 1344 521 ὑπόδικος
1356 490 1467 525 γένηται
1480 490 1512 524 τῇ
1527 488 1703 524 ἀπειληθείσῃ
1710 488 1837 522 πληγῇ,ιαὶ

1080 538 1210 574 γυμνωθῇ
1228 537 1275 563 τοῦ
1300 537 1406 572 τείχους
1419 536 1468 571 τῆς
1483 535 1537 562 ἀπὸ
1551 535 1604 562 τῶν
1625 535 1708 569 ἁγίων
1727 533 1837 568 δύναμεων

1082 583 1243 619 ἀσφαλείας,
1263 592 1273 608 ι
1288 582 1416 610 Fortasse
1436 586 1524 608 autem
1543 581 1727 615 unusquisque
1743 584 1837 606 nostrum

1078 630 1180 657 habens
1191 628 1315 664 angelum
1326 632 1457 659 sanctum,
1467 629 1703 654 c'astrametantem
1717 625 1741 651 in
1749 624 1837 651 circuitu

1080 675 1232 702 timentium
1246 674 1403 706 Dominum,
1428 673 1455 700 in
1482 672 1598 707 peccatis
1612 670 1793 705 deprehensus,
1805 671 1839 697 ob-

1079 721 1178 747 noxius
1196 719 1244 746 ﬁat
1259 719 1398 746 intentata:
1419 718 1470 745 sibi
1487 717 1581 752 plagte,
1597 721 1623 743 et
1637 715 1761 751 spoliatur
1771 723 1837 747 mum,

1077 767 1199 794 custodia
1219 767 1323 794 scilicet
1342 769 1496 792 sanctarum
1522 764 1663 790 virtutum.
1680 771 1689 788 t
1716 760 1795 795 Neque
1805 762 1838 788 de-

1079 817 1143 839 sunt
1155 812 1336 846 sane,qnibus
1347 819 1381 839 ne
1393 819 1464 838 nunc
1473 810 1581 845 quidem
1591 809 1658 835 satis
1669 808 1747 842 liquet
1758 807 1839 834 idemne

1080 862 1228 892 perpetuus
1242 858 1343 885 homini
1368 857 1514 891 unicuique
1528 862 1619 883 comes
1642 853 1750 888 angelus
1771 852 1839 879 adlic-

1042 894 1063 921 B
1081 908 1150 935 reat,
1166 910 1200 930 an
1219 903 1287 931 alios
1300 903 1345 930 alii
1362 904 1389 930 in
1403 910 1436 930 eo
1449 908 1560 929 munere
1573 900 1717 934 excipiant.

1116 948 1224 983 Origeui
1240 955 1329 975 rermn
1347 948 1479 981 omnium,
1509 947 1591 975 etiam
1614 946 1784 973 inanimarum
1803 950 1838 969 cu-

1076 993 1192 1020 stodiam
1214 993 1319 1028 angelis
1337 993 1470 1028 deleganti
1495 993 1566 1026 favet
1590 991 1838 1026 Cltrysostomuslto~

1077 1039 1132 1065 ntil.
1153 1040 1180 1065 in
1198 1039 1292 1066 Natat.
1305 1039 1414 1071 Christi,
1428 1040 1497 1073 apttd
1512 1039 1636 1065 Photinm
1652 1038 1712 1065 cod.
1730 1045 1839 1067 comm.

1080 1085 1217 1120 Ἐστησεν
1229 1086 1243 1112 ὁ
1255 1085 1321 1117 Θεὸς
1339 1085 1472 1120 ἀγγέλους
1495 1085 1567 1112 κατὰ
1579 1085 1614 1112 τὰ
1634 1085 1749 1120 κλίματα
1758 1085 1798 1119 τῆς
1814 1085 1840 1110 ol-

1078 1131 1224 1167 κουμένης,
1237 1132 1284 1159 ἕνα
1295 1132 1410 1159 ἕκαστον
1424 1133 1621 1168 ἐπιτροπεύειν,
1639 1132 1678 1163 ὡς
1705 1132 1749 1158 καὶ
1760 1131 1839 1166 Μωσῆς

1079 1178 1163 1212 λέγει,
1192 1178 1250 1209 te;
1275 1179 1390 1206 ἑκάστου
1408 1178 1511 1210 ἕονους.
1535 1179 1653 1213 Ἔστησε
1677 1178 1721 1211 δὲ,
1749 1178 1786 1204 ἶνα
1803 1178 1839 1212 τὴν

1079 1224 1184 1259 ἄψυχον
1199 1225 1288 1252 κτίσιν
1306 1224 1501 1259 χαλινώσωσιν,
1518 1225 1593 1260 ἥλιον
1606 1225 1655 1251 καὶ
1678 1224 1792 1260 σελήνην,
1805 1224 1839 1250 καὶ

1075 1268 1223 1301 θάλασσαν,
1242 1270 1288 1296 καὶ
1309 1270 1371 1305 γῆν,
1395 1270 1485 1296 καὶτὰ
1506 1271 1534 1296 ὲν
1549 1270 1652 1302 αὐτοῖς,
1673 1270 1838 1305 ὑπηρετεῖντῇ

1075 1314 1121 1341 τοῦ
1138 1315 1281 1350 ἀνθρώπου
1299 1315 1456 1342 ἀπολαύσει.
1477 1325 1487 1340 ι
1505 1317 1650 1343 Constituit
1675 1316 1742 1343 Deus
1753 1316 1838 1350 angelos

1075 1362 1219 1388 secundum
1234 1362 1343 1388 climata
1356 1363 1439 1393 orbis,
1456 1367 1483 1388 ut
1495 1362 1594 1397 singuli
1617 1370 1710 1389 curam
1729 1367 1838 1397 geren-nt,

1076 1407 1301 1441 quemadmodum
1319 1407 1356 1433 ait
1378 1412 1405 1435 ct
1422 1407 1536 1443 Moyses,
1551 1408 1717 1442 singularum
1731 1407 1837 1443 gentium.

1073 1453 1218 1479 Constituit
1240 1458 1329 1479 autem
1354 1454 1385 1480 ad
1421 1454 1568 1480 inanintatn
1585 1459 1736 1481 creaturam
1763 1460 1837 1487 regen-

1072 1499 1144 1532 dam,
1166 1498 1261 1528 solem.
1278 1503 1306 1526 et
1332 1499 1433 1532 lunam,
1447 1504 1475 1526 ct
1491 1507 1576 1532 mare,
1588 1505 1615 1527 et
1639 1505 1747 1532 terram,
1764 1505 1839 1534 etquae

1074 1543 1099 1570 in
1115 1544 1147 1571 iis
1164 1548 1237 1576 sunt,
1250 1549 1279 1571 ut
1293 1545 1430 1572 hominum
1446 1545 1538 1572 usibus
1558 1546 1729 1574 inservirent.
1748 1556 1756 1572 t

1109 1589 1145 1616 De
1159 1591 1258 1624 gemini
1277 1590 1376 1624 angeli,
1394 1590 1457 1617 boni
1485 1592 1610 1618 nimirmn
1636 1597 1665 1619 et
1696 1592 1754 1618 mali
1775 1591 1838 1618 sath-

1071 1635 1139 1668 litio,
1167 1644 1248 1670 quam
1272 1636 1382 1663 tradidit
1404 1636 1569 1669 doctrinam,
1584 1638 1656 1664 hanc
1674 1646 1724 1665 non
1738 1637 1769 1664 ab
1789 1637 1840 1664 Iler-

1073 1690 1114 1708 nta
1132 1683 1218 1710 solum
1243 1689 1271 1710 et
1291 1682 1426 1715 Barnaba,
1456 1685 1502 1710 sed
1521 1691 1536 1710 a
1553 1684 1688 1711 dictatore
1711 1685 1785 1712 etiam
1802 1691 1839 1710 suo

1073 1727 1182 1756 Platone
1203 1735 1355 1763 acceperat,
1371 1730 1447 1763 cujus
1465 1730 1546 1756 verba
1573 1731 1629 1757 hate
1645 1739 1661 1758 e
1690 1731 1755 1758 libro
1774 1738 1787 1757 ς
1803 1730 1839 1756 Ix-

1069 1783 1130 1810 gum
1145 1775 1420 1802 rcfertTheodorctns
1434 1783 1515 1802 sernt.
1531 1776 1547 1802 5
1564 1775 1601 1802 De
1614 1777 1723 1802 curand.
1744 1776 1837 1803 Crator.

1073 1821 1186 1854 «Iheb:
1204 1820 1298 1855 Ψυχὴν
1322 1819 1351 1845 δὲ
1365 1819 1527 1852 διοικοῦσαν,
1549 1821 1596 1847 καὶ
1620 1822 1771 1848 ἐνοικοῦσαν
1788 1823 1838 1846 eis:

1071 1867 1127 1897 τοῖς
1144 1866 1268 1901 πανταχῆ
1284 1866 1452 1900 κινουμένοις
1473 1866 1596 1900 λέγοντός
1611 1875 1669 1898 σου,
1688 1868 1734 1893 καὶ
1759 1867 1797 1893 τὸν
1805 1867 1839 1892 οὺ-

1070 1912 1151 1946 ρανὸν
1162 1912 1272 1939 διοικεῖν
1279 1912 1385 1947 ἀνάγκη
1401 1914 1483 1946 φάναι
1494 1912 1535 1938 ’τί
1550 1913 1620 1947 μήν;
1635 1912 1724 1948 μίανῆ
1738 1912 1837 1943 πλείους

1070 1958 1126 1992 ἐγὼ
1143 1959 1211 1993 ὑπὲρ
1229 1958 1303 1992 σφῶν
1318 1958 1517 1994 ἀποκρινοῦμαι
1531 1967 1537 1973 ·
1552 1959 1624 1985 δυοῖν
1643 1961 1693 1994 μὲν
1707 1958 1751 1986 οὖν
1771 1959 1838 1993 γέπο.)

1073 2005 1177 2031 ἐλάττω
1198 2005 1235 2040 μὴ
1255 2005 1383 2040 τιθῶμεν,
1403 2007 1453 2040 τῆς
1476 2014 1505 2032 τε
1531 2005 1713 2041 εὐεργέτιδος,
1740 2007 1781 2032 καὶ
1799 2004 1837 2037 τῆς

1071 2050 1199 2079 τάναντία
1212 2050 1364 2086 δυναμένης
1375 2051 1553 2087 ἐργάσασθαι.
1572 2061 1581 2076 ι
1603 2053 1670 2079 Cum
1685 2058 1769 2078 autent
1787 2051 1838 2077 dicis

1069 2095 1185 2122 animant
1211 2097 1420 2131 gubernantem,
1454 2101 1481 2124 et
1513 2097 1622 2123 insitam
1649 2097 1837 2128 onmihus‘quzr

1070 2142 1170 2176 ultique
1184 2147 1342 2174 moventur;
1366 2142 1464 2169 cmlutn
1489 2149 1596 2177 quoque
1610 2143 1759 2177 gubernare
1779 2141 1836 2168 illam

1071 2188 1223 2214 necessario
1237 2189 1379 2216 dicendum
1397 2194 1449 2216 est.
1475 2189 1544 2222 Quid
1567 2190 1670 2225 igitur?
1694 2196 1800 2216 unalnnc
1811 2194 1836 2213 an

266 2231 345 2260 Varia
361 2237 450 2259 autem
466 2233 523 2259 haec
536 2232 601 2266 ipsis
615 2232 734 2264 injuucta
754 2232 838 2260 fuisse
853 2240 901 2267 pro
914 2233 1018 2260 meritis
1033 2239 1055 2265 1)
1071 2233 1178 2267 plures?
1196 2233 1251 2268 Ego
1263 2235 1339 2262 vobis
1355 2236 1529 2269 respondebo.
1546 2235 1584 2263 Ne
1599 2236 1738 2270 pauciores
1752 2233 1837 2261 duabus

227 2277 325 2309 cilicia,
342 2283 403 2311 post
422 2278 566 2310 Origencm
586 2277 704 2305 Isidorus
724 2286 832 2312 quoque
850 2278 1017 2313 Hispalensis

227 2323 381 2351 adﬁrmavit.
396 2333 405 2348 ‹
422 2323 572 2357 Unicuique
587 2324 679 2351 etiam.
696 2333 705 2349 t
725 2324 812 2359 inquit
836 2324 882 2352 lib.
899 2332 934 2351 vn
952 2324 1017 2352 Ori-

226 2370 292 2404 gin.,
313 2376 371 2403 cap.
389 2369 417 2400 5,
439 2377 448 2394 ι
465 2369 535 2396 sicut
559 2368 715 2403 prmdictum
731 2376 784 2401 est,
800 2371 907 2404 propria
929 2370 1016 2399 cilicia

226 2422 274 2443 sua
288 2414 418 2449 injuncta,
431 2421 491 2449 qua:
505 2422 551 2442 eos
566 2416 747 2449 promeruisse
763 2416 791 2443 in
806 2416 897 2443 mundi
911 2420 1018 2444 constat

224 2460 348 2490 exordio.
363 2459 430 2487 Nam
444 2460 505 2495 quia
520 2462 606 2495 angeli
619 2467 646 2488 ct
657 2462 723 2489 locis
734 2467 762 2489 et
777 2462 933 2489 hominibus
945 2470 1014 2497 prae-

223 2512 298 2539 sunt,
314 2514 362 2541 per
375 2508 533 2542 prophetam
548 2513 664 2536 testatur
676 2508 789 2542 angelus
801 2508 913 2536 dicens:
934 2508 1015 2537 Prin-

223 2561 283 2586 ceps
301 2554 375 2588 regni
403 2552 546 2580 Persarum
567 2554 661 2581 restitit
685 2554 749 2584 mihi
757 2555 791 2580 ⁸⁸.
812 2553 887 2581 Unde
903 2559 1015 2589 apparet

224 2600 327 2629 nullum
339 2609 399 2629 esse
412 2602 511 2634 locum,
526 2602 568 2629 cui
583 2601 670 2636 angeli
683 2609 738 2628 non
749 2602 861 2636 praesint
873 2610 880 2628 :
894 2593 1015 2636 pra§sunt

223 2648 296 2675 enim
309 2652 337 2675 et
355 2648 485 2682 auspiciis
500 2655 613 2682 operum
630 2648 761 2675 ontnium.
776 2647 824 2675 llic
839 2654 884 2675 est
896 2648 963 2675 ordo
975 2648 1016 2674 vel

224 2694 362 2721 distinctio
375 2694 544 2728 angelorum,
564 2695 611 2729 qui
636 2700 697 2729 post
722 2694 825 2729 lapsum
840 2694 972 2721 malorum
987 2694 1016 2720 in

224 2739 327 2766 t'tclesti
341 2739 433 2774 vigore
456 2744 599 2767 steterunt.
617 2749 626 2765 ι

261 2783 437 2813 Refractariis
457 2785 589 2814 adversus
610 2788 767 2822 angelorum
780 2787 852 2822 jnssa
865 2785 1018 2814 hominibus

259 2873 280 2890 °‘
295 2873 361 2901 Dan.
379 2883 405 2906 χ,
425 2875 465 2903 l3.

1069 2286 1232 2313 statuamus,
1249 2287 1309 2307 eam
1333 2289 1394 2316 quae
1418 2281 1486 2308 bona
1503 2282 1636 2315 conferat,
1665 2287 1694 2309 et
1720 2289 1774 2308 eam
1789 2286 1835 2313 qu?

1070 2326 1207 2352 contraria
1222 2327 1307 2360 possit
1321 2326 1436 2354 edicere.
1458 2336 1467 2353 ι
1487 2328 1515 2354 In
1532 2335 1564 2355 eo
1577 2333 1666 2354 autem
1682 2325 1836 2354 Adamantius

1070 2371 1198 2405 plurimos
1211 2372 1304 2399 habuit
1318 2374 1527 2405 consentientes,
1547 2375 1592 2401 sed
1608 2374 1761 2401 Cassianum
1782 2378 1835 2406 pne-

1070 2417 1164 2444 sertim
1181 2417 1278 2445 Collat.
1293 2427 1352 2451 vni,
1368 2427 1429 2454 cap.
1444 2418 1490 2452 t7,
1501 2425 1529 2446 et
1545 2420 1592 2447 lib.
1604 2427 1666 2452 xm,
1682 2427 1739 2454 cap.
1751 2418 1789 2450 12,
1799 2415 1833 2450 (ιιιί

1070 2464 1139 2490 idem
1156 2462 1261 2491 Hermae
1273 2465 1453 2492 testimonium
1474 2465 1600 2498 adducit;
1615 2470 1696 2500 atque
1722 2462 1834 2498 dogmatis

1070 2509 1149 2543 lntjus
1165 2514 1292 2543 tanquam
1311 2510 1369 2537 falsi
1385 2514 1413 2537 et
1433 2517 1528 2538 errore
1552 2510 1683 2545 implicati
1699 2509 1803 2537 nomine,
1815 2511 1834 2532 et

1070 2557 1152 2587 hunc,
1166 2560 1192 2582 et
1206 2556 1292 2587 illutn,
1310 2560 1338 2582 et
1361 2556 1503 2591 Origenem
1529 2561 1657 2591 pmterea
1680 2552 1834 2582 Bellarminus

1071 2601 1213 2636 castigavit
1233 2602 1259 2628 in
1277 2602 1323 2629 lib.
1346 2602 1385 2629 De
1401 2603 1491 2637 script.
1507 2602 1610 2636 (ναίει,
1629 2602 1656 2628 in
1671 2602 1717 2628 lib.
1734 2599 1833 2626 Pastum

1069 2648 1141 2680 quod
1156 2655 1209 2674 non
1227 2648 1335 2675 fecisset
1348 2649 1472 2680 fortasse,
1499 2650 1520 2676 si
1546 2649 1571 2675 in
1587 2648 1681 2675 eadem
1698 2653 1754 2674 esse
1768 2649 1831 2671 causa

1072 2694 1232 2729 Gregorium
1248 2694 1399 2730 Nyssenum
1422 2696 1598 2722 meminisset.
1634 2693 1725 2721 Eidem
1745 2696 1832 2726 quoque

1070 2740 1201 2768 Cassiano
1226 2742 1332 2774 prmivit
1354 2741 1495 2776 Origenes,
1530 2749 1591 2768 cum
1620 2739 1758 2773 unicuique
1781 2734 1832 2762 νίιίο

1070 2794 1147 2815 suum
1158 2788 1299 2824 praesidem
1312 2796 1372 2816 esse
1385 2789 1543 2817 attributum
1557 2788 1676 2817 deﬁnivit
1686 2796 1693 2821 ;
1705 2786 1769 2823 quod
1782 2784 1830 2811 licet
