1904 3077
44 102 94 129 885

477 105 762 134 ORIGENIANORUM
783 106 847 134 LIB.
868 106 900 139 ll,
920 107 996 135 CAP.
1018 108 1049 139 ll’.
1069 108 1208 142 QUzEST.
1230 108 1262 135 Υ.

1618 109 1671 136 886

42 166 134 193 parum
149 159 256 187 habere
270 160 394 187 videatur
409 162 618 195 probabilitatis,
635 164 669 191 ab
683 164 833 198 insignibus
847 168 870 193 Δ
885 171 988 199 patrum
1003 165 1177 194 Bostrensem
1190 167 1421 202 imitabimur,qui
1434 168 1558 204 Origcnis
1571 169 1672 197 doctri-

42 211 128 232 tamen
146 205 256 240 aliquot
276 206 446 234 scholasticis
465 215 517 235 non
533 210 644 236 omnino
662 210 830 244 repudiatum

41 254 89 278 est.

73 295 114 322 Ad
138 297 329 324 excusandum
344 297 468 333 Origenis
496 306 616 327 errorem
632 301 665 328 de
682 300 784 334 judicio
803 301 830 328 in

42 341 150 374 angelos
165 343 298 370 tutelares
322 343 386 370 olim
416 346 560 373 statuendo
591 346 679 381 aliqua
707 347 831 381 superius

42 389 251 422 proposuimus;
281 398 354 417 nunc
372 392 499 426 quoniam
524 385 791 427 Patrum'sutfragiis
804 399 832 420 et

42 433 203 461 auctoritate
218 443 383 470 pugnamus,
401 437 434 464 ad
452 437 609 465 elevandam
629 438 763 472 opinionis
780 439 831 466 htt-

39 479 80 513 jus
95 479 228 508 invidiam
255 482 447 518 Hieronymum
475 483 600 519 Origenis
625 484 830 520 suffragatorem

39 526 214 554 adducemus.
232 527 257 554 Is
271 528 296 555 in
318 529 380 555 illud
400 529 528 563 Michzeae,
549 537 608 564 cap.
623 538 660 563 νι,
677 538 748 558 vers.
762 531 788 564 1,
801 531 829 563 2,

42 580 51 596 α
68 572 166 599 Audite
181 580 246 608 quae
269 574 398 602 Dominus
414 575 552 610 loquitur:
570 576 668 611 Surge,
697 578 831 604 contende

37 615 135 650 judicio
151 619 301 646 adversum
320 626 435 650 montes.
449 625 476 648 rt
496 622 608 648 audiant
632 622 715 649 colles
737 630 829 650 vocem

41 667 121 690 tuam.
143 664 270 691 Andiant
293 671 399 693 montes
420 666 550 700 jmlicinm
575 667 690 699 Domini,
708 672 735 694 et
752 668 831 695 fortia

39 707 212 737 fundamenta
230 703 331 738 terra)?
348 721 358 737 ι
372 713 507 739 montibus
522 713 574 740 illis
594 713 739 748 signiﬁcari
755 720 832 749 putat

41 754 157 789 angelos,
170 757 274 790 quibus
291 765 381 785 rerutn
405 758 584 786 humanarum
601 761 744 788 commissa
769 769 830 796 pro-

40 801 141 829 curatio
153 806 208 832 est,
238 802 313 836 juxta
333 803 440 831 Denter.
461 813 548 837 xxxn,
562 805 588 836 8,
606 811 631 832 et
653 805 735 834 Hebr.
750 815 770 839 ι⁹
785 807 829 839 M,

42 852 119 881 atque
134 855 193 882 eos,
202 850 225 875 si
238 849 350 884 populos
359 858 431 877 curm
446 858 502 878 sure
516 852 661 884 permissos
674 853 742 879 male
754 861 831 880 rexe-

41 894 103 927 rint,
121 895 264 930 culpatum
278 897 321 929 iri,
338 897 409 925 velut
423 898 535 932 Apocal.
551 907 568 926 ιι
583 903 610 926 et
627 907 668 926 ιιι.
682 899 749 926 Hinc
769 899 830 927 Ori-

42 940 112 974 genis
142 949 195 968 non
212 943 375 969 sententiam
404 943 495 975 modo,
523 944 570 972 sed
591 944 673 971 verba
701 945 758 972 fere
773 945 830 979 ipsa

44 991 160 1020 usurpat.
181 996 190 1012 ι
205 986 285 1014 Sicut
303 988 387 1020 enim,
417 988 523 1022 inquit,
549 989 683 1016 interdum
711 990 830 1024 episcopi

44 1030 116 1065 culpa
133 1036 187 1063 est,
201 1032 337 1059 interdum
352 1033 447 1067 plebis,
460 1039 487 1061 et
503 1041 574 1069 saepe
585 1035 714 1069 magister
727 1040 830 1070 peccat.

43 1081 108 1108 saepe
123 1075 289 1111 discipulus,
302 1081 329 1104 el
345 1085 536 1113 nonnumquam
551 1079 634 1113 patris
655 1080 749 1107 vitium
777 1086 829 1114 est,

43 1128 232 1156 nonnunquam
246 1122 304 1154 ﬁlii,
313 1128 341 1150 ut
350 1124 390 1151 vel
408 1125 477 1152 bene
488 1125 528 1153 vel
537 1125 604 1153 male
613 1127 783 1154 erudiuntur:
795 1128 829 1155 ita

44 1166 67 1193 in
86 1166 186 1201 judicio
203 1168 263 1202 Dei,
277 1169 318 1197 vel
340 1170 373 1198 ad
399 1171 510 1206 angelos
532 1172 633 1200 crimen
650 1173 791 1206 referetur,
807 1174 829 1202 si

45 1221 93 1241 non
105 1215 211 1250 egerint
231 1221 342 1249 cuncta,
357 1225 417 1252 qua:
430 1218 462 1244 ad
481 1225 558 1245 suum
577 1218 693 1247 ofﬁcium
709 1221 828 1255 pertine—

45 1259 118 1292 bant;
134 1261 174 1288 vel
190 1262 225 1288 ad
244 1262 382 1296 populum,
409 1263 431 1290 si
448 1263 500 1290 illis
515 1264 640 1293 universa
659 1266 830 1299 facientibus,

46 1304 92 1339 ipsi
111 1307 204 1335 audire
227 1310 450 1345 contempserint.
468 1319 477 1335 ι
512 1310 577 1344 Qua:
607 1320 709 1340 merum
735 1313 829 1349 Orige-

46 1351 154 1379 nismum
169 1355 303 1382 redolent.

77 1398 192 1426 XXXI“.
211 1401 267 1428 Sed
286 1402 375 1429 missis
397 1403 509 1432 aliorum
524 1405 674 1441 sulI'ragiis,
695 1406 830 1433 Adaman-

48 1443 79 1471 lio
94 1452 139 1472 sua
158 1454 268 1482 quoque
292 1448 374 1482 ipsius
387 1449 519 1478 dubitatio
542 1452 608 1479 satis
632 1452 829 1486 patrocinatur.

883 219 944 237 nam
961 203 995 238 de
1009 213 1165 247 angelorum
1184 214 1278 245 tutela.
1303 214 1502 248 Origencmque
1515 216 1614 250 ipsutn,
1630 216 1671 244 sic

882 262 1011 291 tanquam
1037 257 1124 285 effatis
1138 259 1195 286 suis
1217 260 1392 293 pertinaciter
1405 261 1598 293 adhaerentem,
1617 270 1670 290 non

882 303 959 338 quasi
981 304 1153 339 conjecturas
1171 306 1263 332 timide
1285 311 1488 340 proponentem,
1513 308 1627 335 traducit
1643 313 1671 335 et

881 349 1016 385 suggillat.
1030 350 1100 378 Nihil
1117 351 1179 377 licet
1195 351 1261 378 falso
1277 352 1328 387 ipsi
1343 352 1461 388 afliugat,
1473 361 1533 381 cum
1551 354 1588 381 ait
1604 362 1670 382 ccn-

882 396 970 423 suisse
997 403 1058 423 eum
1083 397 1193 432 angelos
1217 405 1266 431 pro
1290 399 1346 425 suis
1374 400 1577 433 percatis,cum
1595 401 1671 436 prius

881 445 986 469 mentes
1000 446 1102 474 essent,
1114 443 1225 477 angelos
1240 448 1268 470 et
1281 444 1460 478 archangelos
1477 446 1612 478 evasisse;
1633 447 1670 474 le-

880 488 1040 524 viorttmque
1056 489 1194 523 culparum
1210 498 1270 517 reos
1290 490 1316 517 in
1333 498 1381 518 eos
1391 491 1437 526 qui
1456 492 1579 527 graviora
1601 494 1673 519 desi-

880 539 1010 568 gnassent
1029 535 1143 563 crimina
1164 536 1308 571 imperium
1334 537 1490 570 accepisse;
1507 539 1672 574 tutelamque

880 581 946 616 ipsis
957 589 1050 609 eorum
1065 582 1203 609 hominum
1217 583 1354 616 traditam,
1366 584 1409 618 qni
1423 584 1456 611 ad
1467 584 1581 611 salutem
1594 590 1673 612 teter-

881 634 941 654 nam
951 632 1029 654 erant
1044 629 1217 662 promovendi
1232 636 1312 661 ;cum
1330 629 1378 664 ipsi
1393 634 1481 657 tamen
1494 630 1607 658 salutem
1620 622 1671 658 sibi

880 674 1041 709 promereri,
1058 680 1084 701 et
1106 675 1140 702 ad
1166 676 1309 710 pristinum
1328 677 1442 711 gradum
1455 679 1672 712 recttperandum

881 719 1011 747 deberent
1030 721 1106 751 eniti,
1126 721 1269 756 eidemque
1289 721 1393 756 judicio
1411 730 1443 750 ac
1459 723 1584 752 homines
1601 731 1674 751 cura:

882 772 938 792 suae
963 765 1105 792 commissi
1131 771 1222 793 essent
1252 766 1316 794 olitn
1338 768 1508 802 subjiciendi.
1534 767 1672 796 Habentur

883 811 1017 846 Antipatri
1042 812 1122 847 hujus
1146 812 1297 847 fragmenta
1332 814 1403 841 inter
1423 814 1537 849 Eclogas
1561 814 1673 842 Joannis

885 857 1052 892 Damasceni,
1062 866 1122 893 qua:
1139 860 1332 894 manuscriptw
1345 866 1523 888 asservantur
1533 861 1559 888 in
1573 861 1671 888 biblio-

884 905 960 932 theca
973 904 1181 933 Claromontana
1193 906 1303 934 Patrum
1318 906 1462 935 Societatis
1470 907 1544 941 .lesu,
1559 913 1586 935 et
1602 915 1669 943 qna-

884 958 942 978 rom
954 957 1079 986 excerpta
1097 954 1131 980 ad
1149 960 1191 980 me
1208 952 1328 982 oﬁiciose
1353 953 1507 981 transmisit
1520 954 1673 982 eruditissi—

883 1005 943 1025 mus
966 1002 993 1025 et
1017 998 1227 1026 humanissimus
1247 999 1355 1027 Gabriel
1369 999 1531 1028 Cossartins.

918 1042 1038 1072 XXXIV.
1055 1044 1110 1072 Nec
1126 1045 1187 1073 vita:
1199 1045 1280 1080 httjns
1300 1046 1424 1073 mortalis
1445 1046 1544 1073 ﬁnibus
1560 1046 1670 1081 angelo-

882 1099 941 1118 rum
954 1091 1135 1119 ministerium
1153 1092 1310 1120 hominibus
1333 1094 1519 1127 praestandum
1536 1093 1671 1120 Adaman-

882 1137 936 1165 tius
947 1142 1067 1168 coercet,
1083 1138 1132 1164 sed
1144 1143 1274 1173 prorogat
1292 1138 1375 1166 etiam
1394 1139 1428 1166 ad
1442 1146 1473 1166 ea
1487 1146 1547 1173 qure
1561 1143 1671 1167 antece-

881 1183 947 1210 dunt
960 1183 1099 1210 hominum
1111 1184 1207 1216 vitam,
1219 1191 1332 1218 quaeque
1345 1185 1431 1219 ipsam
1441 1185 1592 1219 excipiunt.
1601 1183 1669 1212 Nam

881 1229 1036 1264 angelorum
1046 1229 1209 1264 opeanimas
1222 1229 1362 1256 hominum
1376 1230 1485 1257 immitti
1498 1230 1668 1263 corporibus,

880 1283 980 1310 easque
994 1283 1108 1310 corpore
1118 1275 1222 1303 solutas
1232 1275 1332 1309 suscipi
1345 1276 1379 1303 ab
1393 1275 1469 1311 ipsis,
1482 1276 1540 1302 sisti
1554 1275 1580 1302 in
1594 1275 1669 1310 judi-

881 1323 964 1354 cium,
984 1322 1010 1349 in
1025 1322 1190 1349 destinatum
1208 1323 1316 1349 demum
1345 1321 1432 1349 locum
1447 1322 1554 1354 deduci,
1567 1326 1595 1349 et
1615 1329 1668 1349 non

880 1368 960 1395 aliter
979 1367 1045 1402 regi,
1062 1375 1143 1402 quam
1157 1375 1219 1395 cum
1245 1367 1405 1401 corporibus
1431 1367 1540 1402 illigata:
1554 1373 1647 1395 essent
1661 1387 1669 1398 ,

881 1413 1020 1447 conceptis
1036 1412 1126 1440 verbis
1148 1412 1301 1439 affirmavit.
1323 1412 1403 1439 Certe
1414 1411 1669 1439 Commentariorum

881 1459 907 1486 in
920 1457 1002 1486 Jaan.
1017 1463 1091 1486 tomo
1107 1466 1167 1491 xtn,
1192 1466 1267 1486 num.
1281 1458 1325 1490 49,
1345 1458 1455 1492 angelos
1472 1457 1504 1484 ad
1529 1458 1668 1484 hominum

47 1490 87 1517 llla
102 1495 187 1519 autem
204 1493 249 1520 vel
264 1501 294 1520 ex
309 1502 341 1522 eo
362 1495 480 1522 maxime
497 1502 619 1530 apparet,
646 1498 716 1530 quod
732 1505 799 1532 quas
813 1506 827 1524 a

880 1509 956 1532 satus
970 1512 984 1531 a
1000 1505 1055 1532 Deo
1069 1505 1209 1532 ordinatos
1219 1511 1279 1532 esse
1293 1505 1494 1539 dicit,quorum
1509 1511 1591 1539 opera
1606 1512 1669 1532 cor-

47 1539 171 1565 conununi
196 1539 385 1573 theologorum
411 1548 491 1568 sensu
510 1543 627 1569 maxime
651 1543 830 1570 abhorrentes

46 1582 113 1610 visus
128 1589 167 1611 est
193 1585 324 1620 amplecti
349 1587 509 1617 sententias.
536 1587 629 1614 iisdem
657 1596 690 1616 ex
715 1589 828 1617 adverso

47 1630 188 1658 contrarias
209 1633 342 1666 quasdam
370 1634 520 1667 proposuit.
548 1634 585 1661 Ac
602 1634 634 1661 de
648 1635 751 1670 angelis
771 1635 827 1670 pri-

47 1681 111 1702 mum
127 1675 152 1703 in
168 1676 309 1704 hominum
326 1679 436 1706 tutelam
452 1679 599 1713 deputatis,
614 1684 686 1708 tanta
707 1680 764 1714 ejus
778 1681 828 1708 du-

47 1718 133 1747 bitatio
144 1726 194 1753 est,
212 1726 243 1749 nt
261 1727 379 1751 statuere
396 1724 507 1752 minime
532 1726 627 1759 possit,
652 1727 828 1760 quemadmo-

47 1764 101 1792 dum
115 1766 244 1801 diximu:,
265 1777 298 1795 an
316 1770 349 1797 ab
365 1775 436 1802 ortu,
456 1778 490 1798 an
506 1779 520 1798 a
537 1772 671 1806 baptismo
687 1774 826 1802 hominum

47 1817 130 1839 curam
151 1813 311 1850 suscipiant.
344 1816 399 1844 Nec
422 1818 524 1852 absque
549 1818 715 1847 dubitatione
744 1819 827 1847 tradit

48 1858 146 1892 angelos
161 1861 242 1889 nobis
261 1863 384 1897 regendis
398 1863 545 1896 delegatos,
562 1865 670 1892 eosdem
686 1866 825 1894 nobiscum

48 1902 71 1929 in
82 1903 129 1932 ﬁde
143 1905 237 1934 facere
252 1915 419 1943 progressus.
431 1909 553 1938 Incertus
567 1911 692 1938 similiter
705 1917 746 1940 est
766 1913 827 1939 ani-

48 1948 90 1981 mi,
102 1951 248 1985 angelusne
258 1953 371 1986 homini,
385 1954 502 1982 homone
523 1955 618 1990 angelo
633 1956 747 1984 salutent
763 1966 826 1990 pro-

47 2000 115 2022 curet
136 2002 162 2023 et
180 1999 318 2026 conciliet.
348 2000 438 2028 Nihilo
455 2001 540 2036 magis
560 2001 611 2029 sibi
628 2008 746 2036 constat,
764 2012 825 2032 cum

46 2039 124 2073 iustos
137 2043 208 2078 ipsos
223 2053 238 2071 a
258 2045 377 2077 Christo,
391 2048 436 2082 qui
452 2055 516 2076 vero
528 2048 554 2075 in
568 2050 668 2083 pietate
684 2049 826 2079 inferiores

48 2091 104 2114 sunt
123 2089 155 2115 ab
170 2090 274 2126 angelis
304 2093 434 2120 custodiri
459 2093 592 2127 decernit,
618 2095 688 2122 sicut
715 2103 730 2121 a
748 2096 826 2124 nobis

47 2131 207 2162 observatum
224 2141 266 2164 est
281 2145 288 2163 :
304 2138 412 2166 cunctis
422 2138 521 2174 quippe
536 2139 601 2167 alias
612 2140 768 2176 angelorum
784 2147 826 2169 tu-

48 2177 120 2205 telam
128 2181 258 2216 assignat.
270 2182 408 2211 Neminem
422 2184 577 2219 angelorum
592 2187 718 2220 przesidio
732 2195 825 2215 carere

49 2222 119 2251 docet
132 2226 288 2261 aliquando;
316 2229 381 2257 solis
405 2230 469 2258 illud
491 2231 636 2266 aliquando
662 2232 825 2262 Christianis

48 2272 169 2315 concedit.
181 2273 246 2300 Tam
257 2279 426 2303 constantem
443 2284 632 2313 nonnunquam
652 2279 727 2315 ﬁngit
739 2280 824 2315 stipa-

50 2313 140 2344 tionem
153 2319 320 2354 angelorum,
341 2327 371 2348 ut
385 2329 452 2356 quos
469 2323 494 2350 in
511 2323 562 2351 hoc
577 2325 678 2352 mundo
691 2313 825 2361 regendos

49 2363 217 2397 susceperint,
230 2365 324 2393 iisdem
343 2366 370 2394 in
385 2367 475 2395 futuro
494 2376 610 2404 praeesse
626 2371 736 2398 minime
750 2372 824 2399 desi-

49 2410 108 2433 nant
122 2415 129 2434 :
141 2415 168 2435 at
181 2415 276 2438 contra
294 2411 420 2441 homines
436 2413 487 2441 sibi
503 2414 529 2441 in
543 2416 694 2443 custodiam
711 2418 825 2446 traditos

49 2451 147 2487 eripere
170 2456 297 2490 invicem,
319 2464 347 2486 et
367 2459 400 2485 ad
418 2467 448 2486 se
463 2461 613 2489 transferre
629 2469 823 2498 ncnnunquam

50 2498 150 2543 angelos
163 2502 266 2530 docuit.
279 2503 356 2537 Quod
376 2505 398 2532 si
415 2511 487 2534 recte
499 2514 565 2541 ergo
579 2512 606 2535 et
622 2516 654 2536 ex
670 2516 748 2543 atquo
762 2517 823 2537 ctun

50 2540 155 2579 Origene
168 2556 248 2583 agere
272 2550 406 2584 velimus;
433 2553 565 2589 quidquid
590 2554 617 2582 in
641 2562 671 2582 re
695 2556 822 2588 obscura,

50 2593 94 2635 nec
106 2591 163 2619 ullis
176 2593 302 2623 Ecclesia:
315 2597 508 2627 sanctionibus
527 2599 704 2630 determinata
726 2608 824 2635 propo-

51 2633 112 2668 suit,
131 2638 202 2666 velut
225 2641 258 2668 ab
282 2641 392 2670 homine
408 2663 417 2676 ,
441 2652 494 2671 non
518 2650 573 2672 tam
592 2652 697 2674 certum
724 2647 824 2682 aliquid

51 2682 240 2728 ljl'ouunliante,
257 2694 338 2721 quam
362 2689 486 2717 veritatis
500 2691 589 2719 stttdio
604 2692 707 2720 incerta
723 2701 824 2728 expen-

51 2721 122 2752 dente
134 2729 278 2762 profectum
295 2734 468 2769 accipiemus.
486 2734 646 2772 Neutiquam
666 2745 729 2765 vero
746 2721 823 2766 A-nti-

83 2810 105 2830 "
116 2814 178 2845 Luc.
196 2828 243 2852 xu,
258 2821 302 2849 ‘20.

880 1557 930 1584 pus
945 1554 972 1578 et
989 1551 1080 1578 anitna
1093 1551 1119 1577 in
1136 1558 1219 1577 unum
1232 1550 1397 1577 coalescant.
1410 1549 1487 1582 Quod
1503 1555 1592 1577 autem
1606 1558 1669 1576 (ιου-

880 1601 921 1623 tra
936 1595 1015 1630 objici
1032 1601 1131 1630 potest,
1148 1596 1275 1623 manibus
1294 1596 1338 1622 Dci
1357 1595 1447 1622 ﬁctum
1464 1603 1495 1622 se
1511 1601 1539 1623 et
1565 1596 1668 1623 forma-

880 1645 935 1668 tum
949 1649 1095 1676 agnoscere
1110 1641 1237 1668 Davidem
1258 1641 1354 1676 psaltn.
1381 1649 1478 1673 cxvm,
1490 1642 1535 1674 75,
1547 1646 1574 1669 et
1590 1641 1668 1670 Jere-

879 1686 960 1714 miatn
976 1687 1031 1720 1,5,
1044 1688 1070 1714 id
1085 1687 1120 1714 ita
1138 1687 1228 1721 solvit,
1240 1688 1364 1715 conditos
1372 1687 1482 1721 quidem
1501 1687 1562 1715 illos
1575 1695 1590 1714 a
1603 1688 1666 1718 Deo.

879 1733 925 1760 sed
940 1733 1096 1768 angelorum
1113 1733 1266 1761 ministerio
1288 1738 1315 1760 et
1339 1741 1407 1767 ope;
1435 1733 1666 1767 quemadmodum

879 1778 921 1805 lex
934 1779 1033 1806 dicitur
1058 1779 1183 1806 ordinata
1210 1786 1259 1813 per
1286 1779 1407 1814 angelos,
1439 1779 1504 1806 licet
1528 1783 1665 1806 auctorem

880 1824 962 1851 Deum
979 1825 1087 1852 habeat.
1105 1825 1180 1852 Hanc
1193 1832 1301 1860 quoque
1311 1825 1422 1852 obducit
1439 1825 1665 1860 responsionem;

878 1878 946 1904 quos
965 1870 1015 1897 sibi
1032 1870 1102 1898 Dens
1113 1870 1288 1906 peculiariter
1300 1871 1459 1904 destinavit,
1475 1870 1573 1899 Jobnm
1590 1875 1666 1905 puta,

878 1915 1006 1943 Davidem
1027 1922 1054 1943 et
1070 1915 1227 1949 Jeremiam,
1254 1924 1268 1944 a
1291 1917 1344 1944 Deo
1360 1918 1417 1952 ipso
1446 1917 1531 1945 fuisse
1558 1917 1665 1949 factos;

878 1962 996 1996 reliquos
1016 1970 1080 1989 vero
1092 1963 1125 1990 ab
1141 1963 1174 1990 iis
1187 1963 1290 1998 angelis
1303 1963 1400 1997 quibus
1417 1963 1486 1990 forte
1498 1963 1664 1998 obtigerunt.

877 2008 935 2041 Quo
951 2008 1045 2036 referri
1063 2008 1140 2043 jubet
1155 2009 1220 2036 illud
1237 2008 1338 2036 Genes.
1360 2017 1388 2041 ι.
1410 2008 1445 2036 26
1463 2017 1470 2036 :
1489 2018 1499 2034 ε
1519 2008 1665 2036 Faciamus

876 2054 1014 2081 hominem
1029 2053 1062 2081 ad
1075 2054 1219 2088 imaginem
1233 2059 1260 2081 et
1277 2054 1482 2082 similitudinem
1498 2059 1632 2086 nostram;
1652 2063 1661 2077 ι

876 2104 902 2125 et
915 2098 978 2126 illud
991 2098 1090 2126 Genes.
1103 2106 1141 2131 xt,
1155 2098 1169 2123 7
1181 2108 1187 2125 :
1204 2108 1212 2124 ι
1230 2098 1335 2131 Venite,
1347 2098 1587 2130 descendamus,et
1598 2105 1664 2126 con-

877 2144 1019 2172 fundamus
1037 2145 1071 2172 ibi
1085 2144 1203 2178 linguam
1220 2152 1312 2171 eorum
1328 2154 1335 2177 ;
1358 2155 1367 2170 ι
1383 2145 1437 2172 Deo
1449 2152 1546 2180 nempe
1561 2145 1600 2172 sic
1615 2152 1664 2172 an-

877 2191 949 2226 gelos
963 2191 1118 2218 hominibus
1127 2191 1235 2218 tuendis
1248 2191 1389 2225 pra-lectos
1401 2191 1565 2225 alloquente.
1578 2190 1666 2218 Tomo

875 2244 940 2264 vero
951 2244 997 2263 xtx
1009 2236 1036 2264 in
1063 2236 1153 2267 Joan.,
1170 2244 1245 2263 num.
1259 2237 1284 2267 4,
1295 2244 1326 2263 ex
1338 2237 1389 2263 hoc
1398 2236 1478 2264 Lucae
1490 2236 1530 2265 ’τε
1545 2246 1554 2263 ι
1565 2236 1664 2269 Stulte,

875 2282 927 2309 hac
945 2287 1022 2309 nocte
1037 2282 1154 2309 animam
1175 2287 1250 2308 tuam
1270 2287 1393 2315 repetunt
1407 2290 1421 2309 a
1440 2288 1477 2313 te.
1495 2292 1505 2308 ι
1523 2283 1663 2310 hominum

875 2327 994 2354 omnium
1013 2327 1143 2354 anlmasa
1156 2327 1330 2362 ψυχαγωγοῖς
1348 2328 1520 2362 quibusdam,
1541 2329 1586 2363 qtti
1603 2329 1664 2356 ani-

876 2373 928 2400 mis
941 2373 1007 2408 ipsis
1027 2373 1231 2408 pratstantiores
1245 2379 1326 2406 sunt,
1344 2375 1447 2401 assumi
1471 2375 1564 2406 tradit,
1582 2379 1665 2410 atque

875 2417 955 2452 hujus
969 2417 1146 2453 ψυχαγωγίας
1163 2419 1309 2445 itnmttnem
1328 2419 1412 2447 fuisse
1423 2420 1509 2447 solum
1525 2419 1662 2448 Christum

874 2462 976 2496 Iesum,
988 2465 1030 2491 cui
1050 2463 1146 2498 reliqui
1156 2471 1251 2492 omnes
1261 2464 1343 2496 etiam
1357 2465 1531 2499 patriarchze,
1545 2467 1663 2500 prophe-

874 2515 909 2537 ta:
926 2515 954 2537 et
965 2509 1079 2545 apostoli
1094 2510 1171 2537 fuere
1192 2510 1314 2538 obnoxii.
1331 2511 1490 2545 Assumptus
1508 2516 1599 2537 autem
1626 2512 1662 2538 ab

874 2556 979 2591 angelis
993 2555 1123 2583 custodia:
1139 2555 1256 2588 illarum,
1279 2557 1342 2583 dum
1373 2557 1398 2583 iu
1413 2563 1529 2590 corpore
1543 2561 1638 2584 essent
1653 2577 1661 2589 ,

877 2602 1010 2637 deputatis
1022 2602 1139 2636 animas,
1150 2602 1176 2629 in
1189 2602 1319 2635 judicium
1337 2602 1371 2629 ab
1387 2602 1439 2629 illis
1454 2603 1520 2636 ipsis
1534 2604 1663 2630 eductum

877 2649 910 2676 iri
928 2648 1024 2676 scribit
1035 2648 1131 2679 homil.
1146 2649 1173 2675 in
1190 2648 1272 2675 Num.
1291 2649 1335 2680 ll,
1347 2656 1422 2676 num.
1436 2648 1463 2680 4,
1478 2653 1506 2676 et
1521 2648 1566 2680 20,
1584 2655 1658 2674 num.

876 2694 904 2721 4.
922 2693 978 2721 Nec
994 2693 1020 2721 in
1034 2693 1167 2728 judicium
1189 2694 1287 2724 solum,
1304 2694 1350 2721 sed
1372 2694 1398 2720 in
1413 2693 1552 2728 suppliciis
1567 2693 1661 2725 etiam,

877 2740 919 2768 vcl
930 2739 1022 2775 gloria:
1039 2739 1202 2768 destinatum
1230 2739 1327 2767 locmn.
1344 2748 1352 2764 ι
1375 2739 1496 2767 Mortuus
1511 2744 1564 2772 est,
1585 2748 1594 2766 ι
1616 2739 1660 2767 iu-
