1904 3077
223 122 275 149 B87

862 113 897 149 P.
918 119 1078 148 DANlELIS
1095 119 1213 148 nomn

1811 121 1861 147 823

224 179 282 213 quit
297 178 391 206 homil.
409 179 426 206 9
437 179 463 205 in
481 177 574 211 Lettit.,
590 186 663 206 nttm.
676 178 703 211 4,
721 189 730 204 ‹
750 178 872 207 Lazarus
886 186 914 208 et
926 181 1012 209 abdu-
1029 181 1051 209 Α
1068 184 1156 206 tamen
1174 185 1230 206 tam
1247 187 1298 206 non
1308 187 1355 207 eos
1368 179 1483 207 dicimus
1507 184 1649 208 creatures
1673 179 1837 206 animalium
1851 200 1859 213 ,

224 230 284 252 ctus
295 230 337 252 est
351 225 385 251 ab
399 224 502 259 angelis
515 225 541 250 in
558 225 647 251 sinum
672 225 800 253 Abrahae.
818 226 949 253 Similiter
963 235 1011 254 au-

223 277 277 298 tem
296 271 418 303 etdives,
434 275 462 297 et
476 271 610 297 abductus
625 275 667 298 est
681 271 715 298 ad
732 272 866 299 infernum
881 273 907 299 in
923 273 1011 300 locum

222 316 347 343 tormenti
356 315 388 342 ⁸³.
398 315 597 343 Animadvertis
605 316 746 344 evidenter
753 317 809 344 loca
823 319 904 346 sortis
913 319 1012 346 utrius-

221 368 274 395 que
297 361 436 388 distincta.
451 361 517 388 Vide
537 363 618 388 etiam
641 364 685 397 qui
701 368 766 390 sunt
787 364 832 398 qui
856 364 1010 391 abducunt:

221 407 317 442 angeli,
336 408 434 442 inquit,
452 408 497 442 qui
509 415 619 442 semper
633 410 718 444 parati
734 415 796 437 sunt
813 411 846 437 ad
875 411 1011 438 abducen-

219 453 282 479 dum
299 461 306 479 :
324 452 443 479 ministri
456 453 530 480 enim
555 453 602 480 Dei
619 459 683 481 sunt
696 457 730 482 ad
756 455 808 482 hoc
824 455 910 490 ipsum
928 456 1011 483 desti-

219 496 284 528 nati,
301 497 347 531 qui
363 497 491 531 impleant
505 503 604 525 sortem
619 507 700 534 qttam
717 500 764 527 tibi
776 501 832 534 ipse
841 502 1007 535 paraveris.»

219 542 318 570 llomil.
333 543 350 570 5
369 543 396 570 in
412 543 508 576 Nam.,
531 553 606 574 num.
621 546 649 576 5,
664 551 775 574 sanctos
786 549 819 574 ab
830 548 934 583 angelis
948 553 1009 583 post

219 594 335 615 mortem
351 590 478 617 manibus
498 595 526 618 et
539 591 659 618 humeris
676 593 737 620 vehi
759 593 938 628 demonstrat,
960 594 1008 622 do-

219 640 270 661 nec
286 633 311 660 in
328 635 428 668 quietis
439 635 528 663 locttm
544 636 652 664 deducti
675 638 739 664 sint.
757 638 846 672 Quod!
860 639 1006 675 signiﬁcari

218 679 258 706 ait
274 679 320 707 illo
337 681 446 708 Davidis
460 681 556 716 psalm.
574 690 617 715 xc,
635 683 680 716 Η,
698 684 732 711 l2
747 694 754 711 :
773 693 783 710 ι
798 685 930 718 Quoniam
962 694 1008 713 an-

216 725 284 758 gelis
299 728 355 754 suis
368 728 507 755 mandavit
517 729 550 756 de
563 733 599 761 te,
622 736 651 757 ιιι
665 731 821 759 custodiant
837 737 863 760 te
876 733 902 760 in
918 734 1006 760 omni-

215 772 267 799 bus
283 773 334 800 viis
352 774 414 802 tuis.
438 774 466 801 ln
493 776 617 804 manibus
641 778 789 811 portabunt
822 783 858 810 te.
886 787 919 807 ne
935 779 1006 808 forte

215 817 337 846 oilendas
362 820 394 846 ad
419 820 534 855 lapidem
550 823 647 858 pedem
664 829 750 852 tuum.
770 834 779 850 ι
806 824 845 852 Ex
867 832 900 853 eo
913 831 1003 854 autem

1065 233 1147 260 quam
1167 233 1217 253 nec
1233 226 1366 260 agricolas
1381 226 1489 262 frugum
1504 231 1585 262 atque
1597 227 1742 254 arborum.
1764 235 1774 252 ι

1101 271 1139 298 llli
1158 271 1267 307 quidem
1280 271 1392 307 Origeni
1409 279 1442 299 ex
1454 272 1572 300 ethnicis
1592 272 1803 306 pneluserunt:
1826 279 1859 298 ex

1064 317 1230 345 Christianis
1246 325 1312 345 vero
1338 318 1460 353 praelusit
1486 317 1611 345 Clemens
1640 317 1858 349 Alexandrinus,

1063 366 1108 399 qui
1121 365 1239 392 animam
1257 365 1283 392 in
1300 364 1462 391 muliebrem
1481 369 1587 390 uterum
1603 363 1715 390 immitti
1727 363 1797 389 dicit
1809 362 1859 390 ὑπό

1062 419 1133 442 τινος
1148 410 1203 437 τῶν
1219 412 1253 447 τῇ
1267 410 1372 445 γενέσει
1384 409 1542 445 ἐφεστώτων
1555 409 1691 444 ἀγγέλων,
1703 414 1732 436 et
1745 410 1858 444 angelus

1063 456 1222 490 ἐφεστῶτας
1232 458 1266 492 τῇ
1280 456 1368 491 ἀνόδῳ
1381 460 1586 483 commemorat.
1602 455 1635 482 Et
1646 463 1713 482 vero
1722 456 1859 489 posterior

1063 503 1106 530 illa
1121 504 1153 530 de
1171 503 1330 537 angelorum
1349 503 1482 530 humanas
1512 503 1617 529 animas
1637 502 1664 530 in
1687 509 1752 529 suas
1779 502 1858 529 sedes

1063 550 1255 584 reponentium
1272 549 1425 576 ministerio
1437 548 1572 575 sententia
1598 548 1730 575 Ecclesiae
1759 548 1856 574 catho—

1063 596 1120 623 liem
1138 596 1245 631 placitis
1256 603 1378 624 consona
1389 599 1441 623 est.
1461 595 1581 622 Priorem
1594 599 1697 625 autem,
1714 601 1779 628 quae
1795 595 1856 620 ani-

1062 649 1167 669 marum
1195 641 1309 669 sationis
1334 649 1426 669 curam
1457 641 1561 676 angelis
1586 641 1723 674 ascribit,
1739 648 1857 675 quaeque

1063 687 1128 714 tomi
1148 695 1197 714 xnt
1214 688 1242 713 in
1256 686 1339 713 Joan.
1358 687 1418 714 loco
1437 680 1453 713 ἐ
1472 687 1550 714 nobis
1562 693 1644 720 supra
1667 687 1750 713 allato
1766 689 1854 713 conti-

1057 738 1150 763 netur.
1167 734 1207 760 sic
1220 734 1278 767 ipse
1289 733 1420 768 Origenes
1429 739 1559 761 excusat:
1576 733 1669 761 Ταῦτα
1679 733 1709 759 δὲ
1722 733 1775 760 οὐκ
1789 733 1852 759 ἀπε-

1059 779 1219 814 φαινόμενοι
1245 779 1360 814 λέγομεν
1373 801 1380 812 ,
1398 780 1499 815 πολλῆς
1523 780 1577 815 γὰρ
1592 779 1710 813 βασάνου
1727 779 1764 805 τὰ
1775 780 1855 814 71ft:-

1065 823 1154 850 καῦτα
1179 824 1290 861 χρῄζει,
1316 825 1458 861 ἵνέὐρεθῇ
1490 825 1604 860 πότερῡν
1622 825 1710 856 οὕτως
1736 825 1816 860 ἔχει,
1838 825 1854 860 ἢ

217 863 301 896 Pauli.
320 865 328 892 l
345 865 470 894 Tltessal.
483 875 520 898 tv.
542 868 594 900 ‘16;
613 877 622 894 ι
641 870 741 897 Deinde
756 878 805 898 nos
818 871 864 905 qui
878 871 1004 904 vivimus.
1023 859 1044 887 Β
1059 870 1171 906 ἑτέρως-

214 910 260 943 qui
278 909 467 945 relinquimur,
483 913 563 940 simul
585 914 722 949 rapiemur
734 922 795 943 cum
812 916 866 944 illis
884 917 911 944 in
927 918 1006 945 nubi-

214 956 264 982 bus
279 956 385 984 obviam
400 957 514 986 Domino
529 958 555 986 in
564 967 640 991 aera.
661 965 689 988 et
702 961 741 988 sic
755 969 863 996 semper
876 970 937 990 cttm
955 963 1006 990 Do-

214 1000 289 1027 mino
304 1002 416 1034 erimus,
434 1012 444 1029 ι
467 1004 565 1037 probat
590 1009 696 1039 raptum
727 1006 759 1033 iri
786 1007 820 1034 ab
837 1008 942 1043 angelis
957 1016 1005 1037 eos

214 1045 259 1080 qui
276 1047 350 1074 vitiis
366 1047 472 1083 purgati
485 1048 602 1076 leviores
610 1056 757 1077 evaserunt
769 1059 776 1083 ;
790 1057 925 1086 portatum
939 1060 1004 1081 vero

214 1091 248 1118 iri
270 1092 400 1127 reliquos,
415 1094 462 1129 qui
488 1100 664 1128 peccatorum
684 1097 808 1132 reliquiis
822 1103 886 1126 sunt
900 1102 1002 1128 onusti.

213 1138 245 1167 Et
262 1138 374 1167 humilia
394 1140 504 1168 demum
518 1141 547 1171 Η
578 1142 605 1169 in
622 1142 717 1175 Num..
731 1152 805 1172 num.
822 1145 851 1177 4,
864 1153 925 1181 pag.
938 1146 1002 1179 508,

209 1183 267 1218 jam
285 1191 369 1219 supra
382 1185 501 1218 laudata,
511 1187 621 1222 angelos
630 1194 691 1223 post
709 1189 780 1217 hanc
792 1190 876 1218 vitam
894 1191 1002 1220 futuros

213 1236 305 1255 eorum
321 1230 459 1264 principes
470 1231 606 1263 decernit.
624 1234 723 1268 quibus
750 1236 813 1262 dum
830 1237 856 1263 in
874 1237 943 1264 vivis
956 1245 1002 1265 es-

212 1279 282 1304 sent,
297 1274 354 1307 jam
370 1281 433 1302 ante
446 1277 622 1311 pra-fuerant,
649 1288 774 1315 quosque
789 1282 880 1310 studio
906 1291 956 1311 suo
969 1291 1002 1311 ac

212 1320 303 1348 labore
315 1322 349 1348 ad
363 1322 502 1350 Christum
520 1331 721 1353 converterant.

247 1407 286 1435 Ex
300 1408 422 1437 Platonis
437 1416 527 1439 autem
544 1413 664 1441 fontibus
679 1423 711 1442 ea
733 1415 790 1443 fere
811 1418 907 1444 hausta
925 1424 997 1446 sunt.

212 1453 257 1480 Sic
273 1454 346 1482 enim
367 1455 410 1482 ille
436 1456 462 1482 in
479 1456 633 1486 Phaedone:
653 1460 769 1494 Λέγεται
790 1462 819 1489 δὲ
836 1463 941 1496 οὓτως,
962 1465 999 1498 ὡς

209 1499 263 1533 [ipa
274 1499 474 1546 τελευτήσαντες
490 1502 605 1531 ἕκαστον
620 1505 634 1531 ὁ
649 1505 766 1532 ἑκάστου
780 1507 895 1543 δαίμων,
913 1510 998 1546 ὅσπερ

210 1545 299 1577 ζῶντα
312 1546 426 1582 εἰλήχει,
443 1544 521 1579 οὗτος
536 1549 614 1583 ἄγειν
630 1551 764 1587 ὲπιχείροι
780 1555 820 1585 εἰς
837 1554 868 1590 δή
887 1564 949 1583 τινα
956 1544 999 1583 τό·

209 1600 270 1622 πον,
285 1590 311 1618 οἷ
320 1592 360 1618 δεῖ
371 1593 433 1625 τοὺς
444 1594 621 1630 συλλεγέντας
632 1597 874 1635 διαδικασαμένους
886 1604 926 1635 εἰς
934 1603 998 1639 ᾅδου

208 1637 388 1672 πορεύεσθαι,
412 1639 482 1674 μετὰ
508 1642 641 1676 ἡγεμόνος
668 1644 785 1677 ἐκείνου,
798 1643 820 1679 ᾦ
834 1647 866 1683 δὴ
886 1637 999 1684 προᾶτέ-

207 1691 305 1709 τακται
328 1685 391 1718 τοὺς
406 1685 511 1713 ἐνθένδε
528 1688 617 1717 ἐκεῖσε
631 1690 773 1725 πορεῦσαι.
804 1702 813 1718 ι
836 1692 882 1721 Sic
907 1701 996 1723 autent

208 1727 295 1754 l'ertnr
307 1735 443 1757 mortuum
456 1739 689 1769 unumquemque,
699 1736 849 1765 darmonem
861 1739 936 1767 illutn
950 1743 996 1776 qui

208 1774 344 1802 viventem
357 1777 470 1804 sortitus
485 1777 587 1810 fuerat.
600 1781 735 1810 deducere
748 1785 843 1812 conari
861 1785 887 1813 in
901 1774 997 1822 quem-

208 1820 270 1847 dam
286 1821 385 1855 locnm,
407 1823 452 1851 ubi
471 1829 578 1858 oportet
590 1833 771 1862 congregatos
794 1837 890 1859 omnes
910 1820 994 1862 causa

204 1867 278 1894 dicta
293 1869 327 1895 ad
340 1869 443 1897 inferos
453 1872 590 1904 proﬁcisci
608 1881 670 1900 cum
687 1875 756 1902 duce
781 1876 840 1908 illo,
857 1878 900 1905 cui
919 1887 995 1907 man.

205 1911 297 1940 datum
317 1918 361 1940 est
376 1921 423 1942 eos
434 1915 481 1949 qui
498 1915 572 1943 illinc
585 1918 722 1952 abierunt,
739 1920 802 1948 illuc
813 1922 960 1952 deducere.
981 1934 992 1951 ι

204 1957 282 1991 Quod
301 1959 362 1987 aliis
384 1959 483 1988 deinde
505 1961 567 1989 libri
595 1963 715 1997 ejusdem
742 1965 812 1994 locis
828 1969 944 2003 repetit;
967 1975 994 1997 et

204 2009 266 2038 post
282 2005 355 2033 illum
367 2006 491 2034 Plotinus
504 2008 574 2036 Enn.
590 2017 633 2040 Ill,
646 2010 693 2037 lib.
709 2019 745 2043 tv,
765 2020 824 2048 cap.
836 2014 872 2042 6:
892 2015 920 2042 '0
934 2017 994 2051 μέν-

203 2059 243 2077 τοι
266 2051 372 2087 δαίμων
399 2051 476 2085 οὗτος
494 2054 524 2081 ὃν
544 2055 669 2091 λέγομεν,
691 2058 805 2092 ἀγαγεῖν
822 2059 929 2092 λέγεται
953 2063 994 2094 εἰς

202 2095 275 2132 ᾅδου,
288 2099 382 2125 οὐκέτι
398 2100 413 2126 ὁ
429 2100 510 2132 αὐτὸς
527 2102 629 2136 μένειν,
640 2102 688 2130 ἐὰν
700 2104 737 2140 μὴ
751 2105 785 2132 τὰ
803 2106 872 2132 αὐτὰ
898 2107 992 2143 ἕληται

202 2143 291 2170 πάλων
309 2145 363 2180 πρὸ
381 2145 409 2172 δὲ
424 2147 471 2173 τοῦ
490 2147 564 2180 πῶςς
588 2148 619 2176 τὸ
631 2149 663 2185 δὴ
676 2151 788 2185 ἀγαγεῖν
808 2153 846 2181 εἰς
864 2153 913 2192 τὴν
933 2156 993 2190 κρί-

201 2198 254 2216 σιν.
270 2199 279 2215 ι
296 2190 406 2218 Daemon
418 2199 483 2228 ergo
500 2193 545 2219 ille
556 2202 635 2232 quem
650 2196 776 2228 dicimus,
791 2190 925 2227 deducere
936 2200 990 2229 ler—

201 2240 245 2261 tur
257 2237 289 2264 ad
307 2236 419 2270 inferos,
436 2246 488 2265 non
510 2241 627 2274 amplius
654 2241 723 2268 idem
741 2250 911 2279 permanere,
938 2248 988 2275 nisi

200 2280 296 2306 eadem
314 2289 424 2308 rursum
435 2282 529 2317 eligat.
546 2285 631 2312 Antea
650 2292 716 2313 vero
735 2289 889 2322 quomodo?
905 2290 990 2318 addu-

200 2331 263 2352 cere
276 2325 405 2355 nimirum
433 2327 466 2354 ad
491 2328 636 2362 judicium.
654 2339 664 2356 ι
685 2330 854 2366 Augustinus
877 2334 924 2362 lib.
949 2344 989 2364 ιιι

199 2370 239 2399 De
251 2371 322 2400 civit.
338 2371 396 2404 Dei,
412 2380 472 2407 cap.
485 2374 520 2401 24
534 2384 540 2402 :
553 2385 562 2401 ι
582 2377 623 2404 llli
636 2382 740 2410 autem,
758 2379 856 2413 inquit.
867 2380 912 2414 qui
926 2381 990 2409 Pla-

199 2417 256 2444 toni
272 2425 322 2444 suo
333 2419 458 2451 credunt,
473 2427 526 2447 non
545 2422 579 2448 ab
596 2422 642 2449 illo
654 2430 761 2451 summo
774 2424 830 2453 Deo
842 2427 888 2461 qui
901 2427 987 2455 labri-

199 2469 277 2491 catus
291 2465 482 2499 estmundum,
497 2467 544 2495 sed
556 2468 591 2497 ab
603 2469 662 2498 aliis
678 2470 841 2504 minoribus,
853 2479 920 2506 quos
932 2475 989 2508 qui-

198 2510 259 2540 dem
271 2510 329 2544 ipse
340 2512 484 2544 creaverit,
501 2514 636 2547 permissu
651 2515 709 2542 sive
720 2515 798 2550 jussu
809 2518 868 2552 ejus
884 2520 988 2549 anima-

199 2555 236 2582 lia
256 2556 327 2584 facta
337 2565 398 2584 esse
409 2565 508 2586 cuncta
522 2561 660 2593 mortalia,
677 2563 703 2588 in
716 2563 816 2597 quibus
828 2565 910 2593 ltomo
923 2574 991 2601 prte—

197 2601 318 2635 cipnum,
331 2603 438 2639 tliisqne
451 2606 518 2640 ipsis
532 2612 679 2642 cognatum
692 2614 798 2637 teneret
814 2611 914 2639 locum.
929 2622 939 2639 ι
955 2615 988 2642 Et

197 2648 315 2676 deinde:
332 2659 342 2678 ι
356 2652 452 2686 Angeli
465 2657 565 2684 autem.
581 2662 650 2688 quos
663 2655 699 2681 illi
716 2656 781 2684 deos
804 2657 930 2687 libentius
941 2669 985 2696 ap-

197 2694 309 2728 pellant,
324 2697 405 2724 etiam
432 2699 455 2725 si
470 2699 601 2726 adhibent
626 2700 668 2727 vel
689 2701 768 2735 iussi,
794 2704 836 2730 vcl
861 2694 983 2739 permissi

197 2742 382 2775 operationem
400 2752 476 2770 suam
495 2746 576 2773 rebus
589 2753 647 2781 qua:
664 2747 810 2782 gignuntur
830 2750 855 2779 in
872 2753 982 2786 mundo,

232 2831 255 2850 δ’
273 2831 336 2860 Luc.
355 2839 407 2863 ut,
421 2833 465 2865 22,
483 2834 517 2862 23

1100 915 1210 943 XXXV.
1228 915 1399 943 Prmtermitti
1420 920 1527 950 poterat
1550 918 1664 951 quaestio
1684 925 1806 952 sequens
1819 919 1852 944 «le

1058 962 1324 989 renmncrationibus
1340 967 1367 989 et
1392 962 1481 997 poenis
1498 970 1545 996 per
1561 963 1674 997 angelos
1691 970 1706 989 a
1732 964 1790 991 Deo
1803 968 1851 989 au—

1058 1007 1263 1039 ministrandis;
1283 1007 1351 1034 nihil
1367 1007 1439 1033 enim
1459 1008 1573 1034 multum
1588 1008 1719 1034 abttorme
1730 1008 1805 1035 circa
1823 1010 1850 1036 id

1058 1057 1250 1087 argumentum
1272 1051 1403 1087 Origenes
1416 1054 1592 1088 excogitavit.
1603 1053 1738 1088 Quoniam
1757 1059 1850 1081 tamen

1056 1106 1116 1124 cum
1133 1099 1276 1132 superiore
1295 1099 1477 1134 disputatione
1497 1100 1615 1127 coltzeret
1630 1100 1690 1134 ejus
1709 1101 1848 1131 tractatio.

1055 1149 1082 1170 ct
1107 1145 1242 1178 peculiare
1267 1146 1390 1172 nonnihil
1416 1146 1499 1174 habet
1528 1147 1719 1178 Adamantius,
1745 1148 1849 1174 idcirco

1056 1190 1142 1224 ipsam
1170 1197 1279 1225 quoque
1298 1191 1393 1219 leviter
1418 1193 1593 1228 attingemus.
1611 1192 1727 1220 llomilia
1755 1193 1850 1227 itaque

1054 1237 1080 1262 in
1096 1235 1240 1263 Jeremiam
1253 1237 1297 1269 2i,
1313 1245 1388 1264 num.
1405 1237 1431 1270 6,
1445 1238 1588 1272 tripliciter
1603 1238 1773 1270 hominibus,
1788 1246 1849 1273 quas

1054 1283 1195 1316 promeriti
1215 1289 1290 1316 sunt,
1312 1284 1393 1310 Deum
1407 1284 1559 1312 retribuere
1578 1284 1709 1314 ostendit,
1726 1286 1846 1318 primum

1057 1335 1105 1362 per
1118 1335 1158 1360 se,
1185 1329 1334 1356 secundttm
1363 1329 1428 1357 illud
1445 1328 1544 1356 Jerem.
1563 1337 1598 1361 ιι,
1622 1329 1648 1362 6,
1676 1339 1686 1354 ι
1702 1329 1851 1356 \‘iciSsitu-

1053 1375 1143 1402 dinem
1159 1377 1216 1410 ipse
1232 1376 1362 1403 retribuet
1377 1377 1417 1409 ei;
1439 1385 1447 1402 ι
1467 1377 1564 1403 deinde
1586 1384 1634 1411 per
1660 1376 1747 1404 malos
1761 1384 1847 1410 ange-

1053 1421 1103 1452 los,
1120 1421 1266 1448 secundmn
1282 1421 1345 1448 illud
1355 1421 1449 1456 psalmi
1463 1430 1564 1454 uvat,
1579 1422 1625 1454 49,
1641 1432 1650 1447 ι
1666 1421 1742 1448 Misit
1756 1422 1784 1448 in
1800 1429 1848 1449 eos

1053 1467 1122 1493 iram
1139 1467 1332 1502 indignationis
1347 1475 1415 1500 ante,
1432 1469 1665 1503 indignationem,
1679 1473 1707 1496 et
1719 1468 1802 1499 iram,
1819 1474 1847 1495 et

1053 1513 1256 1540 tribulationem
1272 1534 1280 1546 ,
1300 1514 1484 1542 immissiones
1500 1522 1547 1549 per
1570 1514 1683 1549 angelos
1700 1514 1809 1541 malos:
1832 1524 1842 1541 ι

1054 1567 1245 1594 nonnunquam
1259 1560 1341 1587 etiam
1352 1568 1400 1596 per
1417 1561 1512 1592 bonos,
1540 1561 1692 1594 cujusmodi
1711 1560 1799 1587 multa
1817 1561 1844 1587 in

1053 1604 1200 1640 Scripturis
1217 1606 1329 1640 reperiri
1339 1606 1403 1633 dicit
1415 1615 1422 1632 :
1441 1614 1473 1634 ac
1487 1606 1587 1633 leviora
1601 1607 1710 1642 quidem
1723 1607 1840 1633 crimina

1052 1651 1185 1678 ministris
1197 1652 1256 1679 suis
1270 1652 1429 1679 vindicanda
1447 1652 1530 1679 Deum
1546 1653 1703 1688 permittere
1717 1673 1725 1684 ,
1750 1653 1840 1687 ipsum

1051 1704 1115 1724 vero
1128 1698 1265 1732 graviores
1279 1706 1363 1725 noxas
1374 1698 1477 1726 ulcisci.
1494 1698 1565 1726 Fuse
1580 1700 1632 1726 hoc
1645 1704 1839 1733 argumentum

1051 1741 1121 1769 libro
1138 1750 1183 1769 Vlll
1201 1748 1294 1769 contra
1316 1743 1420 1770 Celsum
1431 1763 1438 1775 ,
1453 1751 1525 1770 num.
1542 1743 1589 1776 59-,
1605 1744 1790 1778 persequitur,
1810 1748 1837 1769 et

1049 1796 1215 1823 qtnecnnque
1236 1790 1391 1816 hominibus
1409 1790 1478 1816 mala
1501 1791 1673 1824 contingunt,
1694 1790 1741 1816 Dei
1767 1795 1834 1816 nutu

1048 1840 1076 1861 et
1089 1836 1202 1861 consitio
1220 1843 1233 1860 a
1249 1836 1416 1863 diuinombus
1429 1836 1538 1863 immitti
1559 1837 1656 1870 probat
1677 1843 1710 1863 ex
1724 1836 1835 1863 laudato

1048 1879 1142 1914 psalmi
1157 1888 1249 1908 Lxxvn
1276 1881 1355 1914 loco;
1383 1883 1452 1908 bona
1469 1889 1533 1909 vero
1559 1883 1592 1909 ab
1607 1882 1714 1917 angelis
1729 1882 1838 1909 submi-

1047 1927 1167 1954 Itislrari.

1084 1973 1111 1999 lu
1125 1973 1223 2007 quibus
1244 1982 1258 2001 a
1285 1974 1413 2009 magistro
1436 1982 1485 2002 suo
1505 1975 1617 2002 Platone
1632 1983 1686 2002 non
1701 1977 1836 2009 recessit;

1045 2020 1091 2054 qui
1105 2020 1131 2046 in
1146 2018 1284 2053 Symposio
1291 2021 1355 2047 deos
1369 2021 1438 2048 inter
1447 2026 1474 2048 et
1485 2022 1607 2049 homines
1622 2022 1740 2049 medium
1751 2024 1838 2057 quotl-

1046 2069 1107 2091 oatn
1128 2066 1269 2093 constituit
1282 2074 1377 2101 genus,
1395 2072 1421 2094 ct
1442 2067 1579 2093 dmmcnes
1596 2068 1726 2102 appellat,
1750 2068 1836 2095 inter-

1046 2115 1135 2145 pretes
1155 2117 1332 2145 utrorumque
1347 2117 1375 2139 et
1389 2118 1554 2147 scqueslros,
1571 2114 1774 2150 ἐρμηνεύοντας
1789 2117 1835 2142 καὶ

1044 2155 1293 2191 διαπορθμεύοντας
1317 2157 1389 2189 θεοῖς
1411 2160 1445 2184 τὰ
1462 2159 1527 2194 παρ’
1545 2159 1707 2195 ἀνθρώπων,
1723 2161 1770 2187 καὶ
1790 2162 1836 2187 dv-

1009 2210 1029 2237 ι)
1044 2201 1162 2237 Ορώποις
1176 2202 1209 2228 τὰ
1224 2203 1298 2240 παρὰ
1311 2203 1395 2230 θεῶν·
1412 2204 1467 2230 τῶν
1479 2205 1528 2240 μὲν
1545 2205 1593 2237 τὰς
1605 2206 1713 2240 δεήσεις
1729 2207 1775 2233 καὶ
1789 2207 1834 2233 ου-

1045 2247 1121 2278 σίας’
1135 2247 1190 2274 τῶν
1209 2248 1237 2276 δὲ
1256 2248 1305 2280 τὰς
1325 2248 1463 2282 ἐπιτάξεις
1477 2257 1505 2275 τε
1518 2251 1565 2276 καὶ
1579 2250 1698 2288 ἀμοιϐὰς
1722 2251 1778 2277 τὼν
1793 2252 1834 2278 0'»

1045 2292 1121 2319 σιῶν.
1135 2302 1145 2318 ‹
1166 2293 1380 2329 lnterpretantes
1392 2300 1418 2322 et
1438 2296 1585 2324 referentes
1604 2298 1666 2329 diis,
1689 2305 1750 2333 qua:
1774 2299 1834 2324 mit-

1045 2344 1140 2365 tuntur
1154 2340 1188 2366 ab
1204 2340 1377 2374 hominibus;
1401 2347 1429 2368 et
1445 2342 1600 2370 hominibus
1613 2351 1675 2378 qua:
1689 2344 1834 2370 mittuntur

1044 2393 1058 2410 a
1072 2385 1141 2417 diis;
1159 2385 1264 2413 illorum
1280 2386 1388 2420 quidem
1403 2388 1571 2423 precationes
1580 2393 1607 2415 et
1619 2389 1758 2416 Sacrificia
1769 2390 1833 2421 ;ho—

1044 2438 1103 2456 rum
1121 2438 1185 2457 vero
1211 2433 1337 2459 mandata
1354 2437 1382 2460 et
1407 2434 1604 2460 sacrificiorum
1631 2437 1831 2463 remuneratio-

1042 2482 1101 2502 nes.
1121 2484 1130 2500 ι
1149 2475 1213 2508 Quae
1226 2477 1318 2504 munia
1335 2478 1430 2504 eadem
1447 2479 1551 2514 angelis
1568 2481 1741 2513 tribuuntur,
1763 2483 1832 2508 unde

1041 2514 1156 2554 DIBNSD
1184 2527 1212 2550 et
1236 2523 1346 2561 ἄγγελοι
1373 2532 1386 2551 a
1411 2526 1589 2560 scriptoribus
1615 2528 1704 2555 Sacris
1739 2529 1830 2562 appel-

1043 2569 1139 2600 lantur,
1157 2570 1208 2597 ltoc
1219 2575 1259 2598 est
1277 2571 1443 2600 internunlii.
1465 2572 1586 2602 Plotinus
1601 2577 1692 2601 autem
1708 2574 1828 2603 Enneud.

1043 2624 1084 2648 In,
1102 2615 1148 2643 lib.
1164 2624 1201 2650 tv,
1218 2624 1278 2652 cap.
1295 2618 1321 2651 6,
1343 2623 1484 2653 postquam
1510 2619 1604 2647 docuit
1618 2621 1725 2647 animae
1749 2622 1774 2647 in
1789 2622 1830 2654 ju-

1042 2663 1141 2688 dicium
1158 2662 1193 2689 ab
1204 2663 1306 2698 angelis
1321 2665 1429 2696 adduci,
1454 2673 1547 2699 paruas
1564 2668 1738 2701 postmodum
1754 2668 1827 2695 luan-

1041 2709 1111 2735 tibns
1127 2708 1180 2735 illis
1196 2709 1291 2737 adesse
1310 2710 1459 2746 subiunxit.

1079 2753 1188 2789 Origeni
1207 2755 1399 2793 astipulantur,
1416 2763 1514 2794 przeter
1526 2758 1604 2791 alios,
1625 2759 1789 2788 AmbrOsius
1802 2764 1825 2787 et
