1904 3077
84 106 142 140 889

86 173 282 207 Hieronymus,
302 178 417 206 quorum
445 170 490 198 ille
515 171 595 206 epist.
623 171 670 198 lib.
684 180 712 204 ν,
731 172 811 207 epist.
829 171 876 204 38,

85 219 148 245 hate
172 217 292 246 scribit:
315 226 324 242 ι
342 217 384 244 An
407 216 481 251 ipsos
509 224 616 251 quoque
641 217 760 252 angelos,
788 218 833 252 qui
849 217 876 244 in

88 264 172 291 istius
185 262 277 290 mundi
292 262 429 290 laboribus
443 263 549 290 diversa
563 263 696 290 sustinent
714 262 876 296 ministeria,

85 310 161 337 sicut
181 309 208 336 in
220 309 383 344 Apocalypsi
413 308 526 343 legimus
542 308 663 339 Joannis.
682 317 735 336 non
765 309 878 343 ingemi—

85 363 172 384 scere
185 355 334 386 credimus,
350 363 413 393 cuiq
427 355 589 382 adhibentur
605 363 748 391 pinnarum
760 361 788 383 et
801 356 876 383 exci-

82 401 196 428 diorum
211 400 328 428 ministri
341 410 347 428 :
360 401 404 435 qui
420 401 550 429 habentes
563 402 645 428 vitam
658 407 798 435 aeternam,
809 402 878 429 mal-

83 447 147 474 lent
159 448 253 482 utique
266 454 326 474 eam
343 447 371 474 in
390 447 435 474 illo
450 448 588 482 superiore
601 448 806 483 tranquillitatis
821 456 877 476 suae

80 499 160 521 statu
177 501 298 527 currere,
326 502 407 529 quam
432 499 590 521 nostrorum
616 499 789 529 peccatorum
816 501 875 529 pw-

82 539 130 566 nis
150 539 291 567 ultricibus
305 540 484 573 interpellari.
499 549 508 566 ι
521 539 702 575 Hieronymus
723 548 788 568 vero
803 540 848 568 lib.
867 548 875 567 ι

79 586 111 612 in
133 594 193 620 cup.
213 593 249 612 vu
265 585 335 614 Dan.
349 592 359 611 :
374 595 383 611 ι
403 586 504 621 Duplex
532 593 627 613 autem.
644 586 876 621 angelorumoﬂi-

77 632 158 658 cium
174 636 231 664 est;
249 631 363 658 aliorum
380 631 426 667 qui
443 632 524 666 justis
538 633 649 666 praemia
662 633 794 665 tribuunt,
806 632 876 660 alio-

79 684 147 703 rum
160 677 208 711 qui
220 677 334 712 singulis
351 683 470 712 praestmt
481 678 659 706 cruciatibus.
678 688 687 704 ι

117 721 243 750 XXXVI.
260 722 393 755 Quoniam
419 723 494 749 varia
506 729 534 750 et
555 731 652 758 parum
665 729 795 751 constans
815 723 876 751 Ori-

75 769 164 802 genis
184 770 216 796 de
232 768 391 804 angelorum
410 770 586 797 invocatione
601 770 709 797 videtur
732 770 816 798 fuisse
833 779 874 797 ra-

77 813 132 846 tio,
154 814 298 842 delibanda
314 823 422 850 quoque
441 823 456 842 a
473 815 551 842 nobis
568 823 599 843 ea
623 815 737 850 quzcstio
750 821 801 843 est.
827 816 873 843 Sic

76 859 127 888 ille
142 860 260 893 loquitur
272 861 320 888 lib.
336 868 351 886 ν
364 866 456 888 contra
468 862 549 893 σοις..
567 869 641 888 nttm.
654 862 673 889 4
687 871 695 889 :
711 862 823 894 Τούτοις
839 863 873 898 δὴ

73 905 216 940 ἀγγέλους
231 906 285 932 ἀπὸ
299 905 346 932 τοῦ
367 905 448 941 ἔργου
460 905 551 932 αὐτῶν
564 905 752 941 μεμαθηκότες
768 906 870 937 καλεῖν,

72 952 246 987 εὑρίσκομεν
260 952 369 984 αὐτοὺς,
383 951 427 979 διὰ
445 952 475 979 τὸ
491 952 579 984 θείους
593 951 672 984 εἶναι,
687 952 734 978 καὶ
751 951 828 983 θεοὺς
843 952 871 978 ἐν

71 1000 140 1030 ταῖς
156 999 242 1034 ίεραῖς
265 1007 330 1024 ποτε
352 998 568 1034 ὀνομαζομένους
583 998 714 1034 Γμφαῖς.
740 998 808 1024 Ἀλλ’
822 998 872 1033 οὐχ

73 1043 153 1070 ὥστε
168 1044 386 1080 προσ-τάσσεσθαι
415 1045 481 1079 ἡμῖν
509 1045 572 1076 τοὺς
595 1044 797 1077 διακονοῦντας,
823 1045 871 1071 καὶ

73 1090 214 1124 φέροντας
229 1091 294 1125 ἡμῖν
307 1090 341 1117 τὰ
365 1089 410 1117 τοῦ
433 1090 502 1116 Θισῦ
519 1090 607 1117 σέϐειν
633 1091 681 1117 καὶ
707 1092 870 1126 προσκυνεῖν

73 1135 141 1162 ἀντὶ
151 1136 198 1162 τοῦ
213 1136 279 1162 Θεοῦ
290 1145 296 1151 ·
310 1137 399 1163 πᾶσαν
411 1136 521 1172 μὲνγὰρ
533 1136 634 1172 δέησιν,
647 1137 694 1163 καὶ
704 1137 870 1172 προσευχὴν,

73 1182 128 1208 καὶ
143 1181 273 1214 ἔντευξιν,
289 1183 336 1208 καὶ
349 1182 524 1218 εὐχαριστίαν
550 1182 742 1218 ὰιιαπεμπτὲον
758 1183 797 1218 τῷ
823 1184 870 1211 ἐπὶ

72 1228 147 1254 πᾶσι
157 1227 226 1262 Θεῷ,
238 1227 282 1254 διὰ
295 1227 342 1255 τοῦ
357 1229 403 1254 ἐπὶ
426 1228 537 1255 πάντων
552 1228 676 1263 ἀγγέλων
699 1229 849 1265 ἀρχιερέως
861 1251 868 1263 ,

72 1272 203 1308 ἐμψύχου
221 1273 306 1307 Λόγου
320 1274 367 1300 καὶ
380 1274 457 1301 Θεοῦ.
476 1274 540 1307 Qum
557 1275 652 1301 itermu
666 1275 762 1302 deinde
782 1276 868 1302 incul-

73 1325 124 1346 cat
137 1328 143 1346 :
158 1320 230 1346 unde
248 1320 337 1347 omnis
347 1320 503 1354 angelorum
521 1321 628 1355 praecidi
643 1322 746 1348 videtur
757 1322 870 1349 invoca-

74 1366 127 1392 tio.
149 1364 203 1392 Sed
220 1373 271 1392 non
288 1366 325 1392 ita
337 1371 396 1399 est;
421 1373 484 1393 nam
498 1366 616 1394 honores
629 1366 739 1401 quidem
759 1375 790 1394 ac
805 1375 868 1402 pre-

73 1417 124 1437 ces
134 1410 240 1445 angelis
254 1410 376 1438 adhiberi
391 1415 464 1438 vetat
483 1418 543 1442 eas.
561 1418 621 1445 qua:
635 1412 688 1438 Deo
706 1412 750 1438 uni
767 1419 868 1439 conve-

72 1457 167 1488 niunt,
186 1464 236 1484 nec
254 1456 360 1484 adorari
377 1457 418 1484 vel
434 1457 484 1484 coli
506 1458 578 1492 ipsos
595 1457 730 1491 concedit,
747 1458 808 1485 ἀντὶ
820 1458 868 1485 τοῦ

531 110 816 140 οιιιοΕΝιΑΝοιιυιι
836 108 902 139 LIB.
921 111 955 144 ll,
976 111 1053 140 CAP.
1069 111 1103 146 ll,‘
1123 111 1263 146 QUASST.
1282 110 1316 140 ν.

1664 113 1718 141 890

890 175 914 202 Α
929 172 1080 208 θεραπείαν
1088 173 1233 205 banc,non
1244 175 1277 200 de
1293 171 1418 207 religiosa
1427 172 1601 200 observantia
1609 176 1636 200 et
1645 173 1718 200 cultu

928 225 989 245 esse
1007 217 1219 252 intelligendam,
1231 225 1292 244 cum
1308 217 1353 244 hic
1366 217 1473 244 nonnisi
1482 218 1514 245 de
1529 218 1655 252 religioso
1663 218 1719 245 dis-

929 267 1038 297 putetur
1060 262 1153 295 cultu,
1167 270 1247 297 quem
1270 262 1368 290 Celsus
1391 263 1559 291 daemonibus
1581 264 1673 291 itidem
1688 268 1718 292 ut

928 308 984 336 Deo
998 308 1184 344 prtestandum
1199 316 1259 335 esse
1279 309 1429 336 asserebat.
1442 309 1469 336 ld
1487 313 1516 336 ιιι
1527 309 1695 344 signilicaret
1706 330 1716 344 ,

929 356 1056 383 utebatur
1078 362 1146 383 voce
1176 354 1387 390 θεραπεύεσθαι.
1404 356 1562 391 Respondet
1587 356 1719 391 Origenes

927 401 1063 436 quoddam
1080 400 1228 436 Θεραπείας
1241 400 1312 427 illius
1327 408 1341 427 a
1352 400 1433 427 Celso
1448 408 1595 435 expressae,
1614 402 1664 428 hoc
1676 406 1718 427 est

927 445 1047 480 religiosi
1076 447 1166 473 cultus
1183 453 1268 479 genus
1290 445 1394 480 angelis
1427 446 1535 480 quidem
1560 446 1665 478 deberi.
1683 453 1716 473 ea

928 493 1008 520 modo
1025 497 1102 519 recte
1119 497 1146 520 et
1160 492 1281 528 legitime
1306 492 1478 524 exhibeatur,
1492 496 1520 520 et
1536 492 1626 519 cultus
1641 492 1686 519 ille
1699 499 1715 518 a

929 538 1003 566 cultu
1020 538 1075 566 Deo
1097 538 1220 573 prmstari
1238 538 1318 565 solito
1333 543 1413 565 caute
1441 538 1635 572 distinguatur.
1654 538 1715 566 Pari

928 586 1007 612 tnodo
1029 593 1090 611 cum
1103 585 1281 619 distingueret
1296 585 1366 612 libro
1384 591 1398 610 v
1419 585 1559 611 orationes
1571 585 1626 611 Deo
1641 584 1719 611 Patri.

926 631 1081 659 offerendas
1099 632 1132 658 ab
1148 632 1181 659 iis
1194 639 1264 666 quas
1279 631 1370 659 oll‘erri
1393 630 1561 658 concedebat
1583 631 1668 662 Filio,
1686 635 1717 658 ut

929 678 1036 713 μεσίτῃ,
1061 678 1178 705 nominis
1196 677 1289 711 hujus,
1307 679 1405 709 oratio,
1421 677 1559 712 proprium
1580 685 1658 704 usum
1672 678 1714 704 in-

928 723 1009 758 telligi
1027 723 1094 755 vult,
1109 728 1136 750 et
1164 723 1198 751 ab
1224 723 1344 756 ejusdem
1368 723 1454 750 abusu
1477 723 1585 750 secerni
1599 731 1606 750 :
1621 722 1716 749 Πᾶσαν

930 770 979 805 μὲν
995 769 1051 806 γὰρ
1067 769 1169 804 δέησιν,
1184 769 1271 804 inquit
1289 776 1364 796 num.
1380 768 1406 799 ι,
1426 768 1474 794 καὶ
1488 767 1654 803 προσευχὴν.
1667 768 1716 795 καὶ

926 815 1056 849 ἔντευξιν,
1073 816 1121 842 καὶ
1134 814 1310 850 εὐχαριστίαν
1326 814 1516 849 ἁναπεμπτέον
1530 813 1568 850 τῷ
1587 814 1634 840 ἐπὶ
1646 814 1714 840 πᾶσι

887 850 909 877 Β
926 862 986 897 Θεῷ
1002 861 1047 888 διὰ
1066 862 1114 888 τοῦ
1130 862 1177 888 ἐπὶ
1196 861 1304 888 πάντων
1324 860 1446 895 ἀγγέλων
1461 860 1611 896 ἀρχιερέως
1626 859 1714 896 ἐμψύ-

924 917 972 944 χου
984 909 1071 942 Λόγου
1085 909 1133 935 καὶ
1144 907 1210 934 Θεοῦ
1222 917 1228 923 ·
1239 907 1391 942 δεησόμεθα
1408 907 1436 933 δὲ
1450 907 1497 933 καὶ
1510 906 1592 933 αὐτοῦ
1601 906 1647 933 τοῦ
1662 907 1714 933 A6-

926 963 987 989 γον,
1006 955 1054 982 καὶ⁵
1065 954 1246 990 ἐντευξόμεθα
1263 954 1338 989 αὐτῷ
1354 954 1400 980 καὶ
1410 954 1653 990 εὐχαριστήσομεν,
1666 954 1715 980 καὶ

924 1001 1132 1037 προσευξόμεθα
1147 1002 1186 1033 δὲ,
1196 1001 1243 1028 ἐὰν
1256 1000 1398 1035 δυνώμεθα
1411 999 1574 1027 κατακούειν
1587 1000 1636 1035 τῆς
1649 999 1713 1035 περὶ

923 1049 1078 1084 προσευχῆς
1088 1048 1258 1084 κυριολεξίας
1269 1047 1316 1074 καὶ
1324 1047 1518 1082 καταχρήσεως
1534 1046 1602 1080 (55).
1614 1045 1711 1073 Eadem

921 1096 1046 1122 cautione
1063 1094 1175 1126 cultum,
1192 1098 1220 1120 et
1245 1100 1339 1126 preces
1362 1093 1416 1119 Deo
1428 1091 1500 1118 Patri
1516 1090 1679 1122 olierendas,
1695 1098 1710 1117 θ

921 1140 1046 1175 precibus
1072 1139 1140 1166 Filio
1156 1139 1306 1174 ailegandis
1322 1139 1440 1165 discerni
1459 1137 1548 1171 jubet,
1564 1141 1618 1164 eta
1634 1135 1710 1164 cultu

921 1186 1022 1220 angelis
1040 1185 1205 1212 exhibendo.
1228 1184 1310 1218 Atqui
1330 1184 1427 1211 Filium
1453 1184 1528 1210 orari
1558 1183 1710 1216 concedit,

920 1232 1002 1258 modo
1013 1235 1140 1266 tauquam
1163 1231 1288 1266 μεσίτης,
1301 1234 1328 1257 et
1343 1229 1463 1256 inferiori
1481 1220 1709 1263 precationis-ge-

921 1285 985 1305 nere
997 1278 1138 1305 invocetur
1150 1285 1181 1304 ac
1199 1277 1294 1310 Pater;
1309 1276 1366 1302 haec
1381 1276 1453 1302 enim
1470 1275 1521 1302 fuit
1535 1275 1619 1310 ipsius
1633 1276 1710 1302 insa-

920 1323 984 1350 nia:
1003 1322 1074 1349 idem
1098 1323 1180 1357 igitur
1199 1322 1232 1348 de
1245 1322 1372 1356 precibus
1388 1327 1414 1348 et
1427 1321 1501 1348 cultu
1516 1321 1620 1356 angelis
1632 1322 1711 1349 exiti-

920 1367 1009 1395 bendo
1035 1368 1156 1395 sensisse
1180 1368 1267 1402 ipsum
1284 1367 1500 1394 concludendum
1528 1373 1581 1395 est.
1599 1367 1634 1394 At
1650 1368 1711 1395 sine

920 1415 1034 1448 ambage
1046 1413 1169 1448 angelum
1179 1420 1259 1447 prece
1273 1417 1418 1440 veneratur
1427 1413 1542 1441 homil.l
1555 1414 1583 1441 in
1597 1412 1709 1447 Euch.,

920 1467 994 1487 num.
1011 1459 1026 1485 7
1043 1468 1050 1486 :
1066 1468 1076 1484 ι
1098 1459 1206 1492 Omnia,
1222 1459 1321 1494 inquit,
1331 1461 1434 1494 angelis
1447 1459 1525 1495 plena
1540 1465 1616 1490 sunt.
1631 1460 1709 1492 Veni,

71 1501 159 1532 Θεοῦ,
174 1505 201 1528 at
217 1506 307 1529 certos
321 1503 453 1536 quosdam
469 1503 502 1529 iis
517 1503 639 1531 exhiberi
654 1504 754 1536 cultus,
766 1509 868 1532 certas-
880 1517 902 1545 ο
920 1505 1033 1540 angele:
1049 1505 1157 1541 suscipe
1173 1513 1299 1534 sermone
1319 1513 1480 1533 conversum
1497 1506 1531 1532 ab
1543 1513 1637 1533 errore
1654 1506 1711 1540 pri-

71 1555 130 1582 que
145 1547 403 1582 fundiprccationes
416 1549 560 1583 permittit,
569 1554 675 1576 natura:
687 1557 780 1577 eorum
790 1559 868 1578 crea-

71 1597 108 1619 Ize
119 1593 324 1624 convenientes,
337 1598 365 1620 et
388 1593 486 1621 diversi
503 1601 518 1620 a
533 1594 722 1628 superioribus
735 1596 844 1628 generis
856 1604 864 1622 :

72 1638 264 1674 Εὑφημοῦμεν
277 1639 387 1671 αὐτοὺς,
407 1640 494 1674 inquit
524 1639 571 1667 lib.
594 1648 642 1667 vm
671 1646 764 1667 contra
777 1640 866 1674 Cela,

71 1694 152 1712 num.
172 1685 218 1717 57,
233 1692 294 1719 pag.
311 1685 372 1717 785,
382 1686 437 1712 οιαὶ
449 1685 638 1722 μακαρίζομεν
649 1686 867 1723 ἐγχειρισθέντας

71 1731 128 1761 ὑπὸ
150 1730 199 1757 τοῦ
218 1730 284 1757 Θεοῦ
303 1730 336 1757 τὰ
357 1731 480 1767 χρήσιμα
499 1731 619 1766 τῷγένει
637 1732 734 1767 ήμῶνθ
757 1733 787 1759 οὐ
813 1733 866 1768 μὴν

70 1776 123 1811 τὴν
136 1776 315 1811 ὀφειλομένην
337 1776 406 1812 πρὸς
418 1776 485 1803 Θεὸν
507 1777 591 1813 τιμὴν
609 1777 714 1808 τούτοις
730 1777 865 1812 ἀπονέμο-

72 1831 135 1858 μεν.
151 1821 211 1848 Non
224 1822 409 1856 precationem
423 1830 500 1857 ergo,
514 1823 561 1849 sed
578 1823 742 1857 precationis
756 1825 864 1851 iiiodum

71 1870 197 1894 damnat.
217 1866 302 1901 Hujus
315 1867 494 1902 expositionis
510 1868 566 1902 ipse
579 1868 615 1894 sit
634 1868 787 1902 lidejussor,
799 1876 863 1904 ope-

72 1913 112 1939 ris
129 1912 250 1947 ejusdem
262 1919 353 1940 contra
367 1913 471 1940 Celsum
485 1913 531 1940 lib.
549 1921 609 1944 vtn,
621 1922 695 1940 num.
711 1914 755 1946 15,
771 1915 796 1941 in
811 1922 866 1948 quo

70 1957 155 1984 Celso
171 1959 350 1993 respondens,
375 1959 420 1994 qtti
438 1960 509 1993 quod
527 1959 573 1986 Dei
595 1959 692 1986 Filium
717 1959 863 1988 Christiani

70 2004 209 2036 colerent,
221 2005 349 2032 colendos
362 2005 396 2032 iis
409 2013 517 2040 quoque
533 2005 673 2033 ministros
687 2006 746 2041 ejus
762 2007 864 2034 da‘mo-

70 2058 122 2076 nos
140 2050 280 2081 nimirum.
295 2051 423 2078 censebat
439 2060 445 2077 :
472 2051 503 2078 Εἰ
521 2051 569 2085 μὲν
582 2049 639 2090 061‘,
665 2051 751 2086 inquit
764 2072 772 2084 ,
795 2053 864 2080 ἐνόει

68 2097 136 2129 τοὺς
153 2096 261 2131 ἀληθῶς
279 2098 416 2133 ὑπηρέτας
427 2098 474 2124 τοῦ
489 2097 557 2124 θεοῦ
577 2097 645 2132 μετὰ
670 2097 715 2124 τὸν
733 2099 863 2136 μονογενῆ

69 2143 119 2170 τοῦ
133 2142 213 2174 Θεοῦ,
236 2143 283 2169 τὸν
310 2143 438 2179 Γαϐριὴλ,
454 2145 501 2171 καὶ
524 2145 568 2171 τὸν
586 2145 706 2182 Μιχαὴλ,
731 2147 778 2173 καὶ
801 2147 864 2177 τοὺς

69 2189 184 2220 λοιποὺς
198 2190 328 2223 ἀγγέλους
342 2210 349 2222 ,
375 2191 571 2226 ἁρχαγγέλους,
588 2193 634 2218 καὶ
653 2192 766 2224 τούτους
786 2193 862 2227 ἔλεγε

67 2236 127 2262 δεῖν
144 2235 354 2271 θεραπεύεσθαι,
371 2237 436 2268 ἴσως
454 2237 487 2264 ἂν
504 2237 534 2264 τὸ
551 2239 615 2273 περὶ
634 2238 682 2264 τοῦ
701 2239 862 2274 θεραπεύειν

68 2281 156 2309 αὑτοῦ
172 2283 371 2318 σημαινόμενον
388 2283 602 2319 ἐκκαθήραντες,
619 2285 666 2312 καὶ
684 2286 737 2313 τῶν
751 2286 798 2313 τοῦ
820 2286 863 2312 θε-

70 2328 239 2364 ραπεύοντος
255 2329 383 2364 πράξεων
394 2349 401 2359 ,
425 2330 538 2365 εἴπομεν
553 2330 586 2357 ἂν
607 2333 646 2363 εἰς
658 2332 703 2358 τὸν
718 2333 809 2363 τόπον,
825 2333 862 2365 ὡς

69 2375 138 2410 περὶ
150 2374 316 2410 τηλικούτων
328 2375 524 2410 διαλεγόμενοι,
543 2377 615 2412 ἆπερ
627 2378 784 2416 ἐχωροῦμεν
799 2380 862 2414 περὶ

68 2420 164 2448 αὐτῶν
177 2422 283 2457 νοῆσαι.
299 2421 358 2448 Vim
373 2422 424 2448 loci
445 2423 524 2457 hujus
548 2423 674 2458 frangere
694 2426 785 2452 conati
800 2431 863 2453 sunt

69 2466 230 2492 lteterotloxi
240 2466 349 2500 quidam
359 2473 507 2498 nostrates,
521 2469 568 2495 sed
587 2468 694 2496 ellicere
711 2476 861 2498 tamennon

68 2516 238 2546 potuerunt,
255 2513 321 2547 quin
346 2513 453 2548 aliquod
481 2513 630 2550 θεραπείας
645 2523 729 2550 genus
758 2518 861 2552 angelis

70 2558 242 2585 concessisse
261 2558 405 2593 Origenem
427 2567 459 2586 ex
477 2560 518 2587 his
531 2562 615 2595 ipsius
634 2563 726 2589 verbis
743 2563 860 2591 mani-fe-

69 2609 145 2630 stum
158 2604 210 2637 sit;
224 2611 256 2631 co
265 2612 361 2639 nempe
372 2605 522 2643 Θεραπείας
536 2614 635 2641 genere
652 2608 778 2642 inferius,
790 2611 860 2644 qttod

72 2651 129 2677 Deo
142 2649 192 2677 soli
210 2650 393 2678 exhibendum
407 2657 458 2679 est.
468 2652 580 2680 Frustra
592 2659 681 2681 autem
693 2657 861 2686 contendunt

106 2728 165 2761 (55)
185 2729 285 2756 Eadem
303 2730 426 2757 cautione
439 2731 538 2758 rulutm
561 2738 584 2758 cl
601 2741 689 2765 preces
718 2734 771 2762 [leo
788 2735 863 2763 Patri

69 2764 230 2803 o/ferett‘dus,
245 2773 261 2803 ᾳ
272 2767 390 2803 precibus
405 2765 475 2792 Filio
495 2768 640 2801 nllegaurlt's
652 2769 765 2796 discerni
778 2771 860 2803 jubet,

70 2807 124 2825 ι-ιε.
144 2798 211 2836 Vide
225 2801 431 2827 observationes
449 2798 556 2828 nostras
570 2804 594 2828 in
611 2810 706 2836 qua-st.
726 2805 753 2834 ‘2,
778 2798 857 2833 imm:

72 2836 116 2866 ιιι,
130 2837 163 2862 ad
177 2835 233 2862 inec
245 2835 324 2864 verba
340 2845 345 2867 ς
362 2844 371 2859 ι
391 2838 454 2872 Quae
470 2837 577 2874 quidem
592 2838 707 2867 absurda
719 2846 758 2867 cst
771 2846 797 2869 et
814 2850 854 2871 se.

919 1553 1002 1583 stino,
1021 1559 1036 1578 a
1057 1552 1179 1580 doctrina
1197 1553 1405 1585 dzemouiorum,
1419 1551 1454 1578 ab
1470 1551 1614 1586 iniquitate
1627 1551 1654 1578 in
1667 1551 1708 1577 al-

919 1604 975 1626 tunt
989 1599 1114 1634 loquente
1131 1607 1137 1625 :
1157 1599 1308 1633 suscipiens
1316 1605 1378 1625 eum
1391 1598 1470 1632 quasi
1484 1597 1605 1624 medicus
1620 1597 1710 1624 bonus

918 1647 1032 1674 confore
1044 1652 1125 1681 atque
1139 1647 1251 1673 institue
1264 1654 1272 1677 ;
1289 1645 1419 1678 parvulus
1433 1648 1486 1674 est,
1504 1643 1584 1670 hodie
1614 1643 1709 1670 nasci-

919 1697 963 1719 tur
973 1700 1054 1720 senex
1075 1698 1272 1725 repueraseens
1287 1699 1294 1717 :
1309 1696 1336 1717 et
1357 1690 1465 1724 suscipe
1481 1689 1604 1716 tribuens
1619 1689 1644 1716 ei
1660 1689 1710 1716 ba-

920 1739 1049 1773 ptismum
1059 1738 1184 1765 secundte
1194 1736 1416 1771 regenerationis,
1429 1741 1456 1763 et
1467 1735 1569 1763 advoca
1582 1735 1629 1762 tibi
1640 1735 1710 1763 alios

917 1785 1005 1812 socios
1029 1784 1173 1811 ministerii
1189 1785 1241 1816 ttti,
1265 1789 1294 1809 ut.
1309 1784 1401 1810 cuncti
1418 1783 1520 1818 pariter
1534 1789 1582 1808 eos
1597 1781 1642 1816 qui
1657 1781 1708 1808 ali-

917 1831 1026 1865 quando
1054 1830 1158 1864 decepti
1190 1834 1266 1861 sttnl,
1294 1829 1428 1856 erudiatis
1446 1828 1480 1855 ad
1507 1828 1595 1855 iidem.
1615 1837 1626 1853 ι
1642 1827 1708 1860 Quae

916 1877 1039 1911 quamvis
1054 1875 1110 1903 sole
1126 1876 1182 1910 ipso
1198 1875 1315 1902 clariora
1333 1875 1397 1904 sint.
1411 1874 1544 1901 adversus
1562 1879 1594 1900 ea
1613 1877 1706 1900 tamen

916 1922 1092 1958 pra-scribere
1105 1929 1158 1949 non
1175 1922 1335 1948 dubitarunt
1353 1921 1436 1948 iidem
1454 1920 1500 1955 qui
1526 1927 1608 1954 supra
1631 1919 1708 1946 hete-

917 1969 1022 2002 rodoxi,
1039 1973 1067 1996 et
1085 1968 1231 1995 testimonii
1246 1968 1421 2001 gravitatem,
1437 1973 1490 2000 qua
1508 1972 1538 1993 se
1554 1964 1632 1992 obrui
1644 1972 1706 1991 scn-

917 2014 1029 2043 tiebant.
1048 2013 1147 2047 duplici
1163 2013 1340 2047 responsione
1354 2012 1478 2044 elevare;
1496 2011 1583 2046 prima
1595 2010 1705 2044 quidem

916 2060 978 2092 hac,
991 2067 1044 2086 non
1057 2059 1182 2094 religiosa
1198 2059 1253 2086 illic
1264 2059 1391 2093 angelum
1408 2058 1564 2092 precatione
1574 2056 1705 2087 invocari.

915 2105 962 2132 scd
977 2105 1113 2132 rhetorica
1134 2105 1267 2132 duntaxat
1283 2104 1448 2139 apostropha
1461 2102 1607 2138 appellari;
1620 2101 1705 2128 altera

917 2151 979 2182 ista,
997 2151 1119 2184 spnrintn
1134 2158 1196 2178 esse
1222 2151 1293 2178 hunc
1310 2150 1409 2182 locum,
1426 2154 1454 2176 et
1476 2148 1599 2175 adultera
1625 2155 1705 2174 manu

917 2196 1064 2223 insertum:
1079 2203 1138 2231 quae
1152 2196 1236 2231 gratis
1248 2196 1331 2228 dicta,
1345 2200 1373 2223 et
1389 2195 1483 2222 solidis
1495 2193 1576 2221 nullis
1593 2194 1705 2228 probata

916 2242 1081 2275 argumentis
1090 2243 1175 2276 gratis
1184 2242 1276 2276 negari
1293 2247 1416 2276 possunt.
1426 2241 1523 2268 Fateor
1534 2239 1706 2274 apostrophis

916 2288 1062 2324 aliquando
1089 2288 1184 2316 Patres
1210 2289 1268 2322 uti;
1294 2288 1458 2323 apostropha
1485 2288 1530 2315 hic
1546 2295 1625 2314 usum
1645 2294 1709 2315 esse

916 2334 1073 2369 Origenem,
1090 2335 1116 2362 id
1131 2343 1197 2362 vero
1217 2342 1346 2369 peri-ego.
1368 2334 1504 2367 Profecto,
1519 2335 1541 2361 si
1558 2335 1606 2362 cui
1620 2335 1706 2361 lia-re-

917 2381 969 2408 lico
985 2381 1166 2408 invocandum
1185 2381 1314 2415 Spiritum
1344 2387 1468 2408 sanctum
1496 2381 1577 2408 hodie
1594 2380 1704 2415 neganti

916 2427 1069 2455 testimonia
1086 2427 1196 2454 Patrum
1211 2435 1271 2454 eum
1288 2428 1473 2455 invocantium
1484 2427 1666 2462 objiciautur;
1682 2427 1707 2453 is

915 2480 980 2500 vero
994 2473 1174 2508 apostrophas
1186 2473 1236 2500 has
1255 2481 1316 2501 esse
1341 2475 1513 2508 respondeat,
1533 2480 1631 2507 magna
1644 2481 1706 2500 esse

915 2519 1023 2546 dicetur
1036 2520 1221 2554 respOusionis
1236 2521 1316 2555 hujus
1332 2520 1455 2548 l‘utilitas.
1475 2520 1528 2547 Nec
1540 2520 1625 2546 altera
1640 2527 1706 2546 vcm

915 2565 1145 2593 feliciorzcrzcca
1169 2567 1286 2595 humilia;
1308 2567 1387 2601 hujus
1414 2566 1579 2599 exemplaria
1596 2565 1706 2592 deside-

915 2613 969 2639 rari
985 2613 1060 2639 aiunt
1073 2622 1080 2644 ;
1096 2613 1249 2640 elaboratas
1265 2621 1329 2640 vero
1344 2620 1403 2640 esse
1417 2620 1431 2639 τι
1454 2611 1550 2638 [lulin
1565 2616 1591 2638 et
1606 2610 1704 2636 lliero~

914 2666 996 2694 nymo
1011 2660 1258 2695 interpretationes,
1273 2667 1387 2694 quorum
1400 2660 1436 2688 sit
1449 2659 1515 2686 levis
1527 2659 1552 2685 in
1568 2659 1703 2692 interpre-

916 2747 976 2766 cmn
991 2747 1114 2774 pugnans
1128 2739 1299 2774 conquestio.
1319 2748 1328 2765 ι
1347 2738 1413 2765 Vide
1441 2742 1467 2764 et
1490 2737 1594 2774 Bellum
1609 2737 1636 2763 in
1651 2736 1704 2764 Βε-

915 2773 1061 2836 [mnf/ilict"
1090 2773 1206 2801 Νἱτηπιιιιτ
1218 2794 1224 2806 ,
1241 2775 1274 2801 de
1292 2775 1350 2801 Filii
1370 2774 1409 2809 τῷ
1425 2773 1570 2813 ὀμοονπίῳ,
1587 2780 1647 2810 ιειι).
1677 2773 1704 2806 υ,

915 2817 990 2836 num.
1027 2820 1053 2836 ι),

915 2817 990 2836 ιιυιιι.
1013 2817 1053 2836 li).
