1904 3077
214 133 262 162 891

846 132 877 160 P.
897 132 1057 160 DANIELIS
1076 131 1194 160 lIUE'l‘ll

1782 130 1828 158 892

216 191 298 218 tando
329 190 410 223 lides;
438 189 630 224 apostropham
652 187 768 223 denique
796 187 868 216 illam
898 196 958 216 esse
984 197 998 215 a
1014 191 1037 219 Α
1052 188 1193 223 ιπτειοηιιίι
1207 188 1248 215 vir
1260 187 1377 223 alioquin
1393 187 1499 215 eximite
1513 187 1674 215 eruditionis
1685 187 1827 216 GerJoan.

215 236 285 272 stylo
297 236 420 270 Origenis
431 235 555 262 alienant.
573 234 682 262 Certum
696 239 736 261 est
745 235 915 261 homiliarum
930 235 995 261 ista-

216 291 276 309 rum
295 283 323 308 in
338 282 501 308 Ezechielem
519 281 696 315 interpretem
713 287 774 307 esse
791 280 996 315 Hieronymum;

213 336 293 363 quem
308 327 331 354 si
349 327 495 353 fateremur
511 326 568 353 haec
581 327 613 353 de
627 334 676 353 suo
695 326 823 358 assuisse,
855 326 933 353 fateri
950 333 997 352 co-

214 374 342 403 gerentur
356 369 448 402 utique
468 369 628 401 adversarii,
646 370 668 396 si
690 370 779 397 minus
791 369 948 404 Origcnem,
970 375 998 396 at

213 420 288 442 certe
303 413 499 448 Hieronymum
521 414 677 446 angelorum
695 414 893 442 invocationem
907 423 998 442 exem-

213 461 256 495 plo
269 467 318 487 suo
336 459 537 494 comprobasse.
555 462 588 486 AI.
616 468 681 487 sane
703 467 735 487 ea
753 460 913 495 exceptione
930 468 997 495 opus

213 514 264 532 non
281 510 331 533 est.
354 505 432 540 Szepe
447 513 477 532 se
491 506 530 533 ait
554 505 744 541 Hieronymus,
763 511 790 533 et
807 514 858 533 nos
873 506 936 534 alibi
951 508 998 534 do-

212 552 329 583 cuimus,
342 552 488 578 verborum
515 559 656 579 numerum
676 552 701 578 in
718 552 924 586 interpretando
944 561 997 580 non

214 595 374 627 reddidisse,
393 596 543 622 sententias
559 595 691 622 duntaxat
709 595 872 630 appendisse
887 605 893 623 :
914 596 996 623 verba

214 640 377 675 neglexisse,
397 647 494 666 sensus
511 639 626 666 ﬁdeliter
649 640 805 667 retinuisse.
819 640 920 668 Demus
944 641 997 667 ita-

214 691 266 718 que
277 684 335 712 llth
348 684 497 717 αὑτολεξεὶ,
510 685 532 712 si
548 684 625 717 forte,
645 685 670 712 in
681 685 782 712 Graecis
799 686 834 713 ita
850 693 903 713 non
915 686 999 713 exsti-

216 731 296 763 tisse;
312 731 376 757 dent
390 731 468 758 modo
484 730 632 758 adversarii
649 731 814 758 sententiam
827 732 926 766 ipsam,
944 739 998 766 qua

215 776 302 811 angeli
319 777 475 804 continetur
486 777 633 810 invocatio,
647 777 718 804 nulla
732 782 808 812 parte
824 777 906 804 fuisse
920 777 998 804 vitia-

215 826 282 848 tam.
298 822 376 855 Qnod
385 822 486 850 addunt
499 827 589 850 autem
605 823 779 858 apostropbis
790 823 942 856 bujusmodi
959 824 997 850 uti

1051 234 1160 261 Vossius
1179 233 1226 260 lib.
1245 241 1252 260 l
1271 233 1310 260 De
1331 233 1398 267 orig.
1420 233 1497 266 ido!.,
1517 241 1576 268 cap.
1594 234 1620 260 9.
1640 232 1732 261 Porro
1755 240 1827 267 quam

1048 281 1139 316 priore
1155 281 1214 307 loco
1228 281 1401 307 adhibuimus
1425 281 1638 315 responsionem,
1664 287 1727 307 eam
1750 279 1827 314 ipsam

1048 333 1179 361 usurpare
1200 325 1256 353 fere
1277 326 1340 352 licet
1362 327 1492 352 adversus
1508 325 1565 352 loca
1586 326 1675 360 aliqua
1700 325 1828 360 Origeuis,

1048 372 1216 406 aliorumque
1228 371 1352 403 Patrum,
1373 372 1471 406 quibus
1496 372 1550 400 Deo
1564 371 1624 404 soli,
1645 379 1698 398 nec
1712 372 1829 406 cuiquam

1049 423 1180 452 praeterea
1196 418 1283 444 cultus
1304 425 1334 444 ac
1350 418 1417 444 ﬁdes
1433 418 1575 444 tribuenda
1590 417 1794 452 pronuntiatur,
1808 422 1831 444 et

1049 463 1148 496 quibus
1162 469 1297 497 receptam
1316 470 1330 489 a
1345 462 1493 490 Catltolicis
1516 463 1672 498 angelorum
1689 463 1830 490 invocatio-

1051 516 1122 541 nem,
1138 513 1165 535 et
1182 509 1215 535 ad
1231 516 1326 543 preces
1344 514 1452 536 nostras
1468 508 1522 536 Deo
1537 508 1692 536 oﬂ'erendas
1703 508 1831 542 allegatio-

1049 561 1110 580 nem
1131 552 1290 587 impugnare
1306 554 1415 580 student
1431 554 1578 581 adversarii
1599 562 1607 581 :
1624 553 1699 580 inter
1716 561 1783 587 quos
1796 558 1831 580 ta-

1049 607 1110 627 men
1127 599 1263 631 nonnulli,
1279 600 1330 626 viri
1344 600 1452 627 candidi
1468 605 1496 626 et
1509 600 1618 632 eruditi,
1635 601 1754 626 veritate
1768 601 1833 635 quip-

1049 653 1083 680 pe
1109 645 1186 678 victi,
1215 645 1372 680 angelorum
1400 646 1623 673 intercessionem
1656 650 1687 673 et
1713 645 1831 680 postulari

1049 698 1138 726 posse,
1152 695 1180 718 et
1196 690 1335 725 impetrari
1350 691 1478 718 fatentur.

1085 736 1220 764 XXXVII.
1238 738 1402 764 Accusatum
1420 737 1484 764 olim
1503 737 1572 765 falso
1590 737 1740 772 Origenem
1761 736 1834 764 refert

1049 790 1200 818 anonymus
1214 783 1284 816 apud
1299 782 1425 809 Pbotium
1439 782 1591 814 cod.cxvn,
1607 789 1671 809 cum
1688 781 1780 809 multis
1793 790 1835 808 no-

1050 829 1179 862 minibus,
1201 833 1256 855 tum
1282 828 1382 856 idcirco
1397 829 1466 862 quod
1484 828 1672 860 allirtnaverit,
1691 827 1735 854 ὅτι
1751 827 1784 855 τὰ
1794 836 1834 863 χε-

215 868 357 903 Origenem
374 875 427 894 non
457 868 564 901 solere;
594 869 618 895 id
635 869 743 903 quidem
760 870 787 896 in
812 870 891 897 tomis
906 878 998 897 verum

1054 875 1153 910 ρουϐὶμ
1171 875 1288 901 ἐπίνοιαι
1302 874 1349 901 τοῦ
1365 873 1430 900 Υἱοῦ
1447 874 1516 901 εἰσιν
1526 882 1533 888 ·
1551 882 1560 899 ‹
1572 873 1756 900 Cberubimos
1771 874 1834 907 cogi-

215 922 276 941 esse
286 915 470 947 concedimus,
489 915 515 941 in
531 915 647 942 homiliis
664 923 717 942 non
735 916 810 948 item,
827 924 887 951 qum
905 916 998 950 hujus-

216 961 288 987 modi
301 960 445 996 pigmentis
458 965 485 988 et
498 961 591 996 figuris
602 962 623 988 si
636 969 687 988 non
702 962 824 995 refertae,
849 971 880 989 ac
892 963 999 997 penitus

215 1011 288 1034 certe
301 1013 391 1033 vacme
406 1013 459 1032 non
473 1012 546 1033 sunt.
562 1007 657 1034 Audivi
669 1008 799 1042 quosdam
816 1012 947 1042 praeterea
961 1016 995 1035 ex

215 1052 308 1079 eadem
323 1056 410 1084 secta,
421 1052 510 1087 angeli
525 1053 633 1080 nomine
643 1059 764 1080 notatum
783 1053 826 1081 hic
841 1055 997 1088 episcopum

215 1102 392 1131 asserentes,
410 1098 641 1132 quemadmodum
667 1098 866 1134 Apocalypseos
893 1107 954 1134 cap.
979 1107 999 1126 ll

215 1147 244 1170 et
266 1151 297 1171 ιιι
315 1143 409 1170 cadent
437 1143 595 1178 angelorum
612 1144 792 1178 appellatione
818 1144 999 1172 Asiaticarum

215 1189 400 1218 Ecclesiarum
426 1190 544 1224 episcopi
577 1189 776 1224 signiﬁcantur;
805 1190 923 1217 Puderet
941 1190 1000 1218 illos

215 1243 270 1263 sum
281 1236 465 1271 responsionis
476 1236 498 1262 si
510 1235 592 1262 totius
608 1236 658 1263 loci
667 1236 860 1263 coluerentiam
872 1238 1001 1264 attentius

217 1281 428 1316 perspicerent,
451 1281 478 1308 in
503 1289 556 1315 quo
588 1281 744 1308 tutelarium
769 1282 947 1317 angelorum,
968 1283 1001 1309 ad

215 1328 369 1362 exemplum
393 1327 504 1360 Christi,
521 1332 550 1354 ut
567 1328 618 1354 sibi
639 1328 746 1362 quidem
763 1328 881 1362 ﬁngebat
905 1328 1000 1363 Orige-

217 1381 275 1406 nes,
292 1374 324 1400 de
336 1373 406 1401 ctelo
419 1373 651 1405 descendentium,
664 1379 691 1400 et
709 1374 833 1400 humanae
847 1374 942 1401 salutis
955 1382 1002 1402 cu-

216 1426 274 1446 ram
285 1418 489 1454 suscipientium
504 1418 645 1445 manifesta
658 1419 771 1445 habetur
787 1418 898 1445 mentio.
916 1419 1002 1446 Verba

217 1465 275 1492 haec
291 1469 354 1491 sunt
370 1473 377 1492 :
392 1473 403 1490 ε
414 1465 471 1491 Non
483 1463 579 1491 suﬁicit
591 1471 672 1490 unum
690 1463 787 1490 cazlum
805 1465 902 1498 aperiri
917 1473 924 1491 :
939 1471 1003 1498 ape-

218 1512 325 1538 riuntur
341 1511 461 1545 plurimi,
475 1515 504 1537 ut
519 1510 685 1537 descendant
707 1518 759 1537 non
776 1511 810 1537 ab
826 1519 890 1543 uno,
911 1512 956 1538 sed
969 1513 1002 1539 ab

216 1557 342 1584 omnibus
355 1558 432 1588 ctelis
449 1557 535 1591 angeli
551 1559 584 1584 ad
599 1564 646 1583 eos
657 1556 703 1591 qui
718 1556 837 1583 salvaudi
851 1561 915 1584 sunt
933 1566 940 1584 :
956 1565 1003 1584 an-
1016 1549 1038 1577 (ἶ

217 1603 269 1637 geli
280 1603 325 1637 qui
350 1603 533 1631 ascendebant
549 1608 577 1630 et
589 1597 788 1630 descendebant
810 1611 891 1638 super
907 1604 1003 1632 Filium

217 1649 343 1682 hominis,
360 1655 388 1677 et
402 1655 575 1677 accesserunt
588 1650 621 1676 ad
632 1657 703 1681 eum,
721 1654 749 1676 et
763 1649 950 1677 ministrabant
967 1651 1002 1678 ei.

217 1695 420 1722 Descenderuut
439 1701 529 1722 autem
545 1695 644 1729 angeli,
660 1696 723 1729 quia
737 1696 812 1730 prior
829 1696 1005 1724 descenderat

216 1740 353 1774 Christus,
371 1747 522 1769 metuentes
539 1741 712 1774 descendere,
734 1741 890 1776 priusquam
915 1742 1006 1769 Domi-

218 1795 267 1813 nus
279 1787 407 1814 virtntum
424 1788 556 1818 omnium,
572 1794 715 1821 rerumque
731 1788 899 1822 prtecipcrct.
915 1789 1005 1821 Quan-

218 1833 252 1859 do
274 1838 363 1860 autem
387 1834 513 1860 viderunt
536 1833 689 1868 Principem
712 1834 814 1861 militiae
835 1835 953 1862 cmlestis
977 1835 1004 1862 in

218 1879 393 1906 terrestribus
426 1879 491 1906 locis
519 1879 691 1911 commorari,
720 1885 783 1907 tunc
809 1888 856 1915 per
883 1885 1004 1915 apertam

218 1925 289 1950 viam
311 1924 423 1959 ingressi
448 1929 512 1952 sunt
536 1929 679 1959 sequentes
698 1925 839 1953 Dominum
859 1934 949 1959 suum,
979 1932 1006 1954 et

218 1975 343 2005 parentes
358 1971 488 1997 voluntati
506 1971 575 2005 ejus,
596 1971 642 2005 qui
660 1971 799 1999 distribuit
817 1979 863 2000 eos
880 1974 1006 2000 custodes

217 2015 386 2043 credentium
403 2015 502 2042 nomini
515 2022 574 2042 suo.
593 2015 632 2042 Tu
648 2015 706 2043 heri
726 2016 776 2043 sub
790 2017 921 2044 daunonio
932 2024 1004 2050 eras,

219 2062 298 2089 hodie
311 2062 361 2089 sub
376 2061 482 2097 angelo.
496 2071 505 2087 ι
525 2061 626 2089 Deinde
641 2070 647 2088 :
664 2071 672 2086 ι
686 2060 827 2089 Multitudo
837 2063 939 2090 militiae.
951 2069 1007 2090 cte-

220 2108 295 2135 lestis
324 2111 384 2135 erat
415 2108 583 2135 laudantium
613 2113 641 2136 et
670 2109 876 2144 gloriﬁcantium
903 2108 1004 2141 Deum;

219 2153 325 2187 quando
351 2157 429 2180 natus
448 2158 489 2180 est
514 2153 648 2181 Christus.
678 2153 774 2181 Omnia
801 2153 905 2187 angelis
927 2154 1005 2188 plena

219 2203 291 2226 sunt.
308 2198 392 2231 Veni,
416 2199 518 2234 angele,
535 2200 642 2234 suscipe
653 2206 776 2226 sermone
797 2206 955 2227 conversum
972 2199 1006 2226 ab

219 2251 313 2271 errore
322 2245 449 2278 pristino.
463 2254 472 2270 ι
490 2245 583 2272 Robur
598 2245 639 2272 his
650 2244 757 2271 additur
769 2251 802 2271 ex
819 2244 869 2271 boc
884 2244 1006 2272 testimo-

221 2289 266 2316 nio
282 2289 373 2316 homil.
393 2289 428 2316 25
443 2291 470 2317 in
483 2290 547 2319 Luc.
566 2299 576 2318 :
594 2301 603 2317 ι
616 2291 670 2325 Ego
684 2298 737 2318 non
753 2291 860 2325 ambigo
871 2295 897 2317 et
912 2291 938 2318 in
952 2298 1006 2318 (ωε

221 2341 248 2362 ιιι
262 2340 354 2363 nostro
365 2336 458 2364 adesse
467 2337 584 2372 angelos,
599 2345 651 2365 non
664 2338 749 2366 solum
762 2337 922 2372 generaliter
932 2337 1005 2364 omni

222 2381 360 2414 Ecclesiae,
377 2382 424 2409 sed
443 2383 523 2410 etiam
539 2383 696 2418 sigillatim;
715 2384 748 2410 de
764 2384 861 2417 quibus
881 2382 1006 2410 Salvator

222 2427 259 2454 ait
273 2436 280 2454 :
296 2427 389 2462 Ληρειί
403 2435 493 2455 eorum
508 2436 608 2463 semper
626 2430 713 2456 vident
732 2429 826 2462 [aciem
850 2428 940 2455 Putria
956 2429 1006 2455 mei

220 2472 266 2507 qui
279 2472 307 2499 in
324 2473 396 2500 calix
415 2478 452 2500 eu
464 2473 497 2502 δ’.
516 2473 617 2509 Duplex
634 2474 677 2501 hic
699 2474 777 2500 adest
795 2473 924 2506 Ecclesia,
951 2481 1004 2500 uua

222 2518 373 2551 Matinum,
386 2518 471 2546 altera
486 2520 653 2554 angelorum.
667 2519 696 2548 Si
705 2519 770 2554 quid
781 2519 859 2554 juxta
872 2519 1003 2546 rationem

221 2568 249 2591 et
261 2563 338 2599 juxta
354 2564 556 2600 Scripturarum
570 2565 685 2592 dicimus
694 2564 869 2595 voluntatem,
883 2563 1007 2590 laetantur

223 2609 320 2644 angeli,
339 2614 367 2636 et
382 2616 462 2637 orant
477 2610 626 2638 nobiscmu.
643 2620 652 2636 ι
667 2611 761 2644 itaque
781 2609 952 2644 perspicuum
967 2613 1008 2636 est

224 2663 275 2682 non
289 2655 444 2690 episcopum
457 2656 643 2689 interpellasse
656 2655 799 2690 Origenem
818 2655 843 2680 in
859 2655 948 2687 priore
962 2654 1007 2680 illo

226 2701 295 2733 loco,
311 2702 358 2728 sed
375 2704 498 2734 angclum
515 2703 664 2728 invocasse.
682 2700 819 2727 lucassmn
836 2707 900 2735 ergo
915 2699 947 2726 ad
959 2706 1008 2726 an-

226 2746 346 2781 gelorum
361 2747 556 2781 repudiandum
565 2747 665 2774 cultum
679 2746 803 2782 Origeuis
817 2745 1005 2773 auctoritatem

264 2845 286 2862 “’
302 2845 394 2875 Matth,
415 2853 489 2880 mu,
507 2845 548 2874 l0.

1050 920 1166 947 taliones
1177 919 1236 946 Filii
1247 927 1316 946 esse.
1331 928 1339 945 I
1355 918 1465 946 Crimen
1480 919 1551 945 istud
1568 917 1710 953 quomodo
1725 918 1759 945 ab
1774 918 1834 944 Ada-

1049 965 1152 992 mantio
1165 964 1295 998 depulerit
1307 971 1457 999 anonymus
1469 963 1529 993 iste,
1543 963 1670 997 equidem
1685 962 1794 995 nescio;
1807 969 1834 988 ex

1049 1010 1139 1037 Photii
1157 1014 1245 1035 tamen
1262 1008 1352 1035 verbis
1375 1008 1401 1035 id
1417 1007 1525 1034 videtur
1544 1007 1691 1041 consequi,
1716 1012 1835 1040 tanquam

1049 1056 1117 1083 falso
1131 1054 1259 1086 conﬁcta,
1272 1059 1299 1080 et
1313 1053 1422 1087 Origeni
1438 1061 1485 1088 per
1495 1053 1660 1080 calumniam
1679 1053 1795 1087 impacta
1806 1053 1835 1078 ab

1050 1102 1101 1129 hoc
1124 1099 1182 1134 eius
1198 1103 1311 1134 patrono
1331 1099 1414 1126 fuisse
1433 1098 1582 1125 confutata.
1599 1098 1794 1125 Verumtamen
1812 1102 1837 1123 nt

1051 1147 1115 1175 illud
1129 1148 1162 1174 ab
1172 1146 1289 1181 Origene
1305 1146 1433 1179 scriptum
1444 1145 1551 1175 demus,
1568 1144 1673 1179 liquido
1691 1149 1782 1170 tamen
1798 1143 1834 1177 ju-

1052 1192 1177 1222 rarerim.
1193 1195 1222 1217 ut
1241 1190 1293 1217 alia
1309 1189 1366 1217 fere
1383 1189 1487 1221 omnia,
1502 1189 1541 1216 sic
1555 1196 1586 1216 ea
1604 1195 1718 1223 quoque
1730 1188 1836 1224 ἀλλητο-

1052 1237 1135 1274 ρικῶς
1150 1237 1236 1271 ipsum
1252 1235 1434 1270 proposuisse.
1454 1235 1553 1262 Eadem
1579 1234 1672 1268 itaque
1698 1234 1785 1260 valeat
1800 1234 1837 1260 hic

1052 1282 1203 1318 responsio,
1226 1289 1279 1315 qua
1296 1282 1328 1307 ad
1350 1288 1410 1307 eum
1427 1287 1508 1314 supra
1529 1279 1721 1306 excusandum
1740 1279 1779 1305 usi
1798 1286 1836 1305 su-

1053 1337 1122 1361 mus,
1143 1336 1204 1356 cum
1223 1327 1322 1354 Filium
1340 1332 1368 1353 et
1384 1326 1515 1361 Spiritum
1542 1330 1669 1352 sanctum
1697 1326 1765 1353 duos
1784 1332 1837 1352 esse

1054 1375 1239 1410 Serapbimos,
1254 1378 1281 1401 et
1295 1367 1441 1400 Christum'
1451 1378 1558 1407 quoque
1574 1372 1661 1398 virum
1679 1380 1744 1399 eum
1767 1373 1836 1398 steri-

1055 1421 1108 1449 lem
1139 1428 1200 1448 esse
1229 1420 1349 1451 diceret,
1376 1425 1456 1453 quem
1485 1422 1684 1445 commemorat.
1714 1417 1837 1445 Jeremias

1053 1475 1113 1501 cap.
1130 1474 1198 1497 xxn,
1215 1472 1287 1492 vers.
1298 1464 1344 1492 50.

1088 1512 1234 1540 XXXVI“.
1255 1511 1502 1539 Animadvertimus
1521 1518 1601 1544 supra
1627 1510 1736 1538 diversa
1751 1511 1835 1546 Orige—

1055 1569 1115 1588 nem
1130 1559 1232 1594 angelis
1247 1565 1280 1585 ac
1297 1558 1464 1585 dzemonibus
1484 1557 1620 1584 allinxisse
1636 1564 1765 1591 corpora,
1778 1558 1835 1584 citra

1055 1607 1136 1634 ullunt
1150 1605 1244 1636 οὐσίας
1261 1609 1288 1632 et
1308 1608 1411 1630 natura:
1428 1603 1584 1630 discrimen.
1607 1602 1647 1629 Ex
1663 1610 1698 1630 ea
1720 1603 1836 1638 opinione

1056 1657 1117 1679 nata
1135 1657 1176 1679 est
1191 1651 1235 1678 illa
1254 1651 1350 1682 altera,
1364 1650 1484 1677 crassius
1497 1649 1558 1681 hoc,
1573 1653 1600 1675 et
1617 1649 1675 1676 aeri
1694 1653 1785 1675 nostro
1798 1654 1835 1673 co-

1054 1702 1163 1733 gnatum
1180 1697 1330 1724 daemonum
1345 1704 1454 1732 corpus,
1466 1703 1510 1722 res
1526 1694 1566 1722 sui
1581 1695 1691 1729 generis
1708 1699 1836 1729 appetere,

1055 1743 1159 1771 Suﬁ‘ttns
1176 1748 1249 1777 puta,
1269 1747 1294 1770 et
1312 1743 1420 1770 nidores
1438 1742 1648 1770 sacriﬁciorum,
1679 1747 1713 1767 ac
1735 1739 1838 1773 sangui-

1055 1798 1116 1816 ιιι-ιιι
1130 1790 1210 1816 etiam
1223 1790 1395 1816 victimarum
1414 1789 1542 1820 ligurire;
1558 1795 1607 1815 nec
1626 1787 1659 1813 iis
1674 1791 1779 1812 tantum
1795 1785 1836 1810 dr-

1056 1836 1159 1867 lectari,
1184 1836 1255 1870 quod
1270 1836 1391 1862 ltontines
1417 1834 1574 1861 idololatriae
1599 1833 1706 1860 deditos
1724 1838 1782 1858 esse
1802 1830 1836 1855 vi-

1056 1881 1147 1914 deant,
1169 1882 1216 1908 sed
1241 1882 1323 1908 etiam
1344 1885 1454 1915 propter
1473 1879 1642 1912 voluptatem
1669 1885 1704 1904 ac
1727 1875 1836 1905 delicias.

1056 1927 1155 1960 quibus
1173 1934 1266 1953 eorum
1287 1934 1402 1961 corpora
1422 1925 1586 1952 aﬁiciuntur.
1605 1923 1741 1958 Origenes
1753 1922 1796 1948 lib.
1811 1927 1835 1946 ιιι

1055 1976 1146 1998 contra
1162 1971 1244 2004 Θεία..
1271 1979 1345 1998 num.
1363 1972 1396 1998 57
1413 1981 1419 1999 :
1434 1971 1538 2002 Πάντες
1561 1970 1620 2004 μὲν,
1637 1968 1737 2002 inquit,
1751 1968 1773 1992 oi
1790 1965 1837 1992 θεοὶ

1054 2017 1109 2044 τῶν
1122 2016 1205 2044 ἐθνῶν
1220 2018 1272 2043 εἱσι
1288 2016 1415 2051 δαιμόνια
1431 2015 1520 2050 λιχνὰ,
1536 2015 1582 2041 καὶ
1601 2013 1666 2048 περὶ
1682 2013 1732 2044 τὰς
1742 2011 1836 2040 θυσίας»

1055 2062 1103 2089 καὶ
1128 2063 1163 2089 τὲι
1183 2063 1296 2098 αἵματα,
1314 2061 1362 2088 καὶ
1379 2061 1428 2092 τὰς
1442 2061 1496 2087 ἀπὸ
1511 2060 1564 2086 τῶν
1587 2058 1689 2085 θυσιῶν
1708 2055 1837 2090 ἀποφορὰς

1056 2107 1178 2135 καλινδού
1183 2116 1260 2143 μενοι.
1278 2107 1323 2133 ἐπὶ
1333 2106 1425 2142 ἀπάτῃ
1433 2105 1487 2132 τῶν
1501 2105 1538 2140 μὴ
1549 2102 1793 2140 προσ-πεφευγότων
1805 2099 1837 2133 τῷ

1056 2154 1102 2181 ἐπὶ
1122 2154 1190 2180 πᾶσι
1214 2152 1287 2188 Θεῷ·
1307 2158 1334 2179 et
1351 2153 1397 2180 lib.
1410 2160 1446 2178 vn
1469 2156 1611 2186 sequente,
1630 2158 1707 2176 num.
1728 2148 1754 2179 5,
1773 2150 1835 2181 post-

1058 2207 1138 2233 quam
1150 2199 1223 2233 ,dixit
1242 2198 1354 2232 spiritus
1370 2197 1501 2233 quosdam
1523 2197 1644 2229 impuros
1661 2196 1735 2222 circa
1749 2199 1835 2220 terram

1058 2245 1165 2278 degere.
1182 2244 1233 2271 hoc
1247 2243 1376 2277 subiicit:
1396 2242 1477 2278 Δηλοῖ
1492 2242 1520 2268 δὲ
1542 2241 1572 2267 τὸ
1588 2240 1710 2267 τοιοῦτον
1727 2239 1786 2269 τοὺς
1795 2237 1836 2263 αὑ-

1056 2291 1120 2321 τοὺς
1136 2289 1281 2324 τυγχάνειν
1300 2288 1347 2314 καὶ
1359 2288 1399 2321 τὺ,
1416 2288 1475 2318 ταῖς
1496 2286 1549 2313 ἀπὸ
1563 2285 1616 2313 τῶν
1631 2284 1733 2312 θυσιῶν
1750 2282 1836 2310 ἀναθυ-

1059 2337 1167 2372 μιάσεσι
1186 2336 1233 2362 καὶ
1249 2336 1307 2365 ταῖς
1324 2334 1378 2360 ἀπὺ
1391 2333 1446 2359 τῶν
1464 2333 1587 2368 αἱμάτων
1599 2331 1647 2358 καὶ
1659 2327 1836 2362 ὁλοκαυτωμά-

1056 2391 1110 2409 των
1125 2381 1276 2416 ἀποφοραῖς
1291 2379 1446 2416 τρεφόμενα
1462 2378 1552 2405 αὐτῶν
1569 2377 1604 2404 τὰ
1623 2377 1746 2412 σώματα,
1769 2373 1835 2409 φιλη-

1056 2427 1203 2454 δονούντων
1229 2427 1286 2458 τοῖς
1314 2424 1455 2456 τοιούτοις,
1481 2425 1524 2451 ἐπ’
1545 2423 1609 2451 αὐτὸ
1634 2422 1776 2457 τυγχάνειν
1794 2426 1834 2444 τοι

1054 2472 1174 2508 ὡσπερεὶ
1188 2471 1329 2506 φιλοζωεῖν
1340 2479 1348 2486 θ
1369 2476 1396 2498 et
1408 2471 1454 2497 lib.
1472 2477 1529 2502 vtn,
1541 2477 1615 2496 nmn.
1627 2467 1680 2495 50:
1695 2467 1735 2493 Τὰ
1748 2466 1774 2492 δὲ
1789 2471 1836 2490 πνι-

1055 2518 1117 2550 κτὰ,
1130 2507 1177 2544 τοῦ
1201 2517 1317 2552 αἵματος
1339 2516 1377 2552 μὴ
1398 2515 1581 2552 ὲκκριθὲντος,
1594 2514 1663 2549 ὅπερ
1679 2513 1760 2548 φασιν
1776 2507 1834 2536 εἶναι

1056 2563 1158 2598 τροφὴν
1174 2562 1321 2597 δαιμόνων,
1345 2561 1519 2598 τρεφομένων
1536 2561 1596 2591 ταῖς
1615 2559 1662 2585 ἀπ’
1680 2556 1761 2585 αὑτοῦ
1781 2555 1842 2591 ἀνα-ι

1058 2608 1234 2642 θυμιάσεσιν·
1251 2607 1418 2643 ἀπαγορεύει
1440 2608 1454 2633 ὁ
1470 2607 1559 2640 λόγος,
1581 2606 1624 2632 ἵνα
1646 2604 1683 2640 μὴ
1702 2601 1833 2638 τραφῶμεν

1060 2654 1146 2688 τροφῇ
1169 2653 1319 2688 δαιμόνων·
1343 2659 1371 2680 et
1391 2654 1417 2679 in
1435 2652 1599 2685 l’rotreplico
1627 2651 1661 2677 ad
1680 2647 1832 2682 martyrium,

1062 2706 1136 2724 num.
1149 2699 1205 2725 45:
1229 2699 1307 2725 Ἐπεὶ
1330 2698 1358 2725 δέ
1375 2706 1448 2729 τινες
1472 2697 1508 2733 μὴ
1528 2695 1696 2732 θεωροῦντες
1715 2693 1758 2720 τὸν
1781 2689 1832 2724 περὶ

1060 2744 1113 2771 τῶν
1126 2744 1259 2781 δαιμόνων
1271 2745 1358 2781 λόγον,
1377 2745 1423 2771 καὶ
1436 2744 1473 2776 ὡς
1489 2743 1559 2778 ὑπὲρ
1578 2742 1624 2768 τοῦ
1639 2738 1797 2776 παραμένειν
1808 2734 1831 2760 ἑ¹ι
