1904 3077
56 134 103 163 895

459 129 747 157 ORIGENIA‘NORUM
768 127 832 156 LII}.
854 127 887 160 II,
907 126 986 154 CAP.
1007 125 1041 158 II,
1061 124 1199 158 QUIEST.
1216 122 1260 151 VI.

1620 119 1673 148 894

55 194 90 229 τῷ
103 193 181 227 πάχει
204 190 288 226 τούτῳ
303 190 348 216 καὶ
362 189 491 224 περιγείῳ
507 189 578 225 ἀέρι,
600 189 719 224 δεόμενοι
734 187 838 224 τροφῆς

901 195 917 213 n
933 185 1035 212 nullam
1053 184 1186 211 inclinans
1200 187 1317 218 partem,
1331 181 1467 217 subiungit
1478 180 1585 208 tandem
1597 187 1672 207 num.

55 241 98 275 τῆς
113 237 156 264 διὰ
171 236 225 262 τῶν
242 235 447 270 ἀναθυμιάσεων
463 235 636 269 ἐπιτηροῦσιν
654 235 721 261 ὅπου
739 233 834 260 κνίσσα

55 284 108 312 ἐστὶ
129 283 176 309 καὶ
201 282 314 317 αἵματα,
335 280 381 307 καὶ
397 279 551 312 λιϐανωτοὶ,
568 280 778 312 ἐξευτελίζουσιν
798 279 834 310 ὠς

56 330 192 364 ἀδιάφορον
205 328 234 354 τὸ
248 327 331 359 θύειν,
350 325 473 361 εἴποιμεν
488 325 520 352 ἂν
538 327 583 352 καὶ
601 326 667 361 πρὸς
680 324 777 355 ταῦτα,
794 324 834 350 ὅτι

54 376 127 410 εἴπερ
136 376 159 401 oi
173 373 275 409 τροφὰς
288 373 410 408 λῃσταῖς,
425 372 473 398 καὶ
489 371 609 406 φονεῦσι,
628 371 673 397 καλ¹
688 370 836 406 βαρϐάροις

55 420 152 455 ἐχθροῖς
164 418 210 444 τοῦ
226 417 341 453 μεγάλου
356 416 487 451 βασιλέως
500 416 670 450 παρέχοντες,
684 415 720 446 ὼς
737 414 766 440 τὸ
781 422 836 440 κοι-

55 466 94 492 νὸν
109 464 282 499 ἀδικήσαντες
300 462 458 494 κολάζονται
469 470 475 476 ·
495 462 568 495 πόσῳ
586 460 665 487 πλέον
684 461 708 486 oi
719 461 773 491 τοῖς
786 460 836 494 τῆς

56 509 144 540 κακίας
157 508 305 544 ὑπηρέταις
318 506 362 534 διὰ
376 506 423 533 τοῦ
443 506 515 533 θύειν
531 505 645 536 διδόντες
663 504 763 540 τροφὰς
784 513 836 530 πα-

57 552 249 592 ρακατεχοὺσσς
262 553 359 584 αὐτοὺς
381 553 410 578 ἐν
425 551 464 588 τῷ
478 550 608 588 περιγεὶῳ
632 551 717 586 τόπῳ,
737 549 837 577 δικαιό-

55 610 117 628 τατα
132 600 163 627 ἂν
180 599 344 634 ἐγκαλοῖντο.

88 647 114 673 In
125 645 217 677 cadent
239 652 318 679 porro
330 652 362 670 ac
377 643 508 677 Origenes
523 648 605 668 causa
628 645 691 667 sunt
707 641 838 668 vetustior

58 693 99 720 illo
112 690 242 722 Justinus,
256 694 284 717 ct
303 689 440 717 recentior
455 689 593 715 Maternus
606 687 751 718 Firmicus,
763 694 838 720 quo-

57 746 111 766 rum
128 737 171 764 ille
184 736 292 771 Apolog.
308 743 316 762 l
334 735 429 762 scribit
443 736 553 768 angelos
571 731 721 767 perduelles
733 732 760 758 in
777 739 837 758 ser-

57 782 160 808 vitutem
173 780 299 807 homines
310 779 458 814 redegisse,
470 786 529 804 cum
545 777 605 804 aliis
616 777 712 807 modis,
728 781 783 803 tum
794 775 838 802 διὰ

57 825 158 860 διδαχῆς
174 824 302 859 θυμάτων
324 823 372 849 καὶ
384 822 573 858 θυμιαμάτων,
588 822 634 848 καὶ
652 821 781 852 σπονδῶν,
801 817 838 848 ὧν

888 233 904 260 5
922 241 929 258 :
948 241 957 257 (
970 231 1003 258 Et
1026 238 1074 257 nos
1087 229 1195 264 quidem
1210 232 1288 264 prout
1305 228 1450 262 potuimus,
1462 234 1495 254 ex
1506 225 1673 260 singulorum

889 277 1014 311 personis
1037 283 1097 310 quae
1113 275 1164 301 dici
1192 278 1305 308 possunt
1328 272 1515 307 disputationis
1537 278 1618 298 causa
1641 269 1675 297 de

888 322 1002 357 singulis
1013 321 1185 355 dogmatibus
1201 319 1227 345 in
1242 319 1357 345 medium
1374 317 1541 352 protulinuts.
1560 315 1610 349 Qui
1624 323 1676 343 au-

889 373 943 394 tem
959 367 1035 403 legit,
1059 366 1141 400 eligat
1155 373 1188 392 ex
1207 365 1248 392 his
1262 372 1321 399 qua:
1337 363 1423 398 magis
1443 361 1628 397 amplectenda
1639 359 1677 388 sit

888 414 967 442 ratio.
981 423 990 440 ι
1016 413 1164 440 Denuntiat
1182 417 1312 446 pranerea
1333 418 1386 437 non
1405 408 1498 441 semel,
1518 408 1676 444 διαπορητι-

889 460 945 492 κῶς
965 466 1025 487 sese
1041 459 1185 489 disserere,
1201 465 1252 483 non
1267 455 1460 490 καταφατικῶς
1472 454 1558 488 loqui,
1570 454 1677 488 siquan-

888 507 922 533 do
934 505 1009 532 visus
1021 508 1062 531 est
1077 503 1179 538 aliquid
1196 503 1228 529 de
1242 508 1273 528 ea
1295 509 1322 528 re
1339 506 1470 532 statuere,
1487 505 1579 534 utpote
1590 499 1676 526 incer-

889 557 928 584 ta,
950 551 1067 578 nondum
1080 549 1206 576 Ecclesia:
1226 549 1344 575 decretis
1362 547 1524 582 Origeniano
1540 553 1607 577 arvo,
1626 552 1677 572 nec

890 597 974 625 multo
994 595 1192 623 recentioribus
1202 595 1329 627 definita;
1345 593 1569 628 quemadmodum
1587 591 1678 618 decla—

890 643 994 671 rabitur
1013 642 1138 669 ini'erius.
1163 641 1191 668 Id
1209 639 1352 667 conﬁrmat
1370 638 1523 673 Pamphilus
1541 637 1567 664 iu
1580 637 1676 671 Apulo.

889 690 950 725 gia;
964 688 1087 723 quamvis
1102 685 1299 721 disputationes
1314 683 1440 719 Origenis
1451 682 1490 709 vel
1501 682 1678 714 assertiones,

889 743 958 771 quas
980 735 1014 762 de
1039 734 1137 760 anima:
1162 736 1235 759 statu
1258 735 1284 758 et
1307 729 1509 765 dispensatione
1528 727 1677 763 proposuit,

889 780 1033 809 nonnullos
1052 779 1176 812 culpasse
1188 777 1314 804 fateatur.

928 825 960 852 II.
974 825 1109 860 Imprimis
1123 829 1225 854 autem,
1239 822 1356 849 maxima
1370 820 1434 848 illud
1446 819 1678 847 animadversione

58 871 147 902 ἐνδεεῖς
158 870 295 905 γεγόνασι,
322 869 390 905 μετὰ
401 870 432 896 τὸ
449 869 563 896 πάθεσιν
577 868 729 904 ἐπιθυμιῶν
744 868 841 894 δουλω-

896 873 999 907 dignum
1017 875 1069 903 est,
1084 877 1116 897 ex
1139 869 1262 904 superius
1278 872 1427 894 memorato
1441 867 1549 901 gemino
1564 866 1614 893 hoc
1632 865 1680 892 do—

58 917 140 952 θῆναι,
164 925 173 941 ε
185 916 307 942 docendo
325 914 533 945 sacriﬁciorum.
568 913 703 940 suilituum
719 917 746 939 et
767 913 836 938 lilia-

60 963 153 989 tionnm
176 962 255 992 ritus,
274 963 372 996 quibus
399 964 454 987 tum
478 959 663 994 indiguerunt,
693 962 836 992 postquam

58 1009 225 1043 cupiditatum
249 1006 436 1034 atrectionibus
460 1013 521 1033 sese
547 1005 763 1033 submiserunt.»
789 1004 838 1031 IIic

60 1061 118 1081 vero
137 1061 194 1088 cap.
210 1053 246 1080 M
265 1052 325 1079 libri
349 1052 386 1078 De
408 1060 492 1080 error.
515 1051 620 1085 profari.
642 1050 718 1085 relig.
742 1050 838 1077 asserit

60 1099 228 1127 substantiam
247 1100 396 1126 daemonum
409 1105 423 1124 a
442 1097 548 1124 diabolo
568 1102 760 1132 prognatorum
776 1103 838 1123 san-

59 1146 134 1181 guine
148 1145 320 1173 victimarum
337 1144 446 1170 nutriri.

338 1200 500 1234 QUIESTIO
513 1200 558 1227 VI.

376 1254 409 1272 DE
425 1254 518 1273 ANIIA.

61 1293 79 1321 Ι.
99 1293 133 1320 De
148 1293 242 1320 animo:
257 1293 356 1327 origine
378 1293 441 1326 quid
453 1295 578 1319 statueret
597 1290 720 1327 Origenes
742 1294 840 1315 certum

93 1337 139 1356 non
160 1329 261 1361 (rubuit.
281 1324 312 1354 11⁷.
333 1324 504 1361 Emilogmate
519 1324 724 1361 προῦπάρξεως,
745 1331 768 1350 et
783 1332 840 1357 pcr-

93 1364 158 1398 petui
176 1364 304 1389 libertatis
321 1371 382 1389 usus
401 1362 517 1398 "triginta
536 1361 753 1395 Origeninnarunt
765 1367 838 1398 erro-

94 1394 148 1425 rum
169 1407 229 1432 pars
253 1398 390 1432 pro/luxit.
421 1396 461 1422 III.
480 1394 703 1432 Utrntnjnnimns
730 1394 840 1420 rationis

95 1430 217 1467 compotes
230 1442 243 1459 ε
254 1430 400 1459 substantia
418 1432 505 1458 divina
518 1430 644 1467 delibatos
657 1437 711 1467 esse
723 1437 840 1454 asserue-

96 1469 136 1495 n't.
149 1463 196 1495 ἰν.
211 1468 252 1494 Art
265 1476 308 1494 eas
321 1475 428 1500 corpore
439 1466 609 1500 aruit/uirores.
625 1465 651 1500 in
664 1463 840 1500 illudquepra

95 1504 199 1536 peccatis
215 1503 342 1528 demissus
363 1498 506 1536 putaverit.
570 1499 644 1536 Unde
667 1506 770 1536 nomen,
783 1498 841 1536 ‘I’o-

95 1533 137 1574 ᾖίὴ,
151 1538 247 1572 factum
264 1533 447 1574 nutumnverit‘.
470 1535 573 1574 VL}?
589 1533 780 1574 h-isntultarum
794 1533 842 1574 pri—
856 1546 876 1573 ο

95 1569 278 1599 initiationibus
301 1577 337 1597 est
354 1571 492 1604 appetitus.
520 1569 573 1597 VII.
594 1570 632 1595 At!
646 1569 772 1595 doctrinm
792 1569 841 1604 Iin-

91 1609 133 1642 jus
155 1609 237 1642 [antes
265 1603 541 1641 digitus'intenditur.
565 1604 630 1632 VIII.
645 1604 737 1642 guunt
762 1603 841 1642 variis

95 1637 234 1675 Scriptum
257 1637 319 1668 lacis
340 1641 433 1675 fulcire
457 1646 565 1666 conatus
583 1644 619 1665 est
641 1638 775 1675 Origenes,
796 1637 840 1664 IX.

97 1671 170 1704 Mniii
199 1678 258 1703 licet
280 1671 345 1703 eam.
363 1675 482 1710 funditus
500 1674 677 1710 labefactent.
700 1672 732 1700 Χ.
748 1671 842 1710 Patres

95 1713 147 1746 ejus
158 1717 299 1739 aascrtores
315 1708 489 1737 recensentur.
499 1709 543 1735 XI.
553 1708 627 1735 Nihil
639 1708 679 1734 his
688 1708 843 1746 temporibus

96 1742 177 1781 fuerat
195 1748 227 1773 ab
249 1746 365 1772 Ecclesia
384 1745 522 1778 supera/ioc
538 1742 841 1781 purgamentoputemn—

96 1777 191 1809 natum.
207 1782 264 1808 XII.
284 1781 338 1807 Nec
350 1775 432 1806 multo
448 1775 642 1806 recentioribus.
665 1777 732 1804 XIII.
749 1775 844 1802 Utrum

96 1819 192 1844 animat
204 1824 355 1849 corporeus,
375 1819 399 1841 et
413 1815 485 1848 quali
500 1822 607 1849 corpore
620 1813 746 1846 prwditns
757 1811 843 1837 credi-

96 1853 167 1880 derit.
189 1848 260 1879 XIV.
276 1851 414 1885 Origenem
426 1848 535 1875 Patrum
549 1848 699 1885 multarunt.
710 1853 842 1885 assensus,

97 1893 119 1912 et
132 1895 177 1914 sua
192 1894 319 1914 excusare
327 1881 422 1920 ’ροιεει
441 1884 581 1920 limitatio.
599 1881 656 1908 XV.
734 1881 845 1920 ίιιιιὶᾳιιιι

95 1922 254 1957 philosophia
274 1915 423 1954 opinionem
441 1927 526 1957 suum
543 1917 711 1957 deprompsit.
730 1915 845 1957 Intri‘cn-

97 1950 136 1984 ius
157 1950 372 1984 Me'tltodii'locns
388 1954 544 1988 explicatur.
567 1952 635 1979 XVI.
654 1950 748 1988 Uti-nni
763 1950 846 1988 solum

98 1993 209 2018 animum
228 1991 359 2018 hominem
379 1984 534 2016 constituere
548 1989 652 2014 dixerit.
674 1985 754 2013 XVII.
772 1984 846 2011 Exa—

99 2028 210 2054 minatur
225 2026 388 2060 Origeniana
403 2023 657 2059 μετενσωματωσις.
683 2020 774 2060 XVIIII.
792 2019 846 2060 Γυ-

98 2063 256 2096 tlmgoricam
274 2055 681 2096 μετεμψύᾷίωσιν--νὶρριιμιιηδξς
697 2064 712 2081 a
729 2055 847 2089 plurimis

98 2092 176 2124 dicina
192 2102 229 2123 est
244 2092 429 2122 adamatum.
451 2093 520 2119 XIX.
537 2093 587 2119 Sed
605 2092 694 2118 multis
708 2095 846 2124 purgatur.

98 2132 154 2159 XX.
169 2133 418 2159 Metenaomataseos
433 2134 552 2155 auctores
563 2128 722 2160 produntur.

98 2177 120 2204 I.
136 2177 269 2210 Quoniam
298 2176 436 2203 hominum
453 2174 569 2204 animas,
587 2173 707 2206 ejusdem
732 2178 793 2198 esse
814 2177 846 2197 ac

67 2223 169 2258 angelos
183 2222 288 2250 ordinis
307 2226 335 2248 et
353 2226 455 2247 naturae
467 2219 553 2246 voluit
564 2218 706 2252 Origenes,
724 2217 847 2251 explora-
865 2213 885 2240 D

68 2273 90 2295 ta
108 2269 198 2297 horum
224 2269 302 2304 juxta
320 2267 404 2302 ipsius
423 2266 596 2294 deﬁnitiones
611 2270 717 2295 natura,
743 2265 776 2291 de
795 2263 846 2290 illis

68 2323 133 2342 nunc
147 2319 175 2342 ut
188 2322 311 2349 agamus,
329 2321 418 2340 rerum
435 2312 521 2339 series
534 2311 677 2338 desiderat.
693 2309 846 2336 Observan-

68 2360 126 2387 dum
142 2368 205 2387 vero
225 2359 289 2387 illud
312 2363 354 2386 est
370 2364 435 2385 ante
451 2357 553 2388 omnia,
569 2356 714 2383 obscurum
736 2362 768 2381 ac
780 2353 848 2381 ditii-

68 2406 114 2433 cile
125 2407 210 2434 visum
232 2407 283 2433 hoc
295 2410 483 2440 argumentum
496 2403 617 2438 Origeni,
637 2402 731 2429 itidem
744 2405 774 2427 ut
788 2401 847 2427 aliis

70 2451 188 2479 Ecclesiae
204 2452 329 2478 Patribus
351 2451 497 2485 plerisque,
521 2455 681 2482 summaque
697 2447 723 2474 in
743 2446 849 2473 haesita-

69 2498 136 2524 tione
157 2503 184 2526 et
205 2497 327 2531 angustia
352 2496 434 2522 fuisse
454 2501 602 2522 versatum.
631 2494 696 2520 Cum
719 2493 790 2520 enim
815 2492 848 2519 Ii-

70 2542 114 2569 Ι)ιύ
128 2551 156 2570 III
171 2544 207 2570 De
222 2543 345 2577 princip.,
374 2549 434 2576 cap.
452 2542 479 2574 4,
494 2549 568 2567 nutu.
584 2541 610 2572 I,
629 2539 777 2574 praicipuas
794 2543 849 2564 tres

70 2589 243 2623 proposuisset
258 2590 292 2615 de
307 2587 398 2614 aninia
415 2587 580 2618 sententias;
600 2591 688 2611 utrum
705 2584 802 2618 duplex
815 2584 850 2609 sit

71 2633 94 2659 in
110 2634 197 2666 nobis,
215 2634 332 2661 divinior
346 2633 430 2659 altera
446 2633 518 2659 etde
529 2631 598 2658 cwlo
615 2631 785 2665 deprompta,
798 2628 848 2655 alia

72 2678 194 2712 inferior;
211 2687 244 2706 an
261 2687 312 2705 una
328 2683 431 2705 tantum
456 2676 577 2704 ctelestis
591 2675 683 2710 juncta
701 2673 817 2708 corpori,
836 2681 850 2699 a

71 2731 120 2757 quo
131 2725 271 2752 inclinetur
284 2729 311 2752 et
326 2725 494 2758 deprimatur
510 2723 544 2748 ad
559 2722 643 2754 vitia;
658 2729 690 2747 an
705 2728 767 2747 vero
782 2727 849 2747 con-

73 2774 122 2796 alet
137 2771 223 2797 anima
239 2771 361 2806 partibus
374 2769 488 2800 duabus,
512 2776 625 2802 quarum
644 2767 697 2793 alia
712 2767 747 2793 sit
768 2767 850 2793 ratio-

76 2814 114 2840 nis
129 2815 272 2851 particeps,
293 2816 399 2843 ratione
414 2815 497 2841 altera
514 2819 606 2840 careat
619 2821 625 2845 ;
640 2818 780 2847 postquam
796 2813 851 2839 sin-

76 2859 145 2893 gulas
159 2866 281 2889 accurate
294 2861 434 2897 opiniones
453 2858 571 2889 excussit
587 2866 659 2885 num.
675 2857 703 2890 ἓ,
715 2857 741 2891 3,
758 2856 772 2885 ti
787 2861 809 2882 ut
824 2859 850 2890 ξι,

888 922 988 953 gmate,
1003 916 1134 944 mentium
1151 913 1361 950 προῦπάρξεως,
1381 917 1407 938 et
1425 911 1495 946 pleni
1510 919 1542 938 ac
1559 912 1678 946 perpetui

889 964 1024 992 libertatis
1042 971 1105 990 usus
1121 969 1230 996 semper
1253 959 1371 995 vigentis
1390 967 1421 986 ac
1444 959 1573 992 ﬂorentis,
1592 959 1679 986 maxi-

889 1019 962 1038 mam
993 1010 1217 1045 Origeuianorum
1246 1015 1369 1035 errorum
1401 1012 1504 1041 partem
1529 1005 1677 1040 prodiisse;

889 1064 951 1083 nam
973 1055 1100 1090 proﬂuxit
1117 1055 1180 1082 inde
1202 1053 1331 1088 quidquid
1349 1053 1405 1081 fere
1425 1054 1494 1080 circa
1521 1052 1678 1086 angelorum

889 1105 1013 1128 naturam
1033 1104 1174 1134 peccatum
1188 1098 1222 1125 ab
1245 1106 1277 1126 eo
1290 1103 1331 1125 est
1352 1109 1358 1126 :
1386 1099 1448 1125 inde
1464 1097 1679 1133 μετενσωμάτω-

891 1155 944 1178 σις,
965 1145 1017 1173 alia
1037 1145 1144 1179 aliaque
1168 1151 1281 1178 corpora
1305 1144 1483 1171 subeuntibus
1506 1143 1613 1177 animis,
1630 1150 1680 1178 pro

890 1193 969 1220 vario
983 1191 1118 1218 libertatis
1134 1198 1182 1218 usu
1209 1200 1216 1218 :
1240 1190 1303 1217 inde
1322 1190 1406 1217 solam
1434 1190 1551 1216 animam
1575 1189 1680 1219 censuit

892 1239 1056 1266 constituere
1074 1237 1221 1270 hominem,
1236 1241 1374 1271 assumpto
1387 1236 1513 1263 nimirum
1529 1235 1555 1262 in
1570 1243 1679 1270 pinnam

892 1292 1017 1319 corpore,
1047 1288 1174 1318 tanquam
1198 1282 1306 1309 vinculo
1322 1286 1350 1309 et
1372 1282 1501 1316 compede
1529 1291 1536 1310 :
1562 1282 1632 1308 unde
1653 1285 1682 1308 et

891 1329 1008 1356 tollenda
1023 1327 1072 1354 l‘uit
1093 1327 1267 1358 resurrectio,
1290 1334 1351 1352 nam
1374 1326 1437 1360 quid
1454 1332 1566 1360 corpore
1585 1324 1635 1352 hoc
1653 1330 1681 1352 et

892 1375 1007 1402 vinculis
1018 1381 1087 1408 opus
1101 1373 1204 1400 homini
1219 1375 1245 1399 in
1263 1372 1398 1406 integrum
1417 1370 1565 1398 restituto?
1581 1369 1681 1397 Gratiae

892 1426 999 1453 quoquc
1023 1417 1184 1445 beneﬁcium
1207 1416 1320 1451 peremit
1336 1415 1417 1442 nimia
1439 1415 1483 1441 illa
1496 1418 1524 1441 et
1537 1415 1681 1442 immodica

894 1466 1014 1493 libertas.
1040 1464 1117 1491 Unde
1132 1471 1196 1490 vero
1217 1462 1318 1490 aIIictas
1330 1461 1451 1489 dicemus
1466 1462 1548 1488 astris
1564 1461 1681 1494 animas,

893 1516 919 1538 et
932 1511 1044 1538 liberum
1063 1509 1217 1542 arbitrium,
1229 1517 1311 1544 quam
1324 1517 1356 1536 ex
1376 1510 1426 1535 hoc
1441 1508 1570 1535 mentium
1588 1515 1682 1534 ascen-

893 1565 922 1583 su
938 1561 965 1583 et
980 1557 1125 1588 descensu,
1138 1555 1285 1587 crassiora,
1300 1554 1341 1581 vel
1361 1553 1500 1581 subtiliora
1515 1561 1547 1580 ac
1563 1553 1680 1587 splendi-

894 1603 969 1629 diora
986 1601 1159 1629 subeuntium
1174 1607 1287 1634 corpora
1302 1607 1352 1631 pro
1365 1598 1486 1626 meritis?
1512 1598 1583 1624 unde
1603 1604 1682 1624 vesa-

895 1656 927 1675 na
944 1649 1001 1675 bmc
1017 1653 1043 1674 et
1054 1647 1182 1682 pestifera
1195 1646 1296 1678 opinio,
1312 1645 1449 1672 Christum
1461 1643 1503 1670 vel
1517 1651 1626 1678 passum
1641 1643 1682 1670 vel

896 1701 1036 1729 passurum
1050 1701 1098 1727 pro
1116 1692 1261 1724 sideribus,
1281 1700 1330 1726 pro
1341 1691 1444 1725 angelis
1464 1695 1490 1717 et
1504 1689 1681 1722 decurionibus,

895 1747 974 1774 quam
993 1746 1025 1765 ex
1045 1739 1129 1764 altera
1148 1737 1211 1767 ista,
1227 1741 1337 1770 peccato
1356 1740 1467 1761 naturas
1484 1733 1543 1760 illas
1558 1739 1618 1759 esse
1631 1732 1680 1758 ob-

897 1785 1002 1816 noxias,
1019 1791 1070 1810 non
1089 1789 1167 1809 secus
1183 1789 1215 1808 ac
1237 1782 1380 1811 humanas,
1402 1779 1568 1814 proindeque
1586 1777 1680 1804 eadem

897 1830 1066 1864 reparatione
1080 1836 1112 1855 ac
1126 1827 1246 1854 rcmedio
1262 1825 1404 1861 indigere?
1427 1825 1480 1852 Sed
1494 1829 1521 1851 et
1534 1823 1683 1858 praefinitus

896 1877 1085 1902 damnatorum
1098 1873 1237 1907 suppliciis
1250 1871 1345 1899 modus
1356 1879 1386 1897 ac
1399 1876 1502 1905 tempus
1511 1877 1542 1897 ex
1559 1877 1612 1904 quo
1624 1869 1683 1896 fon—

898 1927 923 1948 te
941 1921 1071 1950 manavit,
1087 1927 1168 1954 quam
1191 1926 1224 1945 ex
1241 1921 1430 1952 perseverante
1445 1916 1525 1943 etiam
1538 1920 1597 1950 post
1615 1915 1684 1941 inﬂi-

897 1973 955 1994 etas
971 1973 1065 2001 poenas
1082 1965 1215 1992 libertatis
1230 1963 1296 1991 usu?
1315 1963 1434 1997 Denique
1446 1963 1539 1997 positis
1555 1962 1596 1988 his
1610 1968 1686 1988 nien-

898 2013 964 2039 tium
979 2011 1200 2042 revolutionibus,
1217 2017 1248 2036 ac
1260 2016 1395 2043 nunquam
1421 2008 1540 2035 desituro
1554 2006 1681 2038 circuitu,

900 2059 1004 2086 renasci
1024 2065 1130 2092 quoque
1155 2056 1269 2083 mundos
1296 2054 1442 2082 identidem
1467 2053 1596 2087 oportuit,
1622 2059 1682 2078 cum

899 2105 1034 2134 mentibus
1047 2104 1135 2130 denuo
1155 2103 1330 2137 peccantibus
1349 2108 1417 2128 nova
1442 2101 1538 2126 iterum
1563 2097 1684 2133 paranda

898 2154 989 2176 essent
1000 2148 1117 2179 vincula,
1136 2154 1204 2174 nova
1217 2139 1492 2179 scilicetimponenda
1511 2150 1634 2176 corpora,
1651 2149 1685 2169 ex

899 2203 1013 2230 quorum
1032 2194 1190 2221 diversitate
1208 2193 1325 2220 mundus
1339 2190 1492 2219 etilorescit.
1510 2189 1574 2222 Qua.-
1592 2188 1614 2215 si
1625 2187 1687 2222 quis

900 2241 1056 2269 observabit
1071 2240 1225 2275 diligenter,
1241 2246 1293 2266 non
1310 2237 1521 2272 repugnantibus
1534 2239 1562 2262 et
1572 2235 1688 2268 dissipa-

904 2290 937 2316 tis
949 2288 1121 2323 dogmatibus
1140 2291 1266 2314 constare
1282 2286 1432 2312 doctrinam
1449 2283 1574 2318 Origenis
1591 2280 1688 2308 fatebi-

905 2340 959 2367 tur,
982 2335 1029 2361 scd
1047 2338 1108 2368 apte
1128 2340 1277 2361 connexam
1300 2339 1370 2364 esse,
1388 2335 1415 2358 et
1433 2329 1587 2357 necessaria
1608 2334 1689 2362 argu-

903 2384 1054 2406 mentorum
1065 2380 1135 2406 scric
1150 2386 1182 2406 ac
1195 2383 1301 2405 textura
1320 2377 1511 2404 cohaarentem.

939 2434 982 2461 III.
997 2433 1115 2460 Primam
1129 2433 1155 2459 in
1177 2433 1227 2460 hac
1241 2432 1391 2467 quaestione
1404 2430 1532 2456 adversus
1546 2427 1688 2461 Origenem
1722 2439 1724 2442 -

903 2483 1021 2509 intentat
1046 2481 1266 2508 criminationem
1297 2479 1476 2512 Hieronymus
1493 2475 1572 2509 epist.
1596 2473 1630 2500 59
1655 2473 1689 2500 ad

903 2528 987 2560 Avit.,
1000 2535 1061 2562 cap.
1074 2527 1103 2560 4,
1119 2534 1181 2553 cum
1198 2527 1358 2552 arbitratum
1374 2524 1460 2557 ipsum
1477 2521 1560 2548 fuisse
1578 2519 1617 2545 ait
1629 2519 1689 2544 ani~

904 2583 963 2602 nias
982 2581 1087 2605 omnes,
1108 2577 1136 2600 et
1152 2578 1327 2607 ’quwcutique
1347 2570 1452 2596 ratione
1470 2567 1581 2601 praedita
1598 2569 1662 2592 sunt
1674 2572 1691 2594 ο

903 2621 951 2648 Dei
965 2620 1115 2648 substantia
1128 2625 1256 2653 expressa
1280 2616 1421 2651 prodiisse,
1438 2613 1589 2647 divinaeque
1607 2612 1691 2645 ipsius

905 2671 1009 2703 partem
1034 2673 1095 2692 esse
1124 2663 1293 2691 substantim.
1312 2671 1320 2687 ι
1338 2661 1376 2689 Ne
1396 2667 1506 2695 parvam
1524 2663 1690 2692 putaremus.

905 2714 1002 2748 inquit,
1032 2712 1197 2746 impietatem
1227 2716 1288 2735 esse
1323 2714 1416 2747 eorum
1442 2713 1502 2739 qua:
1524 2703 1692 2739 pra-miserat

906 2745 1059 2793 (0rigencs)
1088 2757 1115 2782 in
1139 2755 1257 2788 ejusdem
1291 2745 1436 2780 voluminis
1470 2750 1550 2786 (Περὶ
1580 2747 1690 2783 ἀρχῶν)

908 2804 1215 2838 lineconjungitonmcs
1246 2800 1420 2828 rationabiles
1449 2804 1569 2829 naturas,
1599 2797 1624 2823 id
1649 2800 1692 2835 est

910 2853 1029 2884 Patrem,
1047 2856 1075 2877 et
1098 2849 1204 2881 Filium,
1219 2852 1244 2876 ct
1261 2847 1392 2886 Spiritum
1419 2849 1554 2877 sanctum,
1570 2841 1692 2880 angelos,
