1912 3079
229 119 283 148 895

854 126 885 153 P.
908 125 1067 153 DANIELIS
1087 126 1204 155 HUETH

1802 125 1844 154 896

225 185 384 220 petestates,
396 185 604 218 dominationes,
617 190 783 221 exterasque
791 186 915 219 virtutes,
929 187 1014 222 ipsum
1029 191 1054 218 Α
1067 188 1122 216 bet.
1139 197 1148 213 ε
1166 187 1253 215 Unum
1268 188 1343 215 addit
1354 188 1478 219 verbum,
1488 187 1699 222 quodammodo,
1717 196 1727 212 ι
1743 186 1780 212 ait
1793 185 1844 214 Hie-

225 238 333 265 quoque
344 231 478 258 hominem
491 231 638 258 secundum
653 232 749 260 animae
765 233 922 266 dignitatem
936 233 1016 259 unius

225 284 286 304 esse
306 277 475 305 substantiae.
500 276 726 309 lntellectualem,
746 278 843 312 inquit,
866 278 1015 305 rationabi-

225 321 332 357 lemque
353 328 478 349 naturam
501 323 585 350 sentit
602 323 685 355 Deus,
707 327 735 350 et
755 323 910 358 unigenitus
932 324 1016 351 Filius

224 368 296 403 ejus,
311 373 338 395 et
352 368 472 403 Spiritus
492 372 624 402 sanctus;
640 370 760 396 sentiunt
782 369 881 404 angeli.
896 374 924 396 et
938 375 1016 405 pote-

223 417 319 446 states,
331 417 489 448 ceteraeque
501 414 630 448 virtutes;
644 415 727 442 sentit
739 415 852 442 interior
861 416 952 447 homo,
970 416 1017 450 qui

225 459 258 486 ad
274 459 418 495 imaginem
433 465 461 487 et
476 460 680 488 similitudinem
699 460 745 488 Dei
760 462 887 489 conditus
902 466 954 489 est.
978 462 1015 488 Ex

223 512 276 538 quo
290 505 464 533 concluditur
477 506 572 536 Deum.
592 511 619 533 et
636 506 692 535 hanc
717 507 919 542 quodammodo
938 508 1017 535 unius

222 557 284 578 esse
301 551 471 579 substantia.
484 562 493 578 ι
509 552 585 586 Quod
597 555 623 580 in
636 553 754 588 Origene
769 555 946 581 damnaverat
959 554 1018 581 [lie-

223 605 365 633 rortymus,
384 598 452 626 idem
468 599 494 626 in
511 599 662 627 l'alzestinis
671 599 833 634 Origenistis
845 601 954 627 damnat
967 600 1015 628 Ju-

224 642 360 670 stinianus
381 643 406 670 in
432 645 545 678 epistola
565 645 597 672 ad
619 647 741 680 quintam
769 646 913 681 synodum,
935 654 1016 681 quam

225 687 307 714 habet
325 687 464 715 tledrenns
489 699 496 717 -.
512 690 629 725 Λέγουσι
647 691 701 726 γὰρ
724 691 765 717 ὅτι
782 691 841 723 νόες
861 689 931 727 ἦσαν
956 692 1016 727 δίχα

224 733 326 765 παντὸς
351 734 467 769 ἀριθμοῦ
490 745 520 762 τε
543 736 589 763 καὶ
601 736 742 772 ὀνόματος,
759 737 797 769 ὡς
812 738 892 765 ἑνάδα
909 739 1017 765 πάντων

224 777 295 806 εἶναι
307 779 361 806 τῶν
374 780 489 815 λογικῶν
503 784 536 817 τῇ
550 782 693 819 ταυτότητι
707 783 757 818 τῆς
769 784 861 816 οὐσίας
878 785 924 812 καὶ
940 785 1016 820 ἐνερ-

224 823 312 857 γείας,
340 825 388 852 καὶ
406 826 438 861 τῇ
468 825 580 862 δυνάμει
603 828 637 862 τῇ
665 828 732 863 πρὸς
757 829 803 855 τὸν
831 829 896 855 Θεὸν
918 829 1014 863 Λόγον,

224 868 318 896 ἐνώσει
333 878 363 896 τε
377 872 535 905 καὶγνὼσει.
548 882 558 898 r
570 873 745 902 Dicuntenim
755 880 859 903 mentes
867 875 949 903 fuisse
957 877 1018 903 ahs-
1032 863 1054 891 Β

225 921 278 948 que
289 923 401 944 numero
415 922 441 944 et
456 918 575 952 nomine,
593 919 659 946 adeo
673 925 702 947 ut
719 928 809 948 rerum
824 921 945 948 omnium
971 928 1015 948 ra-

225 961 367 989 tionalium
386 963 476 990 unitas
503 964 549 995 sit,
564 972 625 991 ettm
644 964 713 993 idem
741 966 796 994 sint
811 966 973 999 substantia,
989 971 1016 993 et

225 1008 396 1042 operatione,
411 1014 439 1036 et
452 1010 552 1037 virtute
568 1018 627 1045 qum
644 1016 686 1038 est
700 1013 769 1046 apud
789 1012 871 1040 Deum
885 1013 1016 1045 Verbum,

227 1057 283 1081 tum
307 1055 471 1084 adunatione
486 1061 513 1083 et
540 1057 703 1092 cognitione.
721 1067 730 1084 ι
760 1057 885 1086 Gobarus
907 1065 1014 1093 quoque

225 1098 358 1127 Tritheita
380 1100 433 1133 ille,
452 1102 529 1136 cujus
550 1107 678 1136 excerpta
695 1102 802 1138 collegit
823 1102 936 1130 Photius
954 1103 1014 1130 cod.

224 1152 347 1178 ccxxx",
361 1146 484 1181 dogmata
504 1146 600 1180 multa,
611 1155 670 1183 qua:
688 1148 745 1175 fere
761 1149 922 1184 Origeniana
941 1154 1015 1184 sunt,

226 1191 252 1217 in
270 1196 416 1227 utramque
440 1192 581 1227 disptttans
608 1197 724 1229 partem,
750 1200 846 1222 octavo
869 1195 928 1222 loco
951 1196 1015 1223 illttd

227 1236 316 1270 habet,
328 1238 365 1270 ὡς
379 1239 411 1265 ἐκ
428 1238 477 1274 τῆς
490 1239 565 1270 Θείας
583 1240 678 1271 οὐσίας
695 1241 711 1276 ἡ
727 1240 883 1277 ἀνθρωπίνη
897 1241 1015 1277 προελή-

225 1282 288 1310 λυθε
311 1283 394 1320 ψυχή,
423 1292 478 1312 «ex
500 1285 589 1312 divina
616 1286 768 1314 substantia
788 1287 934 1314 humanam
955 1287 1016 1315 ani-

225 1335 297 1355 tnam
312 1329 486 1362 processisse.
502 1340 511 1356 ι

263 1374 324 1401 Fuit
338 1375 384 1402 illa
398 1377 508 1411 quidem
531 1377 765 1413 Pythagoreorum
792 1378 929 1410 doctrina,
946 1377 1016 1405 divi-

228 1426 270 1446 nae
293 1426 367 1448 aurai
386 1421 521 1456 particula
553 1423 659 1451 animus
685 1428 796 1451 nostras
820 1428 963 1457 constare,
989 1428 1017 1452 et

228 1465 315 1494 Deum

404 1543 412 1551 .
435 1543 442 1550 .
465 1544 474 1551 .
494 1542 502 1551 .
524 1543 532 1550 .
554 1544 562 1551 .
585 1544 592 1551 .
615 1524 654 1552 .”.
674 1525 768 1558 ireper
785 1534 874 1553 omnes

1068 239 1199 266 ronymus
1216 232 1295 266 epist.
1317 231 1352 258 59
1366 233 1399 258 ad
1419 232 1504 265 Avit.,
1524 239 1584 266 cap.
1603 231 1630 265 Δ,
1649 241 1660 257 ι
1675 235 1707 258 ιιι
1730 231 1794 258 tanti
1807 239 1843 260 sa-

1067 277 1170 311 crilegii
1185 277 1288 305 crimen
1304 277 1447 312 effugeret,
1463 286 1472 303 ι
1491 277 1532 304 vel
1546 277 1662 304 fortasse
1675 282 1706 303 ut
1724 277 1844 311 opinionis

1067 321 1148 355 hujus
1162 321 1319 356 neutiquam
1332 321 1439 349 amnem
1455 329 1485 349 se
1497 328 1559 349 esse
1575 321 1744 348 declararet.
1759 321 1800 348 Sic
1810 322 1844 350 ille

1067 368 1175 401 quidem
1193 368 1218 394 in
1238 368 1307 394 libro
1323 367 1360 395 De
1373 369 1513 403 martyrio.
1529 375 1603 394 nunt.
1620 368 1654 394 47
1674 377 1680 394 :
1699 368 1796 394 Ἕτιδὲ
1807 370 1843 395 ut

1068 413 1194 447 φιλοζωεί
1210 413 1361 447 ἄνθρωπος,
1374 415 1476 448 πεῖσμα
1496 413 1586 440 λαϐὼν
1600 413 1665 448 περὶ
1678 413 1773 445 οὐσίας
1784 414 1843 448 λογι-

1068 458 1119 494 κῆς
1141 458 1241 494 ψυχῆς,
1259 459 1297 491 ὡς
1317 459 1435 494 ἐχούσης
1448 468 1474 485 τι
1485 459 1616 493 συγγενὲς
1626 459 1700 495 Θεῷ.
1717 459 1790 492 Quod
1804 462 1821 486 si
1832 467 1844 488 e

1069 504 1115 531 Dei
1141 505 1294 531 substantia
1320 504 1468 531 delibatam
1489 504 1642 531 censuisset
1659 504 1789 536 animam,
1802 512 1843 532 non

1068 548 1147 576 aliine
1169 549 1270 584 aliquid
1292 549 1405 582 habere,
1428 549 1474 577 sed
1501 549 1586 584 ipsius
1608 549 1773 583 particulam
1795 557 1845 578 esse

1068 595 1182 623 dixisset
1200 595 1299 622 :atIine
1324 600 1413 622 autem
1444 602 1504 622 cum
1535 603 1568 623 eo
1593 594 1738 630 quidpiam
1766 595 1842 628 habet,

1068 641 1139 676 quod
1154 642 1187 668 ad
1210 641 1269 674 ejus
1295 641 1440 676 imaginem
1465 642 1574 668 condita
1598 641 1644 673 sit,
1661 641 1736 676 quod
1759 640 1843 670 lutnine

1067 688 1159 714 divino
1177 687 1268 714 vultus
1288 687 1373 722 ipsius
1394 688 1517 722 signatus
1544 688 1590 720 sit,
1610 688 1685 722 quod
1702 688 1793 715 mortis
1808 696 1844 715 ex-

1067 740 1140 767 pers,
1152 737 1179 759 et
1192 733 1330 760 beatitatis
1347 737 1454 760 aeterna:
1469 740 1553 767 capax
1567 734 1611 760 sit.
1634 732 1795 761 Planissime
1807 741 1843 761 re-

1068 786 1099 805 ro
1115 784 1235 805 errorem
1252 777 1324 804 ltunc
1349 777 1500 812 impietatis
1517 779 1605 813 arguit
1628 778 1655 804 in
1675 776 1843 811 Heracleone;

1067 825 1113 860 qui
1131 823 1250 858 ejusdem
1273 831 1335 851 esse
1356 832 1388 851 ac
1405 823 1489 851 Deum
1514 824 1641 852 essentia:
1667 824 1783 859 ﬁngebat
1796 826 1843 860 qui-

1069 877 1178 905 cunque
1205 870 1294 904 ipSum
1320 870 1417 905 spiritu
1451 870 1596 898 adorarent
1621 879 1629 897 :
1650 870 1844 906 Ἐπιστήσωμεν

1067 916 1106 948 δὲ,
1124 916 1210 951 inquit
1231 921 1303 943 tomo
1315 924 1363 943 xnt
1382 917 1409 943 in
1424 915 1516 949 Jonn.,
1534 924 1610 943 num.
1625 916 1674 948 25,
1698 917 1723 943 ει
1746 915 1779 951 μὴ
1793 917 1842 950 σφό-

1067 962 1117 998 δρα
1128 962 1200 989 ὲστὶν
1212 962 1309 994 ἀσεϐὲς
1319 962 1460 996 ὁμοούσιον
1473 962 1543 998 [lego
1555 962 1729 998 ὀμοουσὶους]
1780 963 1843 996 ἀγεν-

1068 1010 1140 1044 νήτῳ
1153 1008 1232 1044 φύσει
1247 1009 1294 1035 καὶ
1309 1008 1495 1044 παμμακαρίᾳ
1515 1006 1583 1035 εἶναι
1596 1009 1689 1043 λέγειν
1703 1008 1764 1040 τοὺς
1773 1017 1840 1044 προς-

1067 1054 1216 1086 κυνοῦντας
1229 1054 1268 1090 τῷ
1287 1054 1421 1089 πνεύματι
1436 1054 1475 1090 τῷ
1490 1054 1549 1090 Θεῷ
1567 1054 1635 1090 (56).
1657 1054 1714 1082 Hoc
1730 1055 1804 1081 etiam
1820 1062 1842 1081 se

1067 1106 1164 1136 purgat
1178 1101 1307 1136 Origenes
1322 1101 1368 1128 illo
1380 1101 1505 1132 crimine,
1518 1102 1588 1135 quod
1610 1101 1733 1127 animam
1746 1108 1839 1134 corpora

1068 1153 1121 1174 tam
1141 1155 1200 1175 esse
1216 1147 1345 1179 decrevit,
1364 1152 1393 1174 ut
1406 1147 1475 1174 intra
1489 1147 1708 1178 dect-arabimus;
1721 1146 1765 1181 qui
1783 1146 1840 1172 enim

1068 1200 1199 1228 corporea
1213 1200 1254 1220 res
1268 1200 1329 1227 pars
1342 1201 1401 1220 esse
1413 1193 1459 1220 Dei
1473 1199 1588 1227 corpore
1602 1192 1737 1224 carentis,
1752 1191 1839 1226 qualem

1068 1245 1128 1265 esse
1147 1238 1267 1265 defendit
1287 1237 1430 1273 Origenes,
1448 1237 1500 1264 dici
1527 1237 1651 1272 poierit?
1678 1237 1745 1264 llinc
1764 1237 1839 1269 Augu-

1067 1283 1154 1310 stinus
1178 1282 1224 1309 lib.
1245 1291 1252 1309 l
1274 1282 1311 1309 De
1336 1283 1408 1310 civit.
1432 1282 1492 1314 Dei,
1522 1290 1582 1317 cap.
1597 1282 1652 1310 25:
1670 1282 1797 1309 «Animas
1808 1281 1840 1308 di-

1067 1334 1145 1362 cunt,
1162 1337 1214 1355 non
1231 1329 1341 1363 quidem
1358 1334 1449 1364 partes
1462 1329 1519 1361 Dei,
1534 1329 1579 1355 sed
1601 1329 1689 1356 factas
1701 1336 1716 1355 a
1728 1329 1778 1355 lleo
1789 1335 1838 1362 pec-

1068 1381 1146 1401 casse
1160 1381 1174 1400 a
1192 1374 1340 1401 Conditore
1365 1375 1531 1408 recedendo;
1544 1379 1570 1401 et
1594 1374 1712 1402 diversis
1730 1380 1838 1409 progres-

1068 1418 1143 1446 sibus
1160 1427 1210 1454 pro
1223 1420 1383 1447 diversitate
1405 1425 1579 1455 peccatorum
1600 1429 1613 1447 a
1632 1421 1711 1449 caelis
1724 1427 1800 1455 usque
1813 1420 1838 1446 ad

1069 1470 1167 1498 terras,
1182 1466 1291 1494 dtversa
1304 1474 1419 1501 corpora
1442 1469 1519 1502 quasi
1537 1468 1645 1495 vincula
1664 1467 1798 1495 meruisse.
1814 1466 1838 1493 Et

1068 1512 1140 1539 hunc
1152 1520 1214 1540 esse
1230 1513 1371 1546 mundum,
1389 1521 1504 1548 eamque
1519 1522 1630 1542 causata
1661 1514 1752 1541 mundi
1771 1513 1838 1540 fuisse

230 1556 387 1595 terrasque,
398 1563 557 1595 tractusque
570 1561 663 1592 maris,
676 1556 820 1594 (telumque
833 1561 992 1595 profundum
1006 1569 1016 1589 ι
1031 1562 1052 1591 c
1069 1557 1197 1591 faciendi,
1214 1566 1267 1585 non
1286 1563 1315 1585 ut
1340 1559 1524 1586 conderentur
1551 1559 1633 1592 bona,
1661 1561 1708 1587 sed
1734 1563 1762 1586 ut
1783 1558 1837 1585 mala

231 1591 300 1630 [Hoc
320 1591 442 1630 pecudes,
459 1591 590 1626 anticum,
606 1595 688 1627 viros,
701 1591 782 1630 genus
799 1591 1015 1630 antue'ferarum,

230 1626 364 1663 Quemque
374 1628 424 1655 sibi
433 1634 524 1656 tenues
537 1626 686 1657 nascentem
701 1626 835 1657 arcessere
848 1626 925 1658 vites.

422 1674 540 1709 (thott.
557 1675 664 1711 ϐιοῖς..
679 1676 727 1703 lib.
740 1684 778 1708 tv,
795 1684 867 1704 vers.
887 1677 964 1712 921.)

230 1746 241 1763 ‹
255 1736 416 1773 Audiebam,
443 1750 451 1766 ι
469 1742 508 1768 ait
532 1741 601 1770 Cato
623 1743 693 1777 apud
708 1742 838 1776 Tullium,
854 1754 863 1770 ‹
877 1743 1010 1780 Pythago-

231 1790 300 1816 ram,
321 1783 571 1821 Pythagoreosque,
597 1787 702 1815 ittcolas
737 1796 806 1823 pene
825 1795 943 1821 nostros,
967 1790 1014 1824 qui

228 1835 321 1858 essent
345 1830 430 1859 Italici
451 1833 605 1868 philosophi
627 1835 765 1868 quondam
792 1836 933 1867 nominati,
948 1845 1017 1863 lllln-

228 1884 309 1911 quam
342 1878 479 1906 dubitasse
505 1881 569 1914 quin
589 1887 621 1906 ex
649 1880 775 1907 universa
806 1887 897 1909 mente
922 1882 1014 1908 divina

229 1921 364 1950 delibatos
383 1923 490 1951 animos
510 1924 682 1953 haberemus.
701 1935 709 1951 ι
735 1925 762 1953 In
786 1928 880 1954 eadem
908 1927 1018 1955 fuerunt

228 1968 387 2003 opinatione
410 1969 542 1998 Platonici
564 1976 590 1997 et
613 1970 708 2005 Stoici,
727 1981 809 2007 quam
833 1979 860 2000 ct
876 1973 977 2004 Cerdo.
991 1979 1018 2001 et

229 2013 346 2046 Marcio,
362 2020 389 2042 et
406 2015 546 2043 Manicltaei
563 2017 678 2044 subinde
695 2018 813 2053 amplexi
831 2024 903 2046 sunt.
919 2019 1017 2046 llicro-

228 2068 326 2097 nymus
345 2061 426 2096 epist.
449 2061 480 2088 61
499 2063 532 2089 ad
557 2061 728 2096 Pammacln,
750 2070 810 2099 cap.
832 2065 860 2096 5,
876 2065 917 2092 sic
935 2064 1018 2092 Joan-

228 2115 290 2134 netn
305 2106 580 2144 Hierosolymitannm
599 2109 753 2144 interpellat
769 2120 775 2138 :
794 2121 802 2136 ι
816 2111 887 2138 Dicis
912 2112 1018 2139 animas

229 2153 368 2181 hominum
392 2162 445 2182 non
462 2160 567 2190 partem
582 2163 644 2184 esse
660 2156 706 2183 Dei
721 2162 825 2184 natura:
841 2164 848 2184 :
866 2157 944 2192 quasi
959 2157 1017 2185 Ma-

229 2199 348 2227 niclneus
379 2208 450 2228 nunc
481 2201 514 2228 ab
548 2200 697 2237 Epiphanio
725 2203 765 2230 sis
796 2207 950 2236 vocatus“
991 2208 1018 2231 et

1068 1603 1274 1631 cohiberentur.
1300 1603 1369 1632 Hinc
1386 1604 1520 1638 Origenes
1533 1604 1593 1639 jure
1609 1605 1734 1640 culpatur
1752 1614 1758 1631 :
1778 1604 1800 1631 in
1813 1603 1837 1629 li-

1067 1652 1125 1678 bris
1144 1651 1215 1678 cnim
1242 1658 1311 1686 quos
1337 1651 1456 1685 appellat
1478 1651 1547 1685 Περὶ
1577 1651 1692 1686 ἀρκῶν.
1711 1651 1735 1678 id
1751 1649 1838 1683 est,l)c

1067 1696 1218 1730 principiis,
1236 1696 1288 1723 hoc
1307 1696 1403 1729 sensit,
1420 1696 1471 1723 hoc
1495 1697 1617 1731 scripsit.
1635 1706 1644 1722 1
1665 1697 1786 1731 Origenes
1798 1695 1836 1729 igi-

1069 1746 1113 1767 tur
1128 1741 1244 1774 attimas,
1261 1749 1314 1768 non
1341 1742 1449 1776 quidem
1475 1747 1568 1775 partes
1591 1741 1650 1772 Dei,
1666 1742 1713 1770 sed
1737 1741 1836 1768 factas:

1069 1787 1124 1814 Deo
1139 1795 1199 1814 esse
1214 1787 1340 1815 credidit.
1358 1786 1413 1814 Nec
1438 1787 1528 1814 minus
1543 1788 1595 1815 hoc
1612 1788 1691 1820 utile,
1705 1787 1771 1822 quod
1786 1785 1834 1813 Ilie-

1069 1839 1196 1867 rouymus
1213 1833 1292 1866 epist.
1305 1831 1353 1865 82,
1366 1832 1399 1858 ad
1415 1831 1598 1859 Marcellinum
1611 1837 1638 1858 et
1649 1829 1834 1865 Anapsyehiam,

1070 1885 1228 1912 germanam
1246 1877 1372 1913 Origeuis
1390 1878 1552 1904 sententiam
1566 1878 1600 1904 ab
1623 1877 1675 1905 hac
1700 1876 1746 1912 ipsi
1765 1873 1833 1901 aﬂicta

1068 1924 1210 1960 distinguit
1229 1933 1236 1950 :
1252 1933 1261 1950 ι
1286 1924 1372 1958 Super
1391 1924 1488 1951 anima:
1513 1929 1596 1956 statu,
1619 1923 1716 1958 inquit,
1744 1919 1833 1948 tuemini

1068 1975 1165 1998 vestrae
1189 1970 1402 2005 qu:t:stiuncul:n,
1435 1971 1490 1997 ituo
1518 1971 1636 1997 maxime
1666 1966 1832 1997 ecclesiasticae

1069 2016 1228 2051 quaestionis
1247 2025 1254 2044 :
1271 2022 1361 2043 utrum
1379 2017 1452 2051 lapsa
1480 2016 1513 2042 de
1535 2016 1606 2043 caelo
1618 2016 1664 2048 sit,
1682 2020 1709 2042 ut
1723 2013 1833 2049 Pythago-

1069 2069 1112 2089 ras
1127 2062 1313 2097 philosophus,
1339 2070 1489 2097 omnesque
1515 2061 1650 2090 Platonici
1679 2066 1703 2089 et
1725 2059 1831 2093 Origenes

1068 2112 1180 2142 putant;
1199 2115 1233 2134 an
1247 2115 1261 2134 a
1277 2107 1386 2143 propria
1403 2108 1448 2135 Dei
1462 2109 1628 2138 substantta.
1646 2112 1675 2134 ιιι
1689 2105 1777 2137 Stoici,
1788 2103 1830 2130 lla-

1070 2153 1202 2186 nichwus,
1214 2156 1241 2180 el
1256 2153 1392 2188 Hispaniae
1402 2153 1566 2180 Priscilliani
1585 2154 1702 2181 haereses
1714 2152 1830 2186 suspiran-

1070 2203 1124 2226 tur.
1137 2209 1146 2223 ι
1167 2199 1222 2227 Hoc
1242 2200 1350 2234 quidem
1370 2201 1405 2227 ob
1423 2201 1522 2234 dogma
1547 2199 1710 2227 l’alaastinos
1730 2195 1830 2231 0τίαωὶ-

228 2251 289 2278 cap.
306 2245 322 2271 6
338 2256 343 2271 :
363 2254 372 2271 ε
387 2245 458 2273 Dicis
475 2233 656 2275 animamhon
667 2255 728 2275 esse
739 2248 772 2275 de
786 2247 830 2275 Dei
842 2233 994 2275 substantia
1009 2257 1016 2282 ;
1034 2233 1056 2261 θ
1070 2249 1126 2272 stas
1151 2245 1271 2279 pulsavit
1300 2244 1482 2277 Justinianus,
1512 2244 1614 2272 idcirco
1641 2245 1753 2272 fortasse
1774 2238 1829 2275 φ’θίί

229 2289 352 2323 pulchre,
379 2290 492 2318 damnas
515 2291 587 2318 enim
610 2291 803 2326 impiissimum
825 2291 1015 2326 Manichzeum,

228 2342 309 2368 quem
337 2335 478 2363 nominare
502 2337 615 2372 pollutio
640 2342 681 2365 cst
695 2346 701 2371 ;
716 2347 725 2363 ›
742 2342 769 2365 et
792 2345 853 2365 mox
876 2345 883 2365 :
904 2347 913 2364 ι
930 2338 1015 2366 Nemo

228 2378 335 2405 dubitat
358 2387 454 2407 errare
483 2381 529 2416 qui
552 2382 619 2409 dicit
643 2389 702 2409 eam
734 2382 862 2419 (animam
894 2385 1015 2411 rationa-

228 2422 292 2459 lem)
311 2431 372 2452 esse
385 2425 431 2452 Dei
446 2427 640 2454 substantiam.
661 2438 670 2454 ι

266 2469 352 2505 Igitur
369 2470 488 2500 Joannes
506 2472 549 2499 ille
571 2472 845 2509 Hierosolymitanus,
861 2476 906 2511 qui
918 2476 1014 2512 Orige-

228 2515 300 2543 nista
328 2517 407 2552 rulgo
431 2519 572 2550 audiebat,
594 2519 628 2546 ab
648 2527 679 2546 ea
700 2525 788 2548 tatncn
811 2522 952 2556 opinione,
975 2523 1014 2549 fa-

228 2565 302 2589 Iente
322 2562 498 2600 Hieronymo,
516 2569 576 2592 erat
603 2565 728 2598 alienus;
753 2567 824 2600 quod
842 2569 876 2595 ad
899 2576 1016 2603 purgan-

227 2607 291 2635 dum
309 2609 454 2644 Origenem
467 2610 560 2638 valere
580 2615 679 2646 potest.
700 2611 759 2646 ipse
780 2613 923 2649 Origenes,
939 2616 1015 2650 enjns

227 2656 310 2682 verba
327 2664 377 2690 pro
395 2657 445 2684 hoc
459 2657 586 2693 dogmate
602 2659 698 2686 recitat
714 2659 904 2696 Hieronymus,
920 2669 1013 2688 vocem

227 2701 338 2733 addens,
359 2705 562 2737 quodammodo,
581 2706 806 2739 reprehensiones
831 2714 846 2733 a
869 2714 898 2734 se
921 2708 1014 2742 probi.-

264 2757 321 2796 (ἦρ)
338 2756 396 2796 lloc
412 2758 491 2786 etiam
515 2769 542 2787 se
565 2766 660 2795 purga!
678 2760 804 2796 Origenes
829 2763 876 2789 illo
892 2763 1014 2794 crimine.

228 2793 298 2826 quod
323 2794 439 2830 animum
463 2793 636 2830 purpuratam
659 2793 861 2830 eueldecrevit,
876 2804 929 2825 etc.
955 2797 1013 2825 Jatn

230 2834 311 2861 supra
329 2829 532 2857 observavimus
550 2837 648 2866 quast.
665 2832 692 2864 9,
714 2831 750 2859 De
771 2833 882 2868 augetis,
894 2841 968 2861 nutu.
985 2833 1012 2866 ἃ,

1068 2292 1186 2319 tributos
1201 2299 1297 2319 omnes
1318 2292 1429 2326 Origeni
1445 2299 1554 2319 errores
1576 2291 1610 2318 ab
1624 2291 1657 2318 iis
1674 2291 1828 2326 propugnﬂos

1068 2337 1154 2366 fuisse
1169 2338 1297 2373 opinatus
1311 2343 1352 2366 est
1366 2347 1372 2365 :
1386 2339 1428 2365 sin
1444 2339 1467 2366 ei
1495 2339 1668 2365 adh-arserunt
1686 2342 1777 2365 revera,
1790 2330 1826 2357 "'1"

1067 2384 1141 2410 nime
1174 2391 1240 2411 sane
1272 2389 1438 2411 δραιιιιοτυιιι
1467 2391 1578 2410 511οΓ1111ὶ
1610 2384 1730 2410 vesanias
1755 2382 1826 2406 Olmies

1067 2429 1208 2464 praestabit
1223 2429 1416 2456 Adamantius.
1436 2429 1513 2462 Quod
1531 2429 1553 2455 si
1572 2433 1661 2456 tamen
1677 2427 1752 2460 culpa:
1764 2421 1825 2454 W‘”

1068 2474 1163 2502 fuisset
1178 2482 1250 2507 reus,
1273 2475 1477 2509 astipulatorem
1505 2475 1555 2509 ipsi
1572 2476 1698 2501 daremus
1710 2466 1824 2515 Tertullia-

1069 2529 1142 2554 nutn,
1159 2522 1204 2555 qui
1223 2521 1270 2548 lib.
1293 2529 1319 2547 tv
1348 2521 1473 2547 adversus
1491 2520 1666 2553 Marcionem,
1681 2526 1735 2553 cap.
1747 2515 1824 2560 δείδω

1070 2569 1106 2594 ait
1123 2577 1130 2594 :
1148 2577 1157 2593 ι
1170 2568 1311 2595 llominent
1328 2568 1410 2602 igitur
1429 2567 1502 2594 reddi
1514 2567 1592 2600 jubet
1609 2565 1738 2597 Creatori,
1753 2563 1774 2589 in
1787 2565 1822 2586 cu-

1066 2614 1111 2648 jus
1126 2614 1244 2649 imagine
1264 2619 1292 2641 et
1307 2613 1496 2645 similitudine,
1513 2618 1539 2641 et
1561 2614 1682 2645 nomine,
1697 2618 1721 2639 et
1736 2606 1821 2636 materia

1067 2668 1211 2695 expressus
1224 2665 1274 2688 est.
1289 2669 1298 2687 ι

1106 2706 1149 2734 IV.
1163 2708 1331 2736 Ccrtiorihus
1347 2707 1479 2743 Origenes
1495 2712 1522 2735 et
1540 2705 1759 2734 manifestioribus
1775 2705 1820 2726 κη’

1071 2771 1196 2792 naturam
1223 2765 1321 2791 animm
1349 2766 1375 2791 in
1403 2771 1518 2800 corpore
1550 2763 1718 2800 quantumvis
1749 2752 1818 2787 sumi"

1069 2808 1122 2828 non
1135 2799 1258 2836 pusui=se
1275 2801 1432 2836 Origencm.
