1912 3079
34 88 96 116 891

461 93 747 125 ORIGENIANOHUM
767 97 830 125 LIB.
853 97 885 130 ll,
905 98 980 126 CAP.
999 98 1031 130 ΙΙ⁷
1050 98 1190 132 ΩυίΕΞΤ.
1213 99 1256 126 Vl.

1629 105 1682 132 898

36 147 168 175 tentiam
198 150 269 177 hanc
291 151 408 186 signavit
433 156 629 188 monumentis,
646 165 707 191 qua:
735 158 841 184 animas
856 161 878 188 Α
893 165 961 193 quas
985 165 1049 186 vero
1069 163 1116 185 aut
1143 159 1218 190 nihil,
1245 164 1294 186 aut
1314 160 1441 194 exiguum
1462 160 1575 196 aliquid.
1606 161 1682 190 Unde

35 197 114 220 ante
145 201 261 230 corpora
274 205 287 222 a
304 197 359 224 Deo
370 199 503 231 conditas,
519 201 543 226 in
558 208 645 235 eaque
658 203 696 229 sic
714 208 843 237 tanquam

35 238 68 264 in
94 240 240 274 ergastula
256 242 387 270 demissas
402 252 450 278 pro
466 246 585 279 peccatis
609 247 739 275 decernit.
756 249 844 283 Atque

35 283 106 311 hac
121 285 204 312 alteri
219 286 253 312 de
273 287 431 322 angelorum
448 290 554 318 meritis
570 296 597 318 et
617 294 844 321 remunerationi—

35 329 97 356 bus
115 336 151 357 ac
164 331 254 365 pcenis
268 334 392 366 superius
405 336 536 370 expositae
549 344 673 365 connexa
693 344 744 367 est.
758 339 843 367 Natu-

37 384 92 405 ras
104 379 185 405 enim
200 387 294 408 omnes
308 381 413 410 ratione
428 384 564 417 praeditas,
581 385 632 413 hoc
648 389 690 413 est
706 392 810 416 mentes
827 395 842 415 a

37 422 104 449 Deo
129 429 197 451 ante
223 426 316 452 mundi
342 427 480 462 opiﬁcium
507 435 673 464 procreatas,
702 432 843 468 liberoque

36 467 202 497 instructas
226 471 341 499 arbitrio
362 472 445 501 fuisse
470 476 587 510 putavit;
614 485 666 512 qua
697 483 772 506 recte
799 467 841 508 vel

38 515 123 543 male
146 517 243 552 agendi
267 519 395 547 facultate
417 520 533 549 diversis
551 528 658 551 utentes
683 525 782 557 modis,
799 526 840 553 di-

37 569 147 590 versus
164 563 227 591 inde
240 564 281 592 vel
293 565 398 600 gloriae,
414 567 456 594 vel
473 567 627 602 ignominia:
637 578 668 597 ac
679 577 766 604 poma:
779 579 841 606 gra-

36 608 98 635 dus
119 607 208 636 fuisse
230 616 411 645 consecutas;
428 611 497 639 alias
524 613 657 648 siquidem
683 615 839 650 angelorum

37 655 165 688 adeptas
181 662 241 683 esse
263 660 396 690 naturam,
416 664 475 692 quae
492 658 624 688 leviorum
649 668 740 690 essent
756 672 839 692 noxa-

38 707 108 726 rum
137 700 244 734 fontes;
265 710 325 736 quze
344 708 440 731 contra
464 704 542 733 liberi
562 707 671 735 arbitrii
685 717 798 738 munere
813 711 838 738 in

36 745 173 773 deterius
187 747 300 775 fuissent
315 748 415 783 abusae,
429 750 456 777 in
472 752 609 780 crassiora
624 761 751 789 corpora,
768 757 840 784 side-

37 799 105 818 rum
126 797 204 826 puta,
226 793 268 820 vel
291 794 458 829 daemonum,
479 797 521 824 vel
544 798 682 826 hominum
711 808 773 827 esse
793 803 839 828 de-

897 204 1072 230 inveniuntur
1091 204 1201 238 quidam
1226 205 1318 232 statim
1344 207 1378 233 ab
1403 207 1513 234 ineunte
1533 212 1614 234 zetate
1636 215 1682 235 ar-

895 248 1028 276 dentioris
1048 249 1192 281 acuminis,
1216 250 1262 277 alii
1288 258 1352 278 vero
1385 251 1530 284 tardioris;
1558 253 1680 280 nonnulli

895 300 984 322 autem
998 295 1167 323 obtusissimi
1183 301 1210 324 et
1227 297 1335 331 penitus
1349 297 1480 326 indociles
1498 299 1583 327 nasci.
1596 309 1605 326 ι
1619 299 1682 333 Qui-

895 341 945 368 bus
960 342 1058 369 similia
1072 342 1098 369 in
1117 342 1213 377 capitis
1225 343 1344 377 ejusdem
1357 344 1430 370 calce
1446 344 1586 371 iterantur.
1598 344 1680 373 Libro

893 395 958 415 vero
974 388 1170 416 lucubrationis
1184 390 1304 424 ejusdem
1317 390 1417 424 priore,
1437 398 1498 425 cap.
1514 390 1541 423 7,
1563 399 1638 418 num.
1650 391 1678 424 ι,

893 434 1011 461 animam
1030 435 1162 468 hominis,
1182 443 1235 462 non
1252 443 1313 462 cum
1337 443 1450 470 corpore
1472 436 1571 464 factam
1589 437 1678 472 docet,

893 480 939 508 sed
969 481 1140 510 extrinsecus
1167 481 1310 514 insertam,
1332 482 1414 516 idque
1442 491 1490 517 pro
1517 483 1678 510 meritorum

891 527 1009 554 ratione.
1031 527 1172 555 Probanda
1197 527 1258 555 huic
1287 527 1380 555 Jacobi
1405 528 1508 563 profert
1524 530 1677 563 exemplum

891 577 919 600 et
939 571 1020 605 Esau,
1043 579 1158 607 quorum
1182 572 1226 600 hic
1246 572 1369 606 fratrem,
1389 581 1451 601 cum
1474 581 1506 601 ex
1523 568 1679 609 ut‘eropro-

891 619 971 650 diret,
991 618 1190 653 supplantavit;
1216 619 1289 653 quod
1316 619 1352 646 ita
1375 627 1545 654 nequaquam
1565 626 1677 647 eventu-

891 672 950 692 rqu
964 664 1047 691 fuisse
1060 669 1163 695 censet,
1180 665 1231 692 nisi
1248 665 1274 692 id
1289 670 1402 700 uterque
1414 665 1509 693 fuisset
1523 666 1607 702 gestis
1622 668 1678 695 suis

889 711 1066 744 promeritus.
1085 715 1231 745 antequam
1253 710 1325 737 ccelo
1350 711 1521 739 delaberetur
1535 719 1542 738 :
1556 712 1630 739 addit
1650 717 1677 739 et

888 755 1000 784 Joannis
1023 757 1189 791 exemplum,
1208 757 1252 791 qui
1273 757 1299 783 in
1324 758 1440 785 materni
1457 757 1525 785 uteri
1549 758 1677 786 claustris

889 803 1037 830 etiamnum
1052 809 1222 838 compactus,
1236 804 1270 830 ad
1284 803 1377 832 Maria:
1394 811 1487 831 vocem
1503 805 1673 839 tripudiavil;

36 846 178 873 pressas;
197 841 236 868 sic
261 846 362 877 tamen,
379 849 409 872 ut
422 853 583 882 quocunque
602 848 657 875 sint
669 849 739 882 loco,
755 851 838 885 proli-
855 835 876 864 Β
890 854 916 876 et
931 848 1067 881 Jercmite,
1091 850 1133 876 cui
1149 849 1257 876 dixerat
1274 849 1404 877 Dominus
1419 858 1426 876 :
1442 860 1451 875 ‹
1465 850 1629 886 Priusquam
1649 856 1675 879 te

38 893 109 912 cere
125 887 234 921 possint
250 888 275 915 in
290 890 399 923 virtute,
418 893 459 920 vel
483 898 577 921 contra
605 894 688 922 relabi
705 896 731 923 in
751 897 813 924 vitia
827 906 835 930 ;

37 936 68 957 ct
87 939 141 964 pro
160 940 299 968 regressus
323 936 364 963 sui
380 938 421 964 vel
437 946 599 974 progressus
615 941 728 973 ratione,
746 943 779 970 ad
795 951 838 970 su-

39 979 183 1011 perierem
207 981 357 1008 evelluntur
371 988 482 1016 statum,
499 985 539 1011 vel
558 987 592 1013 ad
615 985 772 1014 inferiorem
790 989 835 1016 de-

39 1024 192 1050 trudantur
211 1024 278 1059 (57;.
306 1024 373 1053 lluic
401 1034 508 1062 quoque
537 1029 684 1056 conditioni
717 1030 835 1057 animans

38 1067 180 1102 obligavit
199 1068 311 1104 Christi,
327 1077 441 1106 eamque
456 1081 504 1107 pro
520 1081 626 1101 summo
643 1083 692 1102 suo
707 1076 836 1104 adversus

40 1112 132 1141 Deum
144 1123 248 1148 amore,
266 1116 353 1144 Verbo
369 1117 394 1144 in
405 1125 486 1146 unum
502 1119 673 1153 conjunctam
691 1121 774 1149 fuisse
787 1130 836 1149 vo-

40 1159 106 1191 luit,
120 1165 204 1194 alque
219 1161 280 1188 inde
297 1169 395 1197 c0rpus
410 1163 436 1190 in
453 1163 483 1190 11.
498 1165 618 1199 Virginis
642 1166 734 1194 Marhe
758 1172 833 1195 uterc-

42 1204 194 1232 formatum
215 1207 341 1236 subiisse.
362 1207 384 1235 E
404 1210 539 1238 tuentibus
554 1219 635 1245 porro
648 1212 701 1240 illis
712 1220 772 1247 qua:
784 1222 834 1240 an-

14 1282 19 1286 ,
40 1251 161 1286 gelicam
186 1259 278 1281 essent
299 1259 430 1282 assecuta
455 1256 636 1284 conditionem
651 1278 659 1290 ,
690 1260 834 1288 nonnuas

40 1297 148 1324 Christi
174 1298 314 1326 imitantes
337 1300 470 1328 adversus
494 1302 644 1330 humanum
660 1311 744 1338 genus
759 1313 834 1332 amo-

40 1349 100 1370 retu
115 1348 144 1371 et
159 1344 331 1379 charitatem,
344 1346 386 1373 vel
402 1346 462 1374 aliis
473 1349 506 1376 de
520 1349 611 1376 causis
624 1358 637 1376 a
656 1351 709 1378 Deo
724 1351 833 1384 missas,

41 1396 157 1418 carnem
175 1391 356 1426 assumpsisse
373 1392 469 1426 sensit,
482 1397 508 1420 et
522 1395 714 1429 prophetarum
727 1403 834 1425 sancto-

42 1443 162 1471 rumque
180 1437 297 1464 virorum
318 1445 463 1472 personam
478 1440 594 1474 gessisse
612 1441 637 1468 in
652 1442 742 1476 terris,
762 1435 832 1471 el’ad

42 1482 202 1517 exemplum
212 1482 312 1511 Christi
331 1491 392 1512 sese
406 1491 600 1519 componentes
617 1487 756 1515 hominum
770 1489 833 1516 reli-

42 1535 161 1562 quorum
173 1528 253 1556 saluti
267 1529 448 1558 consuluisse.
472 1531 572 1558 llorum
588 1533 710 1561 omnium
726 1539 830 1569 partem

42 1573 292 1602 demonstravimus
313 1576 369 1611 jam
398 1585 490 1613 supra,
504 1583 608 1613 partem
627 1579 671 1607 hic
685 1581 830 1608 declaran-

42 1619 105 1647 dam
121 1621 302 1649 servavimus.

76 1664 191 1693 Minime
214 1674 277 1694 vero
302 1668 380 1696 nobis
402 1668 504 1697 diutius
528 1669 727 1698 immorandum
743 1677 784 1700 est
805 1674 830 1702 in

40 1709 110 1738 locis
120 1711 290 1747 colligendis,
303 1714 400 1748 quibus
411 1715 562 1743 animarum
572 1717 744 1754 προΰπαρξιν
757 1719 829 1746 Ada-

41 1756 163 1784 mantius
183 1757 309 1785 asseruit.
336 1758 431 1786 Patent
450 1759 487 1787 illi
506 1762 652 1796 unicuique
666 1763 783 1796 obviam,
802 1770 830 1792 et

40 1802 101 1829 viro
130 1810 183 1829 non
208 1803 321 1830 multum
350 1804 471 1844 diligenti
497 1806 653 1840 frequentes
669 1815 827 1838 occurrunt.

39 1849 164 1883 lnsignes
190 1849 322 1877 duntaxat
349 1851 443 1885 aliqui,
465 1859 514 1886 pro
545 1860 621 1880 more
647 1859 750 1886 nostro,
767 1855 828 1882 ﬁdei

39 1895 220 1923 concilianda:
248 1897 335 1931 gratia
363 1897 513 1925 adducendi
536 1903 611 1931 sunt,
641 1905 740 1934 prteter
769 1908 826 1934 eos,

40 1941 174 1976 quosjam
192 1949 272 1975 supra
293 1942 467 1976 protulimus,
481 1951 542 1970 cum
565 1944 649 1978 ipsius
665 1947 827 1974 sententiam

39 1987 74 2014 de
102 1987 258 2022 angelorum
286 1988 393 2016 meritis
418 1989 633 2023 exploraremus.
661 1991 733 2019 Ante
761 1992 828 2021 alios

39 2033 225 2061 observandus
250 2034 322 2062 venit
339 2035 384 2062 ille
396 2044 411 2063 e
429 2035 474 2063 lib.
492 2044 510 2064 ιι
541 2037 613 2070 Περέ
636 2036 749 2072 ἀρχῶν,
764 2047 825 2073 cap.

40 2079 68 2111 8,
84 2086 156 2106 num.
173 2080 190 2107 5
210 2085 236 2108 et
255 2080 283 2112 Δ,
305 2081 330 2108 in
345 2089 398 2116 quo
421 2087 534 2109 naturas
561 2083 622 2110 illas
643 2084 749 2111 ratione
768 2085 826 2119 pol-

40 2124 136 2158 lentes,
152 2133 211 2160 quae
228 2134 242 2153 a
257 2126 312 2154 Deo
326 2129 441 2162 primum
462 2134 612 2162 procreatae
639 2134 712 2162 sunt,
738 2131 826 2164 prinis—

846 1511 867 1539 C

889 893 1032 920 formarent
1056 893 1082 920 in
1103 899 1192 925 utero,
1218 893 1279 920 novi
1305 899 1329 921 te
1344 903 1350 920 ε
1367 900 1395 922 et
1418 900 1563 929 antequam
1583 896 1674 924 exires

887 939 921 966 de
936 939 1025 971 vulva,
1042 939 1211 967 sanctilicavi
1231 941 1299 968 te".
1315 949 1324 966 ι
1345 940 1471 974 Alioquin
1494 941 1531 967 ait
1554 941 1673 969 futuram

887 985 958 1020 apud
973 985 1055 1012 Deum
1073 986 1311 1022 προσωποληψίαν,
1325 992 1352 1014 et
1374 986 1542 1021 iniustitiam,
1558 988 1629 1023 quod
1647 993 1674 1015 et

888 1035 953 1058 tom.
970 1039 988 1058 ιι
1005 1032 1031 1058 in
1048 1030 1142 1063 luam,
1162 1040 1236 1058 num.
1251 1033 1297 1064 25,
1314 1033 1424 1066 repetit.
1442 1031 1543 1060 Eadem
1567 1041 1674 1061 asseve-

887 1077 991 1104 rantius
1009 1077 1127 1105 inculcat
1148 1086 1207 1112 cap.
1228 1078 1255 1111 8,
1281 1079 1342 1106 libri
1359 1087 1366 1106 ι
1382 1079 1452 1112 Περὶ
1468 1078 1581 1114 ἀρχῶν.
1596 1084 1623 1107 et
1639 1080 1670 1107 li-

885 1123 927 1150 bri
953 1131 994 1158 ιιι,
1022 1131 1082 1158 cap.
1101 1124 1127 1156 1,
1147 1133 1220 1152 num.
1244 1125 1291 1152 20.
1309 1124 1457 1160 Postquam
1481 1126 1553 1152 enim
1578 1134 1672 1153 unum-

886 1177 1021 1204 quemque
1040 1169 1118 1202 dixit,
1136 1175 1217 1204 prout
1241 1178 1303 1198 sese
1320 1172 1414 1206 gessit,
1431 1179 1446 1198 a
1459 1170 1515 1198 Deo
1532 1179 1580 1199 vas
1602 1172 1670 1199 efﬁci

885 1215 928 1243 vel
943 1216 976 1242 ad
991 1216 1122 1244 honorem
1138 1216 1180 1243 vel
1196 1216 1229 1243 ad
1247 1217 1450 1250 contumeliam,
1469 1217 1560 1244 subdit
1582 1218 1671 1245 conti-

884 1268 939 1287 nuo
956 1260 1054 1288 ibidem
1073 1269 1134 1295 pag.
1151 1260 1203 1288 154
1219 1268 1226 1287 :
1243 1269 1252 1286 ι
1265 1260 1341 1294 Quod
1359 1261 1462 1295 sijusta
1489 1262 1546 1288 haec
1564 1261 1671 1288 videtur

885 1306 1010 1339 assertio,
1027 1307 1099 1334 sicut
1118 1312 1159 1334 est
1177 1312 1251 1334 certe
1263 1307 1348 1341 justa,
1366 1313 1466 1336 etcum
1480 1308 1553 1335 omni
1568 1308 1670 1343 pietate

884 1354 1064 1385 concordans,
1083 1354 1121 1380 uti
1149 1361 1183 1380 ex
1212 1354 1431 1388 praecedentibus
1456 1354 1545 1382 causis
1572 1362 1669 1381 unum-

884 1401 1010 1434 quodque
1026 1406 1072 1426 vas
1087 1399 1131 1426 vel
1147 1399 1179 1426 ad
1196 1399 1327 1426 honorem
1344 1407 1358 1426 a
1379 1400 1443 1432 Deo,
1461 1399 1502 1427 vel
1520 1400 1553 1427 ad
1574 1405 1669 1427 contu-

885 1444 992 1471 meliam
1013 1449 1182 1478 prmparetnr
1198 1453 1205 1471 :
1221 1452 1273 1471 non
1291 1445 1400 1472 videtur
1414 1445 1559 1473 absurdum
1573 1446 1666 1473 eodem

883 1490 989 1523 ordine,
1008 1496 1089 1525 atque
1103 1491 1197 1517 eadem
1214 1491 1407 1525 consequentia
1424 1491 1602 1519 discutientes
1618 1499 1668 1520 nos

883 1536 1050 1570 antiquiores
1063 1543 1170 1568 causas,
1185 1537 1279 1563 eadem
1296 1537 1375 1564 etiam
1403 1537 1436 1564 de
1457 1538 1608 1565 animarum
1625 1546 1668 1565 ra-

883 1582 956 1609 tione
977 1583 1090 1614 sentire,
1107 1587 1134 1609 et
1147 1583 1198 1610 hoc
1214 1590 1275 1610 esse
1295 1583 1322 1610 in
1339 1591 1421 1610 cattsa
1436 1584 1507 1618 quod
1524 1583 1610 1612 Iacob
1626 1584 1669 1612 di-

882 1627 967 1655 lectus
986 1634 1027 1656 est
1054 1633 1200 1663 antequam
1229 1629 1292 1656 huic
1324 1629 1424 1656 mundo
1449 1635 1619 1662 nasceretur,
1640 1636 1668 1658 et

882 1673 950 1700 Esau
965 1674 1026 1701 odio
1044 1674 1153 1701 habitus
1165 1678 1219 1704 est,
1233 1674 1295 1701 dum
1314 1675 1404 1702 adhuc
1421 1675 1447 1701 in
1463 1680 1559 1702 ventre
1571 1676 1667 1704 tuatris

882 1719 1036 1746 haberetur.
1049 1729 1058 1745 ›
1076 1720 1298 1746 Dissertatiouem
1309 1720 1416 1746 demtun
1428 1720 1463 1746 ita
1476 1720 1577 1747 claudit
1590 1728 1664 1749 num.

881 1764 912 1791 2|
931 1773 939 1791 :
957 1765 1014 1791 «Ex
1039 1773 1093 1800 quo
1119 1765 1264 1799 opinamur
1288 1765 1415 1800 quoniam
1443 1766 1552 1800 quidem
1577 1766 1666 1800 (sicut

880 1811 1037 1846 frequenter
1051 1811 1177 1846 diximus)
1195 1811 1356 1838 immortalis
1378 1816 1419 1838 est
1437 1812 1527 1838 anima
1543 1816 1570 1839 et
1584 1816 1666 1839 reter-

880 1864 924 1889 na,
941 1857 1012 1891 quod
1029 1857 1054 1883 in
1071 1856 1172 1889 multis,
1186 1861 1213 1884 et
1224 1857 1282 1884 sine
1296 1857 1349 1884 ﬁne
1362 1857 1456 1892 spatiis
1471 1865 1518 1892 per
1532 1857 1665 1884 immensa

879 1908 906 1930 et
919 1902 1025 1929 diversa
1035 1902 1130 1929 saecula
1144 1902 1271 1937 possibile
1286 1907 1338 1933 est.
1354 1907 1382 1929 ut
1395 1902 1463 1930 vela
1478 1909 1583 1929 summo
1593 1903 1665 1930 bono

879 1949 912 1976 ad
927 1948 1020 1976 inﬁma
1039 1949 1107 1975 mala
1123 1949 1282 1981 descendat,
1295 1953 1322 1976 et
1337 1949 1371 1976 ab
1388 1949 1491 1976 ultimis
1507 1949 1540 1976 ad
1557 1956 1664 1976 summa

879 1995 950 2022 bona
968 1999 1119 2030 reparetur.
1132 2004 1141 2020 ι
1163 1995 1239 2028 Quod
1256 2000 1347 2022 autem
1363 2001 1456 2022 contra
1471 1995 1569 2029 opponi
1585 2000 1663 2029 pote-

879 2046 921 2068 rat
934 2049 966 2068 ex
985 2040 1060 2067 Pauli
1078 2041 1110 2067 ad
1127 2040 1264 2068 Romanos
1285 2048 1345 2074 cap.
1364 2048 1402 2074 ιχ,
1421 2042 1503 2067 Deum
1521 2047 1554 2067 ex
1568 2040 1662 2067 eadem

878 2094 979 2119 massa,
1007 2087 1047 2114 sic
1071 2091 1200 2122 tanquam
1219 2086 1329 2121 ﬁgulum
1353 2094 1368 2113 e
1390 2086 1446 2113 luto
1467 2094 1531 2113 vasa
1553 2086 1606 2113 alia
1629 2086 1663 2113 ad

878 2131 1009 2159 honorem
1029 2132 1140 2166 ﬁngere,
1158 2131 1209 2159 alia
1235 2132 1268 2159 ad
1287 2131 1491 2164 contumeliam,
1506 2132 1546 2159 sic
1560 2131 1663 2159 diluere

40 2181 120 2207 quam
150 2173 211 2200 boni
242 2173 346 2208 aliquid
373 2175 415 2201 vel
439 2175 502 2202 mali
521 2176 547 2203 iu
578 2184 608 2204 se
622 2178 823 2211 concepissent,
841 2183 863 2211 ι)
878 2178 1027 2211 contendit,
1048 2177 1221 2205 rationalium
1239 2178 1393 2204 animarum
1410 2185 1491 2204 unam
1507 2185 1568 2206 esse
1587 2184 1664 2205 natu-

42 2222 144 2246 mentes
161 2218 244 2248 fuisse
264 2220 359 2252 tradit;
377 2221 474 2248 deinde
491 2229 555 2249 vero
575 2222 678 2250 seclcre
693 2223 824 2256 admisso,

42 2264 144 2290 animas
168 2264 295 2292 evasisse.
328 2265 413 2294 Verba
438 2267 494 2302 ipsa
523 2267 735 2301 producuntor:
756 2278 764 2293 ι
781 2268 818 2295 Ex

40 2310 139 2345 quibus
164 2312 288 2339 omnibus
305 2311 370 2339 illud
389 2313 497 2340 videtur
521 2314 639 2345 ostendi,
654 2316 729 2348 quod
746 2323 823 2343 tncns

41 2357 73 2385 de
100 2362 170 2385 statu
189 2365 238 2385 suo
263 2365 295 2385 ac
319 2358 453 2394 dignitate
479 2359 631 2392 declinans,
652 2360 749 2388 effecta
781 2361 824 2389 vel

41 2407 190 2437 nuncupata
213 2407 254 2430 est
275 2404 458 2439 animazqua:
478 2405 500 2432 si
527 2410 656 2439 reparata
689 2405 772 2433 fuerit
796 2411 823 2434 et

41 2453 168 2481 correcta,
187 2450 257 2477 redit
275 2450 301 2478 in
319 2451 370 2479 hoc
383 2455 412 2478 ut
428 2452 463 2479 sit
477 2459 565 2479 mens.
579 2452 654 2485 Quod
671 2452 693 2479 si
712 2453 748 2479 ita
766 2457 821 2485 est,

41 2495 164 2522 decessus
178 2495 236 2529 ipse
250 2496 348 2523 mentis
359 2504 391 2524 ac
407 2497 541 2524 devolutio
555 2497 662 2524 videtur
673 2498 738 2524 mihi
750 2499 820 2532 quod

41 2548 93 2567 non
119 2541 226 2574 aqualis
252 2541 373 2569 omnium
399 2542 556 2570 senticndus
577 2543 623 2574 sit,
640 2543 687 2570 sed
701 2543 745 2570 vel
762 2544 823 2578 plus

41 2586 82 2614 vel
109 2587 196 2615 minus
222 2587 249 2613 iu
281 2587 400 2614 animam
427 2589 506 2621 verti,
524 2593 551 2616 et
577 2589 685 2623 aliquas
713 2589 821 2623 quidem

42 2637 140 2660 tuentes
164 2639 275 2660 servare
298 2633 400 2668 aliquid
421 2634 503 2661 etiam
518 2635 616 2669 prioris
633 2635 750 2668 vigoris;
769 2635 820 2662 ali-

75 2711 97 2727 "
107 2710 205 2740 Jerem.
223 2719 242 2744 η
256 2711 283 2738 5.
320 2711 341 2727 ³·
359 2711 436 2738 non).
453 2719 491 2744 Ix,
512 2711 556 2738 90.

76 2770 211 2805 (Ninnio
240 2779 341 2806 quoque
372 2772 515 2799 conditioni
546 2773 661 2798 animum
693 2772 816 2807 obligauit

41 2805 131 2834 C/iriut'
146 2827 153 2839 ,
171 2815 278 2841 cumque
297 2805 352 2841 pro
377 2815 478 2833 summa
505 2815 552 2832 suo
580 2809 703 2834 adversus
732 2805 815 2834 Deum

880 2231 949 2256 ram,
967 2231 1027 2258 qua:
1051 2224 1106 2251 Deo
1125 2232 1178 2250 nou
1204 2230 1285 2251 secus
1303 2223 1442 2258 subjaceat
1460 2231 1491 2251 ac
1506 2224 1555 2251 lllll
1573 2231 1662 2251 massa

879 2268 968 2304 ﬁgulo,
987 2274 1067 2304 atque
1084 2270 1146 2296 inde
1161 2269 1228 2296 varii
1248 2270 1355 2303 generis
1372 2277 1433 2297 vasa
1450 2270 1581 2305 depromi.
1593 2269 1663 2297 Pau-

878 2313 958 2341 linam
977 2314 1102 2341 similiter
1121 2314 1353 2348 increpationem:
1370 2323 1379 2339 ι
1392 2313 1414 2341 Ο
1434 2314 1526 2347 ιιοιιιο,
1554 2319 1580 2341 ιιι
1601 2314 1667 2349 quis

877 2367 918 2392 es,
931 2360 976 2394 qui
990 2365 1087 2387 contra
1106 2360 1270 2394 respondeas
1295 2360 1349 2387 Deo
1359 2360 1402 2387 “?
1416 2369 1425 2386 ι
1451 2361 1484 2387 ad
1500 2360 1597 2395 impios
1615 2360 1662 2387 de-

877 2406 960 2437 rivat,
977 2405 1023 2439 qui
1045 2413 1097 2432 non
1116 2405 1247 2437 discendi,
1262 2407 1309 2433 sed
1332 2406 1472 2433 resistendi
1497 2413 1579 2433 causa
1606 2405 1663 2434 Deo

874 2452 982 2486 obloqui
1007 2451 1117 2482 audent,
1140 2456 1169 2478 et
1191 2457 1334 2486 postquam
1364 2451 1532 2479 facinoribus
1554 2451 1611 2479 suis
1628 2459 1660 2479 ac

873 2498 986 2531 perlidia
1002 2497 1049 2525 Dei
1066 2497 1218 2531 alloquemli
1243 2498 1340 2524 ﬁducia
1359 2505 1390 2524 ac
1406 2497 1468 2531 jure
1488 2497 1658 2530 exciderunt,

873 2543 971 2570 merito
988 2543 1022 2569 iis
1041 2542 1121 2576 objici
1137 2543 1232 2570 debeat
1246 2551 1252 2569 :
1271 2552 1280 2568 ι
1291 2542 1314 2570 0
1329 2542 1422 2573 homo,
1437 2546 1464 2568 tu
1484 2542 1545 2576 quis
1558 2548 1598 2570 es.
1613 2542 1658 2575 qui

874 2594 970 2616 contra
987 2589 1150 2623 respondeas
1166 2588 1264 2615 Deo?»
1287 2588 1397 2615 Sanctis
1421 2594 1485 2614 vero
1503 2586 1659 2614 hominibus

875 2635 993 2662 adeundi
1015 2639 1042 2662 et
1061 2634 1216 2669 alloquendi
1239 2634 1297 2667 Dei,
1315 2634 1459 2668 eidemque
1477 2631 1658 2668 respondendi

873 2780 972 2802 «more.
991 2775 1042 2797 etc.
1064 2769 1129 2797 Vide
1145 2778 1225 2805 supra
1245 2770 1495 2799 animadversiones
1510 2769 1657 2798 nostrain

871 2812 968 2842 qual'a’l.
985 2806 1011 2840 ὅ,
1028 2806 1063 2833 De
1080 2805 1197 2839 Christo,
1214 2813 1289 2833 uuln.
1307 2805 1335 2833 6.
