1912 3079
244 111 298 141 899

863 113 893 142 P.
914 113 1072 142 DANIELIS
1091 114 1209 143 HUETII
1822 124 1863 151 900

245 173 352 207 copiam
374 180 482 208 semper
504 172 562 200 fieri
585 173 651 205 vult,
669 173 758 208 qualis
779 174 843 201 olim
857 174 944 209 Moysi
962 175 1032 202 facta
1047 177 1070 205 Α
1086 175 1182 202 minari
1199 176 1280 208 dicat,
1297 177 1407 205 tuiuime
1424 183 1513 207 tamen
1529 181 1598 208 satio
1616 181 1663 208 illa
1682 189 1746 216 qum
1771 188 1862 217 patnun

243 224 297 246 est.
315 219 401 252 Quam
417 220 503 252 ipsam
519 219 773 254 interpretationem
790 228 851 248 cum
862 220 1033 254 praecedente

245 265 278 292 de
294 264 387 292 Jacobi
410 265 511 298 anima,
529 269 556 292 et
573 265 646 292 vasis
665 266 698 293 ad
723 266 916 294 contumeliam
942 267 1032 294 hono-

245 317 336 336 remve
351 309 493 336 destinatis
513 309 697 345 disputatione
717 319 825 338 rursum
852 311 962 340 adlubet
983 312 1030 340 lib.

243 363 282 383 vn
306 357 332 382 in
355 355 442 388 Ερὶιι.
464 357 499 383 ad
521 357 610 389 Rom.,
636 365 710 384 num.
739 357 787 390 17,
809 358 872 385 dum
893 359 944 386 hoc
962 359 1031 386 idem

242 407 324 436 caput
345 402 551 430 Commentariis
570 404 627 431 suis
655 404 796 438 explanat.
814 405 897 433 Vana:
924 405 1031 434 scilicet

241 453 269 475 et
281 447 383 475 frivola:
395 449 420 474 in
435 456 463 475 re
474 453 568 483 aperta
585 449 784 482 cavillationes,
802 455 828 478 et
846 451 900 478 acri
914 458 1029 479 censura

240 501 273 521 ac
302 494 482 528 castigatione
512 495 611 531 dignm.
640 495 707 523 lluie
725 496 914 524 conﬁrmando
941 498 1028 524 errori

239 539 322 566 allata
346 540 471 574 superius
498 541 622 576 exempla
647 541 759 569 Joannis
776 543 802 568 in
833 544 928 570 matris
953 548 1029 570 utero

239 585 414 618 exsultantis,
433 591 461 612 et
481 585 608 614 Jeremiae
622 591 769 622 antequam
787 588 813 615 in
831 593 953 616 materna
968 589 1028 616 alvo

241 631 419 664 formaretur,
435 640 467 659 ex
490 639 577 667 eaque
591 632 722 666 prodiret,
738 633 793 660 Deo
808 634 878 666 noti,
896 635 930 661 ab
942 642 1028 669 eoque

239 678 400 712 sancti/icon
421 679 521 713 repetit
544 679 641 707 iterum
669 687 729 715 cap.
748 680 765 708 5
779 680 839 707 libri
867 681 939 708 tertii
957 681 1028 716 Περὶ

238 723 350 758 ἀρχῶν,
365 732 439 751 ηυιη.
455 724 482 755 5,
500 723 610 759 aliaque
632 726 755 760 congerit
774 726 858 760 petita
877 733 911 753 ex
935 726 969 753 iis
986 735 1028 753 ar-

238 775 376 804 gumenta,
391 771 437 805 qui
454 778 467 797 a
484 770 649 798 daemonibus
669 772 760 798 statim
789 772 823 799 ab
847 777 908 799 ortu
931 780 1024 800 corre-

238 817 288 850 pti,
307 817 346 844 vel
363 825 377 843 a
395 817 511 851 pueritia
528 817 667 844 divinandi
683 818 812 845 facultate
825 818 931 853 praediti
948 825 1023 852 sunt;

237 870 352 897 quorum
376 871 429 890 non
456 862 537 889 aliam
558 871 620 890 esse
637 871 747 890 causam
773 864 924 896 existimat,
944 872 1023 900 quam

237 916 281 936 res
297 908 361 935 olim
382 909 415 936 ab
431 909 463 936 iis
477 914 579 944 gestas,
595 915 741 944 antequam
755 917 872 944 corpora
888 911 1024 943 subirent;

235 955 342 982 arbitrii
368 955 469 990 quippe
496 956 538 982 sui
560 955 689 983 libertate
714 956 752 982 uti
770 963 878 991 semper
891 958 1024 989 animam,

235 1001 292 1028 sive
309 1006 385 1028 extra
405 1008 516 1036 corpus.
538 1001 596 1028 sive
619 1003 726 1036 corpori
745 1003 872 1037 adjuncta
889 1003 936 1030 sit.
951 1003 1024 1031 idem

234 1052 333 1074 sonant
358 1046 416 1074 loca
439 1054 455 1074 a
475 1046 632 1075 Iustiniano
656 1047 784 1079 collecta,
800 1053 826 1074 et
842 1049 966 1083 cpistola:
989 1050 1023 1077 ad

235 1090 340 1118 Menam
368 1093 500 1127 subjecta.
528 1092 676 1121 Nonnullas
703 1101 767 1120 vero
792 1094 899 1122 animus
925 1101 1023 1130 sponte

233 1137 322 1164 delabi
336 1137 362 1164 in
380 1143 476 1171 terras,
496 1144 523 1166 et
540 1140 722 1174 exsequendis
747 1139 795 1166 Dei
817 1141 938 1168 consiliis
956 1149 1021 1176 ope-

233 1190 290 1209 ram
312 1190 388 1210 suatn
409 1192 509 1210 navare
525 1185 594 1211 velle
609 1186 725 1212 somniat
741 1191 806 1212 tom.
823 1194 856 1212 xv
868 1187 894 1212 in
912 1186 1020 1220 Matth,

232 1236 307 1255 num.
321 1228 376 1256 54:
400 1229 470 1263 Ἐγὼ
491 1230 520 1256 δὲ
543 1231 650 1257 ὑπονοῶ
670 1232 715 1258 τὸν
737 1232 800 1267 περὶ
824 1232 914 1268 ψυχῆς
933 1233 1020 1269 ἀπόῤ-

233 1275 314 1309 ρητον
328 1275 375 1301 καὶ
392 1275 420 1302 ἐν
439 1276 543 1308 τούτοις
563 1277 717 1312 κεκρύφθαι
746 1277 835 1312 λόγον,
853 1279 898 1305 ὅτε
917 1279 1019 1315 ἤργουν

231 1319 297 1356 ὅλην
318 1321 367 1357 τὴν
389 1322 494 1358 ἡμέραν
516 1323 597 1358 μέχρι
618 1324 668 1359 τῆς
694 1325 841 1361 ἑνδεκάτης
861 1325 951 1361 ὥρας·
972 1326 1018 1352 θέ-

231 1366 323 1399 λοντες
342 1369 389 1403 μὲν
403 1369 582 1404 ἐργάσασθαι,
603 1371 633 1396 οὐ
646 1371 920 1406 παραλαμϐανόμενοι
931 1372 958 1398 δὲ
977 1373 1018 1404 είς

230 1413 277 1440 τὸν
294 1414 442 1449 ἀμπελῶνα
460 1416 484 1441 οί
501 1415 710 1452 τεθαρρηκότως
731 1416 954 1452 ἀπολογούμενοι,
970 1417 1016 1443 καὶ

231 1459 374 1494 λέγοντες·
396 1461 489 1493 Οὐδεὶς
507 1462 580 1497 ἡμᾶς
597 1461 779 1497 ἐμισθώσατο.
801 1463 835 1489 At
859 1463 930 1490 enitn
954 1462 1015 1490 Ori-

230 1513 314 1541 genes
329 1511 394 1533 tom.
412 1515 446 1533 xx
462 1507 488 1534 in
505 1507 587 1535 Joan.
613 1507 744 1534 nonnulla
767 1508 847 1536 habet
867 1516 928 1543 qua:
954 1516 1014 1536 eum
1030 1517 1051 1545 ς

229 1553 371 1587 superiore
387 1553 445 1589 ejus
470 1553 503 1580 de
523 1554 613 1580 anima
636 1554 764 1589 opinione
779 1562 872 1588 parutn
889 1555 1017 1582 videntur

229 1600 396 1631 consentire,
420 1600 569 1634 qualitates
594 1609 690 1635 nempe
714 1601 810 1628 nescio
829 1608 899 1635 quas
919 1601 1018 1628 animis

230 1645 343 1680 ingigni,
359 1645 453 1681 quales
468 1647 632 1680 corporibus
646 1647 831 1681 ingignuntur.
845 1647 945 1674 Demus
959 1646 1017 1681 ipsa

228 1692 309 1718 verba
324 1699 357 1718 ex
372 1700 444 1718 Imm.
458 1691 494 1718 ‘2:
513 1692 590 1718 Ἐπεὶ
606 1692 635 1718 δὲ
658 1692 711 1718 ἀπὸ
728 1692 809 1728 ἤθους
826 1693 948 1728 κρίνεται
969 1693 1016 1719 καὶ

227 1735 316 1773 ἔργων
337 1737 372 1764 τὰ
392 1737 476 1764 τέκνα
502 1737 548 1764 τοῦ
570 1737 705 1774 Ἀϐραὰμ,
733 1739 838 1774 μήποτε
862 1739 916 1765 ἀπό
935 1747 1016 1765 τινων

227 1784 422 1818 σπερματικῶν
443 1784 530 1818 λόγων
553 1785 851 1820 συγκαταϐαλλομένων
872 1785 954 1817 τισὶν,
977 1786 1017 1817 ὡς

225 1826 313 1864 οἶμαι.
323 1829 430 1864 ψυχαῖς,
444 1830 484 1857 δεῖ
496 1831 709 1866 χαρακτηρίζειν
723 1832 787 1864 τοὺς
808 1830 887 1864 ὄντας
904 1831 1015 1867 σπέρμα

225 1875 273 1901 τοῦ
295 1875 419 1911 Ἀϐραάμ
428 1884 434 1891 ·
454 1876 501 1903 καὶ
515 1876 605 1912 εἴπερ,
619 1877 657 1908 ὡς
674 1877 744 1904 κατὰ
762 1877 794 1904 τὺ
806 1877 971 1913 σωματικὸν,
983 1878 1014 1904 οὐ

226 1921 326 1954 πάντες
347 1922 484 1957 ἄνθρωποι
505 1923 615 1958 σπέρμα
641 1923 695 1949 εἰσὶ
716 1922 764 1949 τοῦ
787 1922 922 1959 Ἀϐραὰμ,
944 1924 1015 1951 οὓτω

224 1967 295 1995 κατὰ
309 1968 343 1994 τὰ
361 1967 408 1994 νῦν
421 1968 601 2004 ἀποδιδόμενα
617 1968 744 2004 περὶτοῦ,
756 1969 827 2001 τίνες
838 1968 890 1996 εἰσὶ
903 1969 1014 2005 σπέρμα

223 2012 271 2040 τοῦ
296 2012 432 2048 Ἀϐραὰμ,
457 2013 537 2047 δῆλον
557 2014 598 2039 ὅτι
615 2014 645 2039 ού
669 2014 768 2045 πάντες
787 2013 925 2049 ἄνθρωποι
946 2014 1015 2050 μετὰ

224 2060 312 2094 πάντη
332 2059 527 2095 σπερματικῶν
554 2059 641 2094 λόγων
663 2060 717 2086 τῶν
746 2060 1012 2096 ὲγκατασπαρέντων

223 2105 313 2132 αὐτῶν
329 2106 389 2137 ταῖς
400 2105 498 2140 ψυχαῖς
512 2105 552 2140 τῷ
575 2105 624 2141 βιῳ
645 2105 698 2132 τῶν
714 2104 865 2140 ἀνθρώπων
884 2107 1012 2143 ἐπιδεδη-

224 2152 339 2187 μήκασι·
358 2156 386 2179 et
411 2152 509 2179 deinde
524 2161 530 2178 τ
546 2152 582 2178 Οὐ
598 2152 697 2183 πάντες
719 2149 766 2178 οὖν
784 2153 852 2178 εἰσιν
873 2153 1011 2188 ἄνθρωποι

221 2186 333 2233 mpm
348 2197 396 2224 τοῦ
419 2197 554 2234 Ἀὕραὰμ,
573 2197 634 2224 οὐδὲ
657 2197 711 2233 γὰρ
728 2197 820 2233 ἔχουσι
833 2199 895 2230 τοὺς
916 2186 1011 2233 λόγους
1027 2186 1048 2213 D

222 2244 517 2279 συγκατεσπαρμένους
529 2244 616 2271 αὐτῶν
635 2246 695 2276 ταῖς
708 2244 818 2278 ψυχαῖς,
829 2246 876 2272 καὶ
896 2244 1010 2281 δυναμέ-

220 2297 293 2320 νους,
307 2289 536 2324 ειγεωργηθεῖεν,
563 2290 676 2325 ποιῆσαι
692 2288 773 2317 τέκνα
796 2289 844 2317 τοῦ
871 2290 1007 2326 Ἀϐραάμ.

220 2335 285 2362 item
303 2334 330 2362 itt
349 2335 446 2370 psalm.
465 2343 510 2368 xv,
535 2335 562 2367 7,
585 2343 600 2363 e
624 2336 733 2362 Catenis
759 2335 863 2369 Regiis,
882 2345 907 2371 p.
929 2337 981 2364 599
999 2344 1006 2364 :

220 2379 279 2408 Κᾶν
290 2382 322 2416 τῇ
339 2381 411 2416 ψυχῇ
424 2381 512 2408 τοίνυν
532 2382 591 2408 ἐστὶ
601 2381 725 2417 νοήματα
742 2390 801 2408 τινα
809 2383 865 2414 τοῖς
878 2382 1005 2418 σπέρμα-

221 2435 262 2453 σιν
274 2426 403 2461 ἀνάλογα,
419 2427 480 2454 καθ’
491 2427 509 2454 ὃ.
518 2427 553 2454 τὰ
566 2427 639 2454 ἔνδον
657 2427 813 2463 γεννήματα
838 2429 867 2454 ἐν
890 2428 1007 2463 ἀγαθαῖς

219 2473 344 2508 πράξεσι,
363 2473 410 2500 καὶ
438 2473 566 2508 θεωρίαις
593 2473 748 2509 ἀληθιναῖς.
766 2474 918 2507 Qualilates
949 2475 1008 2502 illas

219 2519 409 2555 σπερματικὰς
421 2519 519 2546 animis
540 2519 676 2554 ingenitas
690 2520 754 2553 quid
771 2520 842 2546 aliud
853 2527 913 2547 esse
933 2521 1007 2548 dica-

218 2572 288 2597 mus,
305 2572 386 2599 quam
399 2565 543 2599 qualitates
558 2572 620 2591 cum
640 2565 744 2592 semine
761 2566 918 2592 traductas?
930 2565 1006 2599 Quod

217 2611 239 2638 si
258 2611 285 2638 in
299 2611 406 2638 animos
425 2611 584 2637 traducatur
598 2610 700 2644 aliquid
718 2618 779 2637 cum
801 2611 906 2637 semine
922 2616 948 2638 et
965 2611 1006 2637 iu-

217 2655 351 2691 gignatnr,
370 2656 425 2684 imo
446 2656 469 2683 si
497 2664 557 2683 cum
576 2656 674 2683 animis
700 2656 766 2690 ipsis
790 2657 941 2683 seminatur
955 2656 1005 2682 ali-

216 2702 292 2736 quid,
305 2702 639 2737 συγκατασπείρεταιταίς
651 2701 760 2737 ψυχαῖς,
771 2702 938 2729 seminantur
950 2702 1004 2729 uti-

215 2754 268 2781 que
283 2747 347 2780 ipste
361 2748 469 2779 auium,
482 2753 511 2775 et
523 2755 557 2774 ex
572 2748 683 2775 traduce
695 2752 888 2782 propagautur.
905 2746 1004 2774 Verum

216 2792 295 2819 aliter
310 2793 466 2828 accipienda
491 2798 557 2827 pulo
579 2793 623 2820 illa
637 2793 780 2828 Origenis;
803 2793 906 2820 animas
931 2793 1003 2820 enim

217 2836 280 2864 licet
298 2837 457 2871 quibusdam
471 2838 560 2872 λόγοις
579 2839 776 2874 σπερματικοϊς
797 2839 944 2868 instructas
961 2847 1003 2867 sc-

1086 219 1240 248 ministerio
1253 223 1400 256 perficitur,
1422 224 1462 251 vel
1477 232 1637 258 corporeum
1661 234 1758 254 semen
1773 228 1861 255 intelli-

1083 266 1200 303 gendum
1218 274 1279 294 esse
1300 268 1417 300 videtur.
1430 271 1477 296 sed
1492 271 1564 298 satio
1579 271 1631 298 alia
1646 273 1778 308 mystica,
1798 278 1822 300 et
1833 282 1864 302 se-

1083 320 1143 339 men
1160 313 1344 348 πνευματικὸν
1358 320 1385 341 et
1404 315 1510 350 νοητὸν.
1524 315 1601 350 cujus
1617 323 1715 345 auctor
1731 318 1790 353 ipse
1805 319 1862 346 Dm

1082 364 1124 385 est
1138 366 1145 385 :
1159 366 1252 385 serere
1265 360 1338 386 enim
1361 361 1466 387 animas
1485 361 1538 389 dici
1556 367 1657 397 potest,
1675 369 1814 398 quatenus
1826 372 1862 393 eas

1082 405 1108 431 in
1123 405 1199 431 varia
1213 413 1328 440 corpora
1351 407 1428 442 juxta
1444 407 1570 443 Origenis
1596 410 1766 437 sententiam
1783 411 1850 438 distri

1081 450 1138 477 buit
1156 460 1162 478 :
1182 455 1246 479 tunc
1268 457 1359 478 atttem
1375 458 1466 480 certas
1491 454 1584 481 iisdem
1598 463 1648 490 pro
1664 457 1774 483 meritis
1787 457 1861 492 quali-

1081 501 1151 525 tates
1166 497 1247 525 inseri
1266 499 1370 533 putavit
1387 499 1578 532 Adamantius,
1592 508 1692 536 easque
1706 502 1772 536 quia
1788 504 1860 529 semi-

1080 548 1179 570 nantur
1194 544 1221 571 in
1242 545 1351 576 animis,
1371 550 1426 572 tum
1449 554 1510 572 ctnn
1535 547 1591 580 ipsa
1607 547 1762 575 animarum
1787 549 1861 576 admi-

1079 588 1212 616 nistratur
1226 591 1306 621 satio,
1328 591 1507 625 spermaticas
1522 591 1589 619 dixit
1603 600 1610 618 :
1627 600 1687 627 qua:
1711 593 1735 620 si
1751 594 1861 628 qualita-

1080 639 1152 667 tum,
1166 636 1263 662 auima:
1278 635 1436 670 Abrahami,
1456 637 1500 663 vel
1513 636 1580 670 justi
1595 638 1707 666 alterius
1723 639 1775 666 viri
1797 640 1861 674 inge-

1079 681 1197 708 nitarum
1209 681 1313 708 sitniles
1332 682 1433 714 sint,et
1450 682 1595 717 diligenter
1611 684 1788 716 excolantur,
1803 685 1861 711 filias

1079 734 1127 754 nos
1145 727 1270 759 Abralue,
1286 727 1386 754 vclviri
1406 728 1594 762 alterinsjusti
1609 729 1739 762 efﬁcient,
1757 730 1861 766 mystiw

1079 773 1196 807 quodam
1221 777 1248 799 et
1271 773 1385 806 spiritali
1412 774 1502 801 modo.
1528 774 1693 802 Germanum
1716 776 1791 803 hunc
1811 784 1861 804 esse

1078 817 1208 853 Origenis
1222 826 1331 846 sensum
1351 827 1383 847 ex
1398 820 1482 847 totius
1506 821 1556 848 loci
1574 825 1677 848 attenta
1694 821 1814 849 lectione
1826 823 1859 848 in-

1079 863 1220 898 telligitur,
1236 864 1283 890 sed
1305 871 1337 891 ex
1354 872 1386 892 eo
1414 858 1577 899 prtesertim,
1603 866 1675 900 quod
1703 857 1860 901 qualitatum

1077 910 1184 937 illarum
1199 910 1302 936 variam
1324 917 1356 937 ac
1379 910 1537 945 inaequalem
1553 911 1787 946 dispensationem
1803 920 1859 940 cau-

1075 963 1121 983 sas
1142 961 1230 982 ortum
1252 957 1435 988 praecedentes
1465 957 1566 984 habere
1595 958 1675 985 dixit.
1703 958 1771 985 lude
1796 959 1859 985 enim

1075 1001 1212 1037 colligitur
1230 1003 1381 1029 animarum
1399 1002 1571 1038 προῦπαρξις
1594 1010 1657 1036 qua:
1677 1011 1740 1030 cum
1764 1004 1861 1031 anima-

1075 1055 1133 1075 rum
1160 1048 1353 1083 propagatione
1375 1056 1409 1074 ex
1439 1049 1549 1076 traduce
1580 1054 1653 1076 stare
1682 1057 1738 1076 non
1767 1055 1858 1084 potest.

1074 1094 1132 1121 lluc
1147 1094 1216 1121 adde
1239 1095 1397 1128 frequentes
1416 1093 1543 1129 Origcnis
1557 1095 1704 1122 adversum
1724 1095 1795 1122 hanc
1807 1104 1859 1123 seu-

1074 1139 1188 1165 tentiam
1205 1146 1346 1170 exeursus.
1359 1147 1473 1173 quorum
1489 1140 1511 1166 si
1528 1148 1589 1166 eum
1604 1139 1662 1173 jam
1676 1141 1807 1174 paenitet,
1826 1142 1859 1168 ni—

1072 1184 1133 1210 miaa
1159 1184 1252 1218 utique
1279 1184 1482 1216 inconstantiae,
1511 1189 1539 1211 et
1563 1189 1638 1211 tanto
1661 1185 1723 1211 viro
1748 1185 1859 1220 indigum

1072 1237 1133 1256 reus
1156 1229 1248 1256 fuerit.
1270 1229 1461 1263 Stdfragantur
1484 1230 1547 1256 huic
1564 1230 1730 1264 expositioni
1755 1238 1816 1265 qua:
1830 1232 1860 1259 le-

1070 1276 1158 1310 gimus
1175 1281 1238 1302 tom.
1257 1283 1304 1302 χιιι
1327 1276 1353 1302 in
1369 1276 1461 1308 Joan.,
1479 1283 1552 1303 num.
1567 1275 1602 1302 43
1619 1276 1675 1302 εΤὸ
1692 1277 1722 1303 δὲ
1736 1277 1793 1303 ἀπὸ
1812 1278 1859 1303 τῶν

1068 1321 1182 1356 ψαλμῶν
1199 1321 1272 1348 δοκεῖ
1283 1330 1327 1356 μοι
1337 1321 1432 1357 δηλοῦν
1444 1321 1567 1357 περὶτῆς
1578 1321 1694 1348 καθόλου
1715 1322 1772 1348 τῶν
1788 1323 1859 1357 εὖγε-

1067 1368 1200 1402 νεστέρων
1210 1367 1303 1403 ψυχῶν
1321 1368 1547 1403 παραγενομένων
1564 1368 1604 1399 εἰς
1622 1368 1668 1395 τὸν
1680 1368 1738 1403 βίον
1758 1369 1857 1399 τοῦτον,

1068 1413 1136 1449 μετὰ
1148 1414 1201 1440 τῶν
1214 1415 1355 1450 σωτηρίων
1370 1415 1543 1450 σπερμάτων,
1565 1415 1612 1441 καὶ
1633 1415 1858 1451 παραγενομένωι

1065 1467 1107 1494 γε,
1119 1460 1198 1486 οἱονεὶ
1213 1460 1347 1491 ἀκουσίως
1368 1460 1437 1495 μετὰ
1459 1460 1621 1496 στεναγμοῦ,
1635 1461 1858 1497 ὲπανερχομένων

1066 1504 1094 1531 δὲ
1102 1506 1130 1531 ὲν
1147 1505 1315 1539 ἀγαλλιάσει,
1327 1505 1370 1532 διὰ
1390 1504 1418 1531 τὺ
1434 1505 1522 1536 καλῶς
1544 1506 1746 1541 γεωργηκέναι,
1760 1507 1807 1534 καὶ
1815 1508 1858 1542 ηὐ-

1069 1550 1190 1586 ξηκὲναι,
1208 1551 1254 1578 καὶ
1270 1551 1490 1587 πεπληθυγκέναι
1513 1552 1548 1579 τὰ
1572 1553 1730 1588 σπέρματα,
1749 1553 1811 1588 μεθ’
1824 1551 1857 1581 ὧν

1067 1597 1223 1633 ἐληλύθασι.

1105 1643 1139 1670 ν.
1159 1643 1313 1670 lnstitutsm
1336 1651 1416 1678 porro
1431 1643 1456 1670 in
1474 1642 1566 1670 animo
1583 1643 1741 1678 opinionem
1769 1652 1857 1679 perse—

1069 1697 1155 1724 quens
1171 1689 1312 1722 Origenes,
1336 1689 1370 1716 ad
1382 1689 1521 1724 superiora
1539 1688 1603 1716 illud
1621 1697 1732 1725 quoque
1748 1690 1854 1724 adjecit,

1067 1741 1171 1762 mentes
1191 1736 1217 1762 iu
1237 1735 1312 1769 pejus
1333 1735 1457 1770 delapsas
1483 1735 1585 1763 ideirco
1605 1735 1696 1771 ψυχάς
1714 1736 1801 1764 fuisse
1823 1738 1856 1764 di-

1066 1788 1135 1814 etas,
1148 1783 1218 1816 quod
1234 1783 1351 1817 ipsarum
1368 1783 1477 1816 pietatis
1497 1787 1523 1810 et
1539 1783 1682 1810 charitatis
1705 1783 1799 1811 fervor
1815 1791 1853 1811 re-

1066 1828 1183 1856 frixerit.
1201 1828 1262 1855 Hme
1282 1828 1418 1856 habentur
1433 1828 1481 1855 lih.
1497 1837 1515 1856 ιι
1531 1828 1601 1863 Περὶ
1618 1827 1734 1864 ἀρχῶν,
1751 1838 1813 1866 cap.
1829 1830 1853 1860 S.

1066 1883 1140 1902 Imm.
1156 1875 1183 1906 5,
1199 1875 1245 1901 ubi
1267 1875 1350 1903 Deum
1370 1874 1460 1909 ignem
1473 1882 1534 1902 esse
1550 1876 1639 1907 docet,
1661 1876 1758 1910 igneos
1775 1884 1854 1910 auge-

1066 1919 1117 1951 los,
1135 1921 1268 1955 nobisque
1293 1920 1358 1955 ipsis
1384 1920 1482 1954 spiritu
1509 1925 1538 1947 ut
1558 1920 1714 1948 ferveamns
1730 1922 1852 1955 praecipir

1065 1966 1086 1993 si
1102 1966 1182 1992 modo
1195 1965 1250 1993 Deo
1268 1966 1375 2000 placere
1390 1966 1505 1993 velimus
1520 1974 1527 1993 :
1542 1966 1638 2001 impios
1662 1973 1770 2001 autem,
1787 1969 1854 2003 frigi-

1065 2005 1115 2039 dos
1131 2017 1158 2038 et
1174 2020 1234 2039 che
1257 2017 1285 2039 et
1301 2011 1370 2045 dici;
1398 2012 1534 2039 diabolum
1561 2012 1649 2047 ipsum
1676 2014 1800 2041 dracone
1822 2022 1852 2040 eu

1064 2058 1223 2092 signiﬁcari,
1245 2058 1291 2092 qui
1312 2058 1339 2084 in
1361 2058 1429 2085 mari
1456 2064 1569 2093 regnare
1593 2058 1705 2085 dicitur.
1724 2059 1796 2086 Tum
1821 2059 1853 2086 ita

1065 2103 1201 2131 concludit
1217 2112 1224 2130 :
1241 2113 1250 2129 ι
1265 2103 1293 2131 Si
1309 2112 1374 2139 ergo
1389 2111 1419 2131 ea
1436 2111 1496 2139 qua:
1513 2109 1608 2131 sancta
1626 2111 1701 2138 sunt,
1721 2112 1750 2133 et
1770 2106 1854 2140 ignis.

1065 2154 1093 2177 et.
1119 2149 1221 2181 lumen,
1247 2155 1274 2176 et
1299 2149 1431 2176 ferventia
1453 2150 1645 2182 nominantur;
1674 2159 1737 2185 qua:
1766 2157 1853 2178 autem

1062 2195 1201 2223 contraria
1229 2197 1292 2222 sunt
1310 2195 1418 2229 frigida,
1435 2200 1464 2222 et
1483 2196 1606 2222 charitas
1623 2202 1739 2231 peccato
1755 2197 1856 2224 dicitur

1061 2240 1218 2274 frigescere,
1233 2240 1425 2274 requirendunt
1438 2245 1479 2268 est
1499 2249 1534 2267 ne
1550 2241 1619 2269 forte
1637 2245 1665 2268 et
1682 2250 1784 2270 nomen
1799 2243 1854 2270 ani-

1060 2293 1121 2318 mze,
1137 2293 1197 2320 quae
1224 2285 1317 2313 Graece
1336 2286 1434 2312 dicitur
1456 2285 1540 2321 ψυχή,
1554 2294 1569 2313 a
1594 2287 1802 2322 refrigesceudo
1823 2290 1854 2314 de

1059 2337 1131 2359 statu
1148 2332 1281 2359 diviniore
1295 2340 1326 2359 ac
1341 2331 1454 2358 meliore
1467 2332 1568 2359 dictqu
1583 2333 1629 2365 sit,
1645 2339 1674 2360 et
1687 2335 1853 2361 translatum

1059 2378 1121 2405 inde
1141 2379 1213 2413 quod
1233 2386 1266 2405 ex
1285 2378 1376 2405 calore
1398 2378 1444 2405 illo
1468 2379 1584 2406 naturali
1605 2385 1631 2406 et
1657 2380 1756 2408 divino
1774 2381 1854 2408 refri-

1059 2425 1132 2451 xisse
1147 2425 1290 2457 videatur;
1311 2429 1338 2452 et
1352 2425 1411 2451 ideo
1429 2424 1454 2451 in
1476 2424 1526 2452 hoc
1548 2433 1601 2460 quo
1615 2434 1688 2453 nunc
1703 2432 1748 2454 est
1769 2433 1852 2456 statu,

1059 2475 1086 2497 ct
1101 2470 1233 2497 vocabulo
1248 2471 1300 2496 sita
1319 2471 1365 2498 sit.
1379 2479 1389 2497 I
1411 2470 1586 2498 Consimilem
1610 2472 1675 2499 huic
1699 2472 1794 2500 locum
1815 2474 1849 2499 in-

1058 2517 1147 2543 didem
1165 2516 1275 2543 adducit
1287 2515 1496 2544 Justinianusin
1515 2517 1589 2544 calce
1603 2518 1727 2552 epistola:
1744 2519 1781 2546 ad
1798 2519 1852 2546 ιιε-

1058 2570 1131 2589 nam.

1093 2606 1260 2642 Epiphanius
1274 2608 1370 2636 hmres.
1386 2616 1462 2640 thv,
1478 2616 1537 2643 cap.
1553 2608 1581 2641 5,
1595 2614 1623 2635 et
1650 2609 1677 2636 in
1701 2610 1788 2645 epist.
1818 2610 1850 2636 ad

1057 2653 1136 2681 Joau.
1153 2653 1280 2686 Jerosol.,
1294 2662 1353 2688 cap.
1373 2655 1401 2688 2,
1421 2655 1523 2681 dixisse
1537 2655 1681 2690 Origenem
1703 2656 1849 2690 referttpu-

1055 2701 1106 2735 χάς
1124 2702 1269 2732 vocitatas,
1287 2701 1331 2728 διὰ
1361 2701 1391 2728 τὺ
1421 2701 1524 2728 ἄνωθεν
1541 2701 1689 2736 πεψύχθαι.
1717 2701 1745 2730 Id
1771 2702 1851 2729 vertit

1056 2746 1230 2773 doctissimus
1246 2746 1391 2780 interpres,
1411 2755 1419 2772 ι
1436 2747 1508 2780 quod
1522 2745 1629 2772 cmlitus
1648 2745 1740 2773 amata
1759 2747 1814 2778 sit;
1837 2755 1845 2770 ι

1057 2800 1116 2826 qum
1137 2800 1203 2819 sane
1220 2792 1284 2818 mihi
1300 2792 1407 2827 probari
1432 2800 1484 2819 non
1503 2797 1591 2826 potest
1604 2793 1755 2826 expositio;
1787 2799 1846 2818 nam

1058 2839 1161 2866 animas
1179 2839 1287 2872 quidem
1311 2839 1427 2873 dezuper
1445 2838 1552 2865 immitti
1577 2838 1721 2865 atl‘runtvit
1750 2837 1845 2871 Orige-
