1912 3079
83 91 144 120 901

531 78 815 124 ΟΙὶΙϐΕΝιΛΝΟΙῖυδί
833 96 898 125 LIB.
920 98 954 129 II,
976 97 1051 125 CAP.
1075 97 1107 131 II,
1126 97 1265 131 QU:EST.
1287 99 1331 126 VI.

1706 105 1760 134 902

85 159 145 178 nes
160 161 171 185 ;
204 153 306 181 amari
332 161 398 182 vero
414 154 455 181 vel
483 154 610 188 inspirari
635 156 725 183 anima
748 157 833 184 multo
854 162 917 184 ante
931 161 954 188 Α
970 160 997 182 et
1012 155 1144 192 Cyriacus
1161 157 1321 191 monachus,
1337 165 1416 192 quem
1433 160 1659 194 narratISimeon
1677 162 1759 191 Meta-

83 198 225 225 condita
251 208 310 228 non
327 201 414 235 magis
428 201 482 228 dici
500 206 590 235 potest
600 209 682 236 quam
696 203 819 238 angelus,
834 211 915 238 quem

85 251 186 271 nemo
209 247 341 281 desuper
351 246 436 274 amari
449 247 558 280 dixerit,
571 255 632 275 cum
648 248 681 276 de
697 249 766 277 ctelo
781 250 808 277 in
829 255 916 278 terras

83 289 278 326 ablegatur.
298 293 466 321 Vertendum
483 300 560 329 ergo,
577 303 587 320 ι
611 295 683 329 quod
704 303 810 324 sursum
832 296 914 324 rel'ri-

84 337 187 364 xerit.
209 347 221 364 ›

127 381 185 410 γι.
209 384 263 412 Ex
284 385 326 413 his
338 385 493 413 Adamantii
508 386 580 414 circa
595 386 692 414 anima:
704 387 836 422 originem
856 388 913 422 pla-

85 429 163 457 citis
178 435 261 458 nata
286 435 328 459 est
349 436 445 459 octava
465 439 481 460 e
504 433 752 466 criminationibus,
768 441 836 469 quas
861 435 911 469 ipsi

84 475 187 510 obiici
226 477 332 504 solitas
352 482 530 512 repraesentat
555 484 583 506 et
609 479 688 506 diluit
704 479 859 515 Pamphilus
885 482 912 508 in

85 522 261 556 Apologia.
288 522 335 550 Illa
361 528 436 551 certe
462 529 605 559 postquam
633 525 738 559 prolixe
764 526 912 555 confutavit

84 565 294 597 Justinianus
314 569 341 596 in
363 570 475 604 epistola
493 571 527 597 ad
543 569 660 603 Menam,
683 575 739 598 tum
764 571 910 607 Scriptum

87 618 226 647 saneta},
239 619 302 642 tum
315 614 424 642 Patrutn
437 616 608 649 auctoritate,
619 617 653 644 ab
664 616 729 651 ipsis
740 617 835 644 deinde
846 625 911 645 ana-

87 659 312 688 thematismos
327 668 390 688 suos
413 661 499 688 eidem
520 661 640 696 epistolae
660 661 797 689 subnexus
821 664 911 695 auspi-

88 709 183 731 catus
199 711 272 738 est;
289 711 372 741 atque
383 706 428 733 illa
444 707 566 741 quisquis
579 708 660 735 fuerit
680 708 831 743 amplexus,
847 717 911 736 ana-

88 751 198 778 thema
230 759 300 780 esse
323 753 423 785 sancit,
445 753 595 787 eademque
618 761 712 781 rursus
745 755 857 789 conligit
883 756 909 782 in

89 797 226 831 epistola
241 799 280 825 ad
292 799 415 833 quintam
433 801 579 834 synodum,
595 807 656 834 qua:
670 803 712 827 est
725 802 794 835 apud
806 800 907 827 Cedre-

90 852 180 871 num.
199 844 261 871 Diu
276 853 356 880 porro
371 850 434 872 tunc
447 849 517 877 erat,
534 851 674 880 postquam
689 854 756 873 vana
776 847 832 874 haec
845 847 908 875 Ori-

91 890 180 924 geuis
199 891 329 925 cogitata
347 891 528 926 castigaverat
544 891 707 925 Methodius,
733 897 763 919 ut
793 901 826 920 ex
852 893 910 927 ejus

90 936 252 969 excerptis
281 936 384 963 discere
411 941 470 969 est,
492 945 552 971 qua:
581 937 745 977 Epiphanius
775 939 854 966 nobis
885 943 911 966 et

91 980 222 1008 Photius
237 988 420 1009 asservarunt
437 991 444 1010 :
461 983 638 1018 castigaverat
649 988 676 1011 et
689 983 823 1012 Caesarius
842 985 910 1013 Gre-

92 1028 171 1061 gorii
198 1027 376 1055 Nazianzcni
401 1027 485 1056 frater
512 1030 677 1064 dialogotu,
695 1030 790 1057 interr.
814 1031 865 1058 “9
882 1037 909 1059 et

92 1074 294 1109 sequentibus
316 1075 349 1109 (si
372 1075 452 1102 modo
474 1075 646 1111 Dialogorum
674 1077 785 1104 istorum
814 1084 907 1104 revera

92 1125 203 1147 auctor
220 1125 282 1151 est,
298 1121 336 1147 uti
349 1120 452 1153 fertur,
474 1121 525 1148 iste
544 1117 708 1158 Caesarius);
726 1123 908 1158 castigaverat

93 1171 124 1191 et
138 1165 308 1200 Gregorius
318 1165 459 1202 Nysseuus
475 1167 545 1194 libro
563 1168 634 1202 Περὶ
648 1168 839 1203 κατασκευῆς
852 1170 907 1196 ἀγ-

96 1210 242 1244 ορώπου,
258 1218 318 1245 cap.
334 1211 380 1244 58,
393 1216 420 1238 et
436 1212 601 1245 Epiphanius
618 1214 682 1241 haer.
710 1222 784 1247 utv,
800 1222 860 1249 cap.
877 1215 906 1247 4,

95 1262 125 1283 et
141 1257 171 1283 in
189 1258 282 1291 epist.
299 1258 332 1284 ad
345 1257 423 1285 Joan.
438 1258 602 1294 .Ierosolym.
618 1268 677 1295 cap.
699 1260 727 1292 2,
746 1261 844 1295 quibus
864 1261 905 1288 Io—

96 1303 140 1328 cis
159 1308 283 1336 putasse
299 1303 365 1329 dicit
376 1303 567 1331 Adamantium
580 1304 668 1340 ψυχὴν
684 1306 794 1338 dictam,
808 1306 852 1333 διὰ
875 1307 906 1333 τὸ

94 1347 210 1374 ἄνωθεν
229 1348 382 1384 πεψύχθαι,
398 1355 425 1376 et
441 1350 536 1385 δέμας,
549 1351 594 1377 διὰ
607 1351 637 1377 τὸ
650 1351 772 1378 δεδέσθαι
786 1352 834 1388 τὴν
854 1353 905 1387 ψυ-

97 1393 152 1429 χὴν
170 1394 202 1420 ἐν
222 1394 265 1429 τῷ
281 1394 399 1430 σώματι,
415 1400 441 1422 et
461 1395 541 1431 σῶμα
556 1398 633 1431 quasi
648 1397 733 1432 σῆμα,
749 1407 759 1423 ι
778 1406 811 1426 eo
833 1400 903 1433 quod

98 1440 137 1467 ita
154 1441 285 1468 animant
305 1441 332 1468 in
347 1449 376 1468 se
392 1442 511 1469 clausam
529 1443 637 1475 habeat,
659 1438 794 1478 quomodo
815 1445 904 1479 sepul-

99 1492 147 1511 cra
159 1491 189 1512 et
205 1487 307 1513 tumuli
323 1487 455 1514 cadavera
475 1492 645 1515 tnortuorum
663 1497 670 1516 :
689 1499 699 1516 ι
721 1490 902 1525 castigaverat

98 1535 128 1558 et
144 1529 324 1566 Theophilus
337 1532 544 1565 Alexandrinus.
565 1540 591 1561 ct
614 1534 796 1570 Hieronymus
821 1536 900 1570 epist.

99 1576 147 1610 59,
156 1578 192 1603 ad
208 1578 298 1609 Avit.,
314 1578 397 1612 cap.l
412 1578 472 1608 eti,
494 1583 522 1605 et
534 1579 613 1613 epist.
628 1579 672 1612 (il,
684 1582 717 1607 ad
734 1580 901 1614 Pamtnaclt.,

98 1631 162 1658 cap.
176 1624 205 1655 5,
225 1624 255 1658 5,
270 1624 298 1654 6,
315 1630 342 1651 et
359 1625 440 1659 epist.
454 1624 498 1656 65.
515 1625 549 1652 ad
569 1625 724 1652 Pammach.
744 1631 771 1653 et
787 1627 900 1659 0cean.,

100 1675 163 1703 cap.
176 1669 207 1701 ‘2,
225 1674 256 1696 et
273 1669 320 1696 lib.
336 1671 351 1695 ν
367 1669 513 1697 Comment.
531 1670 559 1697 in
585 1669 695 1703 Jerem-,
720 1679 780 1705 cap.
801 1672 846 1705 2L,
875 1677 902 1700 et

101 1715 127 1739 iu
144 1715 232 1748 epist.
259 1716 293 1741 ad
316 1714 515 1742 Demetriadem
540 1723 600 1750 cap.
625 1716 652 1749 9,
679 1716 723 1744 ubi
748 1717 900 1746 animarum

101 1759 283 1795 προῦπαρξιν
306 1760 331 1786 in
352 1760 469 1795 Egypto
494 1765 521 1788 et
545 1761 664 1789 Orientis
693 1763 814 1796 partibus
836 1764 899 1791 olim

102 1811 276 1839 grassatam,
292 1806 348 1833 suis
369 1807 535 1842 temporibus
553 1817 563 1833 (
590 1808 746 1835 abscondite
769 1810 847 1844 quasi
873 1811 898 1837 in

102 1850 191 1878 foveis
204 1852 363 1887 viperarum
380 1853 449 1887 apud
461 1853 604 1888 plerosque
619 1854 720 1881 versari
738 1862 748 1879 ι
765 1855 897 1889 queritur,

105 1905 115 1921 ι
130 1896 300 1930 illarumque
315 1897 432 1931 partium
449 1897 569 1932 polluere
588 1898 742 1932 puritatem,
772 1904 799 1926 et
821 1901 897 1934 quasi

101 1942 287 1970 haereditario
311 1943 381 1970 malo
404 1952 515 1978 serpere
535 1945 561 1972 in
582 1945 686 1979 paucis,
706 1950 735 1972 ut
758 1947 898 1980 perveniat

101 1987 133 2014 Ill
149 1988 303 2023 plurimos;
315 1993 343 2016 et
358 1989 384 2016 in
398 1989 544 2017 Comment.
563 1990 591 2016 in
603 1990 698 2025 psalm.
722 1999 835 2026 uxxtx,
852 1992 897 2020 ubi

99 2033 223 2068 dogmati
249 2035 313 2063 huic
327 2034 465 2062 hereseos
479 2043 577 2062 nomett
604 2036 698 2069 inurit,
722 2037 898 2071 quemadmo-

102 2078 166 2105 dqu
178 2084 208 2106 et
221 2079 249 2106 in
266 2079 412 2106 Comment.
426 2080 453 2106 in
468 2078 567 2106 Jerem.
586 2088 663 2112 xxtx,
690 2080 804 2115 aliisque
818 2081 894 2115 locis,

102 2131 172 2158 quos
195 2126 343 2153 brevitatis
359 2126 447 2160 gratia
476 2126 657 2160 praetermitto
680 2135 687 2154 :
714 2127 895 2161 castigaverat

970 200 1095 235 pbrastes
1110 201 1210 229 dicenti
1225 202 1328 237 Cyrillo
1347 213 1356 229 ‹
1377 204 1504 239 dogmata
1519 206 1552 233 de
1568 209 1760 241 prmexsistcn-

969 246 1005 272 tia
1025 250 1053 273 et
1072 246 1242 273 restitutione
1253 247 1280 274 in
1296 248 1419 275 eumdem
1436 254 1537 276 statum
1559 260 1568 276 ι
1585 251 1620 278 ab
1634 252 1761 285 Origeni-

967 290 1017 318 stis
1032 291 1109 325 quasi
1128 300 1138 317 ‹
1153 292 1241 318 media
1258 293 1327 319 etab
1343 294 1416 320 omni
1447 295 1570 329 periculo
1594 297 1681 324 aliena
1708 298 1759 326 ha-

965 336 1035 369 beri,
1053 346 1064 363 t
1085 337 1260 373 respondisse
1278 348 1287 364 ι
1308 338 1483 374 Nequaquam
1508 349 1569 369 esse
1596 344 1697 378 media,
1731 350 1760 372 et

965 389 1063 410 vacare
1089 383 1210 418 periculo
1237 384 1361 419 dogmata
1385 386 1418 412 de
1442 387 1670 421 praeessistcnlia,
1703 390 1758 418 imo

965 437 1028 457 esse
1042 429 1146 458 lubrica
1165 431 1256 466 potius
1280 437 1307 459 et
1329 433 1495 467 periculosa.
1516 444 1525 460 ›
1540 435 1709 472 lmpuguavit
1731 443 1758 466 et

964 476 1110 511 Antipater
1125 476 1288 510 Bostreuus,
1304 479 1422 513 scriptor
1438 480 1527 507 aetatis
1550 482 1616 508 mihi
1633 483 1753 511 nondunt

963 527 1121 557 compertae,
1139 523 1165 550 in
1181 524 1422 552 dissertationibus
1443 527 1574 554 adversus
1600 528 1755 564 Origenem,

963 575 1032 601 quas
1047 567 1154 603 Eclogis
1167 569 1224 596 suis
1238 568 1480 597 intexuitJoannes
1498 572 1688 605 Damascenus,
1707 575 1750 602 tit.

961 614 1030 648 Περὶ
1044 613 1170 649 ἀμοιϐῆς
1185 614 1246 641 τῶν
1262 612 1297 642 εὖ
1315 616 1378 642 κατ’
1393 615 1504 650 ἀρετὴν
1516 617 1752 649 βιοτευσάντων.

962 662 1112 689 Damnatur
1128 669 1159 689 ea
1177 670 1284 697 quoque
1307 663 1332 689 in
1356 663 1472 698 Origene
1497 672 1511 691 a
1535 666 1638 700 synodo
1661 667 1749 702 quini-

960 711 1047 741 sexta,
1058 715 1120 735 can.
1129 707 1156 741 1,
1173 712 1223 735 ela
1236 707 1390 742 Sophronia
1406 708 1651 745 Ilicrusolymitano
1661 712 1686 739 in
1698 714 1755 748 epi-

959 753 1028 780 stola
1043 754 1075 780 ad
1093 753 1216 788 Sergium
1241 753 1584 790 Constantinopolitanum;
1600 757 1634 785 ab
1649 758 1753 788 Isidoro

963 800 1068 834 Urigin.
1084 799 1134 826 lib.
1149 807 1208 830 vnt.
1226 807 1285 834 cap.
1300 800 1334 832 ὅς
1356 800 1459 828 Joanne
1483 802 1652 832 Damasceuo
1672 805 1720 832 lib.
1733 813 1753 832 ιι

926 836 948 866 Β
963 845 1074 872 Orthod.
1090 846 1152 879 ﬁd.,
1177 853 1238 878 cap.
1267 846 1309 876 l2,
1325 851 1351 873 et
1370 846 1418 873 lib.
1439 855 1476 879 tv,
1502 855 1562 882 cap.
1578 849 1613 882 (ῦς
1635 850 1751 885 Georgio

963 890 1090 926 Syncello
1104 891 1130 918 in
1155 891 1278 925 Ezcerpl.
1298 891 1458 926 Chronogr.;
1475 893 1596 921 Cedreno
1609 895 1635 922 iu
1653 895 1746 930 Camp.

961 936 1044 967 Irish;
1066 936 1149 963 Suida
1170 937 1197 963 in
1216 936 1342 971 Origene;
1362 937 1454 965 Niceta
1469 938 1545 966 Ther.
1566 940 1670 967 ort/tod.
1698 942 1746 975 ﬁd.

960 981 1006 1008 lib.
1024 989 1060 1014 tv,
1085 981 1150 1009 liter.
1175 990 1260 1014 xxxi;
1282 982 1425 1011 Vincentio
1451 985 1643 1014 Bellovacense
1671 986 1749 1022 Spec.

959 1028 1057 1059 doctu,
1070 1027 1117 1055 lib.
1131 1035 1209 1061 xvnt,
1224 1036 1283 1063 cap.
1304 1029 1358 1063 45;
1377 1029 1530 1064 Nicephoro
1545 1031 1591 1058 lib.
1607 1039 1673 1066 xvn,
1686 1040 1748 1068 cap.

958 1071 1002 1104 27,
1016 1076 1044 1099 et
1061 1071 1186 1100 Guidone
1205 1073 1354 1101 Carmelita
1367 1075 1392 1101 in
1409 1075 1520 1102 Summa
1535 1076 1567 1102 de
1582 1077 1687 1110 lum-es"
1703 1077 1749 1112 qui

958 1117 1051 1144 multis
1062 1124 1122 1144 eam
1137 1117 1246 1145 refellit.

997 1162 1049 1189 VII.
1067 1162 1172 1190 I‘Iatoui
1198 1171 1279 1198 porro
1293 1164 1337 1191 hic
1354 1172 1461 1200 quoque
1478 1167 1623 1200 regendum
1639 1175 1668 1194 se
1680 1167 1750 1196 Ada-

958 1210 1076 1237 mantius
1097 1211 1222 1244 praebuit.
1248 1210 1294 1238 llle
1320 1217 1411 1239 autem
1436 1213 1461 1239 in
1480 1212 1624 1246 l‘ltwdone,
1642 1219 1669 1242 et
1684 1214 1749 1250 Epi-

957 1255 1037 1288 nomi,
1053 1261 1080 1282 et
1095 1255 1141 1282 Iib.
1161 1264 1177 1282 x
1194 1255 1234 1283 De
1251 1256 1339 1292 legib.,
1355 1262 1382 1284 et
1403 1257 1430 1284 in
1449 1257 1558 1292 Timwo,
1573 1260 1686 1295 aliisque
1702 1260 1746 1288 Io-

956 1300 1005 1334 cis,
1022 1301 1174 1328 doctrinam
1202 1302 1272 1330 hanc
1297 1303 1488 1331 disertissimis
1506 1305 1624 1340 explicat
1642 1306 1746 1339 verbis,

955 1353 1035 1380 quam
1055 1354 1151 1382 magna
1174 1348 1290 1375 subinde
1311 1353 1433 1375 veterunt
1458 1357 1522 1384 pars
1542 1351 1670 1385 arripuit.
1688 1351 1744 1379 Nec

956 1391 1036 1425 hujus
1059 1400 1124 1420 sane
1148 1393 1201 1420 fuit
1227 1395 1284 1429 ipse
1308 1396 1451 1423 sententia:
1471 1397 1655 1431 architectus;
1684 1406 1744 1425 eant

954 1439 1053 1473 quippe
1072 1439 1156 1466 multo
1178 1441 1255 1474 prius
1274 1448 1514 1475 propugnaverant
1531 1442 1700 1478 Pythagoras
1719 1447 1746 1471 et

955 1483 1142 1518 Empedorles.
1159 1485 1193 1511 "ll
1211 1486 1404 1521 εὐλογώτερον,
1420 1487 1646 1524 inquitOrigenes
1667 1489 1714 1517 lib.
1737 1498 1745 1518 1

955 1535 1046 1556 contra
1061 1530 1144 1563 ϐείω,
1169 1539 1243 1560 num.
1273 1531 1317 1563 '52,
1335 1533 1454 1567 ἑκάστην
1467 1533 1556 1569 ψυχὴν
1578 1534 1649 1560 κατά
1671 1543 1745 1566 τινας

953 1576 1125 1611 ἀπορρήτους
1141 1576 1236 1610 λόγους
1250 1577 1333 1612 (λέγω
1353 1577 1381 1604 δὲ
1398 1578 1484 1605 ταῦτα
1505 1578 1552 1605 νῦν
1570 1579 1638 1606 κατὰ
1655 1579 1745 1606 Πυθα-

953 1621 1047 1657 γόραν,
1060 1622 1106 1648 καὶ
1120 1622 1261 1655 Πλάτωνα,
1277 1624 1323 1649 καὶ
1336 1624 1530 1658 Ἐμπεδοκλέα,
1546 1624 1593 1657 οὓς
1615 1625 1744 1657 πολλάκις

951 1667 1095 1702 ὠνόμασεν
1123 1668 1137 1693 ὁ
1166 1667 1278 1703 Κέλσος)
1305 1669 1513 1704 εἰσκρινομένην
1538 1671 1653 1704 σώματι,
1683 1671 1743 1697 κατ’

951 1712 1028 1745 ἀξίαν
1049 1713 1234 1748 εἶθ-κρίνεσθαι
1257 1715 1304 1740 καὶ
1321 1714 1393 1741 κατὰ
1421 1714 1456 1741 τὰ
1482 1715 1603 1750 πρότερα
1627 1715 1697 1751 ῆθη;
1716 1721 1744 1743 et

951 1757 1133 1794 Hieronymus
1146 1759 1225 1794 epist.
1244 1759 1290 1791 82,
1310 1767 1370 1794 qua:
1386 1765 1428 1787 est
1451 1761 1484 1788 ad
1510 1761 1696 1788 Marcellinum
1713 1767 1742 1789 et

949 1803 1148 1839 Anapsychiam
1160 1814 1167 1832 :
1178 1814 1187 1830 ι
1208 1805 1294 1840 Super
1310 1806 1409 1833 animze
1427 1811 1500 1834 statu
1516 1808 1626 1834 memini
1643 1813 1739 1835 vestra:

949 1850 1164 1884 quaestiunculaz,
1178 1852 1233 1878 imo
1255 1852 1375 1879 maxime
1404 1853 1598 1880 ecclesiastica:
1613 1854 1741 1888 quaestio-

949 1895 992 1922 nis
1009 1904 1015 1922 :
1033 1900 1124 1922 utrum
1137 1896 1212 1931 lapsa
1228 1897 1262 1924 de
1277 1897 1347 1924 caelo
1362 1898 1409 1931 sit,
1424 1905 1453 1925 ut
1466 1898 1636 1934 Pythagoras
1651 1899 1740 1934 philo-

948 1941 1061 1975 sophus,
1080 1948 1230 1977 omnesque
1244 1942 1389 1977 Platonici,
1402 1949 1430 1971 et
1447 1943 1578 1980 Origenes
1598 1950 1705 1979 putant.
1725 1955 1735 1971 ι

949 1986 1045 2015 Simile
1057 1988 1224 2016 nanciscaris
1237 1989 1262 2016 in
1277 1990 1390 2024 epistola
1406 1990 1552 2018 Iustiniani
1571 1992 1605 2019 ad
1615 1992 1737 2027 quintam

947 2034 1093 2068 synodum,
1109 2039 1137 2061 et
1150 2034 1219 2068 apud
1235 2034 1356 2062 Nicetam
1371 2036 1397 2063 in
1410 2035 1542 2063 Thesauro
1556 2037 1659 2064 ortliod.
1674 2037 1736 2072 ﬁd.,

928 2075 937 2085 ’
947 2080 994 2107 lib.
1015 2088 1053 2113 tv,
1065 2081 1133 2108 Iner.
1147 2089 1222 2108 xxxt.
1241 2079 1294 2108 Sed
1308 2086 1334 2109 et
1353 2082 1412 2116 ipso
1426 2082 1580 2118 Pythagora
1597 2083 1737 2118 antiquior

947 2125 1074 2161 Orpheus
1092 2126 1209 2154 animam
1233 2127 1259 2153 in
1277 2135 1393 2162 corpore
1407 2128 1497 2162 puniri
1515 2128 1594 2155 dixit.
1608 2127 1736 2156 Testatur

101 2175 129 2197 ct
146 2170 266 2201 Orosius
284 2173 311 2198 in
328 2171 538 2199 Commonitorio
554 2172 586 2199 ad
598 2173 791 2207 Augustinum,
804 2178 830 2201 et
840 2175 895 2201 Au-
910 2179 933 2206 ι)
947 2171 973 2198 id
995 2171 1073 2199 Plato
1087 2172 1112 2198 in
1130 2172 1248 2207 Cratylo,
1267 2172 1312 2200 ubi
1333 2178 1361 2200 et
1381 2174 1454 2200 vocis
1479 2173 1558 2209 σῶμα
1575 2173 1736 2209 originatio-

102 2218 231 2248 gustinus
247 2218 273 2244 iu
287 2218 378 2245 libello
395 2222 489 2245 contra
513 2217 735 2245 Priscillianialas
758 2224 782 2246 et
804 2219 896 2254 Orige-

103 2262 195 2296 m‘mu,
212 2271 273 2298 cap.
287 2264 304 2290 8
316 2268 343 2290 et
359 2263 405 2295 Il,
420 2269 447 2290 et
463 2263 510 2291 lib.
527 2271 553 2290 xt
570 2263 608 2290 De
620 2263 688 2290 civit.
702 2264 762 2296 Dei,
772 2272 832 2299 cap.
848 2265 894 2299 25,

102 2309 145 2335 ubi
160 2310 294 2337 conﬁctas
309 2310 370 2337 illas
386 2311 418 2337 de
431 2310 585 2336 animarqu
601 2311 793 2344 progressibus
809 2315 836 2338 et
852 2319 896 2338 re-

103 2355 243 2386 gressibus
268 2356 379 2383 fabellas
402 2354 510 2382 erudite
526 2355 622 2382 refellit
643 2365 650 2383 :
674 2357 852 2391 castigavcrat
868 2361 896 2384 et

103 2397 157 2426 Leo
168 2409 236 2435 papa
253 2401 279 2428 in
295 2402 376 2436 epist.
391 2401 435 2432 ll,
450 2409 513 2436 qua:
529 2407 571 2428 est
588 2402 620 2428 ad
646 2401 783 2428 Iulianum
806 2401 892 2430 Coen-

103 2450 205 2476 Sem,et
220 2446 377 2473 Gennadius
390 2446 429 2473 De
440 2448 569 2481 dogntnt.,
583 2455 642 2481 cap.
657 2447 702 2479 14,
721 2453 748 2474 et
763 2446 890 2475 Leontius

104 2490 130 2516 iu
144 2491 191 2518 lib.
210 2493 250 2520 De
263 2494 362 2526 sectis;
377 2494 495 2520 maxime
515 2501 579 2520 vero
597 2493 722 2528 Cyrillus,
742 2493 786 2527 qui
802 2493 890 2522 Theo-

105 2537 168 2570 phili
186 2540 275 2572 patrui
292 2539 346 2570 sui,
364 2546 416 2565 non
433 2539 459 2565 in
477 2539 665 2566 Alexandrino
680 2539 765 2566 solum
786 2539 890 2573 episco-

104 2588 176 2616 patu,
190 2586 238 2612 sed
252 2586 277 2612 in
294 2585 401 2613 infenso
416 2585 497 2612 etiam
523 2585 653 2613 adversus
668 2584 810 2621 Origenem
826 2586 889 2613 odio

106 2634 255 2664 suecessor,
270 2632 339 2658 hanc
354 2631 412 2666 ejus
426 2632 459 2658 de
484 2631 639 2658 animarum
658 2632 762 2666 origine
779 2636 888 2659 senten-

106 2673 178 2708 tiam,
206 2676 318 2703 Joannis
340 2676 516 2709 Evangelium
550 2676 712 2709 explanans,
744 2675 885 2710 multiplici

107 2726 323 2754 argumentorum
339 2726 470 2756 apparatu
486 2721 628 2748 subvertit.
651 2721 705 2748 Nec
719 2721 814 2748 minori
830 2726 887 2748 stu—

107 2764 148 2792 dio
170 2774 230 2801 post
253 2769 376 2803 quintam
400 2768 531 2802 synodum
554 2768 675 2794 eamdem
696 2768 887 2802 impugnarunt

110 2810 252 2842 doctrinam
278 2814 421 2843 Facundus
449 2813 652 2850 Ilermianensis
666 2812 713 2851 lib.
741 2821 760 2845 ι,
782 2820 840 2847 cap.
857 2812 885 2845 6,

946 2225 1007 2244 nent
1028 2219 1094 2252 petit
1111 2226 1126 2245 a
1145 2219 1230 2254 σῆμα.
1253 2219 1354 2246 Locum
1371 2219 1452 2246 rel'erl
1474 2220 1602 2247 Clemens
1619 2220 1734 2247 Alexan-

945 2263 1041 2290 drinus
1058 2263 1160 2290 Strom.
1179 2264 1227 2291 lib.
1249 2271 1290 2296 ιιι,
1306 2269 1387 2298 atque
1404 2263 1469 2291 item
1483 2264 1599 2291 alterum
1618 2264 1733 2292 Philolai

946 2308 1130 2344 Pythagorici,
1144 2310 1208 2344 quid
1224 2310 1250 2336 id
1262 2310 1348 2344 ipsum
1367 2317 1400 2336 ex
1413 2310 1548 2337 veteribus
1562 2311 1732 2338 ethnicorum

948 2354 1081 2389 theologis
1095 2360 1123 2382 et
1139 2355 1246 2382 vatibus
1259 2355 1369 2382 astruit.
1388 2354 1485 2382 Merito
1511 2355 1601 2390 itaque
1619 2354 1732 2382 Ilarme-

947 2401 1062 2434 nopulus
1087 2401 1112 2427 in
1129 2400 1197 2428 lihro
1213 2400 1249 2427 De
1264 2401 1353 2433 sectis,
1377 2405 1405 2427 et
1422 2400 1496 2427 Elias
1514 2400 1662 2433 Cretensis,
1678 2400 1732 2427 Na-

946 2446 1067 2472 zianzcni
1082 2447 1226 2480 interpres,
1241 2454 1256 2473 e
1268 2446 1422 2474 Graecorum
1436 2446 1555 2473 fontibus
1569 2446 1730 2473 sententiam

943 2500 1019 2519 suam
1037 2492 1180 2527 Origenem
1197 2494 1320 2520 hausisse
1337 2494 1440 2520 dicunt.

979 2537 1045 2565 VIII.
1061 2539 1096 2565 At
1109 2545 1168 2565 eam
1185 2543 1273 2565 tatnen
1290 2547 1343 2573 quo
1365 2537 1528 2566 Christianis
1554 2539 1727 2573 approbaret,

941 2591 994 2611 nou
1012 2584 1160 2611 rationibus
1185 2585 1325 2616 duntaxat,
1343 2585 1389 2610 sed
1402 2583 1524 2617 quaesitis
1547 2583 1629 2609 etiam
1654 2583 1729 2610 Scri-

940 2635 1027 2664 ptura:
1054 2637 1138 2657 sacrae
1156 2630 1318 2657 testimoniis
1349 2629 1446 2656 fulcire
1470 2633 1584 2656 conatus
1600 2633 1651 2661 est,
1668 2636 1728 2663 qua:

942 2675 1019 2702 nobis
1035 2683 1048 2701 a
1067 2675 1191 2702 Patrihus
1204 2676 1377 2703 exhibentur.
1395 2676 1482 2709 Atque
1495 2675 1545 2702 hos
1560 2675 1667 2710 quidem
1685 2682 1726 2702 re-

939 2714 995 2747 ‘fert
1010 2720 1173 2755 Epiphanius
1191 2720 1218 2747 in
1241 2721 1321 2754 epist.
1336 2721 1369 2747 ad
1383 2720 1461 2747 Joan.
1476 2720 1650 2755 Jerosolym.,
1664 2727 1724 2755 cap.

939 2765 967 2799 2,
987 2773 1002 2792 e
1019 2766 1117 2800 psalm.
1132 2773 1228 2797 can,
1246 2766 1280 2792 (i7
1299 2774 1305 2790 :
1323 2775 1332 2792 ι
1350 2766 1509 2800 Priusquam
1531 2773 1544 2792 a
1561 2765 1661 2791 malitia
1677 2765 1726 2791 Iut-

941 2812 1070 2843 miliarer,
1085 2819 1135 2846 ego
1149 2811 1266 2846 deliqui;
1286 2821 1294 2837 ι
1308 2819 1322 2839 e
1339 2811 1435 2846 psalm.
1452 2819 1525 2844 CXIV,
1543 2811 1579 2838 7:
1597 2820 1606 2836 t
1627 2809 1726 2854 liciter-
