1912 3079
204 116 258 144 905

826 113 854 140 Ρ.
875 112 990 140 DANIEI

1053 113 1073 140 ll
1078 113 1169 142 UETII
1784 119 1827 145 aut

206 182 270 204 tere.
284 175 373 204 anima
390 184 458 209 utea,
476 176 502 203 in
521 177 641 210 requiem
653 179 727 203 tuam
740 184 747 208 ;
760 185 769 201 ι
784 183 799 202 e
813 175 910 210 psaltu.
923 183 998 207 cht,
1013 177 1036 204 Α
1052 176 1105 202 rittt
1118 185 1125 203 ε
1137 183 1249 210 operum
1267 180 1357 202 atttem
1372 175 1454 201 vitam
1470 174 1541 201 hanc
1552 174 1763 207 praecedentium
1775 182 1825 200 mr-

205 222 242 251 8;
261 230 271 248 (
295 222 370 250 bduc
381 222 416 249 de
431 229 539 248 carcere
550 221 668 247 animam
683 229 789 254 meam;
804 230 813 246 ›
833 225 860 247 et
872 228 887 248 e
901 220 996 255 psalm.

205 276 280 300 cxtv.
298 269 314 295 9
328 277 357 296 :5
367 267 520 295 Confitehor
534 267 648 294 Domino
665 266 691 293 in
710 267 820 302 regione
832 267 965 294 vivorum.
984 275 993 291 ι

205 313 324 347 Apponit
341 317 369 340 et
391 313 471 339 istum
498 311 682 347 Hieronymus
706 312 732 339 in
749 313 829 347 epist.
851 312 883 339 ad
904 312 998 339 Deme-

207 359 373 392 triad.,cap.
396 358 424 392 9,
440 366 455 385 e
480 357 560 385 Joau.
577 366 616 391 Ix,
633 358 650 384 εὶ
673 367 680 385 :
699 367 709 384 ι
733 358 786 386 lste
809 358 941 393 peccavit,
968 362 998 385 ut

205 412 293 431 caecus
320 412 352 431 ex
371 408 448 431 utero
463 408 632 436 nasceretur,
651 411 686 431 an
707 408 833 438 parentes
847 404 925 438 ejus?
943 414 952 430 ι
970 409 997 432 et

205 450 264 477 illos
277 456 406 484 prtrterea
423 450 471 478 lib.
488 459 496 478 t
513 450 696 478 Commenl.in
713 449 797 485 Epist.
815 451 849 477 ad
864 450 958 485 Epltes.
975 459 994 482 t.

203 495 230 528 4,
253 503 268 523 e
293 496 390 530 psalm.
407 504 483 530 cxtx,
510 496 527 522 5
553 505 588 524 :t
612 497 658 523 llei
675 496 752 528 mihi,
776 497 838 531 quia
864 496 996 523 iucolatus

204 549 281 569 meus
298 542 476 577 prolongatus
493 548 552 575 est;
579 543 699 570 habitavi
717 551 778 570 cum
807 543 995 570 habitantibus

202 587 304 620 Cedar,
325 588 439 615 mullum
460 589 631 624 peregrinata
661 593 702 616 est
728 589 817 615 anima
843 596 919 620 mea;
949 598 957 614 ι
980 597 995 616 e

203 632 284 661 Rom.
301 640 346 666 vn,
361 633 417 660 24:
436 642 445 659 t
467 633 548 660 Miser
556 641 605 668 ego
618 633 715 663 homo!
734 634 796 668 quis
811 641 854 661 me
868 634 994 661 liberabit

203 678 237 705 de
251 686 367 713 corpore
380 679 476 706 mortis
489 679 587 713 hujus?
600 689 610 705 ι
624 685 650 707 et
661 689 676 707 e
689 679 784 714 Philip.
801 688 821 713 t,
837 679 872 707 25
889 689 917 707 ε(
934 679 994 707 Me-

203 725 255 751 litts
271 730 312 752 est
332 726 443 756 reverti.
453 730 480 752 et
495 733 558 753 esse
573 734 635 752 ctnu
653 726 780 759 Christo;
800 736 809 752 ι
824 731 851 754 et
867 734 882 754 e
894 727 990 759 psalm.

205 777 319 803 Lxxxtx,
336 771 386 804 l,2
398 779 404 797 :
416 780 425 797 ι
441 771 562 804 Domine,
575 771 707 806 refugium
727 772 813 800 factus
827 781 856 800 es
873 773 951 800 nobis
966 774 992 800 iu

203 816 403 850 generationem
417 821 444 843 et
464 817 668 851 generationem
686 825 694 843 :
719 822 864 852 antequam
888 823 992 846 montes

204 861 400 893 formarentur.
420 867 447 889 et
465 863 542 890 ﬁeret
570 867 653 894 terra,
671 867 699 890 et
719 851 797 891 orbis
818 869 961 892 terrarum.
980 875 990 890 ι
1010 851 1029 878 Β

203 907 319 942 Apponit
330 912 358 935 et
372 908 446 935 illntu
460 909 486 935 in
503 908 600 944 [Ep/tes.
616 918 635 941 ι,
654 910 686 937 17
698 917 705 942 ;
718 917 733 937 e
753 910 852 944 psalm.
869 919 924 943 xxt,
941 910 991 938 28:

205 962 215 978 ι
232 952 450 981 Remiuiscentur
464 959 491 981 et
505 960 700 982 convertentur
715 957 747 983 ad
766 957 910 984 Dominum
931 965 991 984 om-

203 1006 252 1025 nes
279 999 346 1027 fines
366 1006 454 1027 terrae.
473 1009 483 1025 ›
509 1001 547 1027 Ex
572 1001 623 1029 hoc
650 1001 767 1037 denique
795 1002 875 1030 Joau.
903 1011 923 1035 ι.
949 1004 991 1033 9:

205 1054 215 1071 ι
230 1044 301 1072 'Erat
312 1045 356 1072 lux
373 1053 448 1078 vera,
462 1054 522 1081 qua:
550 1047 687 1074 illuminat
714 1056 823 1075 onmem
852 1049 989 1077 hominem

205 1091 359 1119 venientem
385 1091 412 1119 in
436 1092 507 1120 hunc
530 1094 670 1127 mundum,
695 1104 704 1120 ι
722 1102 812 1122 causa:
836 1103 890 1122 sum
912 1097 994 1123 robur

201 1135 346 1173 Origenem
363 1138 405 1166 vel
421 1138 590 1174 Origeuistas
619 1141 798 1169 accersivisse
817 1142 884 1169 dicit
904 1142 994 1178 Cyril-

203 1183 243 1213 lus
263 1184 289 1211 in
304 1185 430 1212 eumdem
447 1185 562 1214 Joannis
575 1187 676 1214 locum.

236 1229 283 1258 IX.
296 1230 350 1258 Sed
369 1231 513 1260 manifesto
541 1237 671 1268 repugnat
690 1233 756 1262 illud
783 1233 922 1262 Zachariae
940 1242 990 1268 xtt,

202 1276 214 1303 Ι
231 1283 238 1303 :
257 1285 266 1302 t
285 1277 354 1304 Dicit
374 1277 503 1305 Dominus
528 1280 678 1306 extendens
697 1280 806 1313 caelum,
821 1286 848 1308 et
872 1281 991 1309 fundans

202 1325 316 1354 terram,
337 1328 365 1350 et
378 1323 482 1358 fingens
497 1324 621 1359 spiritum
640 1324 759 1353 hominis
777 1326 803 1353 itt
823 1334 872 1358 eo;
892 1337 903 1352 ι
919 1327 991 1361 qttod

201 1373 357 1396 commento
374 1369 437 1396 huic
459 1368 624 1404 Origeniano
645 1379 659 1398 a
682 1372 820 1399 nonnullis
837 1373 990 1407 oppositum

202 1417 244 1440 est
265 1422 272 1440 :
294 1418 426 1448 repugnat
442 1419 469 1442 et
487 1415 550 1442 illud
567 1415 681 1443 Joannis
697 1424 734 1448 tx,
748 1417 786 1444 5:
805 1426 814 1442 ‹
840 1416 992 1453 Respondit

200 1458 290 1492 Jesus,
306 1468 393 1496 neque
407 1461 449 1488 hic
464 1463 595 1497 peccavit,
614 1471 700 1497 neque
716 1469 842 1498 parentes
855 1464 927 1499 ejtts,
944 1465 991 1491 sed

202 1509 231 1531 ut
253 1505 459 1533 tuanifestentttr
484 1513 563 1541 opera
590 1507 636 1534 Dei
655 1507 681 1534 in
702 1507 788 1535 illon
805 1509 875 1535 unde
899 1508 990 1535 mirari
1005 1521 1027 1550 α

201 1551 275 1578 subit
286 1555 425 1586 stuporem
443 1551 578 1587 Origenis,
599 1553 643 1587 qui
659 1554 816 1588 prmcedens
830 1554 900 1581 istud
917 1562 992 1582 cont-

202 1603 245 1622 tna
259 1605 266 1623 :
283 1604 293 1622 ι
308 1595 406 1629 Rabbi,
423 1596 485 1631 quis
501 1597 635 1631 peccavit,
651 1597 703 1631 hic,
720 1602 766 1624 aut
778 1601 906 1633 parentes
921 1598 990 1633 ejus,

201 1646 330 1669 ntcaacus
345 1642 522 1670 nasceretur?
543 1652 553 1668 ι
573 1643 599 1670 in
620 1643 660 1670 sui
685 1643 774 1670 delirii
804 1643 990 1671 defensiOncm

202 1688 346 1722 usurpavit
360 1696 367 1714 :
383 1688 416 1715 ad
433 1688 597 1715 voluntatem
613 1689 711 1724 quippe
724 1689 770 1716 Dei
786 1697 894 1717 causam
913 1690 991 1716 casei-

202 1733 265 1762 tatis
279 1734 351 1762 illius
366 1735 488 1763 referens
499 1734 636 1769 Christus,
655 1743 749 1763 ansam
768 1743 877 1764 omnem
894 1736 989 1764 abstu-

202 1779 234 1807 lit
246 1780 440 1815 detorquendat
456 1780 530 1809 illius
551 1783 584 1809 ad
601 1787 710 1817 peccata
728 1782 809 1809 vitam
833 1782 988 1817 praeceden-

202 1824 388 1860 tia.Aperlins
410 1826 492 1853 etiam
519 1832 652 1862 repugnat
670 1827 734 1855 illud
760 1828 840 1855 Rom.
859 1836 899 1861 ιχ,
914 1829 944 1856 ll
963 1833 990 1856 et

201 1878 273 1906 seq.,
290 1872 363 1906 quod
375 1872 408 1899 ad
429 1873 612 1900 subruendum
631 1874 700 1901 hanc
713 1874 838 1909 Origcnis
852 1876 991 1908 opinatio-

202 1925 263 1945 nem
280 1924 392 1953 usurpat
413 1919 580 1954 Augustinus
602 1921 628 1947 iu
644 1921 758 1956 epistola
777 1921 809 1948 ad
826 1921 956 1955 Optatum
981 1929 988 1947 :

204 1972 214 1986 σ
231 1963 297 1991 Cum
311 1965 383 1992 enitn
398 1967 516 1994 nondum
533 1967 586 1994 nati
604 1966 728 1999 fuissent,
747 1973 794 1995 aut
810 1968 914 2003 aliquid
926 1968 989 1995 boni

201 2010 333 2045 egissent,
356 2016 403 2038 aut
420 2012 482 2038 mali
497 2012 538 2048 (ut
553 2013 700 2040 secundum
717 2013 876 2041 electionem
891 2020 990 2047 propo-

202 2057 283 2083 situm
296 2055 342 2084 Dei
353 2057 495 2092 maneret).
508 2065 561 2086 non
574 2065 606 2086 ex
623 2059 760 2093 operibus,
776 2059 823 2086 sed
831 2066 865 2086 ex
876 2064 989 2086 vocante

181 2130 183 2132 τ
202 2102 304 2130 dictum
321 2107 364 2130 est
377 2103 400 2130 ei
421 2112 428 2130 :
447 2103 516 2137 Quia
542 2103 629 2138 major
655 2105 756 2132 serviet
784 2105 899 2137 minori,
917 2105 989 2133 sicut

202 2149 332 2184 seriptum
347 2153 404 2176 est:
420 2149 504 2177 Jacob
518 2149 608 2181 dilexi.
627 2150 697 2177 Esau
711 2156 800 2178 autem
817 2151 878 2179 odio
890 2151 984 2178 habui.

1050 222 1100 247 rita
1118 229 1288 256 nequaquam
1301 222 1334 248 ab
1349 220 1478 254 Apostolo
1495 219 1606 254 infringi
1630 227 1662 247 ac
1685 219 1743 246 tolli
1761 221 1823 246 arbi-

1051 271 1148 294 tratur.
1172 276 1181 293 ι
1199 267 1292 302 Igitur,
1312 266 1399 301 inquit
1426 274 1500 293 num.
1516 265 1542 297 7,
1571 266 1642 292 sicut
1661 265 1697 293 de
1721 265 1787 292 Esau
1801 273 1824 293 et

1047 314 1132 342 Jacob
1154 315 1310 349 diligentius
1332 314 1509 348 perscrutatis
1527 313 1677 347 Scripturis
1700 312 1824 340 invenitur

1048 361 1111 396 quia
1127 368 1180 388 non
1206 365 1249 388 est
1272 360 1407 393 injustitia
1430 359 1500 394 apud
1520 359 1614 390 Deum,
1637 362 1667 384 ut
1691 363 1824 392 antequam

1048 412 1236 439 nascerentur,
1251 406 1293 433 vel
1309 410 1423 440 agerent
1439 404 1540 439 aliquid
1555 405 1581 431 in
1596 405 1652 430 vita
1670 404 1735 436 hac,
1757 405 1823 431 dice-

1048 459 1123 480 retur
1138 454 1200 488 quia
1222 453 1310 487 major
1322 452 1415 478 serviet
1433 451 1529 478 νήηονί
1543 451 1567 467 ⁵³
1586 460 1593 478 :
1613 455 1641 477 et
1653 455 1684 477 ιιι
1702 450 1826 478 invenitur

1047 507 1100 526 non
1114 506 1174 526 esse
1189 498 1330 531 iniustitia,
1348 497 1418 532 quod
1434 502 1460 524 et
1479 497 1504 524 in
1524 502 1618 524 ventre
1631 497 1744 523 fratrem
1757 503 1824 524 suum

1046 545 1227 579 supplantavit
1240 543 1337 577 Jacob,
1357 545 1380 572 si
1396 552 1427 571 ex
1442 543 1620 578 praecedentis
1635 542 1763 569 videlicet
1774 543 1824 570 vita

1047 591 1152 618 meritis
1166 591 1247 625 digne
1271 598 1331 617 eum
1361 590 1478 617 electum
1492 597 1556 617 esse
1570 589 1724 617 sentiamus
1742 596 1756 615 a
1771 588 1825 622 Deo,

1047 636 1082 663 itu
1101 641 1130 663 ut
1154 636 1230 663 fratri
1247 636 1365 671 praeponi
1395 641 1564 667 mereretur;
1584 635 1619 661 ita
1643 635 1740 666 etiam,
1757 644 1766 661 ι
1781 639 1824 662 elc.

1046 683 1112 710 item
1128 688 1238 718 putasse
1253 683 1361 710 videtur
1376 681 1472 710 eodem
1489 682 1581 712 modo,
1601 681 1747 707 Paulinum
1764 681 1825 708 hunc

1045 729 1133 756 locum
1150 729 1332 762 interpretans
1345 733 1410 755 tom.
1425 735 1442 754 tt
1460 727 1486 754 in
1500 726 1593 757 Jorm.,
1620 734 1698 753 uum.
1713 726 1759 753 25.
1780 725 1825 754 Nec

1045 773 1122 800 ahter
1143 773 1309 800 intellexisse
1323 780 1384 799 eum
1399 772 1546 799 verisimile
1566 777 1608 799 est
1624 773 1742 798 alterum
1755 772 1823 798 istaut

1045 818 1065 845 ll
1077 818 1148 846 Tim.
1166 826 1185 851 ι,
1201 819 1228 850 8,
1245 819 1272 851 9,
1293 819 1392 853 placito
1410 819 1475 845 licet
1497 819 1581 853 ipsius
1596 826 1631 845 ex
1655 818 1770 845 adverso
1785 825 1825 852 op-

1046 864 1162 898 positum
1181 873 1188 890 :
1202 874 1211 890 ‹
1231 864 1372 891 Collabora
1390 864 1533 898 Evangelio
1543 863 1696 890 secundum
1710 863 1822 890 virtutem

1048 909 1104 942 Dei,
1125 909 1169 943 qui
1186 917 1234 936 nos
1246 909 1385 941 liberavit,
1399 913 1426 936 et
1440 908 1547 935 vocavit
1560 907 1705 935 vocatione
1712 914 1759 934 sua
1771 914 1824 933 san-

1045 959 1099 986 cta,
1125 957 1178 982 no'n
1205 955 1353 982 secundum
1370 962 1452 989 opera
1475 959 1578 986 nostra,
1611 954 1659 980 sed
1688 953 1822 980 secundum

1045 1001 1212 1036 propositum
1229 1008 1307 1028 suuttt
1319 1007 1346 1028 et
1360 1001 1487 1036 gratiam,
1500 1007 1559 1034 qua
1572 999 1635 1027 data
1656 1004 1700 1027 est
1715 998 1788 1026 nobis
1802 999 1823 1025 itt

1044 1047 1154 1074 Christo
1165 1046 1229 1074 Jesu
1244 1052 1309 1074 ante
1324 1052 1446 1081 tempora
1459 1046 1611 1074 saecularia.
1627 1056 1638 1072 ι

1079 1092 1114 1120 Χ.
1136 1092 1330 1120 Verumtamen
1358 1093 1512 1127 perspicuis
1541 1092 1604 1119 licet
1629 1091 1756 1120 convicta
1778 1090 1824 1118 sint

1044 1139 1193 1174 Scripturte
1209 1139 1373 1166 testimoniis
1401 1139 1459 1166 haec
1484 1138 1606 1171 decreta,
1632 1137 1720 1165 nihilo
1747 1138 1822 1164 secius

1044 1185 1234 1220 astipulatore-3
1253 1185 1348 1213 habuit
1369 1185 1523 1219 complures
1540 1184 1721 1211 Adamantius
1741 1192 1749 1210 :
1771 1190 1822 1209 nant

1045 1235 1143 1266 praeter
1157 1230 1326 1264 Pamphilum
1339 1229 1474 1264 Apologia
1487 1233 1642 1262 auctorem,
1656 1229 1702 1264 qui
1726 1228 1751 1255 in
1772 1235 1821 1254 eam

1045 1276 1178 1303 inclinare
1208 1276 1316 1303 videtur
1341 1276 1514 1308 sententiatn,
1534 1275 1657 1302 eamdem
1685 1278 1821 1301 assectator-

1043 1322 1170 1349 Clemens
1185 1321 1387 1349 Alexandrinus
1413 1320 1541 1348 Stromat.
1562 1321 1609 1348 lib.
1637 1329 1659 1354 t,
1690 1325 1718 1348 et
1733 1321 1821 1348 clarius

1043 1367 1124 1397 etiam
1140 1367 1189 1395 lib.
1204 1375 1244 1395 Ill.
1260 1367 1287 1394 in
1306 1367 1409 1402 Eclogis
1434 1374 1542 1401 quoque
1567 1367 1688 1394 animam
1707 1367 1781 1395 tradit
1799 1367 1820 1392 in

1043 1418 1150 1440 uterum
1163 1413 1271 1440 ittnnitti
1285 1413 1336 1440 ὑπό
1346 1421 1421 1444 τινος
1436 1412 1491 1439 τῶν
1505 1414 1538 1448 τῇ
1553 1413 1660 1447 γενέσει
1675 1412 1820 1448 ἐφεστώτων

1043 1460 1177 1494 ἀγγέλων.
1205 1459 1324 1486 Pierium
1351 1459 1434 1486 etiatn
1458 1459 1747 1493 Alexandrinutu,qni
1763 1458 1820 1484 alter

1043 1506 1176 1542 Origenes
1199 1506 1405 1539 cognominatus
1432 1510 1484 1536 est,
1512 1504 1667 1532 animarum
1691 1505 1819 1540 προϋπαρ-

1044 1552 1086 1585 ξιν
1099 1551 1252 1579 defendisse
1270 1555 1386 1578 testatur
1413 1551 1524 1577 Photius
1551 1551 1612 1578 cod.
1633 1558 1709 1579 cxtx.
1732 1550 1816 1577 Neme-

1043 1599 1099 1626 sius
1115 1598 1141 1625 in
1159 1598 1229 1625 libro
1258 1597 1296 1624 De
1309 1602 1412 1627 natura
1440 1596 1565 1629 hominis,
1590 1603 1652 1631 cap.
1676 1596 1704 1630 2,
1728 1596 1818 1623 animas

1042 1644 1180 1672 hominum
1207 1643 1271 1670 olim
1286 1651 1300 1670 a
1319 1642 1374 1669 Deo
1391 1647 1548 1676 procreatas
1564 1643 1589 1668 in
1615 1650 1730 1677 corpora
1750 1641 1780 1669 ab
1791 1649 1818 1668 eo

1044 1691 1115 1717 tuitti
1129 1689 1279 1721 existimat,
1294 1696 1355 1716 cum
1371 1689 1407 1714 ad
1418 1695 1465 1715 eas
1486 1688 1677 1723 suscipiendas
1692 1689 1780 1715 idonea
1794 1692 1817 1714 et

1042 1737 1187 1764 informata
1205 1741 1279 1763 sunt.
1291 1734 1490 1762 Ecclesiasticis
1499 1735 1663 1769 quihusdam
1676 1741 1816 1769 persuasum

1043 1784 1125 1811 fuisse
1133 1787 1226 1810 narrat
1236 1783 1413 1817 Hieronymus
1427 1782 1507 1816 epist.
1531 1781 1622 1813 82,.ad
1635 1780 1816 1810 Marcellinum.

1042 1831 1147 1857 anitnas
1161 1829 1224 1856 olim
1238 1829 1362 1856 conditas
1375 1828 1401 1855 in
1416 1828 1545 1854 thesauro
1557 1827 1603 1854 Dei
1622 1826 1734 1858 haberi;
1749 1831 1816 1859 quam

1042 1876 1198 1910 opinionem
1212 1876 1247 1902 ab
1260 1874 1425 1909 Origeniaua
1443 1873 1572 1901 secernit.
1593 1873 1651 1907 Ipse
1675 1879 1739 1899 vero
1755 1871 1816 1899 lib.t

1041 1921 1188 1948 Comment.
1204 1921 1238 1946 ad
1255 1919 1365 1954 Epltos.,
1383 1919 1410 1946 in
1429 1927 1490 1953 cap.
1506 1926 1524 1950 ι,
1545 1923 1617 1945 vers.
1633 1917 1650 1944 4
1667 1923 1695 1944 et
1708 1917 1735 1948 5,
1751 1923 1814 1943 com-

1043 1967 1125 1995 menti
1147 1967 1225 2002 hujus
1239 1966 1328 1998 capita
1341 1971 1367 1993 et
1382 1965 1582 2000 propugnacula
1613 1967 1739 1991 accurate
1753 1969 1815 1990 sern-

1042 2018 1122 2044 talur.
1148 2017 1176 2040 et
1199 2012 1224 2039 in
1248 2019 1354 2039 comma
1373 2011 1406 2038 Π
1423 2011 1519 2046 capitis
1536 2010 1667 2045 ejusdem,
1683 2010 1814 2043 ἐπίγνωσιν

1042 2060 1113 2087 inter
1122 2063 1149 2087 et
1162 2058 1264 2093 γνῶσιν
1282 2058 1349 2085 illud
1367 2057 1405 2084 ait
1417 2058 1551 2084 interesse
1562 2057 1739 2088 discriminis,
1755 2055 1814 2090 quod

1043 2113 1130 2132 rerum
1158 2112 1225 2139 quas
1251 2111 1388 2138 nunquam
1411 2103 1539 2130 scivitnus
1558 2103 1594 2129 sit
1614 2102 1723 2137 γνῶσις,
1738 2108 1812 2128 rerum

1043 2159 1106 2178 vero
1123 2158 1236 2186 quarum
1262 2150 1336 2185 prius
1360 2149 1436 2176 obliti
1460 2150 1648 2180 recordamur,
1671 2145 1811 2182 ἐπίγνωσις.

201 2193 270 2228 Quid
284 2202 350 2229 ergo
362 2195 502 2223 dicemus?
518 2196 638 2230 nunquid
658 2195 786 2231 iniquitas
801 2197 872 2231 apud
886 2196 989 2224 Deum?
1006 2196 1027 2223 Ι)
1043 2201 1184 2232 propterea
1203 2195 1317 2222 Paulum
1338 2195 1462 2229 Ephesiis
1477 2198 1571 2228 optare
1585 2193 1709 2228 spiritum
1726 2191 1812 2219 revela-

200 2239 290 2268 Absit.
306 2239 390 2276 Moysi
408 2240 481 2267 enim
499 2240 566 2268 dicit
584 2249 591 2268 :
613 2240 762 2268 Miset'cbor
780 2242 856 2276 cujus
872 2242 987 2269 misere-

202 2285 268 2318 bor;
293 2289 321 2312 et
337 2285 552 2312 misericordiam
578 2287 711 2320 prtestabo
727 2288 803 2320 cujus
828 2287 986 2315 miserebor.

202 2329 285 2366 Igitur
303 2338 355 2358 non
370 2331 497 2364 volentis,
514 2339 601 2366 neque
613 2333 758 2364 currentis,
768 2333 814 2359 sed
833 2333 987 2360 miserentis

200 2379 243 2402 est
256 2375 302 2403 Dei
321 2376 354 2403 ".
379 2385 388 2402 ι
406 2375 471 2409 Quae
497 2377 561 2403 licet
586 2376 711 2412 Origenis
735 2376 840 2405 fabulas
867 2377 987 2405 funditus

201 2419 376 2454 labefactent,
395 2423 452 2449 haac
471 2427 560 2449 tamen
583 2423 640 2457 ipsa
669 2422 743 2450 Pauli
767 2424 849 2451 verba
872 2425 904 2450 ad
931 2432 987 2451 sua:

201 2474 290 2495 causa:
304 2468 486 2496 defensionem
497 2469 605 2496 adducit
621 2469 668 2498 lib.
687 2478 705 2496 ll
718 2470 786 2503 Περὶ
797 2469 909 2504 ἀρχῶν,
926 2477 986 2504 cap.

200 2514 229 2546 9.
243 2515 291 2544 sed
310 2515 389 2543 aliter
404 2516 515 2550 exponit
528 2524 561 2544 ac
582 2517 662 2552 vulgo
678 2517 776 2550 exponi
801 2517 898 2543 solent.
910 2517 986 2551 Quod

200 2561 272 2588 enim
301 2561 339 2589 ait
365 2561 520 2597 Apostolus,
538 2567 683 2597 antequatu
701 2562 762 2589 b0ni
775 2563 923 2597 quidquam
944 2563 986 2590 vel

201 2605 263 2633 mali
283 2607 412 2643 egissent,
428 2615 442 2633 a
473 2606 527 2634 Deo
543 2607 704 2640 destinatos,
723 2616 775 2634 non
800 2615 834 2635 cx
859 2609 988 2642 operibus

201 2652 323 2684 meritos,
340 2652 384 2679 hic
400 2656 429 2679 ιιι
444 2652 612 2686 diligeretur,
628 2651 672 2679 ille
695 2657 725 2678 nt
739 2652 802 2678 cdio
823 2652 985 2685 haberetur;

201 2695 285 2724 refert
299 2697 342 2725 ille
355 2698 388 2724 ad
403 2705 485 2732 opera
507 2698 533 2725 in
552 2698 631 2725 terris
645 2702 673 2725 et
698 2698 754 2724 vita
778 2697 829 2724 hac
851 2697 1000 2730 admissa,-

200 2747 261 2777 qnae
288 2742 388 2770 nullant
413 2744 468 2772 Deo
484 2744 675 2772 destinationis
693 2751 748 2771 sua:
770 2750 881 2772 causam
905 2743 989 2773 dede-

239 2827 262 2845 "
273 2829 352 2859 Boni.
374 2839 412 2864 ιχ,
428 2832 522 2860 “~16.
547 2833 571 2850 ⁵³
583 2833 682 2862 Genes.
698 2843 760 2866 xxv.
777 2834 822 2862 ξδ-

1043 2243 1124 2270 tionis
1136 2242 1163 2268 in
1188 2241 1326 2275 agnitione
1347 2240 1405 2271 Dei,
1422 2240 1447 2267 id
1467 2245 1519 2272 est,
1531 2240 1562 2266 ἐν
1581 2239 1737 2274 ἐπιγνώσει,
1752 2236 1810 2272 quod

1043 2288 1118 2322 prius
1135 2287 1160 2313 in
1184 2286 1293 2313 caelesti
1312 2286 1365 2312 vita
1383 2285 1467 2312 Deum
1485 2285 1650 2317 noverimus,
1668 2285 1772 2319 ejusque
1785 2283 1810 2308 de

1042 2333 1120 2361 ctelis
1132 2333 1159 2360 in
1176 2337 1264 2360 terras
1278 2332 1419 2367 tnigrando
1438 2331 1525 2363 obliti,
1546 2332 1644 2358 iterum
1660 2338 1706 2366 per
1723 2329 1810 2358 revela-

1043 2379 1143 2406 tiouem
1164 2385 1361 2413 cognoscamus
1384 2385 1391 2402 :
1417 2382 1444 2404 et
1470 2377 1518 2404 lib.
1536 2385 1553 2404 tt
1569 2378 1723 2404 earumdem
1743 2374 1808 2402 Gom-

1042 2429 1122 2451 ment.
1132 2424 1160 2450 in
1172 2423 1266 2457 ΕιιΙιω.
1282 2430 1322 2455 ut,
1333 2422 1359 2454 1,
1370 2422 1420 2457 legi
1435 2422 1473 2449 ait
1488 2423 1579 2450 multis
1593 2423 1618 2449 in
1632 2422 1698 2450 locis
1713 2419 1808 2449 Paulum

1043 2469 1146 2496 idcirco
1161 2470 1279 2496 vinctum
1297 2469 1362 2500 dici,
1377 2468 1448 2503 Quod
1463 2469 1554 2496 anima
1577 2468 1636 2502 ejus
1657 2474 1773 2503 tauquam
1786 2466 1806 2492 in

1041 2523 1163 2547 carcere,
1187 2515 1226 2543 sic
1250 2516 1277 2542 in
1299 2522 1414 2549 corpore
1437 2515 1529 2542 clausa
1556 2521 1704 2543 teneatur:
1728 2511 1808 2540 deinde

1042 2562 1118 2589 addit
1129 2562 1183 2589 alio
1195 2569 1276 2589 sensu
1292 2562 1318 2589 id
1331 2561 1365 2589 ab
1376 2562 1436 2589 aliis
1451 2563 1547 2598 accipi,
1565 2571 1661 2598 nempe
1674 2561 1738 2597 quod
1748 2560 1806 2587 Pau-

1042 2607 1083 2634 lus
1099 2615 1131 2634 ex
1153 2610 1230 2634 utero
1260 2607 1355 2633 matris
1370 2614 1426 2634 suae
1449 2609 1483 2635 ad
1509 2609 1705 2635 convertendas
1726 2609 1805 2641 gentml

1042 2654 1261 2688 prtedestinatns,
1276 2653 1384 2680 vincula
1408 2656 1582 2688 postmodum
1601 2655 1690 2682 carnis
1709 2657 1804 2686 accept,

1040 2699 1091 2726 rit:
1102 2700 1164 2726 etin
1173 2698 1285 2725 Philem.
1298 2707 1376 2730 xxnt,
1386 2699 1430 2726 ubi
1438 2700 1590 2735 Epaphram
1601 2709 1611 2726 t
1620 2699 1801 2735 concaptivumt

1043 2753 1121 2774 suum
1148 2745 1250 2774 Paulus
1264 2744 1393 2780 appellat,
1411 2746 1438 2773 in
1452 2747 1535 2775 verho
1550 2747 1720 2783 captivitatis,
1739 2744 1800 2780 illi“
