1912 3079
60 133 108 160 90.5

449 132 736 162 ORIGENIANORUM
756 133 820 161 LIB.
843 128 971 166 κίειν,
991 135 1024 169 11,
1042 135 1180 169 ρυιεδτ.
1201 136 1247 164 Vl.

1632 139 1683 174 eos

60 191 199 219 nonnullos
211 211 219 222 .
243 191 410 219 reconditum
434 191 536 227 aliquid
562 193 648 220 latere
665 193 731 220 dicit
749 193 845 222 lliero—
860 197 882 224 Α
899 193 940 220 νει
957 194 1056 228 sanati,
1070 194 1117 230 qui
1129 203 1191 223 cum
1203 195 1313 224 Christo
1331 200 1405 228 sunt,
1424 201 1508 232 agunt
1528 197 1641 233 aliquid,
1657 203 1686 227 et

59 245 162 273 nymns,
187 245 197 262 ι
231 238 299 272 quod
324 238 394 272 capti
421 239 523 273 pariter
537 244 565 266 et
583 239 669 267 vincti
696 241 721 268 in
745 241 842 268 vallem

61 284 126 311 hanc
137 283 249 311 adducti
273 285 328 312 sint
352 285 546 320 lacrymarunt.
572 295 582 312 ι
601 286 666 319 Quae
680 295 742 314 cum
760 288 843 315 inter-

58 327 142 362 posita
169 328 244 355 nulla
273 329 458 357 coniutatioue
481 331 523 358 vel
545 338 661 359 censura
677 333 842 367 scripsisset,

59 373 144 401 llulini
164 375 354 403 vexationibus
373 381 400 403 et
417 377 537 410 querelis
563 383 722 412 patuerunt.
739 379 841 407 Verum

59 421 134 455 hujus
145 421 270 449 criminis
288 423 464 451 accusatione
480 423 623 452 absolvere
647 432 707 453 sese
728 431 842 454 conatur

58 468 164 503 Apolog.
185 469 427 502 tadvers.Ruﬁu.,
441 478 503 504 cap.
525 471 542 498 5
567 476 595 498 et
620 471 648 504 6,
667 472 794 508 idemque
814 474 841 500 in

57 512 182 541 Ruﬁnum
203 515 309 542 crimen
335 515 449 544 obscure
476 517 575 552 regerit
598 518 710 552 Apolog.
735 519 783 546 lib.
808 527 840 552 ιι,

57 566 114 593 cap.
133 559 151 586 2
168 564 196 587 ct
207 560 236 592 4,
250 565 278 588 et
290 561 337 589 lib.
357 569 397 594 ιιι,
411 569 471 596 cap.
485 563 502 590 8
513 568 538 589 et
554 563 581 591 9.
597 563 651 591 Sed
665 565 785 592 notabile
800 571 842 593 est

59 606 83 632 in
96 605 189 640 primis
203 607 276 641 quod
293 607 333 634 ait
350 615 411 643 cap.
424 608 441 635 6
451 610 562 644 Apolog.
577 617 583 637 I
600 619 607 637 :
623 620 633 637 ι
648 610 771 639 Vinctam
789 612 840 640 dici

57 652 170 679 animam
185 659 313 688 corpore.
336 654 422 682 donec
437 656 469 682 ad
492 656 632 684 Christum
647 658 752 690 redeat,
768 662 796 686 et
814 659 840 686 in

58 698 265 726 resurrectionis
283 699 368 731 gloria
385 701 573 735 corruptivum
597 707 625 729 et
648 702 762 730 mortale
777 710 840 731 cor-

57 750 112 778 pus,
129 742 333 778 incorruptione
346 750 374 772 et
393 745 598 775 immortalitate
612 752 770 782 commutet,
788 756 841 775 nou

57 788 173 816 absurdae
186 789 445 825 intelligentiaesm
457 792 616 828 Anonymus
628 793 673 821 ille
685 794 756 829 apud
767 791 840 822 Pho-
868 817 870 819 .

57 834 119 861 tium
134 835 194 863 cod.
208 843 283 863 cxvn
296 837 342 871 qui
357 837 483 872 Origenis
500 837 690 867 defensionem
706 841 838 875 suscepit.

57 881 198 917 Scriptura
227 889 324 916 sacrte,
353 883 519 919 Petrumque
549 884 688 920 suffragiis
716 894 838 914 errorem
858 898 877 925 Β

57 927 122 955 hunc
135 928 208 955 ultro
222 936 393 965 propugnare
405 932 515 965 satagit,
531 931 630 959 nedum
647 932 720 960 illius
739 940 839 968 expro-

56 973 200 1002 brationem
227 976 261 1003 ab
279 975 396 1011 Origene
419 978 575 1011 prohibeat.
589 977 628 1006 Ab
650 986 683 1006 eo
704 986 769 1006 sane
785 987 837 1007 non

55 1021 129 1055 plane
143 1021 265 1049 alienqu
283 1023 365 1050 fuisse
382 1023 556 1052 Pbilastrium
572 1025 752 1058 crediderim;
766 1031 838 1061 post-

55 1075 129 1101 quam
146 1069 219 1096 enim
233 1069 292 1096 htec
303 1069 429 1097 disseruit
443 1071 509 1098 haar.
523 1071 555 1098 5i
578 1080 584 1098 :
600 1081 610 1097 ‹
631 1072 690 1099 Alia
717 1077 759 1099 est
783 1073 838 1099 ha:-

54 1113 117 1141 resis
131 1122 191 1148 qua:
202 1114 270 1142 dicit
283 1114 402 1143 hominis
417 1116 534 1143 animam
556 1124 609 1144 non
624 1116 724 1144 factam
745 1124 761 1143 a
783 1117 838 1145 Deo

19 1166 21 1169 '
55 1159 178 1194 appellari
195 1161 331 1193 anintam,
344 1161 391 1188 sed
413 1165 488 1194 ante,
507 1160 606 1196 inquit,
622 1161 778 1189 intellectus
791 1169 838 1189 vo-

54 1205 170 1237 cabatur,
183 1210 211 1233 et
228 1211 292 1233 erat
320 1206 346 1232 in
366 1206 458 1233 casio:
479 1211 570 1240 postea
590 1212 679 1234 atttem
695 1207 758 1242 quia
783 1212 836 1235 ter-

55 1258 112 1278 rena
126 1252 305 1286 desideravit,
317 1253 477 1285 discessisse
492 1261 551 1280 eam
565 1255 598 1282 de
611 1254 692 1287 coelo,
710 1259 737 1282 et
752 1263 785 1282 es
803 1262 836 1283 eo

53 1305 107 1324 earn
121 1298 242 1325 animam
256 1304 435 1334 nuncupatam
451 1299 636 1332 arbitrantur;
657 1310 666 1326 ι
687 1308 747 1336 quae
764 1301 836 1336 peni-

55 1349 93 1371 tus
108 1343 271 1380 Origeuiana
293 1351 367 1372 sunt.
385 1345 501 1373 Mentem
523 1354 601 1374 suam
625 1346 724 1374 deinde
746 1348 836 1382 prodit

54 1389 91 1418 his
104 1389 213 1418 verbis:
229 1400 242 1417 ε
260 1390 419 1426 lgnorantes
433 1391 504 1426 quod
530 1391 558 1418 in
584 1392 717 1427 principio
731 1392 800 1420 facta
819 1401 834 1419 a

54 1434 112 1468 Deo,
125 1441 151 1464 et
166 1442 260 1464 creata
277 1441 338 1472 post
351 1437 461 1472 angelos
478 1438 570 1465 anima
593 1443 636 1465 est
660 1439 792 1473 appellata
819 1447 834 1466 a

54 1480 170 1514 Domino,
184 1483 291 1518 hocque
304 1490 403 1510 nomen
419 1482 596 1518 proprietatis
609 1483 714 1518 accepit
733 1491 747 1510 a
767 1484 834 1516 Deo,

53 1532 79 1554 ut
97 1528 194 1561 anima,
219 1536 275 1556 non
294 1528 450 1556 intellectus
473 1534 630 1558 vocaretur.
647 1539 657 1556 ι
673 1530 761 1565 Atqne
775 1530 834 1558 hate

893 239 1021 266 laborant
1037 248 1099 275 pro
1126 242 1204 270 nobis
1224 244 1257 270 ad
1278 243 1484 272 similitudinem
1516 245 1684 280 angelorum,

894 285 941 319 qui
955 286 1051 313 saltttis
1066 292 1166 315 nostra:
1192 288 1345 317 ministeria
1363 295 1534 325 procurant;
1555 291 1598 319 vel
1622 299 1685 319 rur-

893 339 953 358 sum
978 337 1138 366 peccatores
1174 334 1258 361 etiam
1287 335 1336 370 ipsi
1365 341 1443 364 extra
1472 343 1570 372 corpus
1603 338 1684 373 positi

894 382 978 411 agunt
996 378 1100 413 aliquid
1124 379 1272 407 secundum
1295 382 1465 416 propositum
1491 383 1593 411 mentis
1616 379 1692 416 suat,I

893 422 927 449 ad
944 422 1101 457 angelorum
1122 424 1301 453 nihilominus
1323 426 1530 457 similitudinem
1550 428 1694 458 sinistro-‘

893 475 964 500 rum,
981 475 1043 496 cum
1067 470 1167 504 quibus
1197 476 1224 498 et
1240 471 1266 498 in
1288 476 1419 501 atteruunt
1443 474 1533 509 ignem
1558 476 1683 504 mittendi

894 513 1021 541 dicuntur
1038 523 1053 542 ιι
1067 515 1180 544 Christo
1196 517 1355 553 {habeatur
1367 524 1395 547 et
1410 520 1461 548 hoc
1483 528 1590 556 quoque
1611 522 1684 550 inter

893 561 998 588 occulta
1016 561 1076 594 Dei,
1093 570 1144 590 nec
1157 563 1289 592 chartulae
1302 565 1499 594 committenda
1516 568 1656 603 mysteria.
1669 578 1680 595 ο

892 605 962 638 Quin
976 611 1003 633 et
1018 607 1064 635 lib.
1080 615 1101 635 ιι
1117 608 1143 635 in
1157 608 1259 637 Cantia.
1271 611 1411 644 centiam,
1427 620 1489 647 pag.
1504 612 1549 645 58.
1563 613 1681 640 animam

893 658 1115 689 unamquamque
1135 654 1161 682 in
1177 663 1226 682 sna
1244 655 1329 691 ipsius
1346 657 1504 692 cognitione
1520 665 1683 694 comparan—

892 697 925 724 da
942 697 1010 725 eniti
1033 699 1134 727 debere
1157 701 1294 735 sanciens,
1319 703 1411 730 varias
1423 711 1549 738 superea
1571 711 1602 732 ac
1618 712 1683 733 cou-

894 745 992 773 trarias
1006 751 1153 774 enumerat
1167 747 1322 782 opiniones,
1338 757 1407 784 quas
1417 750 1557 778 discutere
1571 758 1604 779 ac
1616 758 1681 779 ven-

894 789 972 818 tilare
985 791 1105 819 animant
1118 792 1207 828 jubet,
1229 797 1257 821 et
1274 795 1301 822 in
1319 795 1558 823 verisimilioribus
1572 796 1682 830 acquie-

893 843 979 864 scere.
997 836 1044 865 Sic
1057 843 1147 866 autem
1163 846 1211 867 eas
1226 840 1326 868 anima:
1341 841 1534 876 expendendos
1549 841 1634 874 dedit,
1653 849 1682 869 ut

892 882 920 909 in
941 887 1085 918 utramque
1112 889 1217 919 partem
1232 886 1267 913 de
1283 886 1337 914 illis
1360 887 1512 922 disputare,
1530 892 1559 915 et
1579 888 1681 915 rationi

892 930 977 963 magis
998 936 1197 959 consentaneas
1218 932 1320 967 eligere
1347 933 1398 960 hoc
1423 938 1546 969 tempore
1571 934 1681 962 licuisse

891 974 1024 1002 videatur.
1045 976 1114 1004 llinc
1138 977 1207 1005 libro
1229 985 1248 1005 ιι
1265 978 1335 1013 Περὶ
1350 978 1461 1014 ἀρχῶν,
1477 987 1537 1014 cap.
1559 980 1586 1012 8,
1604 985 1679 1016 post-

889 1026 971 1053 quam
988 1021 1080 1049 ntultis
1094 1023 1223 1052 disseruit
1239 1025 1273 1052 de
1291 1025 1395 1059 anima,
1418 1031 1447 1054 et
1468 1034 1584 1055 excussa
1598 1035 1614 1055 a
1637 1035 1682 1056 no-

890 1066 931 1093 bis
947 1068 1070 1100 superius
1093 1069 1190 1104 placita
1212 1071 1362 1106 proposuit,
1389 1073 1498 1106 subiicit
1532 1073 1598 1102 illud
1619 1079 1677 1102 tan-

889 1111 961 1143 dem,
977 1119 1051 1139 num.
1065 1113 1103 1141 ις
1125 1123 1135 1140 ι
1155 1114 1346 1143 Verumtamen
1361 1116 1437 1151 quod
1455 1117 1585 1152 diximus,
1602 1126 1679 1147 men-

890 1162 943 1183 tem
958 1156 985 1184 in
1000 1157 1119 1186 animam
1134 1160 1212 1193 verti,
1231 1160 1274 1188 vel
1292 1161 1314 1188 si
1329 1168 1383 1196 qua
1399 1162 1451 1189 alia
1466 1162 1493 1189 in
1509 1163 1561 1191 hoc
1585 1163 1680 1191 viden-

889 1207 933 1229 tur
949 1203 1083 1238 aspicere,
1097 1205 1226 1234 discutiat
1241 1207 1310 1242 apud
1327 1214 1356 1234 se
1371 1207 1417 1242 q‘ui
1433 1207 1498 1243 legit
1512 1208 1678 1244 diligentius.

887 1254 916 1275 et
931 1255 1079 1284 pertractet
1097 1259 1104 1278 :
1129 1259 1144 1277 u
1171 1251 1251 1279 nobis
1272 1257 1361 1280 tamen
1382 1261 1435 1281 non
1460 1259 1588 1288 putentur
1607 1255 1679 1283 velut

888 1295 1010 1330 dogmata
1028 1304 1088 1324 esse
1109 1297 1226 1331 prolata,
1252 1299 1300 1326 sed
1328 1301 1462 1328 tractandi
1487 1308 1563 1328 more
1584 1309 1617 1329 ac
1634 1309 1679 1330 re-

886 1341 1013 1375 quirendi
1030 1348 1091 1370 esse
1106 1343 1248 1377 discussa;
1267 1353 1277 1370 ι
1298 1350 1326 1372 et
1348 1345 1428 1380 paulo
1454 1352 1528 1380 post.
1544 1355 1620 1374 num.
1635 1347 1653 1375 5
1669 1357 1677 1375 :

890 1395 900 1411 ι
920 1385 982 1414 llrec
999 1386 1079 1422 prout
1091 1389 1229 1422 potuimus
1247 1390 1280 1417 de
1304 1391 1460 1419 rationabili
1480 1392 1571 1420 anima
1589 1393 1679 1421 discu-

887 1433 979 1461 tienda
995 1434 1080 1469 magis
1098 1443 1113 1462 a
1127 1434 1288 1470 legentibus,
1303 1445 1384 1471 quam
1402 1442 1505 1466 statuta
1519 1446 1552 1466 ac
1566 1439 1676 1469 deﬁnita

887 1478 1059 1512 protulimus.
1092 1489 1102 1506 ι
1128 1480 1218 1515 Atque
1238 1481 1298 1510 haec
1320 1486 1362 1510 est
1384 1490 1490 1510 summa
1511 1483 1678 1512 defensionis

886 1523 1031 1559 Pamphili.
1051 1525 1137 1558 Quam
1153 1532 1182 1553 ut
1197 1526 1314 1555 validius
1327 1529 1483 1562 continuet,
1498 1528 1560 1556 aliis
1572 1529 1630 1557 fere
1644 1532 1678 1557 de

53 1573 194 1609 Scriptura;
212 1575 385 1610 postmodum
405 1575 639 1603 testiﬁcationibus
659 1576 831 1611 comprobat.

887 1570 967 1598 rebus
983 1576 1117 1599 tractasse
1137 1571 1280 1607 Origenetn
1303 1573 1386 1607 dicit;
1427 1581 1451 1602 .e
1463 1575 1566 1607 anima,
1586 1580 1678 1610 utpote

53 1620 165 1656 Denique
191 1622 261 1648 vitio
288 1621 336 1649 dat
357 1621 526 1649 Tertulliano
546 1621 716 1658 Augustinus
730 1622 778 1649 lib.
795 1622 833 1649 De

52 1667 136 1695 litaret.
158 1668 190 1696 ad
218 1667 448 1701 Quodvultdeuin,
469 1668 541 1703 quod
571 1668 676 1696 animas
694 1667 833 1695 hominum

52 1721 159 1748 nequam
177 1719 242 1749 post
254 1713 357 1740 obitum
369 1713 396 1740 in
413 1713 550 1741 daemones
566 1712 686 1740 converti
706 1720 833 1741 asserue-

52 1758 92 1785 rit.
126 1759 308 1792 Quamobrem
337 1758 508 1786 Domitianus
537 1758 643 1792 Galata,
670 1758 834 1794 Ancyranus

52 1805 200 1839 episcopus,
219 1805 248 1832 in
264 1804 378 1839 epistola
396 1805 429 1832 ad
440 1804 566 1839 Vigilium
582 1813 690 1839 papam,
703 1805 833 1832 adversus

50 1849 166 1886 Origenis
182 1851 277 1879 hostes
289 1851 346 1879 hate
360 1852 520 1886 conqueritu
526 1859 548 1882 r.
560 1851 693 1878 referente
704 1849 832 1877 Facundo

51 1895 92 1923 lib.
104 1905 139 1929 Iv.
151 1904 212 1932 cap.
233 1897 270 1924 4:
287 1906 296 1923 ι
316 1897 502 1925 Prosiluerunt
514 1897 547 1924 ad
564 1896 833 1924 anathematizandos

52 1943 233 1971 sanctissimos
251 1949 278 1971 et
292 1943 502 1979 gloriosissimos
527 1943 665 1976 doctores,
687 1943 737 1970 sub
752 1949 832 1969 occa-

51 1991 119 2017 sione
132 1998 228 2017 eorutn
243 1998 303 2025 qua:
324 1990 358 2017 de
378 1989 594 2024 praeexsistentia
611 1993 639 2017 et
662 1988 832 2016 restitutione

51 2040 116 2062 mota
125 2041 196 2070 sunt,
209 2037 378 2072 dogmatum,
395 2035 445 2063 sub
460 2035 551 2070 specie
565 2035 673 2070 quidem
691 2033 832 2069 Origenis,

50 2088 137 2111 omnes
149 2088 241 2111 autem
257 2083 303 2118 qui
321 2089 384 2110 ante
410 2090 484 2114 eum,
503 2086 531 2109 et
546 2087 607 2117 post
621 2089 684 2109 eum
711 2081 831 2113 fuerunt,

51 2133 152 2156 sanctos
167 2129 445 2157 anathematizantes.
467 2138 477 2154 ι

81 2175 125 2205 XI.
138 2175 242 2211 Nempe
252 2177 286 2204 de
303 2176 401 2203 animae
415 2175 521 2211 origine
533 2183 564 2202 ac
576 2181 649 2202 sorte
663 2174 730 2202 nihil
744 2174 833 2202 adhuc

51 2221 130 2249 fuerat
142 2222 175 2249 ab
187 2222 309 2250 Ecclesia
322 2222 471 2250 decretum.
490 2234 499 2247 ι
521 2221 557 2248 De
572 2221 661 2268 anima
677 2229 751 2253 vero,
793 2221 833 2268 ait
846 2241 869 2268 Β

50 2265 171 2302 Origenes
199 2268 226 2294 in
254 2274 367 2302 procem.
395 2266 441 2294 lib.
466 2267 537 2300 Περὶ
561 2265 673 2300 ἀρχῶν,
702 2273 776 2292 ιιιιιιι.
802 2265 829 2298 5,

52 2321 60 2337 ι
76 2318 160 2340 utrum
172 2322 207 2341 ex
222 2313 334 2341 seminis
358 2312 475 2340 traduce
490 2313 614 2344 ducatur,
639 2311 675 2338 ita
704 2316 734 2338 ut
760 2311 831 2338 ratio

50 2357 136 2392 ipsius,
150 2359 192 2386 vel
206 2358 361 2386 substantia
376 2358 477 2385 inserta
493 2358 558 2392 ipsis
570 2357 722 2385 seminibus
737 2364 830 2390 corpo-

51 2403 144 2432 ralibus
160 2405 312 2437 habeatur;
343 2412 378 2431 an
398 2411 462 2432 vero
480 2403 552 2430 aliud
579 2403 679 2431 habeat
694 2402 802 2430 initiutn
820 2412 827 2430 :

49 2453 73 2476 et
85 2450 132 2477 hoc
146 2451 234 2486 ipsum
250 2451 368 2481 initium.
380 2450 403 2477 si
419 2449 539 2485 genitum
553 2453 606 2481 est,
626 2454 673 2476 aut
685 2456 738 2476 non
753 2449 830 2483 geni-

50 2499 118 2528 tum;
132 2496 172 2523 vel
182 2501 255 2523 certe
266 2496 287 2522 si
300 2495 464 2522 intrinsecus
478 2495 585 2529 corpori
597 2494 712 2526 inditur,
727 2501 824 2525 necne,

52 2548 100 2568 non
111 2543 177 2569 satis
189 2541 333 2569 manifesta
346 2540 540 2576 praedicatione
547 2539 722 2575 distinguitur
734 2547 741 2571 ;
757 2547 767 2564 ι
783 2538 830 2573 qui

49 2585 117 2614 locus
131 2587 267 2623 profertur
283 2589 310 2614 in
324 2587 499 2622 supposititio
513 2586 620 2620 dialogo
631 2585 683 2613 sub
702 2584 832 2620 Hierony-

50 2633 81 2659 mi
97 2640 124 2660 et
140 2634 285 2668 Augustini
303 2634 424 2666 nomine,
438 2633 485 2668 qui
502 2633 619 2660 habetur
643 2632 714 2659 inter
738 2631 830 2666 spuria

50 2677 260 2714 Hieronymi;et
276 2679 302 2706 in
317 2687 399 2714 opere
421 2679 459 2706 De
475 2678 573 2706 deitate
597 2683 621 2705 et
646 2677 830 2704 incarnatione

54 2722 123 2751 Verbi
145 2726 177 2752 ad
195 2724 364 2758 Januarium,
393 2725 440 2760 qui
468 2730 540 2752 tonio
565 2723 709 2760 Augustini
734 2728 830 2758 quarto

51 2769 214 2798 subnectitur
230 2771 276 2798 lib.
304 2779 323 2803 I,
343 2779 403 2806 cap.
421 2770 450 2801 2.
477 2776 506 2798 et
528 2770 665 2803 profertur
686 2768 830 2803 utrobique

23 2828 31 2842 ο
52 2813 110 2848 ipsis
122 2815 212 2844 Rufini
227 2817 326 2844 verbis.
343 2817 414 2844 Idem
428 2817 456 2844 ιη
472 2816 559 2850 Epist.
574 2816 607 2842 ad
621 2815 696 2843 Rom.
720 2815 767 2842 lib.
798 2822 829 2847 II,

52 2867 118 2889 num.
132 2863 161 2897 ι,
180 2870 242 2898 pag.
258 2863 310 2891 479
326 2873 332 2890 :
354 2873 364 2889 ι
381 2863 410 2891 Si
424 2863 505 2890 etiam
529 2866 608 2890 extra
625 2869 725 2896 corpus
747 2861 828 2897 positi

201 2912 338 2943 Ριτιιοι.
361 2911 421 2942 Gn.
443 2910 545 2942 XVII.

887 1614 997 1643 incertat
1010 1617 1136 1651 originis,
1155 1623 1184 1646 et
1195 1626 1290 1654 parum
1316 1625 1463 1655 compertze
1480 1626 1593 1655 naturae,
1610 1621 1677 1649 nihil

886 1662 1042 1697 scripsisse.
1056 1663 1127 1690 Tum
1146 1671 1180 1691 ex
1204 1665 1274 1693 libro
1286 1665 1314 1692 in
1329 1664 1476 1701 Epistolam
1491 1668 1526 1694 ad
1544 1667 1631 1694 Titum
1650 1669 1677 1695 il-

885 1707 996 1736 lustrem
1022 1709 1134 1737 adducit
1155 1711 1281 1746 Origenis
1300 1711 1405 1745 locum,
1436 1721 1490 1748 quo
1521 1714 1675 1749 exettIplum

885 1760 977 1781 eorum
992 1755 1109 1784 aﬂ‘erens
1122 1764 1182 1791 quae
1196 1758 1352 1792 apostolicis
1369 1759 1560 1787 traditionibus
1575 1768 1677 1795 nequa-

885 1807 965 1834 quam
980 1800 1173 1835 detertuinata,
1187 1804 1290 1838 absque
1307 1804 1441 1833 ltmreseos
1462 1811 1523 1834 nota
1549 1810 1676 1842 poterant

884 1845 926 1872 vel
949 1847 1038 1881 respui
1062 1847 1104 1874 vel
1130 1849 1254 1881 admitti,
1281 1851 1459 1885 quatstionem
1485 1853 1613 1888 proponit
1641 1854 1676 1881 de

886 1891 975 1918 anima
993 1902 1000 1919 :
1017 1901 1027 1918 ι
1047 1892 1114 1920 Cum
1129 1894 1162 1922 de
1173 1902 1218 1929 ea,
1234 1895 1333 1930 inquit,
1356 1904 1445 1931 neque
1458 1897 1529 1932 quod
1546 1905 1579 1925 ex
1594 1899 1675 1926 semi-

885 1938 928 1966 nis
950 1939 1062 1968 traduce
1084 1940 1212 1974 ducatur,
1236 1950 1325 1977 neque
1349 1942 1419 1977 quod
1445 1943 1629 1971 ltonorabilior
1648 1949 1676 1972 et

885 1985 1022 2019 antiquior
1044 1993 1190 2021 corporqu
1207 1995 1338 2023 compage
1359 1989 1405 2021 sit,
1427 1988 1571 2016 tradiderit
1584 1989 1674 2017 eccle-

884 2030 996 2058 siastica
1011 2032 1121 2067 regula;
1138 2041 1148 2059 ι
1166 2041 1282 2068 quorum
1298 2033 1423 2061 alterutri
1435 2034 1481 2068 qui
1499 2033 1614 2062 fuissent
1629 2043 1675 2062 as-

884 2077 968 2109 sensi,
992 2078 1067 2105 velut
1089 2079 1167 2106 novis
1184 2081 1323 2108 studentes
1341 2081 1423 2108 rebus
1443 2082 1470 2109 in
1490 2082 1674 2116 suspicionem

884 2124 990 2151 venisse
1016 2124 1097 2157 dicit;
1122 2130 1150 2153 at
1164 2133 1211 2154 eos
1231 2127 1393 2155 temeritatis
1416 2118 1538 2160 damnat,
1560 2127 1605 2171 qui
1622 2128 1675 2155 hac

884 2178 1046 2206 quemquam
1062 2172 1095 2199 de
1120 2179 1203 2200 causa
1225 2177 1382 2208 suspectum
1401 2168 1545 2202 haberent:
1560 2168 1600 2201 Ad
1615 2174 1674 2201 hate

884 2217 977 2252 adjicit
1001 2218 1158 2253 Pamphilus
1181 2218 1248 2246 alias
1260 2219 1295 2246 dc
1309 2219 1400 2247 anima
1423 2219 1565 2254 opiniones
1577 2218 1674 2255 Orige-

884 2265 964 2292 niana
988 2265 1067 2300 longe
1089 2265 1266 2293 absurdiores
1282 2272 1343 2293 esse
1370 2271 1398 2294 et
1420 2266 1588 2301 iueptiores:
1605 2267 1675 2294 inter

883 2318 951 2346 quas
966 2311 1056 2346 priore
1071 2318 1131 2338 eam
1147 2311 1207 2340 loco
1222 2313 1307 2346 ponit,
1318 2319 1378 2347 qua:
1393 2312 1534 2340 catholicae
1546 2313 1675 2342 Ecclesiae

884 2356 1069 2384 sanctionibus
1083 2356 1164 2385 hodie
1179 2362 1290 2392 recepta
1308 2362 1359 2385 est.
1376 2357 1459 2386 Addit
1474 2359 1572 2386 deinde
1587 2359 1674 2387 haud—

884 2409 1018 2436 quaquam
1033 2402 1214 2431 damnandum
1232 2411 1293 2431 esse
1307 2402 1464 2439 Origeuem,
1481 2412 1543 2432 cum
1566 2412 1597 2432 ea
1615 2413 1674 2432 ser-

884 2447 987 2474 vaverit
1000 2455 1060 2481 quae
1076 2452 1140 2475 tunc
1155 2455 1236 2482 super
1249 2457 1280 2477 ea
1293 2449 1443 2484 quaestione
1455 2450 1588 2478 servanda
1601 2458 1672 2485 pne-

881 2497 993 2527 ceperat
1014 2492 1154 2525 Ecclesia,
1185 2494 1291 2522 animas
1313 2495 1441 2523 nimirum
1469 2496 1589 2529 ejusdem
1612 2503 1673 2523 esse

883 2539 1051 2570 substantite,
1069 2539 1250 2573 immortales,
1271 2541 1386 2568 rationis
1403 2541 1559 2576 participes,
1586 2540 1672 2568 libero

883 2585 1008 2619 praeditas
1023 2585 1148 2619 arbitrio,
1169 2593 1184 2613 τι
1203 2586 1258 2614 Deo
1279 2588 1411 2618 conditas.
1435 2586 1579 2621 Subjungit
1596 2587 1673 2614 deni-

883 2638 959 2665 que:
976 2639 986 2656 ι
1003 2630 1118 2664 Quando
1138 2637 1229 2660 autem
1255 2632 1333 2661 factae
1347 2634 1412 2665 sint,
1438 2633 1503 2660 olim
1527 2632 1617 2663 simul.
1636 2641 1670 2660 au

883 2683 956 2703 nunc
977 2684 1025 2711 per
1050 2676 1172 2711 singulos
1193 2678 1375 2711 nascentium,
1399 2677 1464 2712 quid
1488 2676 1602 2712 periculi
1628 2682 1671 2704 est

883 2722 1044 2749 alterutrum
1070 2730 1086 2749 e
1112 2722 1217 2751 duobus
1231 2723 1358 2758 opinari?
1374 2732 1383 2749 ι
1398 2723 1467 2757 Quid
1488 2722 1560 2758 quod
1575 2722 1671 2758 Origeo

883 2776 942 2800 nes,
968 2773 1032 2796 tom.
1055 2776 1074 2796 ιι
1090 2769 1118 2796 in
1149 2768 1242 2802 lauru,
1265 2777 1341 2797 num.
1366 2769 1412 2803 24,
1432 2769 1585 2796 animarum
1602 2777 1670 2804 προ-

883 2814 998 2850 ῦπαρξιν
1022 2815 1168 2842 universali
1182 2815 1308 2850 opinione
1324 2815 1501 2850 approbatum
1518 2814 1608 2841 dicit?
1623 2814 1670 2840 ὲὰν

880 2860 920 2894 δὲ,
940 2861 1039 2896 inquit,
1055 2863 1141 2898 κρατῇ
1169 2862 1183 2888 ὁ
1211 2861 1324 2890 καθόλου
1339 2862 1403 2898 περὶ
1422 2861 1510 2896 ψυχῆς
1533 2860 1620 2895 λόγος,
1633 2860 1670 2892 ὡς

1489 2908 1528 2939 29
