1912 3079
250 110 306 140 907

251 172 283 199 οὺ
299 170 523 207 συνεσπαρμένης
536 169 575 205 τῷ
587 169 703 205 σώματι,
724 169 792 197 ἀλλὰ
807 170 859 205 πρὸ
873 170 954 198 αὑτοῦ
971 179 1031 205 τυγ-
1047 172 1072 201 Α

251 217 394 254 χανούσης,
410 217 456 243 καὶ
469 216 512 242 διὰ
525 215 649 247 ποικίλας
666 215 754 248 αἰτίας
766 216 928 252 ἐνδυομένης
951 217 1034 252 σαρκὶ

253 264 299 292 καὶ
313 263 417 298 αἵματι,
434 267 461 289 et
476 267 585 289 caetera.

285 310 342 337 XII.
359 309 412 336 Nec
431 308 554 343 Origenis
571 309 650 336 modo
675 309 851 344 temporibus,
866 309 911 336 sed
934 316 1031 337 recen-

250 356 364 384 tioribus
383 355 462 382 etiam
480 355 580 381 incerta
596 353 644 382 fuit
660 354 686 381 in
707 355 826 382 Ecclesia
842 356 939 382 anima:
957 355 1032 390 origo

247 406 276 430 et
297 406 403 428 natura.
428 400 520 427 IEtate
540 401 646 434 quidem
668 409 715 428 sua
733 401 839 428 diversa
863 401 982 429 sensisse
998 402 1033 428 de

249 447 338 475 anima
363 446 562 474 ecclesiasticos
586 453 680 473 omnes
703 447 798 474 scribit
823 447 978 482 Pamphilus
1001 448 1029 474 in

248 492 384 527 Apologia.
409 492 587 527 Hieronymus
607 491 689 525 epist.
718 492 752 519 8-2
776 493 951 526 quaastionem
978 493 1030 520 sibi

247 546 328 574 super
343 539 441 565 animm.
452 543 523 565 statu
538 546 552 564 a
570 537 725 565 Marcellino
739 543 767 566 et
782 538 952 573 Anapsychia
967 547 1029 573 pro-

245 584 360 618 positam
377 584 483 616 recitat,
503 591 536 610 ex
551 590 603 617 qua
627 583 761 618 intelligas
786 585 894 618 quantis
911 583 1029 611 tenebris

246 629 329 657 fuerit
354 634 416 656 tunc
443 629 571 662 temporis
595 629 773 656 circumsessa
796 629 911 663 quazstio
924 629 958 656 de
971 629 1029 655 ani-

246 682 289 701 ma
305 683 312 701 :
329 683 339 700 ι
361 674 447 709 Super
468 674 564 701 animae
584 679 666 706 statu,
682 675 780 709 inquit,
796 675 905 702 memini
934 680 1029 702 vestrte

245 720 455 754 quaestiunculte,
479 721 533 747 imo
558 722 674 748 maxime
690 721 882 749 ecclesiasticae
898 721 1028 756 qua-alio-

245 764 288 791 nis
305 775 310 791 :
326 769 416 791 utrum
432 764 504 799 lapsa
520 765 553 792 de
566 765 634 792 ccelo
645 765 691 799 sit,
705 770 734 792 ut
749 765 917 800 Pythagoras
939 765 1028 800 philo-

243 810 353 844 sophus,
376 818 524 845 omnesque
543 810 687 843 Platonici,
713 816 740 838 et
763 810 894 845 Origenes
913 815 1026 845 putant,

861 111 892 139 P.
911 109 1022 140 ΠΑΝΙΕΙ

1087 110 1204 141 uuam
1793 120 1833 150 908

1119 170 1222 204 Nempe
1241 170 1369 206 utrinque
1392 170 1542 205 Scriptura
1554 172 1712 202 testimoniis
1723 177 1834 210 pugnat...

1084 220 1138 242 tur.
1153 213 1204 248 Qui
1221 215 1364 242 tuebantur
1378 216 1529 244 animarum
1543 217 1719 254 προῦπαρξιν,
1731 220 1835 250 adversus

1083 267 1131 287 eos
1144 260 1190 294 qui
1202 261 1307 288 animas
1325 266 1389 288 tunc
1402 262 1488 289 creari
1504 262 1639 295 volebant,
1653 272 1713 290 cum
1725 272 1833 300 prepara-

1084 307 1118 334 tis
1132 307 1292 340 corporibus
1305 312 1382 334 erant
1399 307 1558 340 inserendas,
1573 309 1622 336 hoc
1639 309 1706 337 Gell.
1722 318 1749 343 II,
1766 311 1790 345 2,
1806 314 1837 340 ia-

1084 352 1235 383 tentabant.
1262 362 1272 378 ι
1289 352 1322 379 Ει
1345 353 1478 388 requievit
1507 353 1600 388 (Deus)
1623 355 1666 382 die
1687 357 1792 390 septimo
1810 359 1838 387 ab

1082 397 1210 424 universo
1224 405 1305 432 opere
1327 399 1397 432 quod
1411 403 1540 433 patrarat.
1558 409 1568 426 ι
1588 400 1686 428 Contra
1708 404 1833 435 prtetende-

1081 442 1147 469 baut
1172 443 1320 471 adversarii
1350 444 1414 471 illud
1441 445 1519 474 Joan.
1547 453 1572 479 v,
1602 447 1646 479 17,
1667 456 1676 472 ι
1692 447 1768 474 Pater
1778 456 1837 477 meus

1082 496 1166 523 usque
1181 489 1263 516 modo
1281 494 1420 524 operatur,
1446 495 1474 518 et
1498 499 1548 526 ego
1569 499 1682 526 operor;
1700 502 1711 519 ι
1727 495 1790 527 quod
1808 496 1833 522 ad

1081 533 1294 566 Providentiam,
1318 543 1372 562 non
1387 536 1420 563 ad
1445 537 1607 564 creationem
1629 538 1676 565 alii
1699 539 1836 567 referebant.

1080 578 1218 608 Videntlus
1238 579 1379 608 Nemesius
1393 581 1439 608 lib.
1454 582 1493 608 De
1505 588 1598 609 natura
1611 583 1733 616 hominis,
1754 592 1803 619 cap.
1815 585 1838 617 ἓ,

1079 629 1105 651 el
1121 626 1286 659 Augustinus
1310 627 1336 652 in
1360 625 1465 654 laudata
1480 627 1513 653 ad
1529 627 1720 663 Hieronymum
1736 630 1837 663 epistola.

1078 669 1149 696 Nulli
1166 670 1250 704 igitur
1264 671 1362 698 mirum
1379 679 1437 699 esse
1452 672 1529 699 debet
1544 673 1688 707 scripsisse
1704 674 1838 709 Gregorium

1079 716 1204 752 Magnum
1229 716 1376 751 Epistolar.
1403 718 1450 746 lib.
1470 726 1519 751 vit,
1546 718 1640 747 indict.
1665 726 1696 752 ll,
1721 720 1792 753 epist.
1803 720 1838 752 55,

1078 763 1255 797 quaestionem
1270 763 1303 791 de
1314 764 1403 791 anima
1422 764 1547 792 Patribus
1572 766 1639 792 solvi
1657 774 1710 793 non
1728 774 1796 800 posse
1807 767 1838 793 ri-

1078 815 1134 834 sam
1150 815 1221 840 esse,
1243 815 1305 835 cum
1324 816 1359 836 ne
1372 809 1455 844 ipsius
1470 810 1577 844 quidem
1598 813 1761 846 temporibus
1771 819 1838 847 ecqua

243 863 279 882 an
291 863 305 881 a
321 855 428 890 propria
442 855 487 883 Dei
502 856 664 889 substantia,
683 862 713 884 ut
729 855 824 889 Stoici,
850 856 1023 887 Manichmus,
1041 849 1062 876 Β
1076 861 1091 881 c
1104 853 1215 889 reliquis
1232 855 1404 889 opinionibus
1420 863 1469 890 pro
1493 862 1567 884 certa
1587 857 1747 891 haberetur,
1764 859 1839 886 Eccle-

242 906 268 929 et
287 899 422 937 Hispani-ae
435 901 594 930 Priscilliani
610 903 727 930 haereses
744 903 934 936 suspicantur;
949 909 982 928 an
997 902 1023 929 in

242 948 369 976 thesauro
392 949 543 976 habeantur
568 948 613 976 Dei
637 949 701 976 olim
727 949 853 979 conditze,
869 953 898 974 ut
915 948 1024 982 quidam

241 994 417 1022 ecclesiastici
431 994 512 1021 stulta
540 995 715 1029 persuasione
729 994 869 1021 confidunt
885 1004 892 1022 :
907 1002 941 1021 an
958 1002 1025 1029 quo-

242 1040 306 1066 tidie
323 1047 338 1066 a
352 1040 407 1067 Deo
420 1039 496 1073 ﬁant,
519 1045 548 1067 et
571 1040 714 1067 mittantur
738 1040 764 1066 in
782 1047 907 1074 corpora,
928 1047 1024 1067 secun-

241 1087 304 1113 dum
321 1086 386 1114 illud
402 1087 472 1120 quod
500 1086 526 1113 in
549 1086 695 1122 Evangelio
718 1087 847 1120 scriptum
874 1091 915 1113 est
938 1094 946 1112 :
970 1085 1024 1112 Pa-

240 1137 279 1159 m
294 1139 364 1158 meus
383 1140 464 1166 usque
484 1132 561 1158 modo
576 1136 705 1165 operatur,
721 1138 744 1158 et
758 1139 803 1166 ego
817 1139 909 1165 operor
919 1131 942 1146 "
961 1140 968 1157 :
990 1139 1024 1158 an

241 1182 316 1204 certe
341 1184 375 1204 ex
403 1176 523 1208 traduce,
541 1181 569 1203 ut
585 1168 776 1208 Tertullianns,
794 1176 976 1210 Apollinarius
998 1181 1026 1204 et

241 1222 358 1248 Inuima
370 1228 433 1256 pars
448 1221 662 1249 Occidentalium
676 1227 832 1254 autumant;
846 1226 874 1249 ut
889 1223 1024 1257 quomodo

239 1274 339 1301 corpus
347 1274 381 1294 ex
397 1274 521 1301 corpore,
536 1267 575 1294 sic
587 1267 675 1293 anima
691 1272 817 1294 nascatur
831 1275 864 1294 ex
878 1267 977 1298 anima,
996 1274 1024 1295 et.
1037 1287 1039 1290 ι

239 1311 322 1338 simili
352 1319 413 1339 eum
434 1311 522 1339 brutis
547 1312 728 1339 animantibus
753 1312 909 1341 conditione
933 1313 1024 1341 subsi-

239 1362 305 1384 stat.
323 1367 332 1383 i
347 1358 512 1392 Augustinus
524 1357 570 1385 lib.
587 1365 616 1385 ιιι
632 1357 669 1384 De
684 1358 766 1385 libero
780 1359 899 1392 arbitrio,
913 1367 972 1394 cap.
988 1360 1024 1387 20

241 1411 268 1429 et
282 1403 326 1436 2i,
343 1403 489 1438 quwstione
503 1403 548 1430 illa
565 1405 759 1438 praetermissa,
777 1411 866 1433 utrum
880 1406 976 1433 animat
991 1414 1023 1434 ex

241 1440 349 1483 propria
369 1449 415 1476 Dei
429 1449 578 1476 substantia
595 1449 723 1483 profecta:
737 1452 802 1484 sint,
824 1451 941 1487 reliquas
956 1459 1023 1486 qua-

241 1499 302 1521 tuor
320 1499 441 1521 recenset
453 1493 495 1521 his
509 1494 619 1522 verbis:
637 1505 646 1522 t
670 1495 771 1524 Harum
796 1501 885 1524 autem
908 1503 1023 1531 quatuor
1037 1522 1058 1533 η

241 1541 275 1567 de
289 1539 378 1566 anima
401 1539 607 1574 sententiarum,
631 1545 721 1568 utrum
745 1541 779 1569 de
805 1541 950 1576 propagine
975 1549 1021 1568 ve-

240 1585 332 1617 niant;
351 1592 384 1611 an
399 1586 424 1611 in
449 1585 562 1620 singulis
584 1587 734 1621 quibusque
759 1587 933 1614 nascentibus
947 1594 1022 1614 novae

240 1627 321 1661 ﬁant;
337 1635 371 1656 an
388 1629 415 1657 in
440 1638 552 1661 corpora
568 1632 734 1659 nascentium
750 1631 805 1666 jam
824 1632 923 1659 alicubi
951 1632 1022 1659 exsi-

238 1679 352 1709 stentes,
368 1677 409 1703 vel
421 1677 561 1704 mittantur
571 1676 712 1710 divinitus,
725 1677 769 1705 vel
784 1678 846 1706 inde
862 1685 909 1705 sua
925 1682 1022 1712 sponte

239 1721 374 1754 labantur,
406 1721 506 1749 nullam
543 1727 644 1750 temere
679 1722 814 1750 allirmare
844 1724 989 1757 oportebit.
1008 1732 1019 1748 ι

239 1767 326 1802 Atque
340 1767 389 1795 has
400 1767 472 1802 ipsas
482 1775 541 1795 esse
551 1768 710 1801 sententias,
724 1776 791 1804 quas
806 1769 839 1796 ab
858 1768 1021 1804 Hieronymo

238 1813 330 1840 relatae
346 1818 407 1840 sunt
425 1813 585 1841 testificatur
597 1815 655 1848 ipse
669 1815 836 1849 Augustinus
849 1815 876 1842 in
894 1815 973 1849 epist.
988 1814 1021 1841 ad

237 1858 442 1894 Hieronymum,
462 1860 495 1888 de
520 1860 626 1888 ratione
645 1861 751 1888 animat.
774 1860 842 1889 Toto
863 1866 937 1888 certe
959 1861 1020 1887 vita:

237 1912 293 1932 suae
306 1904 419 1932 decursu
445 1905 563 1933 incertus
589 1905 616 1932 in
632 1913 664 1933 eo
677 1911 836 1941 argumento
852 1906 1020 1941 Augustinus

236 1948 384 1977 ﬂuctuavit.
402 1949 517 1977 Exstant
530 1951 652 1985 insignes
665 1952 724 1987 ejus
739 1953 772 1979 ad
786 1953 977 1988 Hieronymum
992 1957 1020 1980 et

235 1994 363 2030 Optatum
377 1995 506 2030 epistolae,
523 1997 592 2024 unde
606 1997 801 2024 haesitationem
824 1997 891 2032 ejus,
906 2003 1020 2026 cuncta-

237 2041 392 2076 tionemque
405 2050 570 2077 cognoscas;
583 2051 664 2077 quam
690 2048 716 2070 et
731 2043 790 2071 aliis
805 2049 935 2079 praeterea
952 2044 1020 2072 locis

236 2088 362 2122 prodidit,
378 2093 442 2122 puta
456 2088 501 2115 lib.
515 2096 552 2115 vu
568 2093 593 2115 et
607 2096 623 2115 ι
640 2087 676 2115 De
692 2088 786 2116 Genesi
801 2090 835 2115 ad
852 2090 977 2122 litteram,
991 2095 1020 2117 et

235 2134 309 2161 alibi.
326 2133 441 2168 Septimi
462 2134 570 2169 quidem
586 2135 664 2168 hujus
677 2134 737 2162 libri
754 2143 814 2169 cap.
830 2135 856 2166 ϐ,
876 2135 1017 2162 materiam

1077 899 1116 925 sia
1131 900 1353 934 praescripsisset.
1372 900 1449 928 Unde
1473 901 1571 929 falsum
1589 910 1652 930 esse
1667 909 1772 938 apparet
1784 905 1839 938 quod

1076 944 1114 971 ait
1126 944 1296 973 Justinianus
1311 945 1338 973 in
1351 947 1464 981 epistola
1479 948 1512 975 ad
1528 950 1662 983 synodum
1675 951 1839 978 Constantino-

1076 989 1234 1024 politanam,
1252 999 1333 1025 quam
1349 993 1457 1020 exhibet
1471 993 1610 1022 Cedrenus
1624 1002 1631 1021 :
1653 996 1686 1021 Ἠ
1699 996 1726 1022 δὲ
1746 997 1838 1031 Ἐκκλη-

1077 1036 1121 1062 σία
1149 1037 1204 1068 τοῖς
1233 1036 1314 1069 θείοις
1336 1037 1454 1075 ἑπομένη
1475 1040 1564 1074 λάγοις
1589 1041 1689 1075 φάσκει
1708 1041 1755 1078 τὴν
1768 1043 1839 1079 ψυχὴν

1076 1081 1358 1118 συνδημιουργηθῆναι
1371 1084 1410 1119 τῷ
1426 1086 1530 1120 σώματι
1541 1094 1548 1100 ·
1575 1087 1621 1112 καὶ
1640 1087 1671 1112 οὺ
1686 1087 1716 1112 τὸ
1733 1087 1777 1122 μὲν
1792 1089 1838 1123 πρά

1074 1134 1162 1162 τερον,
1176 1127 1206 1153 τὸ
1222 1128 1249 1153 δὲ
1266 1128 1388 1164 ὕστερον,
1403 1130 1473 1156 κατὰ
1485 1130 1533 1166 τὴν
1553 1131 1706 1167 Ὡριγένους
1718 1134 1840 1170 φρενοϐλά-

1075 1172 1177 1200 ϐλειαν.
1198 1183 1207 1199 ι
1226 1174 1346 1202 Ecclesia
1361 1180 1450 1203 autem
1466 1177 1564 1204 divinis
1578 1177 1709 1206 obsecuta
1723 1179 1836 1206 sermoni-

1075 1218 1125 1245 bus
1138 1219 1202 1247 dicit
1218 1221 1335 1247 animam
1349 1228 1411 1248 cum
1425 1229 1540 1256 corpore
1554 1224 1713 1257 procreari;
1729 1231 1777 1251 non
1789 1230 1839 1250 vero

1075 1264 1126 1292 hoc
1143 1265 1228 1300 prius,
1246 1266 1310 1293 illud
1333 1274 1397 1294 vero
1419 1268 1554 1301 posterius
1574 1268 1654 1302 juxta
1673 1269 1791 1304 Origenis
1803 1270 1838 1296 de-

1075 1311 1213 1337 mentiam.
1231 1320 1240 1336 ι
1258 1310 1326 1344 Quid
1344 1313 1366 1339 si
1391 1312 1512 1340 dicamus
1534 1313 1615 1348 igitur
1635 1316 1757 1349 quintam
1776 1322 1838 1349 syno-

1075 1355 1138 1382 dum
1161 1363 1214 1383 non
1236 1356 1297 1383 ideo
1312 1357 1424 1390 praecise
1439 1358 1583 1385 damnasse
1604 1359 1729 1393 Origenis
1748 1365 1838 1387 sentem

1076 1400 1152 1432 tiam,
1166 1401 1238 1436 quod
1264 1402 1415 1430 animarum
1433 1403 1590 1431 defenderet
1609 1406 1787 1441 προῦπαρξιν,
1802 1405 1838 1431 sed

1074 1447 1145 1480 quod
1162 1452 1264 1474 mentes
1283 1454 1412 1482 praeterea
1429 1449 1512 1477 fuisse
1532 1450 1591 1477 illas
1606 1452 1735 1482 traderet,
1752 1455 1776 1478 et
1790 1459 1838 1477 sau-

1074 1497 1132 1519 ctas
1149 1493 1273 1525 virtutes,
1290 1501 1358 1528 quas
1371 1503 1432 1521 cum
1447 1496 1692 1531 contemplationis
1704 1497 1794 1524 divina
1806 1504 1839 1523 Sa-

1076 1539 1127 1565 tias
1150 1539 1277 1572 cepisset,
1303 1540 1329 1566 in
1358 1541 1478 1568 deterius
1499 1548 1559 1568 esse
1585 1550 1744 1574 conversas.
1768 1547 1791 1569 et
1812 1541 1839 1567 ab

1074 1590 1164 1610 amore
1183 1582 1227 1610 Dei
1243 1584 1393 1617 refrixisse,
1409 1586 1523 1620 indeque
1537 1587 1624 1622 ψυχάς
1644 1595 1705 1614 esse
1717 1588 1807 1617 dictas.
1817 1590 1837 1611 cl

1073 1628 1099 1655 in
1117 1636 1230 1663 corpora
1258 1630 1348 1657 tutela:
1362 1638 1446 1658 causa
1467 1632 1593 1659 dimiss‘as
1612 1641 1619 1659 :
1634 1634 1675 1660 sic
1691 1633 1760 1660 enim
1773 1633 1838 1659 habet

1071 1669 1217 1699 Jusliniani
1231 1674 1474 1702 anathematismus
1497 1677 1642 1704 secundus.

1106 1715 1174 1744 XIII.
1200 1718 1313 1746 Animas
1337 1720 1444 1754 quando
1473 1722 1594 1749 conditas
1618 1723 1766 1756 putaverit,
1780 1722 1838 1749 vidi-

1071 1769 1150 1789 mus:
1168 1763 1262 1798 quales
1287 1764 1358 1798 ipsas
1374 1767 1521 1798 censuerit,
1544 1773 1721 1801 corporatas,
1744 1776 1774 1795 an
1794 1775 1840 1794 cor-

1071 1815 1135 1842 pore
1151 1814 1285 1842 carcntes,
1311 1810 1460 1838 videamus.
1486 1812 1548 1839 Haec
1570 1812 1709 1846 superflua
1736 1821 1794 1840 sane
1808 1815 1839 1839 vi-

1070 1853 1165 1881 deatur
1177 1861 1238 1882 esse
1250 1856 1374 1890 anBSlIO,
1393 1856 1415 1884 si
1438 1864 1497 1891 qua:
1516 1858 1549 1885 de
1563 1858 1669 1892 angelis
1689 1859 1839 1894 scripsimus,

1070 1900 1246 1926 attendantur
1263 1909 1270 1928 :
1287 1901 1392 1934 prolixa
1405 1902 1478 1929 enim
1503 1902 1688 1938 disputatione
1704 1905 1836 1932 declaravi-

1071 1952 1143 1977 mus,
1159 1945 1265 1973 naturis
1282 1946 1446 1980 quibuslibet
1458 1948 1564 1976 ratione
1582 1949 1726 1977 instructis
1741 1957 1837 1985 corpora

1070 1989 1212 2025 Origenem
1228 1991 1363 2019 tribuisse.
1387 1991 1508 2020 Strictim
1531 2001 1597 2029 ergo
1617 1995 1763 2028 pauxillum
1777 1994 1838 2029 quid.

1069 2036 1129 2062 dam
1146 2036 1190 2063 hic
1212 2037 1402 2071 delibabimus,
1427 2039 1501 2074 quod
1526 2039 1581 2067 illic
1604 2042 1734 2068 consulto
1748 2047 1840 2075 practer-

1069 2081 1192 2115 missum,
1219 2082 1245 2109 in
1273 2082 1344 2110 hunc
1364 2083 1451 2110 locum
1476 2085 1660 2120 conjecimus;
1685 2087 1748 2113 illud
1772 2086 1839 2113 nimi-

1068 2133 1127 2153 rum
1144 2134 1151 2153 :
1169 2135 1230 2154 cum
1254 2135 1369 2163 corpore
1383 2135 1508 2157 constare
1532 2131 1637 2159 animas
1659 2133 1839 2160 existimaverit

235 2179 377 2213 quamdam
390 2180 535 2215 spiritalem
554 2179 631 2207 initio
647 2180 767 2206 molitum
780 2187 840 2208 esse
855 2180 937 2207 Deum
950 2188 1016 2207 con-

1074 2171 1255 2207 Adamantius,
1275 2175 1416 2209 cujusnam
1437 2183 1483 2202 eas
1502 2176 1610 2204 ﬁnxerit
1639 2178 1837 2214 corporationis,

232 2224 328 2258 jectat,
342 2232 358 2251 e
373 2232 424 2259 qua
445 2225 584 2252 hominum
598 2225 696 2252 anima:
712 2225 834 2252 formata:
849 2224 960 2252 subinde
985 2232 1018 2253 ac

235 2267 305 2294 licue
321 2273 406 2296 sunt:
429 2278 439 2294 ι
459 2269 586 2296 Fortasse
607 2269 705 2304 potuit,
735 2269 841 2304 inquit,
865 2274 893 2296 et
915 2271 1016 2304 anima,

234 2317 378 2346 antequam
395 2321 426 2341 ea
440 2314 497 2348 ipsa
517 2318 611 2341 natura
628 2314 716 2346 ﬁeret,
729 2322 788 2349 quat
802 2314 891 2341 anima
907 2315 1017 2349 dicitur,

232 2357 311 2391 cujus
324 2358 366 2385 vel
384 2358 554 2392 pulchritudo
569 2359 667 2391 virtus,
690 2358 730 2385 vel
749 2358 909 2386 deformitas
921 2359 1016 2386 vitium

231 2407 284 2435 est,
300 2403 398 2430 habere
412 2403 529 2439 aliquam
546 2406 685 2432 materiam
704 2412 753 2438 pro
767 2412 816 2432 suo
839 2412 939 2440 genere
958 2405 1014 2440 spi-

231 2444 367 2478 ritualem,
383 2454 442 2481 quae
458 2447 576 2474 nondum
591 2453 663 2475 esset
678 2448 787 2480 anima;
803 2448 873 2476 sicut
888 2454 970 2482 terra,
983 2449 1015 2476 de

230 2498 282 2525 qua
298 2498 362 2519 caro
382 2492 453 2520 facta
466 2498 518 2526 est,
540 2494 596 2528 jam
610 2498 669 2522 erat
693 2494 805 2529 aliquid,
821 2495 945 2529 quamvis
961 2502 1013 2522 non

230 2541 290 2564 erat
302 2544 381 2571 caro;
402 2547 412 2564 ι
427 2543 454 2566 et
466 2547 475 2565 ι
490 2537 607 2566 Retract.
625 2548 634 2567 :
656 2547 665 2564 ι
685 2538 750 2565 Nam
774 2539 845 2574 quod
870 2539 966 2566 attinet
981 2539 1014 2566 ad

231 2581 313 2609 animi
332 2582 475 2617 originem,
488 2591 540 2618 qua
556 2583 592 2611 sit
607 2583 634 2610 in
658 2591 781 2618 corpore,
808 2588 897 2610 utrum
920 2584 953 2610 de
969 2583 1014 2610 illo

229 2633 283 2653 uno
306 2626 352 2658 sit,
376 2627 422 2661 qui
443 2628 558 2662 primum
584 2632 701 2660 creatus,
726 2628 834 2662 quando
859 2628 945 2655 factus
971 2632 1013 2654 est

229 2669 310 2697 homo
325 2671 352 2697 in
366 2672 483 2699 animam
497 2673 643 2706 viventem,
670 2680 703 2700 an
723 2673 849 2700 similiter
872 2674 938 2700 fiant
954 2673 1011 2700 sin-

229 2717 299 2752 gulis
313 2718 438 2753 singulas,
451 2727 501 2747 nec
516 2725 572 2747 tum
584 2719 715 2754 sciebam,
736 2728 786 2748 nec
800 2720 888 2747 adhuc
909 2719 977 2747 scio.
999 2729 1009 2746 ι

265 2806 289 2822 ⁸⁸
303 2806 380 2835 Joan.
394 2816 419 2842 ν,
437 2809 479 2838 I7.

1068 2225 1101 2244 an
1115 2219 1242 2253 angelica;
1256 2220 1362 2252 similis,
1389 2228 1421 2246 an
1438 2223 1592 2254 crassioris,
1618 2230 1647 2250 et
1663 2226 1696 2251 ad
1712 2225 1777 2251 illam
1796 2225 1839 2250 ds-

1067 2271 1198 2297 monum,
1224 2273 1304 2299 quant
1335 2266 1456 2301 angelica
1479 2268 1635 2301 spissiorem
1666 2271 1838 2300 ostendimus,

1066 2310 1176 2344 propius
1195 2311 1358 2338 accedentis.
1383 2312 1422 2339 Ac
1438 2317 1548 2339 naturas
1573 2314 1721 2342 rationales
1737 2315 1838 2342 diximus

1065 2362 1114 2389 pro
1138 2355 1257 2388 meritis,
1293 2357 1474 2385 crassior-ibus
1512 2360 1718 2389 tenuioribusve
1755 2360 1836 2395 illigari

1067 2402 1224 2436 corporibus
1239 2411 1246 2429 :
1265 2410 1325 2430 cum
1344 2404 1441 2431 animae
1453 2410 1543 2431 autem
1561 2407 1668 2440 angelis
1683 2408 1780 2434 virtute
1793 2408 1837 2434 sint

1068 2447 1209 2475 inferiores
1225 2456 1257 2476 ac
1282 2449 1396 2482 meritis,
1426 2451 1569 2478 crassioris
1586 2459 1647 2479 csse
1670 2458 1838 2488 corporatura

1067 2499 1099 2519 ac
1123 2493 1234 2528 angelos
1260 2495 1402 2522 dicendum
1426 2501 1477 2524 est.
1505 2497 1635 2532 Origenes
1658 2499 1706 2525 lib.
1734 2507 1751 2525 ιι
1778 2496 1836 2531 Περὶ

1066 2537 1177 2572 ἀρχῶν,
1193 2547 1253 2574 cap.
1273 2540 1300 2573 2,
1319 2549 1393 2568 num.
1408 2542 1426 2568 2
1442 2551 1448 2569 :
1466 2551 1475 2568 ι
1497 2542 1530 2570 Ut
1550 2551 1614 2579 ergo
1633 2545 1758 2578 superius
1780 2543 1838 2569 dixi-

1067 2591 1137 2616 mus,
1164 2587 1309 2614 materialis
1327 2587 1478 2614 substantia
1497 2588 1576 2622 hujus
1604 2590 1698 2616 mundi
1715 2595 1836 2616 naturain,

1065 2636 1125 2663 qtne
1141 2638 1173 2657 ex
1190 2632 1315 2660 omnibus
1329 2634 1361 2659 ad
1384 2634 1475 2661 omnia
1493 2634 1716 2667 transformatur,
1742 2643 1796 2663 cum
1809 2634 1835 2660 ad

1065 2675 1209 2704 inferiores
1225 2686 1348 2713 quosque
1365 2680 1492 2714 trahitur,
1514 2681 1539 2707 in
1553 2683 1718 2712 crassiorem
1731 2681 1835 2716 corporis

1065 2726 1165 2750 statum
1189 2724 1399 2760 solidiorcmque
1421 2726 1576 2761 formatur,
1612 2727 1650 2755 ita
1680 2732 1709 2755 ut
1732 2726 1835 2754 visibiles
