1912 3079
81 143 141 172 9ὒ9

81 203 153 231 Istas
174 202 268 230 mundi
295 202 407 238 species,
434 203 579 238 variasque
603 203 750 239 distinguat
776 213 784 231 :

80 255 151 276 vero
162 249 368 283 perfectioribus
385 248 523 276 ministrat
538 254 566 276 et
581 250 763 283 beatioribus,
778 250 804 277 in
820 249 869 277 ful-

79 302 150 329 gore
165 295 314 322 caelestium
331 302 475 329 corporum
496 295 577 322 micat
589 308 607 329 ,ι
619 301 647 324 et
662 296 794 331 spiritalis
809 304 869 325 cor-

79 342 158 375 poris
175 340 341 369 indumentis
355 341 397 369 vel
421 342 530 376 angelos
555 342 613 375 Dei,
630 342 672 370 vel
688 343 757 371 filios
776 351 867 371 resur-

78 387 214 414 rectionis
231 392 346 415 exornat
362 397 370 416 :
388 396 420 416 ex
437 389 535 423 quibus
553 389 677 416 omnibus
697 389 820 417 diversus
837 398 869 417 ac

78 433 178 460 varius
191 433 270 461 unitts
284 434 377 461 mtmdi
399 435 550 469 completur
572 439 676 468 status;
697 443 707 461 ι
726 439 754 463 et
781 436 868 470 capite

77 479 220 514 sequenti,
236 487 311 507 num.
325 480 342 507 5
357 488 364 507 :
384 489 394 506 ι
410 480 541 508 Possibile
557 481 630 509 enim
653 481 757 508 videtur
778 487 807 508 ut
825 489 870 508 ra-

76 525 225 553 tionabiles
249 531 362 559 naturae,
385 534 400 553 a
423 528 519 562 quibus
535 535 671 562 nunquam
696 528 819 555 aufertur
834 527 865 555 li-

75 571 140 599 beri
159 571 274 600 facultas
294 572 413 605 arbitrii,
431 574 535 607 possint
550 567 645 600 iterum
659 573 793 607 aliquibus
807 581 867 601 mo~

76 616 155 644 tibus
169 616 322 651 subiacere,
338 618 496 653 indulgente
519 619 570 645 hoc
586 618 673 653 ipsum
689 618 815 651 Domino,
831 626 867 646 ne

74 662 152 690 forte
173 663 195 690 si
216 663 380 691 immobilem
397 671 503 699 semper
523 668 633 692 teneant
659 668 770 697 statum,
793 664 867 700 igno-

76 713 143 736 rent
160 716 190 737 se
211 709 257 737 Dei
275 709 362 744 gratia
379 714 406 737 et
431 717 483 737 non
509 717 558 737 sua
583 711 681 738 virtute
698 711 724 738 in
745 710 792 740 illo
813 712 866 739 line

75 755 259 783 beatitudinis
284 756 449 784 constitisse.
477 755 550 790 Quos
580 761 672 784 motus
700 757 758 785 sine
785 758 866 785 dubio

75 809 190 830 rursum
205 801 323 829 varietas
339 809 481 837 corporum
506 807 534 830 et
559 802 703 831 diversitas
720 811 866 839 proseque-

74 853 136 880 tur,
165 855 198 875 ex
225 856 277 883 qua
303 849 420 876 mundus
436 855 544 883 semper
559 850 723 884 adornatur;
752 857 801 878 nec
815 859 865 878 un-

71 902 160 929 quam
177 895 277 928 poterit
300 895 417 922 mundus
434 894 484 922 nisi
503 894 636 923 varietate
658 902 688 923 ac
704 895 864 924 diversitate

73 944 218 972 constare,
234 940 306 974 quod
320 940 387 968 ettici
405 940 477 968 nullo
491 948 589 975 genere
608 946 696 977 potest
713 946 791 970 extra
807 950 864 970 ma-

73 986 175 1013 teriam
191 986 368 1021 corporalem.
385 995 395 1012 )

110 1031 184 1059 XIV.
201 1032 360 1060 Excusando
379 1037 470 1059 autem
492 1032 611 1068 dogmati
636 1033 709 1067 huic,
736 1041 790 1069 quo
805 1035 863 1062 ani-

73 1079 131 1106 mis
148 1085 263 1112 Corpora
277 1078 399 1111 ascribit,
414 1083 509 1106 contra
524 1086 604 1113 quam
621 1078 647 1106 in
663 1079 784 1107 Ecclesia
813 1081 862 1108 ho-

72 1125 122 1152 die
132 1125 266 1157 creditur,
283 1125 435 1159 appositum
450 1128 493 1152 est
507 1124 571 1152 illud
588 1132 604 1152 e
625 1126 759 1160 prooemio
779 1125 862 1154 libro-

74 1178 139 1197 rum
161 1170 233 1204 Περὶ
249 1169 360 1205 ἀρχῶν,
383 1178 457 1198 ηυιη.
473 1170 490 1198 9
512 1179 519 1197 :
537 1179 546 1196 ι
571 1170 642 1198 Deus
662 1179 770 1207 quoque
792 1180 860 1207 quo-

73 1216 158 1243 modo
175 1216 286 1251 intelligi
305 1216 413 1248 debeat,
430 1216 619 1251 inquirendum
635 1221 687 1249 est,
701 1225 860 1253 corporeus,

72 1267 102 1289 et
119 1262 268 1289 secundum
283 1263 398 1297 aliquem
412 1262 532 1289 habitum
549 1262 728 1296 deformatus,
743 1271 777 1291 an
793 1264 861 1292 alte-

73 1307 135 1334 rius
155 1311 261 1334 natura:
284 1314 364 1342 quam
388 1314 502 1342 corpora
521 1312 597 1340 sunt;
622 1307 692 1342 quod
718 1310 810 1343 utique
834 1309 860 1336 in

73 1352 271 1387 praedicatione
303 1357 395 1380 nostra
422 1352 566 1380 manifeste
599 1361 652 1381 non
692 1353 859 1389 designatur.

72 1397 178 1425 Eadem
204 1405 311 1433 quoque
343 1399 424 1426 etiam
451 1399 484 1427 de
511 1399 619 1427 Christo
647 1403 674 1426 et
702 1401 735 1427 de
757 1399 860 1436 Spiritu

73 1448 172 1470 sancto
189 1444 350 1478 requirenda
367 1449 447 1478 sunt;
479 1445 525 1472 sed
549 1450 577 1473 et
603 1446 635 1473 de
657 1447 731 1474 omni
758 1447 859 1479 anima.

72 1493 158 1523 atque
184 1489 257 1516 omni
285 1489 440 1517 rationabili
459 1496 553 1518 natura
573 1492 748 1520 nihilominus
769 1493 860 1528 requi-

507 141 791 171 ORIGENIANORUM
809 142 873 170 LIB.
892 142 925 175 ll,
944 142 1019 170 CAP.
1039 142 1071 177 ll,
1087 143 1227 177 QUIEST.
1246 143 1289 171 Vl.

809 211 870 231 cum
885 207 908 235 Α
922 211 996 232 reum
1013 209 1108 239 putent
1130 212 1201 237 esse,
1217 204 1262 240 qui
1279 205 1314 233 ad
1334 205 1478 240 imaginem
1496 210 1524 235 et
1544 206 1702 236 similitudi-

1650 148 1702 176 9|0

920 258 981 278 nem
1008 251 1054 278 Dei
1080 251 1167 278 factus
1190 256 1242 284 est,
1269 251 1352 279 Deum
1370 252 1459 287 ipsutn
1484 260 1654 288 corporeum,
1675 261 1703 283 et

919 298 1043 325 humana:
1056 297 1149 324 formae
1165 297 1291 324 videntur
1305 298 1452 331 inducere;
1466 299 1538 334 quod
1555 301 1657 329 sentire
1669 303 1703 329 de

919 340 974 368 Dco
1000 340 1216 368 manifestissime
1236 341 1346 376 impium
1372 347 1431 375 est;
1453 352 1463 369 ι
1486 347 1513 370 et
1525 343 1571 371 lib.
1598 352 1606 372 l
1630 345 1702 380 Περὶ

918 385 1028 420 ἀρχῶν,
1052 393 1111 420 cap.
1127 386 1153 419 l,
1169 394 1244 413 num.
1261 386 1296 413 τε
1314 396 1323 413 ι
1342 386 1370 414 Si
1397 388 1441 423 qui
1466 393 1554 416 autem
1569 395 1632 417 sunt
1655 391 1702 425 qui

918 436 1035 459 mentem
1050 431 1135 466 ipsam
1152 434 1326 468 animamque
1338 441 1436 469 corpus
1448 441 1508 463 esse
1522 435 1701 469 arbitrentur.

917 477 997 505 velim
1024 477 1089 504 mihi
1111 478 1316 513 responderent,
1336 480 1473 514 quomodo
1502 484 1638 509 tantarum
1656 490 1701 510 re-

918 531 988 556 rum,
1014 528 1069 552 tam
1094 524 1255 558 diﬂicilium,
1279 529 1387 559 tamque
1410 526 1550 554 subtilium
1571 528 1700 562 rationes,

917 571 1135 605 assertionesque
1145 571 1277 606 recipiat?
1290 571 1366 600 Unde
1378 573 1402 600 ei
1417 573 1503 601 virtus
1517 575 1674 602 memoriae?
1687 586 1697 602 ι

917 623 944 645 et
959 617 985 644 in
1002 617 1164 652 Protreptt‘co
1187 619 1222 645 ad
1235 619 1403 654 martyrium,
1431 627 1506 648 num.
1524 620 1558 647 47
1574 628 1581 646 :
1598 621 1657 647 Ἔτι
1672 621 1700 648 δὲ

917 665 963 691 καὶ
985 664 1111 699 φιλοζωεϊ
1135 664 1286 701 ἄνθρωπος,
1306 666 1409 701 πεῖσμα
1431 665 1522 693 λαϐὼν
1535 667 1597 703 περὶ
1607 667 1701 698 οὐσίας

915 709 1026 746 λογικῆς
1045 710 1144 746 ψυχῆς,
1167 710 1204 742 ὡς
1217 710 1332 746 ἐχούσης
1345 720 1371 737 τι
1387 712 1514 746 συγγενὲς
1525 712 1584 748 Θεῷ
1594 721 1600 727 ·
1620 713 1701 748 νοερὰ

915 755 969 791 γὰρ
979 755 1096 792 ἑκάτερα
1108 755 1156 782 καὶ
1167 756 1280 791 ἀόρατα,
1295 756 1340 782 καὶ
1353 755 1390 788 ὡς
1402 757 1416 782 ὁ
1430 757 1586 793 ἐπικρατῶν
1598 757 1701 784 ἀποδεί-

916 809 993 828 κνυσι
1017 800 1105 835 λόγος,
1130 799 1279 836 ἀσώματα·
1300 806 1326 828 et
1347 800 1394 828 lib.
1419 809 1445 829 vt
1468 809 1558 829 contra
1583 802 1699 835 Celsum.

916 854 989 872 num.
1017 845 1060 879 7t,
1087 845 1166 873 Κατὰ
1188 846 1217 872 δὲ
1238 846 1321 882 ἡμᾶς,
1349 847 1395 873 καὶ
1410 847 1459 883 τὴν
1477 847 1589 884 λογικὴν
1611 848 1699 885 ψυχὴν

881 880 901 908 Β
916 891 1099 928 πειρωμένους
1114 880 1303 918 ἀποδεικνυναι
1321 880 1461 928 κρείττονα
1474 880 1699 929 πάσηςνσωματι-

914 939 965 974 κῆς
981 938 1097 972 φύσεως,
1111 938 1158 965 καὶ
1173 937 1266 966 οὐσίαν
1283 938 1408 974 ἀόρατον,
1432 940 1478 966 καὶ
1492 940 1636 976 ἀσώματον
1647 948 1655 956 ⁰
1672 947 1701 969 et

914 984 942 1012 in
964 983 1029 1011 Luc.
1057 992 1095 1017 xt,
1110 984 1155 1016 54,
1174 992 1189 1012 e
1206 984 1306 1012 Catena
1329 984 1473 1013 Mazarinm
1501 986 1672 1014 bibliothecae
1690 998 1696 1014 :

919 1030 1079 1066 Ἐπισκεψαι
1105 1030 1133 1057 δὲ
1149 1031 1173 1057 ει
1195 1029 1305 1058 δυνατὸν
1324 1030 1522 1068 τροπολογῆσαι
1546 1033 1700 1066 ἀκολούθοις

911 1076 951 1112 τῷ
965 1076 1095 1113 ὀφθαλμῷ
1109 1078 1156 1104 καὶ
1171 1077 1201 1104 τὸ
1212 1078 1300 1114 σῶμα,
1313 1078 1383 1106 ὥστε
1395 1079 1458 1115 ὃλην
1472 1080 1521 1116 ἤδη
1538 1079 1588 1116 τὴν
1598 1079 1697 1116 ψυχὴν,

912 1122 963 1150 κᾶν
980 1123 1017 1159 μὴ
1033 1123 1173 1160 σωματικὴ
1188 1124 1319 1160 τυγχάνῃ.
1338 1124 1452 1159 φάσκειν
1467 1125 1514 1152 νῦν
1527 1125 1652 1160 λέγεσθαι
1668 1125 1699 1152 τὸ

913 1169 1008 1205 σῶμα·
1030 1173 1057 1197 et
1071 1177 1133 1197 mox
1149 1179 1156 1197 :
1180 1170 1234 1197 Καὶ
1251 1171 1288 1206 μὴ
1302 1170 1445 1208 θαυμάσῃς
1462 1171 1491 1198 δὲ
1514 1172 1586 1198 εἰ⁸ἐν
1612 1172 1649 1208 τῷ
1660 1181 1667 1187 ·
1684 1174 1699 1199 6

912 1215 1005 1250 λύχνος
1016 1215 1062 1242 τοῦ
1078 1215 1202 1252 σώματός
1218 1217 1291 1243 ἐστιν
1306 1218 1320 1243 ὸ
1333 1217 1480 1253 ὀφθαλμὸς,
1498 1218 1698 1254 τροπολογικῶς

911 1261 941 1287 τὸ
964 1260 1044 1296 σῶμα
1063 1261 1109 1288 ἐπὶ
1128 1261 1179 1297 τῆς
1206 1261 1294 1298 ψυχῆς
1315 1262 1493 1299 λαμϐάνεται,
1516 1265 1637 1300 καίτοιγε
1659 1266 1698 1302 τῷ

913 1306 970 1342 ἰδίῳ
990 1306 1060 1342 λόγῳ
1074 1305 1156 1342 οὒσης
1174 1307 1290 1342 ἀοράτου
1304 1308 1350 1335 καὶ
1370 1308 1516 1344 ἀσωμάτου
1526 1317 1533 1325 ο
1557 1310 1627 1337 κατὰ
1643 1310 1698 1346 γὰρ

911 1351 959 1387 τὴν
971 1352 1061 1378 εἰκόνα
1075 1353 1171 1387 γέγονε
1183 1353 1231 1379 τοῦ
1245 1353 1360 1389 ἀοράτου
1372 1354 1440 1381 Θεοῦ
1450 1363 1456 1371 '
1472 1355 1587 1392 ἐπείπερ
1603 1365 1699 1393 τροποι

911 1399 1026 1433 λογικῶς
1037 1399 1083 1426 καὶ
1096 1399 1146 1430 τὰς
1155 1398 1283 1435 δυνάμεις
1294 1400 1343 1436 τῆς
1357 1401 1444 1437 ψυχῆς
1457 1402 1619 1438 εὑρίσκομεν
1631 1404 1699 1438 ἐμω-

909 1443 1002 1479 νύμως
1013 1445 1068 1475 τοῖς
1089 1446 1254 1480 σωματικοῖς
1275 1445 1395 1481 μέρεσιν,
1407 1446 1457 1473 οὐκ
1476 1446 1558 1479 οὔσας
1572 1447 1696 1483 σώματα,

910 1489 1121 1526 ὀνομαζομένας.
1147 1491 1235 1526 Atque
1258 1491 1315 1520 haec
1335 1496 1398 1520 sunt
1421 1494 1555 1528 ejusmodi
1581 1498 1610 1521 ut
1635 1502 1696 1522 cum

73 1535 192 1561 rendum
217 1539 268 1562 est.
287 1545 297 1561 ι
317 1535 383 1569 Quae
404 1537 504 1571 requiri
528 1537 640 1572 jubebat
666 1538 807 1574 Origenes,
826 1547 857 1566 ea
873 1553 895 1583 ρ
912 1535 1098 1569 superioribus
1126 1536 1238 1571 perinde
1261 1537 1402 1565 conciliari
1431 1546 1483 1566 non
1507 1539 1634 1574 possint,
1665 1547 1698 1567 ac

72 1579 199 1614 profecto
214 1580 338 1608 Ecclesiae
356 1581 473 1609 decretis
487 1583 595 1610 definita
612 1591 665 1612 non
682 1588 769 1611 erant.
782 1584 859 1612 Unde

73 1632 128 1650 non
155 1623 281 1659 Origeuis
306 1630 386 1653 aelate
402 1626 533 1655 duntaxat
547 1628 617 1655 idem
641 1629 809 1656 'l‘ertulliano
825 1630 859 1657 de

71 1669 165 1696 anima
191 1670 277 1698 visum
295 1675 346 1704 est,
364 1672 412 1699 sed
435 1677 462 1699 et
477 1673 598 1706 plurimis
611 1682 718 1709 quoque
730 1675 792 1702 dein
808 1675 860 1702 Ec-

72 1717 168 1744 clesia:
180 1716 305 1744 Patribus
320 1727 327 1745 :
345 1723 408 1753 puta
424 1718 527 1747 Hilario
539 1721 567 1747 in
582 1720 677 1748 Matth.
695 1728 756 1748 can.
770 1721 797 1753 5.
813 1721 857 1749 ubi

75 1772 85 1788 ι
101 1763 255 1792 animarum
268 1767 382 1800 species,
398 1766 454 1794 sive
470 1766 650 1794 obtinentium
660 1774 786 1802 corpora,
801 1767 859 1795 sive

71 1811 238 1846 corporibus
252 1812 444 1846 exsulantium,
464 1821 622 1848 corpoream
646 1818 735 1841 tamen
755 1818 858 1841 natura:

70 1865 129 1884 suae
146 1858 324 1885 substantiam
340 1859 432 1886 sortiri
450 1869 459 1885 ι
488 1860 618 1893 praedicat
636 1867 642 1885 :
668 1863 696 1887 et
715 1860 858 1888 Ambrosio

70 1902 121 1930 lib.
133 1911 153 1930 ll
170 1903 207 1930 De
220 1904 364 1937 Abraham,
380 1912 439 1939 cap.
454 1905 481 1938 8,
498 1905 553 1937 ubi,
582 1909 680 1940 praeter
695 1904 725 1934 S.
740 1905 859 1933 Trinita-

71 1954 140 1982 tem,
158 1949 319 1983 corporibus
344 1949 447 1984 reliqua
472 1954 597 1977 constare
612 1951 730 1978 asserit:
747 1956 774 1978 et
794 1952 859 1978 Cas-

69 1995 151 2023 siano
164 1994 263 2022 Collal.
287 2003 336 2028 vtt,
364 2003 427 2030 cap.
443 1995 487 2027 15,
515 1995 560 2024 ubi
578 1996 683 2024 animas
704 1997 859 2032 spirituales

68 2041 181 2076 quidem
200 2048 260 2069 esse
273 2041 383 2074 fatetur,
399 2042 573 2076 incorporeas
595 2048 673 2077 negat
687 2050 695 2069 :
712 2048 737 2070 et
751 2043 793 2071 itis
808 2051 857 2070 an—

70 2087 184 2122 tiquiori
200 2087 340 2116 Theodoto
362 2088 388 2115 in
412 2088 551 2121 Exeat-ptis
567 2088 600 2115 ad
623 2088 770 2117 Clementis
794 2090 859 2117 Ale-

68 2134 200 2162 xandrini
223 2134 327 2162 calcem
354 2134 487 2168 adjectis,
519 2136 564 2162 ubi
589 2136 693 2163 animas
716 2136 857 2164 hominum

69 2186 220 2214 corporeas
231 2187 292 2207 esse
305 2179 424 2208 aﬂirmat
437 2188 444 2206 :
461 2185 488 2208 et
513 2181 648 2209 Methodio
663 2181 713 2217 ipsi
733 2181 858 2217 ()rigcnis

913 1589 972 1615 qnze
988 1581 1022 1609 de
1046 1581 1150 1617 angelis
1175 1582 1334 1617 scripserat,
1356 1591 1454 1618 corpus
1481 1584 1547 1618 ipsis
1571 1592 1696 1612 nonnun-

911 1633 992 1659 quam
1011 1625 1162 1660 imponens,
1183 1634 1375 1662 nonnunquam
1403 1628 1559 1656 delrnhens.
1577 1629 1699 1658 Diximus

911 1671 983 1698 enim
1002 1678 1051 1704 pro
1075 1676 1215 1705 respectus
1239 1672 1399 1700 diversitate
1424 1673 1500 1701 varie
1525 1674 1645 1702 locutum
1665 1675 1698 1702 do

910 1715 1068 1750 angelorum
1093 1716 1254 1751 corporibus
1274 1716 1431 1752 Origencm,
1458 1725 1558 1753 eosque
1573 1724 1698 1753 respectu

911 1762 959 1788 Dei
976 1766 1134 1797 corporatos
1144 1762 1259 1795 dixisse,
1273 1768 1397 1797 respectu
1417 1763 1507 1790 mundi
1526 1764 1605 1799 hujus
1620 1772 1699 1799 aspe-

910 1810 1020 1837 ctabilis
1033 1817 1148 1844 corpore
1162 1814 1299 1837 carentes.
1315 1809 1364 1837 llic
1376 1816 1465 1837 autem
1488 1810 1535 1838 Dei
1551 1810 1638 1846 ipsius
1653 1819 1697 1839 re-

910 1861 1007 1891 spectu
1022 1856 1128 1884 animas
1142 1863 1258 1891 corpore
1273 1863 1369 1883 carere
1384 1856 1462 1889 dicit,
1479 1861 1572 1891 utpote
1583 1864 1644 1892 quas
1663 1858 1697 1884 ad

910 1901 969 1935 ejus
982 1901 1127 1936 imaginem
1151 1901 1268 1929 conditae
1292 1903 1357 1929 sint.
1376 1901 1416 1928 Ad
1434 1902 1491 1930 litec
1519 1901 1699 1937 Hieronymus

909 1946 990 1982 cpist.
1015 1947 1060 1979 39,
1082 1946 1115 1973 ad
1138 1945 1223 1979 Avit.,
1245 1953 1306 1981 cap.
1331 1946 1360 1979 2.
1388 1946 1498 1974 adducit
1525 1946 1608 1973 verba
1640 1947 1698 1983 lnge

910 1992 1036 2028 Origenis
1048 2000 1082 2020 ex
1098 1992 1151 2021 (Ine
1171 1993 1232 2021 libri
1251 2001 1269 2022 tt
1296 1992 1333 2020 De
1350 1993 1464 2027 princip.
1481 2001 1490 2020 :
1508 2001 1517 2018 ι
1534 1993 1657 2027 Cumque
1671 1994 1697 2020 in

910 2043 1016 2066 tantum
1034 2039 1240 2074 profecerimus,
1256 2043 1286 2066 ut
1299 2046 1472 2074 nequaquam
1489 2046 1585 2066 carnes
1598 2043 1624 2066 et
1638 2047 1700 2067 cor-

910 2093 990 2121 pora,
1017 2085 1133 2113 forsitan
1158 2093 1193 2113 ne
1221 2086 1318 2113 anima:
1346 2086 1453 2120 quidem
1480 2085 1622 2118 fuerimus,
1651 2086 1698 2112 sed

910 2138 988 2158 mens
1015 2134 1041 2158 et
1067 2137 1163 2158 sensus
1188 2130 1222 2157 ad
1245 2131 1395 2165 perfectum
1420 2131 1544 2162 veniens,
1571 2130 1700 2165 nulloque

909 2176 1148 2211 perturbationum
1177 2176 1269 2204 nubilo
1288 2177 1418 2211 caligans,
1448 2176 1598 2204 intuebitur
1615 2177 1698 2204 ratio-

68 2225 230 2253 adversario
247 2217 317 2261 apud
332 2225 458 2253 Photium
475 2226 535 2254 cod.
550 2234 677 2259 ccxxxtv,
693 2227 738 2255 ubi
752 2228 856 2256 animas
871 2230 896 2259 D
911 2224 1014 2251 nabiles
1049 2222 1284 2257 intelligibilesque
1314 2223 1481 2250 substantias
1504 2223 1573 2251 facie
1599 2224 1633 2251 ad
1658 2224 1699 2251 fa-

67 2277 132 2298 esse
145 2270 184 2298 ait
199 2278 313 2305 corpora
325 2270 418 2307 νοερὰ,
433 2270 460 2298 in
473 2272 594 2299 membra
613 2271 717 2300 ratione
734 2277 858 2306 aspecta-

67 2315 135 2343 bilia
163 2315 306 2344 discretas.
334 2316 393 2351 lpse
415 2316 497 2343 etiam
525 2316 710 2351 Augustinus,
736 2318 855 2351 opinioni

68 2362 136 2393 huic
160 2362 224 2390 licet
246 2362 380 2395 infensus,
407 2363 498 2398 aliquo
516 2366 604 2390 tamen
630 2371 712 2390 sensu
736 2363 855 2390 anitnatn

67 2416 171 2443 corpus
195 2416 256 2436 esse
270 2408 374 2437 fatetur
395 2409 476 2445 epist.
499 2409 545 2438 28.
572 2410 607 2436 At
631 2409 666 2437 ab
683 2417 715 2437 eo
730 2410 857 2437 discessit

67 2455 190 2482 Faustus
216 2455 360 2488 Reicnsis,
392 2456 545 2490 animisque
566 2463 681 2491 corpora
706 2455 796 2490 palam
817 2456 857 2483 af-

67 2501 161 2533 ﬁnxit.
182 2508 262 2536 quem
286 2501 371 2530 tribus
393 2502 470 2530 libris
486 2510 609 2530 errorem
627 2502 698 2530 ultus
714 2507 755 2530 est
775 2501 855 2529 Clau-

67 2548 168 2576 dianus
184 2547 341 2576 Mamertus.
668 2570 674 2578 .

103 2593 192 2630 Magis
210 2595 274 2622 illud
287 2602 362 2635 ,νει-ο
376 2595 409 2622 ad
431 2596 615 2624 excusandum
631 2594 776 2631 Origenem
790 2603 856 2623 con-

68 2639 142 2666 ferre
156 2644 258 2674 posset,
287 2641 358 2675 quod
374 2641 506 2676 scriptum
527 2641 562 2669 ab
577 2648 609 2669 eo
625 2646 667 2669 est
682 2641 776 2668 homil.
793 2642 806 2668 l
828 2642 856 2668 in

67 2683 176 2717 Cenem,
189 2693 263 2714 num.
288 2686 332 2717 15.
358 2686 403 2713 ubi
424 2686 571 2720 hominem,
587 2687 632 2722 qui
649 2687 682 2714 de
696 2686 762 2714 limo
776 2691 855 2714 terra:

67 2731 148 2757 tictus
159 2736 213 2763 est,
226 2739 389 2767 corporeum
406 2732 543 2759 hominem
567 2739 627 2760 esse
641 2732 723 2764 dicit;
740 2732 786 2767 qui
807 2739 855 2759 au-

68 2781 122 2803 lem
140 2777 174 2804 ad
191 2777 335 2812 imaginem
352 2778 399 2805 Dei
418 2778 542 2806 conditus
556 2783 608 2811 est,
631 2778 782 2813 spiritalem
795 2785 856 2805 esse

67 2830 130 2850 eum
142 2827 170 2850 et
186 2817 295 2851 cassum
307 2831 436 2859 corpore;
453 2823 526 2850 illum
543 2824 704 2851 exteriorem
718 2823 854 2851 hominem

67 2876 139 2903 esse,
167 2869 240 2898 hunc
264 2869 431 2900 interiorem.
448 2879 458 2897 ι
477 2869 504 2897 Si
520 2869 567 2905 qui
584 2876 648 2898 vero
672 2869 741 2898 hunc
757 2877 853 2905 corpo-

912 2270 998 2301 ciem;
1021 2278 1031 2295 ›
1051 2276 1112 2304 quae
1136 2276 1212 2296 more
1231 2276 1281 2297 suo
1303 2269 1434 2303 pervertit
1459 2268 1583 2296 Rufinus.
1602 2268 1698 2296 Parent

912 2322 992 2349 supra
1025 2316 1183 2343 memoratis
1209 2315 1444 2343 ratiocinationem
1473 2323 1489 2343 e
1516 2315 1584 2342 libro
1606 2323 1637 2343 lll
1661 2315 1700 2342 De

910 2363 1023 2397 princip.
1040 2362 1153 2390 adducit
1167 2362 1351 2398 Hieronymus
1367 2361 1487 2396 ejusdem
1502 2361 1623 2397 epistolze
1637 2370 1699 2397 cap.

890 2418 895 2425 ι
910 2408 937 2441 5,
953 2408 1136 2436 necessarium
1150 2409 1257 2437 scilicet
1280 2415 1341 2436 esse
1355 2407 1527 2440 alterutrum,
1552 2412 1582 2435 ut
1596 2408 1636 2435 vel
1658 2408 1700 2435 in-

911 2455 1034 2490 eorporei
1051 2454 1157 2487 ﬁamus,
1179 2455 1201 2482 si
1215 2454 1269 2482 Deo
1283 2454 1387 2482 similes
1405 2461 1466 2482 esse
1488 2455 1639 2486 studemus,
1656 2453 1700 2481 vel

912 2505 941 2527 ut
956 2501 1160 2529 similitudinem
1176 2500 1224 2528 Dei
1238 2508 1292 2528 non
1309 2508 1461 2536 speremus,
1481 2501 1502 2527 si
1526 2501 1620 2527 eadem
1634 2507 1697 2527 cor-

912 2554 978 2581 pora
1000 2554 1107 2581 semper
1125 2547 1242 2574 habituri
1262 2554 1356 2574 sumus
1373 2554 1379 2572 :
1395 2551 1422 2574 et
1446 2546 1472 2573 in
1502 2546 1582 2581 epist.
1605 2546 1649 2578 6t.
1664 2545 1699 2572 ad

910 2592 1081 2627 Pammach.,
1098 2600 1158 2628 cap.
1175 2593 1202 2626 5,
1227 2594 1327 2621 dixisse
1352 2592 1391 2620 ait
1413 2590 1558 2625 Origenem
1578 2591 1603 2618 in
1622 2590 1698 2617 libris

909 2639 979 2674 Περὶ
992 2639 1103 2674 ἀρχῶν,
1118 2649 1127 2666 ι
1145 2639 1230 2668 solem
1249 2644 1277 2667 et
1295 2639 1399 2671 lunam,
1424 2642 1451 2665 et
1467 2638 1588 2665 omnium
1606 2643 1698 2665 nstro-

910 2693 970 2712 rum
985 2685 1098 2713 chorum
1123 2693 1185 2713 esse
1209 2686 1316 2713 animas
1337 2684 1540 2713 rationabilium
1561 2684 1698 2719 quondam

910 2736 938 2758 et
952 2730 1162 2766 incorporalium
1187 2735 1386 2759 creaturarum.
1405 2740 1414 2757 ι
1432 2730 1552 2765 Denique
1575 2729 1698 2765 Sophro-

910 2777 972 2805 nius
990 2777 1289 2814 Hierosolymitanusin
1307 2778 1421 2813 epistola
1442 2778 1475 2805 ad
1490 2777 1614 2812 Sergium
1627 2776 1698 2803 Con-

909 2824 1192 2860 stantinopolitanttm,
1206 2832 1266 2860 quae
1286 2824 1404 2852 habetur
1422 2825 1449 2851 in
1470 2824 1577 2852 actione
1598 2823 1626 2850 ll
1653 2829 1697 2858 sy.-

908 2870 972 2899 nodi
989 2879 1027 2905 vt,
1052 2871 1105 2900 alia
1130 2870 1242 2907 Origeui
1264 2871 1377 2900 crimina
1402 2870 1547 2907 objiciens,
1563 2877 1596 2898 co
1609 2870 1695 2906 ipsum
