  <div class='ocr_page' id='page_1' title='image "/cluster/home/n/w/nwhite01/storage/ocr_20150623/17/njp.32101010944583/629.png"; bbox 0 0 1912 3079; ppageno 0'>
   <div class='ocr_carea' id='block_1_1' title="bbox 844 122 1191 153">
    <p class='ocr_par' dir='ltr' id='par_1_1' title="bbox 844 122 1191 153">
     <span class='ocr_line' id='line_1_1' title="bbox 844 122 1191 153; baseline 0.006 -2"><span class='ocrx_word' id='word_1_1' title='bbox 844 123 875 151; x_wconf 85' lang='lat' dir='ltr'><strong>P.</strong></span> <span class='ocrx_word' id='word_1_2' title='bbox 895 122 1054 152; x_wconf 71' lang='lat' dir='ltr'><strong>DANIELIS</strong></span> <span class='ocrx_word' id='word_1_3' title='bbox 1073 123 1191 153; x_wconf 79' lang='lat' dir='ltr'><strong>HUETII</strong></span> 
     </span>
    </p>
   </div>
   <div class='ocr_carea' id='block_1_2' title="bbox 191 177 1837 220">
    <p class='ocr_par' dir='ltr' id='par_1_2' title="bbox 191 177 1837 220">
     <span class='ocr_line' id='line_1_2' title="bbox 191 177 1837 220; baseline 0.002 -12"><span class='ocrx_word' id='word_1_4' title='bbox 191 210 194 214; x_wconf 89' lang='lat'><strong>_</strong></span> <span class='ocrx_word' id='word_1_5' title='bbox 208 182 307 210; x_wconf 89' lang='lat' dir='ltr'><strong>liberat</strong></span> <span class='ocrx_word' id='word_1_6' title='bbox 322 190 330 209; x_wconf 93' lang='lat'><strong>:</strong></span> <span class='ocrx_word' id='word_1_7' title='bbox 349 182 419 209; x_wconf 65' lang='grc' dir='ltr'><strong>Ἀλλ’</strong></span> <span class='ocrx_word' id='word_1_8' title='bbox 433 177 657 218; x_wconf 75' lang='grc' dir='ltr'>οὐχ’ὲπειδήπερ,</span> <span class='ocrx_word' id='word_1_9' title='bbox 673 180 771 216; x_wconf 89' lang='lat' dir='ltr'><strong>inquit,</strong></span> <span class='ocrx_word' id='word_1_10' title='bbox 783 181 811 208; x_wconf 77' lang='grc' dir='ltr'>αἱ</span> <span class='ocrx_word' id='word_1_11' title='bbox 825 181 880 208; x_wconf 78' lang='grc' dir='ltr'>τῶν</span> <span class='ocrx_word' id='word_1_12' title='bbox 891 180 997 218; x_wconf 82' lang='grc' dir='ltr'>ἀνθρώ·</span> <span class='ocrx_word' id='word_1_13' title='bbox 1010 185 1033 213; x_wconf 79' lang='grc' dir='ltr'><strong>Α</strong></span> <span class='ocrx_word' id='word_1_14' title='bbox 1046 181 1169 218; x_wconf 82' lang='grc' dir='ltr'><strong>αἰσθητῷ</strong></span> <span class='ocrx_word' id='word_1_15' title='bbox 1191 182 1279 218; x_wconf 82' lang='grc' dir='ltr'>τούτῳ</span> <span class='ocrx_word' id='word_1_16' title='bbox 1300 183 1370 219; x_wconf 77' lang='grc' dir='ltr'><strong>μετὰ</strong></span> <span class='ocrx_word' id='word_1_17' title='bbox 1392 184 1443 220; x_wconf 72' lang='grc' dir='ltr'><strong>τῆν</strong></span> <span class='ocrx_word' id='word_1_18' title='bbox 1460 183 1585 211; x_wconf 70' lang='grc' dir='ltr'>ἐντεῦθεν</span> <span class='ocrx_word' id='word_1_19' title='bbox 1603 184 1742 220; x_wconf 68' lang='grc' dir='ltr'><strong>ἐκδημίαν</strong></span> <span class='ocrx_word' id='word_1_20' title='bbox 1766 184 1837 220; x_wconf 78' lang='grc' dir='ltr'>ἔχειν</span> 
     </span>
    </p>
   </div>
   <div class='ocr_carea' id='block_1_3' title="bbox 208 227 995 264">
    <p class='ocr_par' dir='ltr' id='par_1_3' title="bbox 208 227 995 264">
     <span class='ocr_line' id='line_1_3' title="bbox 208 227 995 264; baseline -0.003 -8"><span class='ocrx_word' id='word_1_21' title='bbox 208 237 268 256; x_wconf 75' lang='grc' dir='ltr'><strong>πων</strong></span> <span class='ocrx_word' id='word_1_22' title='bbox 282 228 366 264; x_wconf 78' lang='grc' dir='ltr'>ψυχαὶ</span> <span class='ocrx_word' id='word_1_23' title='bbox 381 228 448 255; x_wconf 85' lang='grc' dir='ltr'><strong>Θεοῦ</strong></span> <span class='ocrx_word' id='word_1_24' title='bbox 463 229 553 264; x_wconf 85' lang='grc' dir='ltr'>χάριτι</span> <span class='ocrx_word' id='word_1_25' title='bbox 569 228 618 263; x_wconf 84' lang='grc' dir='ltr'><strong>τὴν</strong></span> <span class='ocrx_word' id='word_1_26' title='bbox 643 227 745 264; x_wconf 84' lang='grc' dir='ltr'>φθορὰν</span> <span class='ocrx_word' id='word_1_27' title='bbox 759 227 926 260; x_wconf 77' lang='grc' dir='ltr'><strong>ἀπεώσαντο,</strong></span> <span class='ocrx_word' id='word_1_28' title='bbox 946 228 995 264; x_wconf 78' lang='grc' dir='ltr'><strong>τὴν</strong></span> 
     </span>
    </p>
   </div>
   <div class='ocr_carea' id='block_1_4' title="bbox 207 273 996 310">
    <p class='ocr_par' dir='ltr' id='par_1_4' title="bbox 207 273 996 310">
     <span class='ocr_line' id='line_1_4' title="bbox 207 273 996 310; baseline 0 -9"><span class='ocrx_word' id='word_1_29' title='bbox 207 274 284 310; x_wconf 84' lang='grc' dir='ltr'>πάσῃ</span> <span class='ocrx_word' id='word_1_30' title='bbox 308 275 403 310; x_wconf 77' lang='grc' dir='ltr'><strong>κτιστῇ</strong></span> <span class='ocrx_word' id='word_1_31' title='bbox 430 274 509 308; x_wconf 82' lang='grc' dir='ltr'>φύσει</span> <span class='ocrx_word' id='word_1_32' title='bbox 536 273 761 310; x_wconf 75' lang='grc' dir='ltr'>ἐμφωλεύουσαν·</span> <span class='ocrx_word' id='word_1_33' title='bbox 784 274 829 301; x_wconf 84' lang='grc' dir='ltr'>διὰ</span> <span class='ocrx_word' id='word_1_34' title='bbox 849 275 928 302; x_wconf 78' lang='grc' dir='ltr'>τοῦτο</span> <span class='ocrx_word' id='word_1_35' title='bbox 948 275 996 302; x_wconf 77' lang='grc' dir='ltr'><strong>καὶ</strong></span> 
     </span>
    </p>
   </div>
   <div class='ocr_carea' id='block_1_5' title="bbox 208 319 995 356">
    <p class='ocr_par' dir='ltr' id='par_1_5' title="bbox 208 319 995 356">
     <span class='ocr_line' id='line_1_5' title="bbox 208 319 995 356; baseline -0.001 -10"><span class='ocrx_word' id='word_1_36' title='bbox 208 320 262 356; x_wconf 74' lang='grc' dir='ltr'><strong>πρὸ</strong></span> <span class='ocrx_word' id='word_1_37' title='bbox 276 320 407 355; x_wconf 83' lang='grc' dir='ltr'><strong>σωμάτων</strong></span> <span class='ocrx_word' id='word_1_38' title='bbox 428 319 512 351; x_wconf 79' lang='grc' dir='ltr'><strong>αὑτὰς</strong></span> <span class='ocrx_word' id='word_1_39' title='bbox 539 319 755 354; x_wconf 71' lang='grc' dir='ltr'>ὑποπτεύσομεν,</span> <span class='ocrx_word' id='word_1_40' title='bbox 771 319 788 355; x_wconf 82' lang='grc' dir='ltr'>ἤ</span> <span class='ocrx_word' id='word_1_41' title='bbox 808 319 861 355; x_wconf 80' lang='grc' dir='ltr'><strong>πρὸ</strong></span> <span class='ocrx_word' id='word_1_42' title='bbox 874 319 924 354; x_wconf 85' lang='grc' dir='ltr'><strong>τῆς</strong></span> <span class='ocrx_word' id='word_1_43' title='bbox 948 319 995 346; x_wconf 80' lang='grc' dir='ltr'><strong>τοῦ</strong></span> 
     </span>
    </p>
   </div>
   <div class='ocr_carea' id='block_1_6' title="bbox 207 363 995 401">
    <p class='ocr_par' dir='ltr' id='par_1_6' title="bbox 207 363 995 401">
     <span class='ocr_line' id='line_1_6' title="bbox 207 363 995 401; baseline -0.003 -9"><span class='ocrx_word' id='word_1_44' title='bbox 207 365 344 401; x_wconf 80' lang='grc' dir='ltr'><strong>ὁρωμένου</strong></span> <span class='ocrx_word' id='word_1_45' title='bbox 355 365 456 400; x_wconf 78' lang='grc' dir='ltr'><strong>κόσμου</strong></span> <span class='ocrx_word' id='word_1_46' title='bbox 469 364 638 400; x_wconf 78' lang='grc' dir='ltr'><strong>παραγωγῆς</strong></span> <span class='ocrx_word' id='word_1_47' title='bbox 649 364 695 391; x_wconf 70' lang='grc' dir='ltr'>καὶ</span> <span class='ocrx_word' id='word_1_48' title='bbox 706 363 868 400; x_wconf 82' lang='grc' dir='ltr'><strong>συμπήξεως</strong></span> <span class='ocrx_word' id='word_1_49' title='bbox 877 364 906 390; x_wconf 77' lang='grc' dir='ltr'>ὲν</span> <span class='ocrx_word' id='word_1_50' title='bbox 918 363 995 399; x_wconf 79' lang='grc' dir='ltr'><strong>ἀϊδίῳ</strong></span> 
     </span>
    </p>
   </div>
   <div class='ocr_carea' id='block_1_7' title="bbox 206 410 995 446">
    <p class='ocr_par' dir='ltr' id='par_1_7' title="bbox 206 410 995 446">
     <span class='ocr_line' id='line_1_7' title="bbox 206 410 995 446; baseline 0 -9"><span class='ocrx_word' id='word_1_51' title='bbox 206 411 259 438; x_wconf 82' lang='grc' dir='ltr'>τινὶ</span> <span class='ocrx_word' id='word_1_52' title='bbox 271 411 326 446; x_wconf 82' lang='grc' dir='ltr'><strong>ζωῇ</strong></span> <span class='ocrx_word' id='word_1_53' title='bbox 349 411 435 437; x_wconf 78' lang='grc' dir='ltr'><strong>τελεῖν</strong></span> <span class='ocrx_word' id='word_1_54' title='bbox 447 411 619 446; x_wconf 81' lang='grc' dir='ltr'>ὲννοήσομεν,</span> <span class='ocrx_word' id='word_1_55' title='bbox 642 411 688 437; x_wconf 76' lang='grc' dir='ltr'><strong>καὶ</strong></span> <span class='ocrx_word' id='word_1_56' title='bbox 706 410 762 446; x_wconf 78' lang='grc' dir='ltr'>βίον</span> <span class='ocrx_word' id='word_1_57' title='bbox 786 410 857 445; x_wconf 76' lang='grc' dir='ltr'>ἔχειν</span> <span class='ocrx_word' id='word_1_58' title='bbox 871 410 995 445; x_wconf 80' lang='grc' dir='ltr'>οὐράνιον</span> 
     </span>
    </p>
   </div>
   <div class='ocr_carea' id='block_1_8' title="bbox 206 456 994 493">
    <p class='ocr_par' dir='ltr' id='par_1_8' title="bbox 206 456 994 493">
     <span class='ocr_line' id='line_1_8' title="bbox 206 456 994 493; baseline -0.001 -10"><span class='ocrx_word' id='word_1_59' title='bbox 206 457 338 493; x_wconf 83' lang='grc' dir='ltr'>φήσομεν,</span> <span class='ocrx_word' id='word_1_60' title='bbox 355 456 475 492; x_wconf 79' lang='grc' dir='ltr'><strong>ἄσαρκόν</strong></span> <span class='ocrx_word' id='word_1_61' title='bbox 497 466 527 484; x_wconf 80' lang='grc' dir='ltr'>τε</span> <span class='ocrx_word' id='word_1_62' title='bbox 544 458 591 484; x_wconf 73' lang='grc' dir='ltr'>καὶ</span> <span class='ocrx_word' id='word_1_63' title='bbox 606 456 749 492; x_wconf 83' lang='grc' dir='ltr'>ἀσώματον</span> <span class='ocrx_word' id='word_1_64' title='bbox 759 456 849 489; x_wconf 77' lang='grc' dir='ltr'>ζώσας</span> <span class='ocrx_word' id='word_1_65' title='bbox 863 457 935 492; x_wconf 75' lang='grc' dir='ltr'><strong>ζωὴν</strong></span> <span class='ocrx_word' id='word_1_66' title='bbox 945 456 994 492; x_wconf 77' lang='grc' dir='ltr'><strong>τὴν</strong></span> 
     </span>
    </p>
   </div>
   <div class='ocr_carea' id='block_1_9' title="bbox 204 501 995 538">
    <p class='ocr_par' dir='ltr' id='par_1_9' title="bbox 204 501 995 538">
     <span class='ocr_line' id='line_1_9' title="bbox 204 501 995 538; baseline 0 -10"><span class='ocrx_word' id='word_1_67' title='bbox 204 501 287 528; x_wconf 81' lang='grc' dir='ltr'>ὰῖδιον</span> <span class='ocrx_word' id='word_1_68' title='bbox 298 502 326 528; x_wconf 83' lang='grc' dir='ltr'>ὲν</span> <span class='ocrx_word' id='word_1_69' title='bbox 338 502 445 537; x_wconf 84' lang='grc' dir='ltr'>οὐρανῷ</span> <span class='ocrx_word' id='word_1_70' title='bbox 460 510 524 529; x_wconf 84' lang='grc' dir='ltr'>ποτε</span> <span class='ocrx_word' id='word_1_71' title='bbox 542 501 580 538; x_wconf 86' lang='grc' dir='ltr'><strong>μὴ</strong></span> <span class='ocrx_word' id='word_1_72' title='bbox 592 502 752 538; x_wconf 80' lang='grc' dir='ltr'><strong>ὑπάρχοντι,</strong></span> <span class='ocrx_word' id='word_1_73' title='bbox 769 501 807 534; x_wconf 84' lang='grc' dir='ltr'>ὡς</span> <span class='ocrx_word' id='word_1_74' title='bbox 825 502 966 538; x_wconf 81' lang='grc' dir='ltr'>Ὢριγένης</span> <span class='ocrx_word' id='word_1_75' title='bbox 980 503 995 529; x_wconf 82' lang='grc' dir='ltr'>ὁ</span> 
     </span>
    </p>
   </div>
   <div class='ocr_carea' id='block_1_10' title="bbox 205 548 994 585">
    <p class='ocr_par' dir='ltr' id='par_1_10' title="bbox 205 548 994 585">
     <span class='ocr_line' id='line_1_10' title="bbox 205 548 994 585; baseline 0.001 -10"><span class='ocrx_word' id='word_1_76' title='bbox 205 548 365 585; x_wconf 82' lang='grc' dir='ltr'>παράφορος</span> <span class='ocrx_word' id='word_1_77' title='bbox 387 549 522 584; x_wconf 80' lang='grc' dir='ltr'>βούλεται,</span> <span class='ocrx_word' id='word_1_78' title='bbox 547 549 594 576; x_wconf 79' lang='grc' dir='ltr'>καὶ</span> <span class='ocrx_word' id='word_1_79' title='bbox 612 550 637 576; x_wconf 78' lang='grc' dir='ltr'>οἱ</span> <span class='ocrx_word' id='word_1_80' title='bbox 660 549 754 576; x_wconf 78' lang='grc' dir='ltr'><strong>τούτου</strong></span> <span class='ocrx_word' id='word_1_81' title='bbox 779 549 994 584; x_wconf 79' lang='grc' dir='ltr'><strong>συμμύσταικαὶ</strong></span> 
     </span>
    </p>
   </div>
   <div class='ocr_carea' id='block_1_11' title="bbox 207 594 994 631">
    <p class='ocr_par' dir='ltr' id='par_1_11' title="bbox 207 594 994 631">
     <span class='ocr_line' id='line_1_11' title="bbox 207 594 994 631; baseline 0.001 -10"><span class='ocrx_word' id='word_1_82' title='bbox 207 594 359 630; x_wconf 82' lang='grc' dir='ltr'>σύμφρονες</span> <span class='ocrx_word' id='word_1_83' title='bbox 373 594 497 631; x_wconf 80' lang='grc' dir='ltr'><strong>Δίδυμος,</strong></span> <span class='ocrx_word' id='word_1_84' title='bbox 523 595 570 622; x_wconf 78' lang='grc' dir='ltr'>καὶ</span> <span class='ocrx_word' id='word_1_85' title='bbox 586 595 730 631; x_wconf 75' lang='grc' dir='ltr'>Εὑάγριος,</span> <span class='ocrx_word' id='word_1_86' title='bbox 747 595 794 621; x_wconf 74' lang='grc' dir='ltr'><strong>καὶ</strong></span> <span class='ocrx_word' id='word_1_87' title='bbox 811 596 825 622; x_wconf 83' lang='grc' dir='ltr'><strong>ὸ</strong></span> <span class='ocrx_word' id='word_1_88' title='bbox 841 595 932 627; x_wconf 74' lang='grc' dir='ltr'>λοιπῦς</span> <span class='ocrx_word' id='word_1_89' title='bbox 946 595 994 623; x_wconf 77' lang='grc' dir='ltr'><strong>αὑ-</strong></span> 
     </span>
    </p>
   </div>
   <div class='ocr_carea' id='block_1_12' title="bbox 203 641 993 678">
    <p class='ocr_par' dir='ltr' id='par_1_12' title="bbox 203 641 993 678">
     <span class='ocr_line' id='line_1_12' title="bbox 203 641 993 678; baseline 0.003 -10"><span class='ocrx_word' id='word_1_90' title='bbox 203 641 259 668; x_wconf 83' lang='grc' dir='ltr'><strong>τῶν</strong></span> <span class='ocrx_word' id='word_1_91' title='bbox 279 641 480 678; x_wconf 75' lang='grc' dir='ltr'>μυθομέριμνος</span> <span class='ocrx_word' id='word_1_92' title='bbox 495 641 597 677; x_wconf 83' lang='grc' dir='ltr'><strong>ὅμιλος.</strong></span> <span class='ocrx_word' id='word_1_93' title='bbox 615 651 624 667; x_wconf 77' lang='grc' dir='ltr'><strong>ι</strong></span> <span class='ocrx_word' id='word_1_94' title='bbox 648 643 701 669; x_wconf 87' lang='lat' dir='ltr'><strong>Sed</strong></span> <span class='ocrx_word' id='word_1_95' title='bbox 726 651 778 670; x_wconf 90' lang='lat' dir='ltr'><strong>non</strong></span> <span class='ocrx_word' id='word_1_96' title='bbox 805 642 907 670; x_wconf 87' lang='lat' dir='ltr'><strong>idcirco</strong></span> <span class='ocrx_word' id='word_1_97' title='bbox 922 641 993 678; x_wconf 85' lang='lat' dir='ltr'><strong>quod</strong></span> 
     </span>
    </p>
   </div>
   <div class='ocr_carea' id='block_1_13' title="bbox 205 687 992 723">
    <p class='ocr_par' dir='ltr' id='par_1_13' title="bbox 205 687 992 723">
     <span class='ocr_line' id='line_1_13' title="bbox 205 687 992 723; baseline 0.003 -9"><span class='ocrx_word' id='word_1_98' title='bbox 205 687 347 715; x_wconf 84' lang='lat' dir='ltr'><strong>hominum</strong></span> <span class='ocrx_word' id='word_1_99' title='bbox 369 688 467 715; x_wconf 73' lang='lat' dir='ltr'><strong>anima:</strong></span> <span class='ocrx_word' id='word_1_100' title='bbox 484 688 569 723; x_wconf 85' lang='lat' dir='ltr'><strong>gratia</strong></span> <span class='ocrx_word' id='word_1_101' title='bbox 592 688 639 716; x_wconf 87' lang='lat' dir='ltr'><strong>Dei</strong></span> <span class='ocrx_word' id='word_1_102' title='bbox 668 688 870 723; x_wconf 79' lang='lat' dir='ltr'><strong>corruptionem</strong></span> <span class='ocrx_word' id='word_1_103' title='bbox 885 688 992 723; x_wconf 88' lang='lat' dir='ltr'><strong>repule-</strong></span> 
     </span>
    </p>
   </div>
   <div class='ocr_carea' id='block_1_14' title="bbox 205 733 992 767">
    <p class='ocr_par' dir='ltr' id='par_1_14' title="bbox 205 733 992 767">
     <span class='ocr_line' id='line_1_14' title="bbox 205 733 992 767; baseline 0.001 -7"><span class='ocrx_word' id='word_1_104' title='bbox 205 737 280 766; x_wconf 90' lang='lat' dir='ltr'><strong>runt,</strong></span> <span class='ocrx_word' id='word_1_105' title='bbox 295 740 356 767; x_wconf 72' lang='lat' dir='ltr'><strong>qua:</strong></span> <span class='ocrx_word' id='word_1_106' title='bbox 381 733 509 761; x_wconf 87' lang='lat' dir='ltr'><strong>omnibus</strong></span> <span class='ocrx_word' id='word_1_107' title='bbox 529 735 665 761; x_wconf 78' lang='lat' dir='ltr'><strong>creaturis</strong></span> <span class='ocrx_word' id='word_1_108' title='bbox 687 734 849 762; x_wconf 87' lang='lat' dir='ltr'><strong>naturaliter</strong></span> <span class='ocrx_word' id='word_1_109' title='bbox 873 734 992 766; x_wconf 84' lang='lat' dir='ltr'><strong>insidet;</strong></span> 
     </span>
    </p>
   </div>
   <div class='ocr_carea' id='block_1_15' title="bbox 206 779 993 815">
    <p class='ocr_par' dir='ltr' id='par_1_15' title="bbox 206 779 993 815">
     <span class='ocr_line' id='line_1_15' title="bbox 206 779 993 815; baseline 0.003 -9"><span class='ocrx_word' id='word_1_110' title='bbox 206 779 267 807; x_wconf 89' lang='lat' dir='ltr'><strong>ideo</strong></span> <span class='ocrx_word' id='word_1_111' title='bbox 285 784 312 806; x_wconf 93' lang='lat' dir='ltr'><strong>et</strong></span> <span class='ocrx_word' id='word_1_112' title='bbox 325 784 388 807; x_wconf 86' lang='lat' dir='ltr'><strong>ante</strong></span> <span class='ocrx_word' id='word_1_113' title='bbox 410 787 525 815; x_wconf 90' lang='lat' dir='ltr'><strong>corpora</strong></span> <span class='ocrx_word' id='word_1_114' title='bbox 538 787 586 808; x_wconf 86' lang='lat' dir='ltr'><strong>eas</strong></span> <span class='ocrx_word' id='word_1_115' title='bbox 610 780 693 808; x_wconf 80' lang='lat' dir='ltr'><strong>fuisse</strong></span> <span class='ocrx_word' id='word_1_116' title='bbox 722 780 933 815; x_wconf 81' lang='lat' dir='ltr'><strong>suspicabimur,</strong></span> <span class='ocrx_word' id='word_1_117' title='bbox 951 781 993 809; x_wconf 89' lang='lat' dir='ltr'><strong>vel</strong></span> 
     </span>
    </p>
   </div>
   <div class='ocr_carea' id='block_1_16' title="bbox 206 826 990 863">
    <p class='ocr_par' dir='ltr' id='par_1_16' title="bbox 206 826 990 863">
     <span class='ocr_line' id='line_1_16' title="bbox 206 826 990 863; baseline 0.001 -9"><span class='ocrx_word' id='word_1_118' title='bbox 206 831 270 854; x_wconf 85' lang='lat' dir='ltr'><strong>ante</strong></span> <span class='ocrx_word' id='word_1_119' title='bbox 287 826 367 861; x_wconf 80' lang='lat' dir='ltr'><strong>hujus</strong></span> <span class='ocrx_word' id='word_1_120' title='bbox 380 826 495 854; x_wconf 81' lang='lat' dir='ltr'><strong>visibilis</strong></span> <span class='ocrx_word' id='word_1_121' title='bbox 507 828 600 855; x_wconf 93' lang='lat' dir='ltr'><strong>mundi</strong></span> <span class='ocrx_word' id='word_1_122' title='bbox 613 828 803 863; x_wconf 85' lang='lat' dir='ltr'><strong>prolationem,</strong></span> <span class='ocrx_word' id='word_1_123' title='bbox 819 832 901 862; x_wconf 89' lang='lat' dir='ltr'><strong>atque</strong></span> <span class='ocrx_word' id='word_1_124' title='bbox 915 835 990 855; x_wconf 89' lang='lat' dir='ltr'><strong>com-</strong></span> 
     </span>
    </p>
   </div>
   <div class='ocr_carea' id='block_1_17' title="bbox 1046 228 1838 265">
    <p class='ocr_par' dir='ltr' id='par_1_17' title="bbox 1046 228 1838 265">
     <span class='ocr_line' id='line_1_17' title="bbox 1046 228 1838 265; baseline 0.004 -11"><span class='ocrx_word' id='word_1_125' title='bbox 1046 228 1218 264; x_wconf 76' lang='grc' dir='ltr'><strong>ἐκτιθέμενος</strong></span> <span class='ocrx_word' id='word_1_126' title='bbox 1228 229 1278 264; x_wconf 80' lang='grc' dir='ltr'><strong>τὴν</strong></span> <span class='ocrx_word' id='word_1_127' title='bbox 1293 229 1393 265; x_wconf 78' lang='grc' dir='ltr'>ψυχὴν,</span> <span class='ocrx_word' id='word_1_128' title='bbox 1405 228 1551 265; x_wconf 79' lang='grc' dir='ltr'>ἀσώματον</span> <span class='ocrx_word' id='word_1_129' title='bbox 1571 230 1624 256; x_wconf 79' lang='grc' dir='ltr'><strong>ὑπό</strong></span> <span class='ocrx_word' id='word_1_130' title='bbox 1647 239 1677 256; x_wconf 85' lang='grc' dir='ltr'>τι</span> <span class='ocrx_word' id='word_1_131' title='bbox 1697 230 1838 258; x_wconf 72' lang='grc' dir='ltr'>Πλατωνιο</span> 
     </span>
    </p>
   </div>
   <div class='ocr_carea' id='block_1_18' title="bbox 1046 273 1836 310">
    <p class='ocr_par' dir='ltr' id='par_1_18' title="bbox 1046 273 1836 310">
     <span class='ocr_line' id='line_1_18' title="bbox 1046 273 1836 310; baseline 0.005 -11"><span class='ocrx_word' id='word_1_132' title='bbox 1046 273 1102 304; x_wconf 84' lang='grc' dir='ltr'><strong>κῶς</strong></span> <span class='ocrx_word' id='word_1_133' title='bbox 1113 273 1292 308; x_wconf 74' lang='grc' dir='ltr'>ἀποφαίνεται</span> <span class='ocrx_word' id='word_1_134' title='bbox 1303 274 1399 310; x_wconf 83' lang='grc' dir='ltr'><strong>αὑτήν.</strong></span> <span class='ocrx_word' id='word_1_135' title='bbox 1409 274 1474 309; x_wconf 71' lang='lat' dir='ltr'><strong>Qua:</strong></span> <span class='ocrx_word' id='word_1_136' title='bbox 1485 275 1524 302; x_wconf 90' lang='lat' dir='ltr'><strong>sic</strong></span> <span class='ocrx_word' id='word_1_137' title='bbox 1534 276 1743 310; x_wconf 82' lang='lat' dir='ltr'><strong>interpretanda</strong></span> <span class='ocrx_word' id='word_1_138' title='bbox 1756 281 1836 303; x_wconf 87' lang='lat' dir='ltr'><strong>sunt:</strong></span> 
     </span>
    </p>
   </div>
   <div class='ocr_carea' id='block_1_19' title="bbox 1048 318 1837 356">
    <p class='ocr_par' dir='ltr' id='par_1_19' title="bbox 1048 318 1837 356">
     <span class='ocr_line' id='line_1_19' title="bbox 1048 318 1837 356; baseline 0.005 -11"><span class='ocrx_word' id='word_1_139' title='bbox 1048 327 1058 344; x_wconf 71' lang='grc' dir='ltr'><strong>ε</strong></span> <span class='ocrx_word' id='word_1_140' title='bbox 1076 318 1116 346; x_wconf 82' lang='lat' dir='ltr'><strong>Ad</strong></span> <span class='ocrx_word' id='word_1_141' title='bbox 1134 318 1176 345; x_wconf 87' lang='lat' dir='ltr'><strong>illa</strong></span> <span class='ocrx_word' id='word_1_142' title='bbox 1191 319 1234 346; x_wconf 91' lang='lat' dir='ltr'><strong>vir</strong></span> <span class='ocrx_word' id='word_1_143' title='bbox 1260 324 1368 347; x_wconf 83' lang='lat' dir='ltr'><strong>sanctus</strong></span> <span class='ocrx_word' id='word_1_144' title='bbox 1382 329 1392 345; x_wconf 73' lang='grc' dir='ltr'><strong>ι</strong></span> <span class='ocrx_word' id='word_1_145' title='bbox 1409 319 1572 354; x_wconf 77' lang='lat' dir='ltr'><strong>(Methodius</strong></span> <span class='ocrx_word' id='word_1_146' title='bbox 1590 320 1735 356; x_wconf 89' lang='lat' dir='ltr'><strong>nimirum)</strong></span> <span class='ocrx_word' id='word_1_147' title='bbox 1752 330 1762 347; x_wconf 80' lang='grc' dir='ltr'><strong>ι</strong></span> <span class='ocrx_word' id='word_1_148' title='bbox 1783 322 1837 349; x_wconf 73' lang='lat' dir='ltr'><strong>haec</strong></span> 
     </span>
    </p>
   </div>
   <div class='ocr_carea' id='block_1_20' title="bbox 1046 364 1838 402">
    <p class='ocr_par' dir='ltr' id='par_1_20' title="bbox 1046 364 1838 402">
     <span class='ocr_line' id='line_1_20' title="bbox 1046 364 1838 402; baseline 0.004 -11"><span class='ocrx_word' id='word_1_149' title='bbox 1046 364 1093 397; x_wconf 90' lang='lat' dir='ltr'><strong>ait,</strong></span> <span class='ocrx_word' id='word_1_150' title='bbox 1111 374 1123 391; x_wconf 71' lang='grc' dir='ltr'><strong>ι</strong></span> <span class='ocrx_word' id='word_1_151' title='bbox 1147 370 1318 400; x_wconf 79' lang='lat' dir='ltr'><strong>(sequuntur</strong></span> <span class='ocrx_word' id='word_1_152' title='bbox 1341 365 1440 394; x_wconf 90' lang='lat' dir='ltr'><strong>deinde</strong></span> <span class='ocrx_word' id='word_1_153' title='bbox 1470 366 1552 394; x_wconf 85' lang='lat' dir='ltr'><strong>verba</strong></span> <span class='ocrx_word' id='word_1_154' title='bbox 1576 366 1634 402; x_wconf 87' lang='lat' dir='ltr'><strong>ipsa</strong></span> <span class='ocrx_word' id='word_1_155' title='bbox 1659 366 1796 394; x_wconf 76' lang='lat' dir='ltr'><strong>Methodii</strong></span> <span class='ocrx_word' id='word_1_156' title='bbox 1823 375 1838 394; x_wconf 86' lang='lat' dir='ltr'><strong>a</strong></span> 
     </span>
    </p>
   </div>
   <div class='ocr_carea' id='block_1_21' title="bbox 1045 409 1836 449">
    <p class='ocr_par' dir='ltr' id='par_1_21' title="bbox 1045 409 1836 449">
     <span class='ocr_line' id='line_1_21' title="bbox 1045 409 1836 449; baseline 0.003 -12"><span class='ocrx_word' id='word_1_157' title='bbox 1045 409 1141 438; x_wconf 89' lang='lat' dir='ltr'><strong>Photio</strong></span> <span class='ocrx_word' id='word_1_158' title='bbox 1156 410 1293 444; x_wconf 77' lang='grc' dir='ltr'>αὐτολεξεὶ</span> <span class='ocrx_word' id='word_1_159' title='bbox 1319 412 1454 447; x_wconf 85' lang='lat' dir='ltr'><strong>descripta</strong></span> <span class='ocrx_word' id='word_1_160' title='bbox 1465 432 1473 444; x_wconf 84' lang='lat'><strong>,</strong></span> <span class='ocrx_word' id='word_1_161' title='bbox 1490 420 1541 439; x_wconf 91' lang='lat' dir='ltr'><strong>non</strong></span> <span class='ocrx_word' id='word_1_162' title='bbox 1555 414 1588 440; x_wconf 90' lang='lat' dir='ltr'><strong>ab</strong></span> <span class='ocrx_word' id='word_1_163' title='bbox 1607 420 1640 440; x_wconf 90' lang='lat' dir='ltr'><strong>eo</strong></span> <span class='ocrx_word' id='word_1_164' title='bbox 1654 411 1836 449; x_wconf 78' lang='grc' dir='ltr'>αὑτοπροσὼ-</span> 
     </span>
    </p>
   </div>
   <div class='ocr_carea' id='block_1_22' title="bbox 1045 457 1835 493">
    <p class='ocr_par' dir='ltr' id='par_1_22' title="bbox 1045 457 1835 493">
     <span class='ocr_line' id='line_1_22' title="bbox 1045 457 1835 493; baseline 0.004 -10"><span class='ocrx_word' id='word_1_165' title='bbox 1045 465 1105 488; x_wconf 84' lang='grc' dir='ltr'><strong>πως</strong></span> <span class='ocrx_word' id='word_1_166' title='bbox 1119 457 1265 492; x_wconf 81' lang='lat' dir='ltr'><strong>recitata):</strong></span> <span class='ocrx_word' id='word_1_167' title='bbox 1285 467 1293 483; x_wconf 82' lang='grc' dir='ltr'><strong>ι</strong></span> <span class='ocrx_word' id='word_1_168' title='bbox 1308 458 1435 493; x_wconf 80' lang='lat' dir='ltr'><strong>Figuram</strong></span> <span class='ocrx_word' id='word_1_169' title='bbox 1451 459 1532 486; x_wconf 87' lang='lat' dir='ltr'><strong>aliam</strong></span> <span class='ocrx_word' id='word_1_170' title='bbox 1547 459 1721 486; x_wconf 82' lang='lat' dir='ltr'><strong>consimilem</strong></span> <span class='ocrx_word' id='word_1_171' title='bbox 1738 459 1835 487; x_wconf 81' lang='lat' dir='ltr'><strong>sensili</strong></span> 
     </span>
    </p>
   </div>
   <div class='ocr_carea' id='block_1_23' title="bbox 1045 503 1836 539">
    <p class='ocr_par' dir='ltr' id='par_1_23' title="bbox 1045 503 1836 539">
     <span class='ocr_line' id='line_1_23' title="bbox 1045 503 1836 539; baseline 0.003 -9"><span class='ocrx_word' id='word_1_172' title='bbox 1045 503 1118 536; x_wconf 85' lang='lat' dir='ltr'><strong>huic,</strong></span> <span class='ocrx_word' id='word_1_173' title='bbox 1141 508 1282 539; x_wconf 76' lang='lat' dir='ltr'><strong>postquam</strong></span> <span class='ocrx_word' id='word_1_174' title='bbox 1297 504 1360 532; x_wconf 85' lang='lat' dir='ltr'><strong>hinc</strong></span> <span class='ocrx_word' id='word_1_175' title='bbox 1377 505 1506 538; x_wconf 78' lang='lat' dir='ltr'><strong>excessit,</strong></span> <span class='ocrx_word' id='word_1_176' title='bbox 1525 505 1627 532; x_wconf 89' lang='lat' dir='ltr'><strong>habere</strong></span> <span class='ocrx_word' id='word_1_177' title='bbox 1642 506 1761 532; x_wconf 87' lang='lat' dir='ltr'><strong>tradens</strong></span> <span class='ocrx_word' id='word_1_178' title='bbox 1778 505 1836 532; x_wconf 89' lang='lat' dir='ltr'><strong>ani-</strong></span> 
     </span>
    </p>
   </div>
   <div class='ocr_carea' id='block_1_24' title="bbox 1046 550 1837 586">
    <p class='ocr_par' dir='ltr' id='par_1_24' title="bbox 1046 550 1837 586">
     <span class='ocr_line' id='line_1_24' title="bbox 1046 550 1837 586; baseline 0.003 -10"><span class='ocrx_word' id='word_1_179' title='bbox 1046 557 1137 584; x_wconf 89' lang='lat' dir='ltr'><strong>mam,</strong></span> <span class='ocrx_word' id='word_1_180' title='bbox 1168 551 1357 585; x_wconf 89' lang='lat' dir='ltr'><strong>incorpoream</strong></span> <span class='ocrx_word' id='word_1_181' title='bbox 1375 558 1437 579; x_wconf 90' lang='lat' dir='ltr'><strong>esse</strong></span> <span class='ocrx_word' id='word_1_182' title='bbox 1459 551 1551 586; x_wconf 86' lang='lat' dir='ltr'><strong>aliquo</strong></span> <span class='ocrx_word' id='word_1_183' title='bbox 1582 556 1664 586; x_wconf 86' lang='lat' dir='ltr'><strong>pacto</strong></span> <span class='ocrx_word' id='word_1_184' title='bbox 1692 550 1837 578; x_wconf 69' lang='lat' dir='ltr'><strong>Platonico</strong></span> 
     </span>
    </p>
   </div>
   <div class='ocr_carea' id='block_1_25' title="bbox 1045 596 1836 633">
    <p class='ocr_par' dir='ltr' id='par_1_25' title="bbox 1045 596 1836 633">
     <span class='ocr_line' id='line_1_25' title="bbox 1045 596 1836 633; baseline 0.001 -10"><span class='ocrx_word' id='word_1_185' title='bbox 1045 596 1130 630; x_wconf 89' lang='lat' dir='ltr'><strong>ipsam</strong></span> <span class='ocrx_word' id='word_1_186' title='bbox 1146 596 1288 624; x_wconf 64' lang='lat' dir='ltr'><strong>aﬂirmat.»</strong></span> <span class='ocrx_word' id='word_1_187' title='bbox 1305 596 1368 624; x_wconf 70' lang='lat' dir='ltr'><strong>Haec</strong></span> <span class='ocrx_word' id='word_1_188' title='bbox 1379 598 1417 624; x_wconf 89' lang='lat' dir='ltr'><strong>ait</strong></span> <span class='ocrx_word' id='word_1_189' title='bbox 1430 597 1583 625; x_wconf 82' lang='lat' dir='ltr'><strong>Methodius</strong></span> <span class='ocrx_word' id='word_1_190' title='bbox 1594 597 1627 625; x_wconf 88' lang='lat' dir='ltr'><strong>de</strong></span> <span class='ocrx_word' id='word_1_191' title='bbox 1641 597 1774 633; x_wconf 80' lang='lat' dir='ltr'><strong>Origene,</strong></span> <span class='ocrx_word' id='word_1_192' title='bbox 1784 605 1836 625; x_wconf 90' lang='lat' dir='ltr'><strong>non</strong></span> 
     </span>
    </p>
   </div>
   <div class='ocr_carea' id='block_1_26' title="bbox 1044 642 1836 678">
    <p class='ocr_par' dir='ltr' id='par_1_26' title="bbox 1044 642 1836 678">
     <span class='ocr_line' id='line_1_26' title="bbox 1044 642 1836 678; baseline 0.001 -9"><span class='ocrx_word' id='word_1_193' title='bbox 1044 642 1157 670; x_wconf 82' lang='lat' dir='ltr'><strong>Photius</strong></span> <span class='ocrx_word' id='word_1_194' title='bbox 1179 643 1213 670; x_wconf 91' lang='lat' dir='ltr'><strong>de</strong></span> <span class='ocrx_word' id='word_1_195' title='bbox 1235 642 1382 674; x_wconf 84' lang='lat' dir='ltr'><strong>Methodio,</strong></span> <span class='ocrx_word' id='word_1_196' title='bbox 1401 643 1449 677; x_wconf 89' lang='lat' dir='ltr'><strong>qui</strong></span> <span class='ocrx_word' id='word_1_197' title='bbox 1466 643 1564 670; x_wconf 90' lang='lat' dir='ltr'><strong>deinde</strong></span> <span class='ocrx_word' id='word_1_198' title='bbox 1586 643 1697 678; x_wconf 87' lang='lat' dir='ltr'><strong>probat,</strong></span> <span class='ocrx_word' id='word_1_199' title='bbox 1724 650 1760 670; x_wconf 83' lang='lat' dir='ltr'><strong>ex</strong></span> <span class='ocrx_word' id='word_1_200' title='bbox 1786 643 1836 670; x_wconf 81' lang='lat' dir='ltr'><strong>hac</strong></span> 
     </span>
    </p>
   </div>
   <div class='ocr_carea' id='block_1_27' title="bbox 1045 687 1834 724">
    <p class='ocr_par' dir='ltr' id='par_1_27' title="bbox 1045 687 1834 724">
     <span class='ocr_line' id='line_1_27' title="bbox 1045 687 1834 724; baseline 0.001 -9"><span class='ocrx_word' id='word_1_201' title='bbox 1045 687 1169 723; x_wconf 89' lang='lat' dir='ltr'><strong>Origenis</strong></span> <span class='ocrx_word' id='word_1_202' title='bbox 1182 688 1339 724; x_wconf 77' lang='lat' dir='ltr'><strong>opinatione</strong></span> <span class='ocrx_word' id='word_1_203' title='bbox 1355 689 1484 724; x_wconf 86' lang='lat' dir='ltr'><strong>consequi</strong></span> <span class='ocrx_word' id='word_1_204' title='bbox 1505 697 1620 724; x_wconf 88' lang='lat' dir='ltr'><strong>corpore</strong></span> <span class='ocrx_word' id='word_1_205' title='bbox 1637 689 1764 716; x_wconf 86' lang='lat' dir='ltr'><strong>animam</strong></span> <span class='ocrx_word' id='word_1_206' title='bbox 1791 697 1834 716; x_wconf 81' lang='lat' dir='ltr'><strong>ca-</strong></span> 
     </span>
    </p>
   </div>
   <div class='ocr_carea' id='block_1_28' title="bbox 1044 734 1834 770">
    <p class='ocr_par' dir='ltr' id='par_1_28' title="bbox 1044 734 1834 770">
     <span class='ocr_line' id='line_1_28' title="bbox 1044 734 1834 770; baseline 0.001 -9"><span class='ocrx_word' id='word_1_207' title='bbox 1044 741 1123 767; x_wconf 81' lang='lat' dir='ltr'><strong>rere;</strong></span> <span class='ocrx_word' id='word_1_208' title='bbox 1139 735 1199 768; x_wconf 91' lang='lat' dir='ltr'><strong>quia</strong></span> <span class='ocrx_word' id='word_1_209' title='bbox 1215 734 1237 762; x_wconf 88' lang='lat' dir='ltr'><strong>si</strong></span> <span class='ocrx_word' id='word_1_210' title='bbox 1255 740 1315 768; x_wconf 89' lang='lat' dir='ltr'><strong>post</strong></span> <span class='ocrx_word' id='word_1_211' title='bbox 1337 742 1480 763; x_wconf 73' lang='lat' dir='ltr'><strong>excessum</strong></span> <span class='ocrx_word' id='word_1_212' title='bbox 1505 742 1520 762; x_wconf 93' lang='lat' dir='ltr'><strong>e</strong></span> <span class='ocrx_word' id='word_1_213' title='bbox 1545 735 1600 763; x_wconf 91' lang='lat' dir='ltr'><strong>vita</strong></span> <span class='ocrx_word' id='word_1_214' title='bbox 1627 742 1748 770; x_wconf 87' lang='lat' dir='ltr'><strong>corpore</strong></span> <span class='ocrx_word' id='word_1_215' title='bbox 1775 740 1834 762; x_wconf 86' lang='lat' dir='ltr'><strong>tau-</strong></span> 
     </span>
    </p>
   </div>
   <div class='ocr_carea' id='block_1_29' title="bbox 1044 781 1834 817">
    <p class='ocr_par' dir='ltr' id='par_1_29' title="bbox 1044 781 1834 817">
     <span class='ocr_line' id='line_1_29' title="bbox 1044 781 1834 817; baseline 0.003 -10"><span class='ocrx_word' id='word_1_216' title='bbox 1044 788 1124 816; x_wconf 87' lang='lat' dir='ltr'><strong>quam</strong></span> <span class='ocrx_word' id='word_1_217' title='bbox 1141 781 1267 809; x_wconf 88' lang='lat' dir='ltr'><strong>vehiculo</strong></span> <span class='ocrx_word' id='word_1_218' title='bbox 1282 786 1310 809; x_wconf 92' lang='lat' dir='ltr'><strong>et</strong></span> <span class='ocrx_word' id='word_1_219' title='bbox 1334 786 1410 810; x_wconf 80' lang='lat' dir='ltr'><strong>veste</strong></span> <span class='ocrx_word' id='word_1_220' title='bbox 1433 781 1548 817; x_wconf 81' lang='lat' dir='ltr'><strong>indiget,</strong></span> <span class='ocrx_word' id='word_1_221' title='bbox 1563 786 1658 817; x_wconf 83' lang='lat' dir='ltr'><strong>utpote</strong></span> <span class='ocrx_word' id='word_1_222' title='bbox 1679 789 1744 817; x_wconf 69' lang='lat' dir='ltr'><strong>quae</strong></span> <span class='ocrx_word' id='word_1_223' title='bbox 1763 782 1834 809; x_wconf 87' lang='lat' dir='ltr'><strong>nuda</strong></span> 
     </span>
    </p>
   </div>
   <div class='ocr_carea' id='block_1_30' title="bbox 1045 827 1836 863">
    <p class='ocr_par' dir='ltr' id='par_1_30' title="bbox 1045 827 1836 863">
     <span class='ocr_line' id='line_1_30' title="bbox 1045 827 1836 863; baseline 0.004 -10"><span class='ocrx_word' id='word_1_224' title='bbox 1045 827 1236 861; x_wconf 82' lang='lat' dir='ltr'><strong>comprehendi</strong></span> <span class='ocrx_word' id='word_1_225' title='bbox 1252 835 1306 854; x_wconf 89' lang='lat' dir='ltr'><strong>non</strong></span> <span class='ocrx_word' id='word_1_226' title='bbox 1327 827 1433 862; x_wconf 82' lang='lat' dir='ltr'><strong>possit,</strong></span> <span class='ocrx_word' id='word_1_227' title='bbox 1455 828 1548 862; x_wconf 84' lang='lat' dir='ltr'><strong>utique</strong></span> <span class='ocrx_word' id='word_1_228' title='bbox 1562 835 1694 863; x_wconf 85' lang='lat' dir='ltr'><strong>corporea</strong></span> <span class='ocrx_word' id='word_1_229' title='bbox 1723 835 1779 856; x_wconf 85' lang='lat' dir='ltr'><strong>non</strong></span> <span class='ocrx_word' id='word_1_230' title='bbox 1795 832 1836 856; x_wconf 71' lang='lat' dir='ltr'><strong>est</strong></span> 
     </span>
    </p>
   </div>
   <div class='ocr_carea' id='block_1_31' title="bbox 205 862 1835 910">
    <p class='ocr_par' dir='ltr' id='par_1_31' title="bbox 205 862 1835 910">
     <span class='ocr_line' id='line_1_31' title="bbox 205 862 1835 910; baseline 0 -9"><span class='ocrx_word' id='word_1_231' title='bbox 205 874 329 909; x_wconf 74' lang='lat' dir='ltr'><strong>paginem</strong></span> <span class='ocrx_word' id='word_1_232' title='bbox 346 874 373 901; x_wconf 93' lang='lat' dir='ltr'><strong>in</strong></span> <span class='ocrx_word' id='word_1_233' title='bbox 400 874 565 909; x_wconf 86' lang='lat' dir='ltr'><strong>sempiterna</strong></span> <span class='ocrx_word' id='word_1_234' title='bbox 590 862 707 909; x_wconf 84' lang='lat' dir='ltr'><strong>quadam</strong></span> <span class='ocrx_word' id='word_1_235' title='bbox 731 875 785 903; x_wconf 84' lang='lat' dir='ltr'><strong>vita</strong></span> <span class='ocrx_word' id='word_1_236' title='bbox 800 875 902 910; x_wconf 87' lang='lat' dir='ltr'><strong>positas</strong></span> <span class='ocrx_word' id='word_1_237' title='bbox 916 874 990 902; x_wconf 86' lang='lat' dir='ltr'><strong>arbi-</strong></span> <span class='ocrx_word' id='word_1_238' title='bbox 1006 862 1028 890; x_wconf 63' lang='grc' dir='ltr'><strong>Β</strong></span> <span class='ocrx_word' id='word_1_239' title='bbox 1044 873 1167 909; x_wconf 80' lang='lat' dir='ltr'><strong>(valeret</strong></span> <span class='ocrx_word' id='word_1_240' title='bbox 1180 874 1252 901; x_wconf 91' lang='lat' dir='ltr'><strong>enim</strong></span> <span class='ocrx_word' id='word_1_241' title='bbox 1273 874 1393 909; x_wconf 83' lang='lat' dir='ltr'><strong>alioquin</strong></span> <span class='ocrx_word' id='word_1_242' title='bbox 1412 874 1506 902; x_wconf 87' lang='lat' dir='ltr'><strong>eadem</strong></span> <span class='ocrx_word' id='word_1_243' title='bbox 1529 862 1734 909; x_wconf 78' lang='lat' dir='ltr'><strong>argumentatio</strong></span> <span class='ocrx_word' id='word_1_244' title='bbox 1746 894 1755 907; x_wconf 92' lang='lat'><strong>,</strong></span> <span class='ocrx_word' id='word_1_245' title='bbox 1782 882 1835 909; x_wconf 73' lang='lat' dir='ltr'><strong>qua</strong></span> 
     </span>
    </p>
   </div>
   <div class='ocr_carea' id='block_1_32' title="bbox 206 919 987 953">
    <p class='ocr_par' dir='ltr' id='par_1_32' title="bbox 206 919 987 953">
     <span class='ocr_line' id='line_1_32' title="bbox 206 919 987 953; baseline 0.001 -5"><span class='ocrx_word' id='word_1_246' title='bbox 206 920 346 953; x_wconf 80' lang='lat' dir='ltr'><strong>trahimur,</strong></span> <span class='ocrx_word' id='word_1_247' title='bbox 367 919 486 947; x_wconf 86' lang='lat' dir='ltr'><strong>vitamve</strong></span> <span class='ocrx_word' id='word_1_248' title='bbox 514 920 644 949; x_wconf 84' lang='lat' dir='ltr'><strong>habuisse</strong></span> <span class='ocrx_word' id='word_1_249' title='bbox 667 921 805 950; x_wconf 75' lang='lat' dir='ltr'><strong>ctelestem</strong></span> <span class='ocrx_word' id='word_1_250' title='bbox 821 928 987 952; x_wconf 85' lang='lat' dir='ltr'><strong>asseremus.</strong></span> 
     </span>
    </p>
   </div>
   <div class='ocr_carea' id='block_1_33' title="bbox 205 965 989 1002">
    <p class='ocr_par' dir='ltr' id='par_1_33' title="bbox 205 965 989 1002">
     <span class='ocr_line' id='line_1_33' title="bbox 205 965 989 1002; baseline 0 -9"><span class='ocrx_word' id='word_1_251' title='bbox 205 965 358 993; x_wconf 85' lang='lat' dir='ltr'><strong>incarneam</strong></span> <span class='ocrx_word' id='word_1_252' title='bbox 374 971 423 993; x_wconf 87' lang='lat' dir='ltr'><strong>seu</strong></span> <span class='ocrx_word' id='word_1_253' title='bbox 441 967 627 1001; x_wconf 88' lang='lat' dir='ltr'><strong>incorporeatn</strong></span> <span class='ocrx_word' id='word_1_254' title='bbox 641 967 722 994; x_wconf 89' lang='lat' dir='ltr'><strong>vitam</strong></span> <span class='ocrx_word' id='word_1_255' title='bbox 742 968 866 995; x_wconf 79' lang='lat' dir='ltr'><strong>viventes</strong></span> <span class='ocrx_word' id='word_1_256' title='bbox 892 974 989 1002; x_wconf 89' lang='lat' dir='ltr'><strong>perpe-</strong></span> 
     </span>
    </p>
   </div>
   <div class='ocr_carea' id='block_1_34' title="bbox 204 1012 990 1048">
    <p class='ocr_par' dir='ltr' id='par_1_34' title="bbox 204 1012 990 1048">
     <span class='ocr_line' id='line_1_34' title="bbox 204 1012 990 1048; baseline 0.001 -9"><span class='ocrx_word' id='word_1_257' title='bbox 204 1017 277 1040; x_wconf 87' lang='lat' dir='ltr'><strong>tuatn</strong></span> <span class='ocrx_word' id='word_1_258' title='bbox 300 1014 328 1040; x_wconf 90' lang='lat' dir='ltr'><strong>in</strong></span> <span class='ocrx_word' id='word_1_259' title='bbox 344 1014 416 1042; x_wconf 69' lang='lat' dir='ltr'><strong>curio</strong></span> <span class='ocrx_word' id='word_1_260' title='bbox 431 1014 577 1048; x_wconf 85' lang='lat' dir='ltr'><strong>aliquando</strong></span> <span class='ocrx_word' id='word_1_261' title='bbox 592 1022 646 1041; x_wconf 91' lang='lat' dir='ltr'><strong>non</strong></span> <span class='ocrx_word' id='word_1_262' title='bbox 669 1014 822 1046; x_wconf 77' lang='lat' dir='ltr'><strong>exsistenti,</strong></span> <span class='ocrx_word' id='word_1_263' title='bbox 840 1014 913 1041; x_wconf 83' lang='lat' dir='ltr'><strong>sicut</strong></span> <span class='ocrx_word' id='word_1_264' title='bbox 929 1012 990 1041; x_wconf 84' lang='lat' dir='ltr'><strong>Ori-</strong></span> 
     </span>
    </p>
   </div>
   <div class='ocr_carea' id='block_1_35' title="bbox 203 1059 989 1095">
    <p class='ocr_par' dir='ltr' id='par_1_35' title="bbox 203 1059 989 1095">
     <span class='ocr_line' id='line_1_35' title="bbox 203 1059 989 1095; baseline -0.001 -8"><span class='ocrx_word' id='word_1_265' title='bbox 203 1066 286 1094; x_wconf 73' lang='lat' dir='ltr'><strong>genes</strong></span> <span class='ocrx_word' id='word_1_266' title='bbox 296 1059 408 1088; x_wconf 89' lang='lat' dir='ltr'><strong>insanus</strong></span> <span class='ocrx_word' id='word_1_267' title='bbox 422 1060 574 1093; x_wconf 85' lang='lat' dir='ltr'><strong>constituit,</strong></span> <span class='ocrx_word' id='word_1_268' title='bbox 586 1064 614 1088; x_wconf 86' lang='lat' dir='ltr'><strong>et</strong></span> <span class='ocrx_word' id='word_1_269' title='bbox 631 1059 711 1094; x_wconf 75' lang='lat' dir='ltr'><strong>huius</strong></span> <span class='ocrx_word' id='word_1_270' title='bbox 726 1064 894 1095; x_wconf 73' lang='lat' dir='ltr'><strong>symmystae,</strong></span> <span class='ocrx_word' id='word_1_271' title='bbox 907 1063 989 1094; x_wconf 83' lang='lat' dir='ltr'><strong>atque</strong></span> 
     </span>
    </p>
   </div>
   <div class='ocr_carea' id='block_1_36' title="bbox 203 1106 988 1142">
    <p class='ocr_par' dir='ltr' id='par_1_36' title="bbox 203 1106 988 1142">
     <span class='ocr_line' id='line_1_36' title="bbox 203 1106 988 1142; baseline 0 -10"><span class='ocrx_word' id='word_1_272' title='bbox 203 1110 351 1133; x_wconf 82' lang='lat' dir='ltr'><strong>sectatores</strong></span> <span class='ocrx_word' id='word_1_273' title='bbox 363 1106 504 1142; x_wconf 83' lang='lat' dir='ltr'><strong>Didymus,</strong></span> <span class='ocrx_word' id='word_1_274' title='bbox 518 1111 545 1134; x_wconf 89' lang='lat' dir='ltr'><strong>et</strong></span> <span class='ocrx_word' id='word_1_275' title='bbox 560 1106 691 1141; x_wconf 86' lang='lat' dir='ltr'><strong>Evagrius</strong></span> <span class='ocrx_word' id='word_1_276' title='bbox 701 1127 708 1140; x_wconf 88' lang='lat'><strong>,</strong></span> <span class='ocrx_word' id='word_1_277' title='bbox 729 1111 757 1133; x_wconf 93' lang='lat' dir='ltr'><strong>et</strong></span> <span class='ocrx_word' id='word_1_278' title='bbox 774 1106 879 1140; x_wconf 87' lang='lat' dir='ltr'><strong>reliqua</strong></span> <span class='ocrx_word' id='word_1_279' title='bbox 895 1113 988 1133; x_wconf 89' lang='lat' dir='ltr'><strong>earum</strong></span> 
     </span>
    </p>
   </div>
   <div class='ocr_carea' id='block_1_37' title="bbox 202 1152 990 1189">
    <p class='ocr_par' dir='ltr' id='par_1_37' title="bbox 202 1152 990 1189">
     <span class='ocr_line' id='line_1_37' title="bbox 202 1152 990 1189; baseline -0.001 -9"><span class='ocrx_word' id='word_1_280' title='bbox 202 1152 354 1180; x_wconf 76' lang='lat' dir='ltr'><strong>fabularum</strong></span> <span class='ocrx_word' id='word_1_281' title='bbox 377 1154 556 1189; x_wconf 65' lang='lat' dir='ltr'><strong>excogitaui:</strong></span> <span class='ocrx_word' id='word_1_282' title='bbox 585 1153 729 1182; x_wconf 83' lang='lat' dir='ltr'><strong>sodalitas.</strong></span> <span class='ocrx_word' id='word_1_283' title='bbox 750 1163 760 1180; x_wconf 74' lang='grc' dir='ltr'><strong>ι</strong></span> <span class='ocrx_word' id='word_1_284' title='bbox 776 1153 815 1180; x_wconf 76' lang='lat' dir='ltr'><strong>Ex</strong></span> <span class='ocrx_word' id='word_1_285' title='bbox 842 1153 885 1181; x_wconf 88' lang='lat' dir='ltr'><strong>his</strong></span> <span class='ocrx_word' id='word_1_286' title='bbox 906 1152 990 1188; x_wconf 89' lang='lat' dir='ltr'><strong>liquet</strong></span> 
     </span>
    </p>
   </div>
   <div class='ocr_carea' id='block_1_38' title="bbox 202 1199 990 1236">
    <p class='ocr_par' dir='ltr' id='par_1_38' title="bbox 202 1199 990 1236">
     <span class='ocr_line' id='line_1_38' title="bbox 202 1199 990 1236; baseline 0 -9"><span class='ocrx_word' id='word_1_287' title='bbox 202 1205 302 1232; x_wconf 85' lang='lat' dir='ltr'><strong>quanta</strong></span> <span class='ocrx_word' id='word_1_288' title='bbox 316 1199 398 1228; x_wconf 80' lang='lat' dir='ltr'><strong>fuerit</strong></span> <span class='ocrx_word' id='word_1_289' title='bbox 415 1200 542 1236; x_wconf 87' lang='lat' dir='ltr'><strong>Origenis</strong></span> <span class='ocrx_word' id='word_1_290' title='bbox 557 1201 583 1228; x_wconf 93' lang='lat' dir='ltr'><strong>in</strong></span> <span class='ocrx_word' id='word_1_291' title='bbox 599 1206 744 1236; x_wconf 85' lang='lat' dir='ltr'><strong>utramque</strong></span> <span class='ocrx_word' id='word_1_292' title='bbox 757 1205 860 1236; x_wconf 88' lang='lat' dir='ltr'><strong>partem</strong></span> <span class='ocrx_word' id='word_1_293' title='bbox 878 1200 990 1228; x_wconf 82' lang='lat' dir='ltr'><strong>ﬂuctua-</strong></span> 
     </span>
    </p>
   </div>
   <div class='ocr_carea' id='block_1_39' title="bbox 203 1246 988 1282">
    <p class='ocr_par' dir='ltr' id='par_1_39' title="bbox 203 1246 988 1282">
     <span class='ocr_line' id='line_1_39' title="bbox 203 1246 988 1282; baseline 0.003 -10"><span class='ocrx_word' id='word_1_294' title='bbox 203 1246 240 1272; x_wconf 91' lang='lat' dir='ltr'><strong>tio</strong></span> <span class='ocrx_word' id='word_1_295' title='bbox 260 1255 268 1273; x_wconf 84' lang='lat'><strong>:</strong></span> <span class='ocrx_word' id='word_1_296' title='bbox 285 1246 340 1282; x_wconf 80' lang='lat'><strong>(38)</strong></span> <span class='ocrx_word' id='word_1_297' title='bbox 354 1246 400 1274; x_wconf 86' lang='lat' dir='ltr'><strong>sed</strong></span> <span class='ocrx_word' id='word_1_298' title='bbox 416 1247 442 1274; x_wconf 91' lang='lat' dir='ltr'><strong>in</strong></span> <span class='ocrx_word' id='word_1_299' title='bbox 455 1254 513 1274; x_wconf 85' lang='lat' dir='ltr'><strong>eam</strong></span> <span class='ocrx_word' id='word_1_300' title='bbox 531 1252 620 1274; x_wconf 83' lang='lat' dir='ltr'><strong>tamen</strong></span> <span class='ocrx_word' id='word_1_301' title='bbox 636 1247 722 1282; x_wconf 80' lang='lat' dir='ltr'><strong>magis</strong></span> <span class='ocrx_word' id='word_1_302' title='bbox 732 1247 901 1282; x_wconf 85' lang='lat' dir='ltr'><strong>propendere</strong></span> <span class='ocrx_word' id='word_1_303' title='bbox 915 1246 988 1274; x_wconf 84' lang='lat' dir='ltr'><strong>visus</strong></span> 
     </span>
    </p>
   </div>
   <div class='ocr_carea' id='block_1_40' title="bbox 201 1291 989 1327">
    <p class='ocr_par' dir='ltr' id='par_1_40' title="bbox 201 1291 989 1327">
     <span class='ocr_line' id='line_1_40' title="bbox 201 1291 989 1327; baseline 0.004 -10"><span class='ocrx_word' id='word_1_304' title='bbox 201 1294 254 1323; x_wconf 82' lang='lat' dir='ltr'><strong>est,</strong></span> <span class='ocrx_word' id='word_1_305' title='bbox 273 1298 332 1325; x_wconf 71' lang='lat' dir='ltr'><strong>quae</strong></span> <span class='ocrx_word' id='word_1_306' title='bbox 355 1291 453 1325; x_wconf 65' lang='lat' dir='ltr'><strong>anima:</strong></span> <span class='ocrx_word' id='word_1_307' title='bbox 472 1299 571 1327; x_wconf 87' lang='lat' dir='ltr'><strong>corpus</strong></span> <span class='ocrx_word' id='word_1_308' title='bbox 593 1292 716 1320; x_wconf 86' lang='lat' dir='ltr'><strong>ascribit.</strong></span> <span class='ocrx_word' id='word_1_309' title='bbox 740 1292 821 1320; x_wconf 86' lang='lat' dir='ltr'><strong>Certe</strong></span> <span class='ocrx_word' id='word_1_310' title='bbox 835 1292 989 1327; x_wconf 84' lang='lat' dir='ltr'><strong>Stephanus</strong></span> 
     </span>
    </p>
   </div>
   <div class='ocr_carea' id='block_1_41' title="bbox 202 1336 988 1373">
    <p class='ocr_par' dir='ltr' id='par_1_41' title="bbox 202 1336 988 1373">
     <span class='ocr_line' id='line_1_41' title="bbox 202 1336 988 1373; baseline 0 -9"><span class='ocrx_word' id='word_1_311' title='bbox 202 1336 326 1364; x_wconf 82' lang='lat' dir='ltr'><strong>Gobarns</strong></span> <span class='ocrx_word' id='word_1_312' title='bbox 353 1336 486 1365; x_wconf 87' lang='lat' dir='ltr'><strong>’l‘ritheita</strong></span> <span class='ocrx_word' id='word_1_313' title='bbox 512 1338 583 1373; x_wconf 90' lang='lat' dir='ltr'><strong>apud</strong></span> <span class='ocrx_word' id='word_1_314' title='bbox 616 1338 741 1366; x_wconf 80' lang='lat' dir='ltr'><strong>Pliotium</strong></span> <span class='ocrx_word' id='word_1_315' title='bbox 781 1338 842 1366; x_wconf 89' lang='lat' dir='ltr'><strong>cod.</strong></span> <span class='ocrx_word' id='word_1_316' title='bbox 868 1346 988 1370; x_wconf 79' lang='lat' dir='ltr'><strong>ccum,</strong></span> 
     </span>
    </p>
   </div>
   <div class='ocr_carea' id='block_1_42' title="bbox 202 1381 990 1418">
    <p class='ocr_par' dir='ltr' id='par_1_42' title="bbox 202 1381 990 1418">
     <span class='ocr_line' id='line_1_42' title="bbox 202 1381 990 1418; baseline 0.003 -10"><span class='ocrx_word' id='word_1_317' title='bbox 202 1382 327 1416; x_wconf 78' lang='lat' dir='ltr'><strong>dogmata</strong></span> <span class='ocrx_word' id='word_1_318' title='bbox 344 1381 483 1417; x_wconf 83' lang='lat' dir='ltr'><strong>pleraque,</strong></span> <span class='ocrx_word' id='word_1_319' title='bbox 502 1383 549 1410; x_wconf 90' lang='lat' dir='ltr'><strong>sed</strong></span> <span class='ocrx_word' id='word_1_320' title='bbox 564 1382 622 1410; x_wconf 74' lang='lat' dir='ltr'><strong>fere</strong></span> <span class='ocrx_word' id='word_1_321' title='bbox 640 1386 730 1411; x_wconf 89' lang='lat' dir='ltr'><strong>tamen</strong></span> <span class='ocrx_word' id='word_1_322' title='bbox 746 1383 907 1418; x_wconf 78' lang='lat' dir='ltr'><strong>Origeniana</strong></span> <span class='ocrx_word' id='word_1_323' title='bbox 926 1390 990 1418; x_wconf 93' lang='lat' dir='ltr'><strong>pro-</strong></span> 
     </span>
    </p>
   </div>
   <div class='ocr_carea' id='block_1_43' title="bbox 202 1427 989 1463">
    <p class='ocr_par' dir='ltr' id='par_1_43' title="bbox 202 1427 989 1463">
     <span class='ocr_line' id='line_1_43' title="bbox 202 1427 989 1463; baseline 0.003 -10"><span class='ocrx_word' id='word_1_324' title='bbox 202 1434 325 1461; x_wconf 77' lang='lat' dir='ltr'><strong>pugnans</strong></span> <span class='ocrx_word' id='word_1_325' title='bbox 336 1432 364 1454; x_wconf 88' lang='lat' dir='ltr'><strong>et</strong></span> <span class='ocrx_word' id='word_1_326' title='bbox 380 1427 552 1462; x_wconf 85' lang='lat' dir='ltr'><strong>impugnans,</strong></span> <span class='ocrx_word' id='word_1_327' title='bbox 579 1428 717 1456; x_wconf 87' lang='lat' dir='ltr'><strong>tricesimo</strong></span> <span class='ocrx_word' id='word_1_328' title='bbox 731 1428 791 1457; x_wconf 92' lang='lat' dir='ltr'><strong>loco</strong></span> <span class='ocrx_word' id='word_1_329' title='bbox 807 1428 872 1455; x_wconf 92' lang='lat' dir='ltr'><strong>illud</strong></span> <span class='ocrx_word' id='word_1_330' title='bbox 888 1436 989 1463; x_wconf 80' lang='lat' dir='ltr'><strong>expen-</strong></span> 
     </span>
    </p>
   </div>
   <div class='ocr_carea' id='block_1_44' title="bbox 202 1472 987 1510">
    <p class='ocr_par' dir='ltr' id='par_1_44' title="bbox 202 1472 987 1510">
     <span class='ocr_line' id='line_1_44' title="bbox 202 1472 987 1510; baseline 0.003 -11"><span class='ocrx_word' id='word_1_331' title='bbox 202 1472 258 1500; x_wconf 86' lang='lat' dir='ltr'><strong>dit:</strong></span> <span class='ocrx_word' id='word_1_332' title='bbox 270 1473 331 1500; x_wconf 77' lang='grc' dir='ltr'><strong>Ὅτι</strong></span> <span class='ocrx_word' id='word_1_333' title='bbox 340 1473 455 1509; x_wconf 79' lang='grc' dir='ltr'><strong>σώματά</strong></span> <span class='ocrx_word' id='word_1_334' title='bbox 471 1475 525 1501; x_wconf 75' lang='grc' dir='ltr'>εἱσι</span> <span class='ocrx_word' id='word_1_335' title='bbox 537 1474 617 1509; x_wconf 84' lang='grc' dir='ltr'>νοερὰ</span> <span class='ocrx_word' id='word_1_336' title='bbox 627 1476 654 1502; x_wconf 74' lang='grc' dir='ltr'>αἱ</span> <span class='ocrx_word' id='word_1_337' title='bbox 666 1474 718 1501; x_wconf 82' lang='grc' dir='ltr'>τῶν</span> <span class='ocrx_word' id='word_1_338' title='bbox 731 1474 881 1510; x_wconf 68' lang='grc' dir='ltr'>ἀνθρώπων</span> <span class='ocrx_word' id='word_1_339' title='bbox 892 1474 987 1510; x_wconf 79' lang='grc' dir='ltr'>ψυχαὶ,</span> 
     </span>
    </p>
   </div>
   <div class='ocr_carea' id='block_1_45' title="bbox 202 1518 987 1554">
    <p class='ocr_par' dir='ltr' id='par_1_45' title="bbox 202 1518 987 1554">
     <span class='ocr_line' id='line_1_45' title="bbox 202 1518 987 1554; baseline 0.003 -10"><span class='ocrx_word' id='word_1_340' title='bbox 202 1518 249 1545; x_wconf 65' lang='grc' dir='ltr'><strong>καὶ</strong></span> <span class='ocrx_word' id='word_1_341' title='bbox 264 1518 496 1554; x_wconf 78' lang='grc' dir='ltr'>διατετυπωμέναι</span> <span class='ocrx_word' id='word_1_342' title='bbox 510 1518 581 1546; x_wconf 80' lang='grc' dir='ltr'>κατὰ</span> <span class='ocrx_word' id='word_1_343' title='bbox 602 1519 632 1546; x_wconf 78' lang='grc' dir='ltr'><strong>τὸ</strong></span> <span class='ocrx_word' id='word_1_344' title='bbox 649 1519 808 1554; x_wconf 81' lang='grc' dir='ltr'>φαινόμενον</span> <span class='ocrx_word' id='word_1_345' title='bbox 828 1519 926 1552; x_wconf 79' lang='grc' dir='ltr'>ἔξωθεν</span> <span class='ocrx_word' id='word_1_346' title='bbox 939 1519 987 1546; x_wconf 69' lang='grc' dir='ltr'><strong>τοῦ</strong></span> 
     </span>
    </p>
   </div>
   <div class='ocr_carea' id='block_1_46' title="bbox 202 1564 988 1601">
    <p class='ocr_par' dir='ltr' id='par_1_46' title="bbox 202 1564 988 1601">
     <span class='ocr_line' id='line_1_46' title="bbox 202 1564 988 1601; baseline 0.001 -10"><span class='ocrx_word' id='word_1_347' title='bbox 202 1564 326 1600; x_wconf 72' lang='grc' dir='ltr'><strong>σώματος</strong></span> <span class='ocrx_word' id='word_1_348' title='bbox 342 1565 452 1601; x_wconf 70' lang='grc' dir='ltr'><strong>σχῆμαυ</strong></span> <span class='ocrx_word' id='word_1_349' title='bbox 478 1565 526 1592; x_wconf 78' lang='grc' dir='ltr'>καὶ</span> <span class='ocrx_word' id='word_1_350' title='bbox 550 1566 582 1592; x_wconf 80' lang='grc' dir='ltr'><strong>ἐκ</strong></span> <span class='ocrx_word' id='word_1_351' title='bbox 595 1565 643 1592; x_wconf 80' lang='grc' dir='ltr'><strong>τοῦ</strong></span> <span class='ocrx_word' id='word_1_352' title='bbox 661 1566 848 1601; x_wconf 81' lang='grc' dir='ltr'>ἀντικειμένου</span> <span class='ocrx_word' id='word_1_353' title='bbox 864 1566 904 1592; x_wconf 82' lang='grc' dir='ltr'><strong>ὅτι</strong></span> <span class='ocrx_word' id='word_1_354' title='bbox 916 1565 988 1592; x_wconf 75' lang='grc' dir='ltr'><strong>ἀσώσ-</strong></span> 
     </span>
    </p>
   </div>
   <div class='ocr_carea' id='block_1_47' title="bbox 203 1611 987 1648">
    <p class='ocr_par' dir='ltr' id='par_1_47' title="bbox 203 1611 987 1648">
     <span class='ocr_line' id='line_1_47' title="bbox 203 1611 987 1648; baseline 0 -10"><span class='ocrx_word' id='word_1_355' title='bbox 203 1611 286 1646; x_wconf 79' lang='grc' dir='ltr'>ματός</span> <span class='ocrx_word' id='word_1_356' title='bbox 299 1612 373 1639; x_wconf 78' lang='grc' dir='ltr'>ἐστιν</span> <span class='ocrx_word' id='word_1_357' title='bbox 388 1613 404 1647; x_wconf 85' lang='grc' dir='ltr'>ὴ</span> <span class='ocrx_word' id='word_1_358' title='bbox 427 1612 510 1648; x_wconf 78' lang='grc' dir='ltr'>ψυχὴ,</span> <span class='ocrx_word' id='word_1_359' title='bbox 527 1612 572 1638; x_wconf 81' lang='grc' dir='ltr'><strong>καὶ</strong></span> <span class='ocrx_word' id='word_1_360' title='bbox 586 1613 752 1648; x_wconf 80' lang='grc' dir='ltr'><strong>σωματικοῖς</strong></span> <span class='ocrx_word' id='word_1_361' title='bbox 773 1612 823 1647; x_wconf 82' lang='grc' dir='ltr'><strong>οὐχ</strong></span> <span class='ocrx_word' id='word_1_362' title='bbox 845 1612 987 1638; x_wconf 80' lang='grc' dir='ltr'>ὑπόκειται</span> 
     </span>
    </p>
   </div>
   <div class='ocr_carea' id='block_1_48' title="bbox 199 1657 988 1693">
    <p class='ocr_par' dir='ltr' id='par_1_48' title="bbox 199 1657 988 1693">
     <span class='ocr_line' id='line_1_48' title="bbox 199 1657 988 1693; baseline 0.001 -9"><span class='ocrx_word' id='word_1_363' title='bbox 199 1657 305 1689; x_wconf 79' lang='grc' dir='ltr'><strong>τύποις.</strong></span> <span class='ocrx_word' id='word_1_364' title='bbox 325 1667 334 1683; x_wconf 76' lang='grc' dir='ltr'><strong>ι</strong></span> <span class='ocrx_word' id='word_1_365' title='bbox 353 1658 458 1685; x_wconf 68' lang='lat' dir='ltr'><strong>Animae</strong></span> <span class='ocrx_word' id='word_1_366' title='bbox 474 1659 614 1685; x_wconf 86' lang='lat' dir='ltr'><strong>hominum</strong></span> <span class='ocrx_word' id='word_1_367' title='bbox 630 1663 694 1685; x_wconf 88' lang='lat' dir='ltr'><strong>sunt</strong></span> <span class='ocrx_word' id='word_1_368' title='bbox 708 1665 822 1692; x_wconf 86' lang='lat' dir='ltr'><strong>corpora</strong></span> <span class='ocrx_word' id='word_1_369' title='bbox 836 1657 988 1693; x_wconf 86' lang='lat' dir='ltr'><strong>iutelligibi-</strong></span> 
     </span>
    </p>
   </div>
   <div class='ocr_carea' id='block_1_49' title="bbox 201 1703 988 1740">
    <p class='ocr_par' dir='ltr' id='par_1_49' title="bbox 201 1703 988 1740">
     <span class='ocr_line' id='line_1_49' title="bbox 201 1703 988 1740; baseline 0.001 -10"><span class='ocrx_word' id='word_1_370' title='bbox 201 1703 247 1736; x_wconf 86' lang='lat' dir='ltr'><strong>lia,</strong></span> <span class='ocrx_word' id='word_1_371' title='bbox 262 1708 289 1731; x_wconf 92' lang='lat' dir='ltr'><strong>et</strong></span> <span class='ocrx_word' id='word_1_372' title='bbox 300 1704 394 1731; x_wconf 83' lang='lat' dir='ltr'><strong>eadem</strong></span> <span class='ocrx_word' id='word_1_373' title='bbox 419 1703 507 1739; x_wconf 79' lang='lat' dir='ltr'><strong>ﬁgura</strong></span> <span class='ocrx_word' id='word_1_374' title='bbox 529 1709 594 1732; x_wconf 84' lang='lat' dir='ltr'><strong>sunt</strong></span> <span class='ocrx_word' id='word_1_375' title='bbox 609 1712 660 1740; x_wconf 86' lang='lat' dir='ltr'><strong>qua</strong></span> <span class='ocrx_word' id='word_1_376' title='bbox 678 1704 765 1731; x_wconf 80' lang='lat' dir='ltr'><strong>forma</strong></span> <span class='ocrx_word' id='word_1_377' title='bbox 790 1704 910 1731; x_wconf 80' lang='lat' dir='ltr'><strong>exterior</strong></span> <span class='ocrx_word' id='word_1_378' title='bbox 927 1711 988 1732; x_wconf 92' lang='lat' dir='ltr'><strong>cor-</strong></span> 
     </span>
    </p>
   </div>
   <div class='ocr_carea' id='block_1_50' title="bbox 200 1750 988 1786">
    <p class='ocr_par' dir='ltr' id='par_1_50' title="bbox 200 1750 988 1786">
     <span class='ocr_line' id='line_1_50' title="bbox 200 1750 988 1786; baseline 0.003 -9"><span class='ocrx_word' id='word_1_379' title='bbox 200 1750 292 1784; x_wconf 88' lang='lat' dir='ltr'><strong>poris;</strong></span> <span class='ocrx_word' id='word_1_380' title='bbox 312 1754 340 1777; x_wconf 91' lang='lat' dir='ltr'><strong>et</strong></span> <span class='ocrx_word' id='word_1_381' title='bbox 363 1757 379 1778; x_wconf 89' lang='lat' dir='ltr'><strong>e</strong></span> <span class='ocrx_word' id='word_1_382' title='bbox 399 1751 555 1785; x_wconf 89' lang='lat' dir='ltr'><strong>contrario,</strong></span> <span class='ocrx_word' id='word_1_383' title='bbox 586 1751 748 1786; x_wconf 88' lang='lat' dir='ltr'><strong>incorporea</strong></span> <span class='ocrx_word' id='word_1_384' title='bbox 771 1754 814 1778; x_wconf 83' lang='lat' dir='ltr'><strong>est</strong></span> <span class='ocrx_word' id='word_1_385' title='bbox 835 1751 936 1783; x_wconf 88' lang='lat' dir='ltr'><strong>anima,</strong></span> <span class='ocrx_word' id='word_1_386' title='bbox 960 1756 988 1779; x_wconf 87' lang='lat' dir='ltr'><strong>et</strong></span> 
     </span>
    </p>
   </div>
   <div class='ocr_carea' id='block_1_51' title="bbox 200 1796 748 1832">
    <p class='ocr_par' dir='ltr' id='par_1_51' title="bbox 200 1796 748 1832">
     <span class='ocr_line' id='line_1_51' title="bbox 200 1796 748 1832; baseline 0 -10"><span class='ocrx_word' id='word_1_387' title='bbox 200 1796 369 1831; x_wconf 83' lang='lat' dir='ltr'><strong>incorporeis</strong></span> <span class='ocrx_word' id='word_1_388' title='bbox 387 1803 441 1824; x_wconf 88' lang='lat' dir='ltr'><strong>non</strong></span> <span class='ocrx_word' id='word_1_389' title='bbox 457 1797 600 1832; x_wconf 75' lang='lat' dir='ltr'><strong>subiicitur</strong></span> <span class='ocrx_word' id='word_1_390' title='bbox 616 1797 718 1832; x_wconf 79' lang='lat' dir='ltr'><strong>liguris.</strong></span> <span class='ocrx_word' id='word_1_391' title='bbox 739 1805 748 1822; x_wconf 74' lang='grc' dir='ltr'><strong>ι</strong></span> 
     </span>
    </p>
   </div>
   <div class='ocr_carea' id='block_1_52' title="bbox 234 1841 987 1878">
    <p class='ocr_par' dir='ltr' id='par_1_52' title="bbox 234 1841 987 1878">
     <span class='ocr_line' id='line_1_52' title="bbox 234 1841 987 1878; baseline 0 -8"><span class='ocrx_word' id='word_1_392' title='bbox 234 1841 293 1870; x_wconf 72' lang='lat' dir='ltr'><strong>XV.</strong></span> <span class='ocrx_word' id='word_1_393' title='bbox 309 1842 394 1871; x_wconf 85' lang='lat' dir='ltr'><strong>Porro</strong></span> <span class='ocrx_word' id='word_1_394' title='bbox 410 1843 510 1870; x_wconf 86' lang='lat' dir='ltr'><strong>animis</strong></span> <span class='ocrx_word' id='word_1_395' title='bbox 521 1850 633 1878; x_wconf 89' lang='lat' dir='ltr'><strong>corpora</strong></span> <span class='ocrx_word' id='word_1_396' title='bbox 643 1843 774 1878; x_wconf 72' lang='lat' dir='ltr'><strong>allingens</strong></span> <span class='ocrx_word' id='word_1_397' title='bbox 790 1843 922 1878; x_wconf 79' lang='lat' dir='ltr'><strong>Origenes</strong></span> <span class='ocrx_word' id='word_1_398' title='bbox 936 1844 987 1871; x_wconf 89' lang='lat' dir='ltr'><strong>dn-</strong></span> 
     </span>
    </p>
   </div>
   <div class='ocr_carea' id='block_1_53' title="bbox 199 1888 988 1924">
    <p class='ocr_par' dir='ltr' id='par_1_53' title="bbox 199 1888 988 1924">
     <span class='ocr_line' id='line_1_53' title="bbox 199 1888 988 1924; baseline -0.003 -7"><span class='ocrx_word' id='word_1_399' title='bbox 199 1895 258 1917; x_wconf 85' lang='lat' dir='ltr'><strong>cem</strong></span> <span class='ocrx_word' id='word_1_400' title='bbox 269 1895 346 1916; x_wconf 88' lang='lat' dir='ltr'><strong>suum</strong></span> <span class='ocrx_word' id='word_1_401' title='bbox 358 1895 390 1916; x_wconf 90' lang='lat' dir='ltr'><strong>ac</strong></span> <span class='ocrx_word' id='word_1_402' title='bbox 402 1888 561 1916; x_wconf 88' lang='lat' dir='ltr'><strong>dictatorem</strong></span> <span class='ocrx_word' id='word_1_403' title='bbox 573 1888 713 1916; x_wconf 79' lang='lat' dir='ltr'><strong>Platonem</strong></span> <span class='ocrx_word' id='word_1_404' title='bbox 725 1888 855 1921; x_wconf 82' lang='lat' dir='ltr'><strong>deseruit,</strong></span> <span class='ocrx_word' id='word_1_405' title='bbox 867 1889 912 1924; x_wconf 92' lang='lat' dir='ltr'><strong>qui</strong></span> <span class='ocrx_word' id='word_1_406' title='bbox 927 1896 988 1915; x_wconf 88' lang='lat' dir='ltr'><strong>cor-</strong></span> 
     </span>
    </p>
   </div>
   <div class='ocr_carea' id='block_1_54' title="bbox 200 1936 986 1971">
    <p class='ocr_par' dir='ltr' id='par_1_54' title="bbox 200 1936 986 1971">
     <span class='ocr_line' id='line_1_54' title="bbox 200 1936 986 1971; baseline 0.001 -8"><span class='ocrx_word' id='word_1_407' title='bbox 200 1941 359 1971; x_wconf 90' lang='lat' dir='ltr'><strong>poraturam</strong></span> <span class='ocrx_word' id='word_1_408' title='bbox 390 1937 499 1964; x_wconf 83' lang='lat' dir='ltr'><strong>sustulit</strong></span> <span class='ocrx_word' id='word_1_409' title='bbox 524 1937 558 1964; x_wconf 87' lang='lat' dir='ltr'><strong>ab</strong></span> <span class='ocrx_word' id='word_1_410' title='bbox 574 1936 673 1964; x_wconf 89' lang='lat' dir='ltr'><strong>animis</strong></span> <span class='ocrx_word' id='word_1_411' title='bbox 687 1946 694 1964; x_wconf 90' lang='lat'>:</span> <span class='ocrx_word' id='word_1_412' title='bbox 710 1942 738 1964; x_wconf 86' lang='lat' dir='ltr'><strong>at</strong></span> <span class='ocrx_word' id='word_1_413' title='bbox 751 1937 818 1964; x_wconf 86' lang='lat' dir='ltr'><strong>alios</strong></span> <span class='ocrx_word' id='word_1_414' title='bbox 846 1942 939 1964; x_wconf 88' lang='lat' dir='ltr'><strong>tamen</strong></span> <span class='ocrx_word' id='word_1_415' title='bbox 952 1944 986 1964; x_wconf 83' lang='lat' dir='ltr'><strong>ex</strong></span> 
     </span>
    </p>
   </div>
   <div class='ocr_carea' id='block_1_55' title="bbox 199 1982 986 2018">
    <p class='ocr_par' dir='ltr' id='par_1_55' title="bbox 199 1982 986 2018">
     <span class='ocr_line' id='line_1_55' title="bbox 199 1982 986 2018; baseline 0.003 -10"><span class='ocrx_word' id='word_1_416' title='bbox 199 1982 320 2017; x_wconf 82' lang='lat' dir='ltr'><strong>antiquis</strong></span> <span class='ocrx_word' id='word_1_417' title='bbox 332 1983 515 2018; x_wconf 88' lang='lat' dir='ltr'><strong>philosophis,</strong></span> <span class='ocrx_word' id='word_1_418' title='bbox 531 1990 600 2017; x_wconf 83' lang='lat' dir='ltr'><strong>quos</strong></span> <span class='ocrx_word' id='word_1_419' title='bbox 614 1987 785 2018; x_wconf 89' lang='lat' dir='ltr'><strong>sequeretur,</strong></span> <span class='ocrx_word' id='word_1_420' title='bbox 803 1984 897 2010; x_wconf 87' lang='lat' dir='ltr'><strong>habuit</strong></span> <span class='ocrx_word' id='word_1_421' title='bbox 911 1990 986 2010; x_wconf 91' lang='lat' dir='ltr'><strong>com-</strong></span> 
     </span>
    </p>
   </div>
   <div class='ocr_carea' id='block_1_56' title="bbox 198 2028 986 2064">
    <p class='ocr_par' dir='ltr' id='par_1_56' title="bbox 198 2028 986 2064">
     <span class='ocr_line' id='line_1_56' title="bbox 198 2028 986 2064; baseline 0.001 -9"><span class='ocrx_word' id='word_1_422' title='bbox 198 2028 300 2064; x_wconf 84' lang='lat' dir='ltr'><strong>plures.</strong></span> <span class='ocrx_word' id='word_1_423' title='bbox 327 2029 428 2056; x_wconf 85' lang='lat' dir='ltr'><strong>llorum</strong></span> <span class='ocrx_word' id='word_1_424' title='bbox 458 2029 479 2056; x_wconf 85' lang='lat' dir='ltr'><strong>si</strong></span> <span class='ocrx_word' id='word_1_425' title='bbox 505 2029 565 2064; x_wconf 88' lang='lat' dir='ltr'><strong>quis</strong></span> <span class='ocrx_word' id='word_1_426' title='bbox 583 2029 681 2064; x_wconf 81' lang='lat' dir='ltr'><strong>placita</strong></span> <span class='ocrx_word' id='word_1_427' title='bbox 697 2030 731 2057; x_wconf 85' lang='lat' dir='ltr'><strong>de</strong></span> <span class='ocrx_word' id='word_1_428' title='bbox 742 2030 831 2056; x_wconf 85' lang='lat' dir='ltr'><strong>anima</strong></span> <span class='ocrx_word' id='word_1_429' title='bbox 845 2029 912 2056; x_wconf 88' lang='lat' dir='ltr'><strong>velit</strong></span> <span class='ocrx_word' id='word_1_430' title='bbox 937 2037 986 2057; x_wconf 90' lang='lat' dir='ltr'><strong>co-</strong></span> 
     </span>
    </p>
   </div>
   <div class='ocr_carea' id='block_1_57' title="bbox 198 2075 984 2110">
    <p class='ocr_par' dir='ltr' id='par_1_57' title="bbox 198 2075 984 2110">
     <span class='ocr_line' id='line_1_57' title="bbox 198 2075 984 2110; baseline 0.003 -8"><span class='ocrx_word' id='word_1_431' title='bbox 198 2083 342 2109; x_wconf 69' lang='lat' dir='ltr'><strong>gnoscere,</strong></span> <span class='ocrx_word' id='word_1_432' title='bbox 357 2075 428 2110; x_wconf 78' lang='lat' dir='ltr'><strong>legat</strong></span> <span class='ocrx_word' id='word_1_433' title='bbox 446 2075 607 2103; x_wconf 86' lang='lat' dir='ltr'><strong>Tertulliani</strong></span> <span class='ocrx_word' id='word_1_434' title='bbox 627 2076 726 2102; x_wconf 89' lang='lat' dir='ltr'><strong>librum</strong></span> <span class='ocrx_word' id='word_1_435' title='bbox 750 2075 789 2102; x_wconf 83' lang='lat' dir='ltr'><strong>De</strong></span> <span class='ocrx_word' id='word_1_436' title='bbox 809 2076 909 2108; x_wconf 80' lang='lat' dir='ltr'><strong>anima,</strong></span> <span class='ocrx_word' id='word_1_437' title='bbox 924 2083 984 2110; x_wconf 84' lang='lat' dir='ltr'><strong>cap.</strong></span> 
     </span>
    </p>
   </div>
   <div class='ocr_carea' id='block_1_58' title="bbox 197 2121 984 2154">
    <p class='ocr_par' dir='ltr' id='par_1_58' title="bbox 197 2121 984 2154">
     <span class='ocr_line' id='line_1_58' title="bbox 197 2121 984 2154; baseline 0.001 -6"><span class='ocrx_word' id='word_1_438' title='bbox 197 2121 225 2154; x_wconf 86' lang='lat'><strong>5,</strong></span> <span class='ocrx_word' id='word_1_439' title='bbox 239 2121 256 2148; x_wconf 87' lang='grc'><strong>6</strong></span> <span class='ocrx_word' id='word_1_440' title='bbox 271 2126 298 2149; x_wconf 82' lang='lat' dir='ltr'><strong>et</strong></span> <span class='ocrx_word' id='word_1_441' title='bbox 313 2122 340 2154; x_wconf 87' lang='lat'><strong>7,</strong></span> <span class='ocrx_word' id='word_1_442' title='bbox 355 2127 383 2149; x_wconf 91' lang='lat' dir='ltr'><strong>et</strong></span> <span class='ocrx_word' id='word_1_443' title='bbox 409 2121 561 2150; x_wconf 78' lang='lat' dir='ltr'><strong>Nemesium</strong></span> <span class='ocrx_word' id='word_1_444' title='bbox 588 2123 658 2150; x_wconf 91' lang='lat' dir='ltr'><strong>libro</strong></span> <span class='ocrx_word' id='word_1_445' title='bbox 674 2121 713 2149; x_wconf 86' lang='lat' dir='ltr'><strong>De</strong></span> <span class='ocrx_word' id='word_1_446' title='bbox 735 2127 831 2149; x_wconf 83' lang='lat' dir='ltr'><strong>natura</strong></span> <span class='ocrx_word' id='word_1_447' title='bbox 849 2122 961 2149; x_wconf 75' lang='lat' dir='ltr'><strong>hominis</strong></span> <span class='ocrx_word' id='word_1_448' title='bbox 976 2142 984 2154; x_wconf 88' lang='lat'><strong>,</strong></span> 
     </span>
    </p>
   </div>
   <div class='ocr_carea' id='block_1_59' title="bbox 198 2167 984 2202">
    <p class='ocr_par' dir='ltr' id='par_1_59' title="bbox 198 2167 984 2202">
     <span class='ocr_line' id='line_1_59' title="bbox 198 2167 984 2202; baseline -0.001 -8"><span class='ocrx_word' id='word_1_449' title='bbox 198 2175 259 2202; x_wconf 83' lang='lat' dir='ltr'><strong>cap.</strong></span> <span class='ocrx_word' id='word_1_450' title='bbox 273 2168 302 2201; x_wconf 71' lang='lat'><strong>‘2,</strong></span> <span class='ocrx_word' id='word_1_451' title='bbox 319 2172 346 2195; x_wconf 92' lang='lat' dir='ltr'><strong>et</strong></span> <span class='ocrx_word' id='word_1_452' title='bbox 359 2167 517 2195; x_wconf 81' lang='lat' dir='ltr'><strong>Ciceronem</strong></span> <span class='ocrx_word' id='word_1_453' title='bbox 537 2168 583 2195; x_wconf 90' lang='lat' dir='ltr'><strong>lib.</strong></span> <span class='ocrx_word' id='word_1_454' title='bbox 612 2175 638 2194; x_wconf 87' lang='lat' dir='ltr'><strong>tv</strong></span> <span class='ocrx_word' id='word_1_455' title='bbox 665 2167 815 2194; x_wconf 74' lang='lat' dir='ltr'><strong>Academia.</strong></span> <span class='ocrx_word' id='word_1_456' title='bbox 841 2167 876 2193; x_wconf 80' lang='lat' dir='ltr'><strong>At</strong></span> <span class='ocrx_word' id='word_1_457' title='bbox 897 2167 984 2195; x_wconf 85' lang='lat' dir='ltr'><strong>locum</strong></span> 
     </span>
    </p>
   </div>
   <div class='ocr_carea' id='block_1_60' title="bbox 1043 911 1836 959">
    <p class='ocr_par' dir='ltr' id='par_1_60' title="bbox 1043 911 1836 959">
     <span class='ocr_line' id='line_1_60' title="bbox 1043 911 1836 959; baseline 0.003 -15"><span class='ocrx_word' id='word_1_458' title='bbox 1043 911 1172 946; x_wconf 71' lang='lat' dir='ltr'><strong>adversus</strong></span> <span class='ocrx_word' id='word_1_459' title='bbox 1188 918 1359 946; x_wconf 88' lang='lat' dir='ltr'><strong>Vincentiutn</strong></span> <span class='ocrx_word' id='word_1_460' title='bbox 1373 918 1521 953; x_wconf 84' lang='lat' dir='ltr'><strong>Victorem,</strong></span> <span class='ocrx_word' id='word_1_461' title='bbox 1535 920 1836 959; x_wconf 80' lang='lat' dir='ltr'><strong>auimam_corpoream</strong></span> 
     </span>
    </p>
   </div>
   <div class='ocr_carea' id='block_1_61' title="bbox 1043 965 1835 1001">
    <p class='ocr_par' dir='ltr' id='par_1_61' title="bbox 1043 965 1835 1001">
     <span class='ocr_line' id='line_1_61' title="bbox 1043 965 1835 1001; baseline -0.003 -8"><span class='ocrx_word' id='word_1_462' title='bbox 1043 973 1103 993; x_wconf 89' lang='lat' dir='ltr'><strong>esse</strong></span> <span class='ocrx_word' id='word_1_463' title='bbox 1119 970 1281 994; x_wconf 84' lang='lat' dir='ltr'><strong>statuentem</strong></span> <span class='ocrx_word' id='word_1_464' title='bbox 1300 973 1365 993; x_wconf 86' lang='lat' dir='ltr'><strong>usus</strong></span> <span class='ocrx_word' id='word_1_465' title='bbox 1379 971 1422 993; x_wconf 87' lang='lat' dir='ltr'><strong>est</strong></span> <span class='ocrx_word' id='word_1_466' title='bbox 1436 965 1604 1001; x_wconf 69' lang='lat' dir='ltr'><strong>Augustinus</strong></span> <span class='ocrx_word' id='word_1_467' title='bbox 1623 965 1670 993; x_wconf 91' lang='lat' dir='ltr'><strong>lib.</strong></span> <span class='ocrx_word' id='word_1_468' title='bbox 1689 973 1698 992; x_wconf 92' lang='grc' dir='ltr'><strong>ι</strong></span> <span class='ocrx_word' id='word_1_469' title='bbox 1718 965 1760 993; x_wconf 73' lang='lat' dir='ltr'><strong>De</strong></span> <span class='ocrx_word' id='word_1_470' title='bbox 1778 965 1835 992; x_wconf 77' lang='lat' dir='ltr'><strong>atti-</strong></span> 
     </span>
    </p>
   </div>
   <div class='ocr_carea' id='block_1_62' title="bbox 1042 1011 1834 1047">
    <p class='ocr_par' dir='ltr' id='par_1_62' title="bbox 1042 1011 1834 1047">
     <span class='ocr_line' id='line_1_62' title="bbox 1042 1011 1834 1047; baseline 0.001 -8"><span class='ocrx_word' id='word_1_471' title='bbox 1042 1019 1096 1045; x_wconf 86' lang='lat' dir='ltr'><strong>ma,</strong></span> <span class='ocrx_word' id='word_1_472' title='bbox 1112 1019 1173 1047; x_wconf 87' lang='lat' dir='ltr'><strong>cap.</strong></span> <span class='ocrx_word' id='word_1_473' title='bbox 1185 1012 1202 1040; x_wconf 86' lang='lat'><strong>5</strong></span> <span class='ocrx_word' id='word_1_474' title='bbox 1219 1021 1225 1040; x_wconf 93' lang='lat'><strong>:</strong></span> <span class='ocrx_word' id='word_1_475' title='bbox 1250 1021 1259 1038; x_wconf 74' lang='grc' dir='ltr'><strong>ι</strong></span> <span class='ocrx_word' id='word_1_476' title='bbox 1273 1011 1348 1046; x_wconf 83' lang='lat' dir='ltr'><strong>Quod</strong></span> <span class='ocrx_word' id='word_1_477' title='bbox 1370 1020 1434 1040; x_wconf 85' lang='lat' dir='ltr'><strong>vero</strong></span> <span class='ocrx_word' id='word_1_478' title='bbox 1462 1020 1522 1040; x_wconf 67' lang='lat' dir='ltr'><strong>eam</strong></span> <span class='ocrx_word' id='word_1_479' title='bbox 1544 1020 1596 1040; x_wconf 91' lang='lat' dir='ltr'><strong>non</strong></span> <span class='ocrx_word' id='word_1_480' title='bbox 1614 1013 1757 1047; x_wconf 84' lang='lat' dir='ltr'><strong>spiritum,</strong></span> <span class='ocrx_word' id='word_1_481' title='bbox 1787 1013 1834 1040; x_wconf 83' lang='lat' dir='ltr'><strong>sed</strong></span> 
     </span>
    </p>
   </div>
   <div class='ocr_carea' id='block_1_63' title="bbox 1043 1057 1835 1093">
    <p class='ocr_par' dir='ltr' id='par_1_63' title="bbox 1043 1057 1835 1093">
     <span class='ocr_line' id='line_1_63' title="bbox 1043 1057 1835 1093; baseline 0 -9"><span class='ocrx_word' id='word_1_482' title='bbox 1043 1064 1142 1092; x_wconf 87' lang='lat' dir='ltr'><strong>corpus</strong></span> <span class='ocrx_word' id='word_1_483' title='bbox 1152 1065 1213 1085; x_wconf 82' lang='lat' dir='ltr'><strong>esse</strong></span> <span class='ocrx_word' id='word_1_484' title='bbox 1232 1058 1383 1089; x_wconf 81' lang='lat' dir='ltr'><strong>contendit,</strong></span> <span class='ocrx_word' id='word_1_485' title='bbox 1398 1058 1460 1092; x_wconf 90' lang='lat' dir='ltr'><strong>quid</strong></span> <span class='ocrx_word' id='word_1_486' title='bbox 1471 1057 1542 1085; x_wconf 84' lang='lat' dir='ltr'><strong>aliud</strong></span> <span class='ocrx_word' id='word_1_487' title='bbox 1552 1058 1608 1086; x_wconf 75' lang='lat' dir='ltr'><strong>vult</strong></span> <span class='ocrx_word' id='word_1_488' title='bbox 1618 1057 1741 1090; x_wconf 71' lang='lat' dir='ltr'><strong>edicere,</strong></span> <span class='ocrx_word' id='word_1_489' title='bbox 1753 1066 1835 1093; x_wconf 84' lang='lat' dir='ltr'><strong>quant</strong></span> 
     </span>
    </p>
   </div>
   <div class='ocr_carea' id='block_1_64' title="bbox 1043 1104 1834 1138">
    <p class='ocr_par' dir='ltr' id='par_1_64' title="bbox 1043 1104 1834 1138">
     <span class='ocr_line' id='line_1_64' title="bbox 1043 1104 1834 1138; baseline 0.003 -8"><span class='ocrx_word' id='word_1_490' title='bbox 1043 1111 1092 1131; x_wconf 87' lang='lat' dir='ltr'><strong>nos</strong></span> <span class='ocrx_word' id='word_1_491' title='bbox 1103 1111 1156 1131; x_wconf 92' lang='lat' dir='ltr'><strong>non</strong></span> <span class='ocrx_word' id='word_1_492' title='bbox 1173 1112 1207 1131; x_wconf 81' lang='lat' dir='ltr'><strong>ex</strong></span> <span class='ocrx_word' id='word_1_493' title='bbox 1223 1104 1313 1132; x_wconf 87' lang='lat' dir='ltr'><strong>anima</strong></span> <span class='ocrx_word' id='word_1_494' title='bbox 1340 1108 1367 1132; x_wconf 89' lang='lat' dir='ltr'><strong>et</strong></span> <span class='ocrx_word' id='word_1_495' title='bbox 1395 1111 1518 1138; x_wconf 87' lang='lat' dir='ltr'><strong>corpore,</strong></span> <span class='ocrx_word' id='word_1_496' title='bbox 1549 1105 1595 1132; x_wconf 81' lang='lat' dir='ltr'><strong>sed</strong></span> <span class='ocrx_word' id='word_1_497' title='bbox 1617 1112 1650 1132; x_wconf 73' lang='lat' dir='ltr'><strong>ex</strong></span> <span class='ocrx_word' id='word_1_498' title='bbox 1667 1105 1780 1132; x_wconf 83' lang='lat' dir='ltr'><strong>duobus</strong></span> <span class='ocrx_word' id='word_1_499' title='bbox 1793 1105 1834 1132; x_wconf 86' lang='lat' dir='ltr'><strong>rel</strong></span> 
     </span>
    </p>
   </div>
   <div class='ocr_carea' id='block_1_65' title="bbox 1042 1149 1836 1186">
    <p class='ocr_par' dir='ltr' id='par_1_65' title="bbox 1042 1149 1836 1186">
     <span class='ocr_line' id='line_1_65' title="bbox 1042 1149 1836 1186; baseline 0.003 -10"><span class='ocrx_word' id='word_1_500' title='bbox 1042 1149 1124 1177; x_wconf 84' lang='lat' dir='ltr'><strong>etiam</strong></span> <span class='ocrx_word' id='word_1_501' title='bbox 1142 1150 1230 1178; x_wconf 92' lang='lat' dir='ltr'><strong>tribus</strong></span> <span class='ocrx_word' id='word_1_502' title='bbox 1244 1155 1371 1178; x_wconf 80' lang='lat' dir='ltr'><strong>constare</strong></span> <span class='ocrx_word' id='word_1_503' title='bbox 1393 1151 1553 1186; x_wconf 85' lang='lat' dir='ltr'><strong>corporibus</strong></span> <span class='ocrx_word' id='word_1_504' title='bbox 1564 1151 1577 1178; x_wconf 70' lang='grc' dir='ltr'><strong><em>τ</em></strong></span> <span class='ocrx_word' id='word_1_505' title='bbox 1594 1152 1662 1178; x_wconf 81' lang='lat' dir='ltr'><strong>Cum</strong></span> <span class='ocrx_word' id='word_1_506' title='bbox 1687 1151 1765 1178; x_wconf 89' lang='lat' dir='ltr'><strong>enim</strong></span> <span class='ocrx_word' id='word_1_507' title='bbox 1783 1152 1836 1186; x_wconf 88' lang='lat' dir='ltr'><strong>spi-</strong></span> 
     </span>
    </p>
   </div>
   <div class='ocr_carea' id='block_1_66' title="bbox 1043 1194 1836 1230">
    <p class='ocr_par' dir='ltr' id='par_1_66' title="bbox 1043 1194 1836 1230">
     <span class='ocr_line' id='line_1_66' title="bbox 1043 1194 1836 1230; baseline 0.003 -9"><span class='ocrx_word' id='word_1_508' title='bbox 1043 1194 1107 1228; x_wconf 84' lang='lat' dir='ltr'><strong>ritu,</strong></span> <span class='ocrx_word' id='word_1_509' title='bbox 1124 1196 1214 1222; x_wconf 85' lang='lat' dir='ltr'><strong>anima</strong></span> <span class='ocrx_word' id='word_1_510' title='bbox 1228 1199 1255 1222; x_wconf 88' lang='lat' dir='ltr'><strong>et</strong></span> <span class='ocrx_word' id='word_1_511' title='bbox 1268 1202 1382 1230; x_wconf 86' lang='lat' dir='ltr'><strong>corpore</strong></span> <span class='ocrx_word' id='word_1_512' title='bbox 1397 1197 1524 1224; x_wconf 80' lang='lat' dir='ltr'><strong>c’onstare</strong></span> <span class='ocrx_word' id='word_1_513' title='bbox 1537 1203 1585 1223; x_wconf 89' lang='lat' dir='ltr'><strong>nos</strong></span> <span class='ocrx_word' id='word_1_514' title='bbox 1609 1196 1686 1229; x_wconf 89' lang='lat' dir='ltr'><strong>dicit,</strong></span> <span class='ocrx_word' id='word_1_515' title='bbox 1698 1201 1728 1223; x_wconf 86' lang='lat' dir='ltr'><strong>et</strong></span> <span class='ocrx_word' id='word_1_516' title='bbox 1743 1196 1836 1224; x_wconf 85' lang='lat' dir='ltr'><strong>omnia</strong></span> 
     </span>
    </p>
   </div>
   <div class='ocr_carea' id='block_1_67' title="bbox 1042 1240 1838 1278">
    <p class='ocr_par' dir='ltr' id='par_1_67' title="bbox 1042 1240 1838 1278">
     <span class='ocr_line' id='line_1_67' title="bbox 1042 1240 1838 1278; baseline 0.004 -11"><span class='ocrx_word' id='word_1_517' title='bbox 1042 1240 1101 1268; x_wconf 66' lang='lat' dir='ltr'><strong>ham</strong></span> <span class='ocrx_word' id='word_1_518' title='bbox 1116 1241 1167 1268; x_wconf 89' lang='lat' dir='ltr'><strong>tria</strong></span> <span class='ocrx_word' id='word_1_519' title='bbox 1190 1249 1304 1276; x_wconf 90' lang='lat' dir='ltr'><strong>corpora</strong></span> <span class='ocrx_word' id='word_1_520' title='bbox 1332 1248 1392 1269; x_wconf 82' lang='lat' dir='ltr'><strong>esse</strong></span> <span class='ocrx_word' id='word_1_521' title='bbox 1408 1242 1516 1274; x_wconf 79' lang='lat' dir='ltr'><strong>asserit,</strong></span> <span class='ocrx_word' id='word_1_522' title='bbox 1535 1242 1658 1278; x_wconf 79' lang='lat' dir='ltr'><strong>profecto</strong></span> <span class='ocrx_word' id='word_1_523' title='bbox 1684 1250 1720 1270; x_wconf 78' lang='lat' dir='ltr'><strong>ex</strong></span> <span class='ocrx_word' id='word_1_524' title='bbox 1746 1243 1838 1270; x_wconf 80' lang='lat' dir='ltr'><strong>tribus</strong></span> 
     </span>
    </p>
   </div>
   <div class='ocr_carea' id='block_1_68' title="bbox 1042 1286 1837 1324">
    <p class='ocr_par' dir='ltr' id='par_1_68' title="bbox 1042 1286 1837 1324">
     <span class='ocr_line' id='line_1_68' title="bbox 1042 1286 1837 1324; baseline 0.001 -10"><span class='ocrx_word' id='word_1_525' title='bbox 1042 1286 1203 1322; x_wconf 83' lang='lat' dir='ltr'><strong>corporibus</strong></span> <span class='ocrx_word' id='word_1_526' title='bbox 1227 1295 1279 1315; x_wconf 86' lang='lat' dir='ltr'><strong>nos</strong></span> <span class='ocrx_word' id='word_1_527' title='bbox 1296 1292 1374 1323; x_wconf 85' lang='lat' dir='ltr'><strong>putat</strong></span> <span class='ocrx_word' id='word_1_528' title='bbox 1395 1295 1457 1315; x_wconf 81' lang='lat' dir='ltr'><strong>esse</strong></span> <span class='ocrx_word' id='word_1_529' title='bbox 1475 1293 1641 1324; x_wconf 85' lang='lat' dir='ltr'><strong>compactos.</strong></span> <span class='ocrx_word' id='word_1_530' title='bbox 1661 1289 1690 1316; x_wconf 85' lang='lat' dir='ltr'><strong>ln</strong></span> <span class='ocrx_word' id='word_1_531' title='bbox 1706 1296 1761 1323; x_wconf 92' lang='lat' dir='ltr'><strong>qua</strong></span> <span class='ocrx_word' id='word_1_532' title='bbox 1778 1289 1837 1323; x_wconf 87' lang='lat' dir='ltr'><strong>opi-</strong></span> 
     </span>
    </p>
   </div>
   <div class='ocr_carea' id='block_1_69' title="bbox 1042 1332 1836 1370">
    <p class='ocr_par' dir='ltr' id='par_1_69' title="bbox 1042 1332 1836 1370">
     <span class='ocr_line' id='line_1_69' title="bbox 1042 1332 1836 1370; baseline 0.004 -11"><span class='ocrx_word' id='word_1_533' title='bbox 1042 1332 1123 1360; x_wconf 87' lang='lat' dir='ltr'><strong>nione</strong></span> <span class='ocrx_word' id='word_1_534' title='bbox 1140 1337 1241 1367; x_wconf 86' lang='lat' dir='ltr'><strong>quanta</strong></span> <span class='ocrx_word' id='word_1_535' title='bbox 1256 1340 1319 1360; x_wconf 89' lang='lat' dir='ltr'><strong>eum</strong></span> <span class='ocrx_word' id='word_1_536' title='bbox 1333 1338 1461 1368; x_wconf 82' lang='lat' dir='ltr'><strong>sequatur</strong></span> <span class='ocrx_word' id='word_1_537' title='bbox 1482 1334 1649 1366; x_wconf 85' lang='lat' dir='ltr'><strong>absurditas,</strong></span> <span class='ocrx_word' id='word_1_538' title='bbox 1679 1334 1718 1361; x_wconf 88' lang='lat' dir='ltr'><strong>illi</strong></span> <span class='ocrx_word' id='word_1_539' title='bbox 1742 1335 1836 1370; x_wconf 74' lang='lat' dir='ltr'><strong>potius</strong></span> 
     </span>
    </p>
   </div>
   <div class='ocr_carea' id='block_1_70' title="bbox 1041 1378 1837 1415">
    <p class='ocr_par' dir='ltr' id='par_1_70' title="bbox 1041 1378 1837 1415">
     <span class='ocr_line' id='line_1_70' title="bbox 1041 1378 1837 1415; baseline 0.004 -10"><span class='ocrx_word' id='word_1_540' title='bbox 1041 1386 1121 1414; x_wconf 90' lang='lat' dir='ltr'><strong>quam</strong></span> <span class='ocrx_word' id='word_1_541' title='bbox 1139 1378 1186 1407; x_wconf 89' lang='lat' dir='ltr'><strong>tibi</strong></span> <span class='ocrx_word' id='word_1_542' title='bbox 1201 1379 1442 1407; x_wconf 86' lang='lat' dir='ltr'><strong>demonstrandum</strong></span> <span class='ocrx_word' id='word_1_543' title='bbox 1457 1379 1548 1414; x_wconf 91' lang='lat' dir='ltr'><strong>puto.)</strong></span> <span class='ocrx_word' id='word_1_544' title='bbox 1569 1388 1580 1406; x_wconf 79' lang='grc' dir='ltr'><strong>ι</strong></span> <span class='ocrx_word' id='word_1_545' title='bbox 1599 1379 1666 1407; x_wconf 86' lang='lat' dir='ltr'><strong>Cum</strong></span> <span class='ocrx_word' id='word_1_546' title='bbox 1679 1387 1749 1415; x_wconf 86' lang='lat' dir='ltr'><strong>ergo</strong></span> <span class='ocrx_word' id='word_1_547' title='bbox 1777 1381 1837 1408; x_wconf 89' lang='lat' dir='ltr'><strong>ani-</strong></span> 
     </span>
    </p>
   </div>
   <div class='ocr_carea' id='block_1_71' title="bbox 1042 1426 1835 1462">
    <p class='ocr_par' dir='ltr' id='par_1_71' title="bbox 1042 1426 1835 1462">
     <span class='ocr_line' id='line_1_71' title="bbox 1042 1426 1835 1462; baseline 0.003 -9"><span class='ocrx_word' id='word_1_548' title='bbox 1042 1435 1093 1454; x_wconf 66' lang='lat' dir='ltr'><strong>mre</strong></span> <span class='ocrx_word' id='word_1_549' title='bbox 1106 1433 1206 1461; x_wconf 81' lang='lat' dir='ltr'><strong>corpus</strong></span> <span class='ocrx_word' id='word_1_550' title='bbox 1220 1426 1398 1454; x_wconf 88' lang='lat' dir='ltr'><strong>adventitium</strong></span> <span class='ocrx_word' id='word_1_551' title='bbox 1413 1427 1607 1462; x_wconf 84' lang='lat' dir='ltr'><strong>superadderet</strong></span> <span class='ocrx_word' id='word_1_552' title='bbox 1625 1427 1774 1462; x_wconf 75' lang='lat' dir='ltr'><strong>Origenes,</strong></span> <span class='ocrx_word' id='word_1_553' title='bbox 1792 1429 1835 1456; x_wconf 79' lang='lat' dir='ltr'><strong>in—</strong></span> 
     </span>
    </p>
   </div>
   <div class='ocr_carea' id='block_1_72' title="bbox 1042 1473 1835 1509">
    <p class='ocr_par' dir='ltr' id='par_1_72' title="bbox 1042 1473 1835 1509">
     <span class='ocr_line' id='line_1_72' title="bbox 1042 1473 1835 1509; baseline 0.004 -9"><span class='ocrx_word' id='word_1_554' title='bbox 1042 1481 1201 1508; x_wconf 83' lang='lat' dir='ltr'><strong>corporeum</strong></span> <span class='ocrx_word' id='word_1_555' title='bbox 1219 1474 1252 1501; x_wconf 89' lang='lat' dir='ltr'><strong>ab</strong></span> <span class='ocrx_word' id='word_1_556' title='bbox 1264 1481 1297 1501; x_wconf 88' lang='lat' dir='ltr'><strong>eo</strong></span> <span class='ocrx_word' id='word_1_557' title='bbox 1316 1473 1402 1509; x_wconf 84' lang='lat' dir='ltr'><strong>ipsam</strong></span> <span class='ocrx_word' id='word_1_558' title='bbox 1420 1475 1577 1502; x_wconf 83' lang='lat' dir='ltr'><strong>necessario</strong></span> <span class='ocrx_word' id='word_1_559' title='bbox 1607 1474 1701 1502; x_wconf 87' lang='lat' dir='ltr'><strong>haberi</strong></span> <span class='ocrx_word' id='word_1_560' title='bbox 1725 1474 1835 1503; x_wconf 69' lang='lat' dir='ltr'><strong>Metho-</strong></span> 
     </span>
    </p>
   </div>
   <div class='ocr_carea' id='block_1_73' title="bbox 1042 1519 1834 1556">
    <p class='ocr_par' dir='ltr' id='par_1_73' title="bbox 1042 1519 1834 1556">
     <span class='ocr_line' id='line_1_73' title="bbox 1042 1519 1834 1556; baseline 0.001 -8"><span class='ocrx_word' id='word_1_561' title='bbox 1042 1521 1102 1548; x_wconf 89' lang='lat' dir='ltr'><strong>dius</strong></span> <span class='ocrx_word' id='word_1_562' title='bbox 1112 1520 1255 1548; x_wconf 81' lang='lat' dir='ltr'><strong>conclusit.</strong></span> <span class='ocrx_word' id='word_1_563' title='bbox 1267 1519 1529 1556; x_wconf 78' lang='lat' dir='ltr'><strong>Pergitdeiude:$i</strong></span> <span class='ocrx_word' id='word_1_564' title='bbox 1554 1521 1715 1556; x_wconf 85' lang='lat' dir='ltr'><strong>incorporea</strong></span> <span class='ocrx_word' id='word_1_565' title='bbox 1741 1523 1834 1549; x_wconf 69' lang='lat' dir='ltr'><strong>animo</strong></span> 
     </span>
    </p>
   </div>
   <div class='ocr_carea' id='block_1_74' title="bbox 1041 1565 1835 1603">
    <p class='ocr_par' dir='ltr' id='par_1_74' title="bbox 1041 1565 1835 1603">
     <span class='ocr_line' id='line_1_74' title="bbox 1041 1565 1835 1603; baseline 0.003 -10"><span class='ocrx_word' id='word_1_566' title='bbox 1041 1570 1093 1598; x_wconf 86' lang='lat' dir='ltr'><strong>est,</strong></span> <span class='ocrx_word' id='word_1_567' title='bbox 1111 1565 1301 1593; x_wconf 82' lang='lat' dir='ltr'><strong>all&#39;ectionibus</strong></span> <span class='ocrx_word' id='word_1_568' title='bbox 1315 1566 1444 1594; x_wconf 86' lang='lat' dir='ltr'><strong>immunis</strong></span> <span class='ocrx_word' id='word_1_569' title='bbox 1457 1571 1510 1600; x_wconf 84' lang='lat' dir='ltr'><strong>est,</strong></span> <span class='ocrx_word' id='word_1_570' title='bbox 1529 1574 1581 1594; x_wconf 92' lang='lat' dir='ltr'><strong>nec</strong></span> <span class='ocrx_word' id='word_1_571' title='bbox 1596 1567 1676 1595; x_wconf 87' lang='lat' dir='ltr'><strong>alieni</strong></span> <span class='ocrx_word' id='word_1_572' title='bbox 1703 1569 1835 1603; x_wconf 80' lang='lat' dir='ltr'><strong>corporis</strong></span> 
     </span>
    </p>
   </div>
   <div class='ocr_carea' id='block_1_75' title="bbox 1041 1611 1834 1641">
    <p class='ocr_par' dir='ltr' id='par_1_75' title="bbox 1041 1611 1834 1641">
     <span class='ocr_line' id='line_1_75' title="bbox 1041 1611 1834 1641; baseline 0.001 -1"><span class='ocrx_word' id='word_1_573' title='bbox 1041 1617 1068 1640; x_wconf 88' lang='lat' dir='ltr'><strong>et</strong></span> <span class='ocrx_word' id='word_1_574' title='bbox 1086 1612 1232 1639; x_wconf 89' lang='lat' dir='ltr'><strong>mutuatitii</strong></span> <span class='ocrx_word' id='word_1_575' title='bbox 1252 1611 1371 1639; x_wconf 86' lang='lat' dir='ltr'><strong>motibus</strong></span> <span class='ocrx_word' id='word_1_576' title='bbox 1395 1613 1525 1641; x_wconf 77' lang='lat' dir='ltr'><strong>obnoxia.</strong></span> <span class='ocrx_word' id='word_1_577' title='bbox 1552 1612 1601 1640; x_wconf 80' lang='lat' dir='ltr'><strong>Sin</strong></span> <span class='ocrx_word' id='word_1_578' title='bbox 1638 1612 1834 1641; x_wconf 66' lang='lat' dir='ltr'><strong>adiectionibus</strong></span> 
     </span>
    </p>
   </div>
   <div class='ocr_carea' id='block_1_76' title="bbox 1041 1657 1834 1694">
    <p class='ocr_par' dir='ltr' id='par_1_76' title="bbox 1041 1657 1834 1694">
     <span class='ocr_line' id='line_1_76' title="bbox 1041 1657 1834 1694; baseline 0.001 -9"><span class='ocrx_word' id='word_1_579' title='bbox 1041 1658 1163 1692; x_wconf 85' lang='lat' dir='ltr'><strong>corporis</strong></span> <span class='ocrx_word' id='word_1_580' title='bbox 1179 1657 1350 1692; x_wconf 88' lang='lat' dir='ltr'><strong>percellitur,</strong></span> <span class='ocrx_word' id='word_1_581' title='bbox 1361 1658 1458 1692; x_wconf 88' lang='lat' dir='ltr'><strong>utique</strong></span> <span class='ocrx_word' id='word_1_582' title='bbox 1480 1659 1640 1694; x_wconf 88' lang='lat' dir='ltr'><strong>incorporea</strong></span> <span class='ocrx_word' id='word_1_583' title='bbox 1657 1667 1712 1686; x_wconf 92' lang='lat' dir='ltr'><strong>non</strong></span> <span class='ocrx_word' id='word_1_584' title='bbox 1726 1664 1782 1687; x_wconf 86' lang='lat' dir='ltr'><strong>est.</strong></span> <span class='ocrx_word' id='word_1_585' title='bbox 1799 1660 1834 1686; x_wconf 81' lang='lat' dir='ltr'><strong>At</strong></span> 
     </span>
    </p>
   </div>
   <div class='ocr_carea' id='block_1_77' title="bbox 1040 1704 1831 1739">
    <p class='ocr_par' dir='ltr' id='par_1_77' title="bbox 1040 1704 1831 1739">
     <span class='ocr_line' id='line_1_77' title="bbox 1040 1704 1831 1739; baseline 0.001 -8"><span class='ocrx_word' id='word_1_586' title='bbox 1040 1711 1093 1731; x_wconf 84' lang='lat' dir='ltr'><strong>una</strong></span> <span class='ocrx_word' id='word_1_587' title='bbox 1104 1711 1165 1731; x_wconf 92' lang='lat' dir='ltr'><strong>cum</strong></span> <span class='ocrx_word' id='word_1_588' title='bbox 1181 1711 1297 1738; x_wconf 87' lang='lat' dir='ltr'><strong>corpore</strong></span> <span class='ocrx_word' id='word_1_589' title='bbox 1312 1704 1382 1732; x_wconf 86' lang='lat' dir='ltr'><strong>mala</strong></span> <span class='ocrx_word' id='word_1_590' title='bbox 1401 1704 1442 1732; x_wconf 85' lang='lat' dir='ltr'><strong>vel</strong></span> <span class='ocrx_word' id='word_1_591' title='bbox 1458 1705 1528 1732; x_wconf 89' lang='lat' dir='ltr'><strong>bona</strong></span> <span class='ocrx_word' id='word_1_592' title='bbox 1544 1705 1664 1739; x_wconf 89' lang='lat' dir='ltr'><strong>patitur,</strong></span> <span class='ocrx_word' id='word_1_593' title='bbox 1689 1710 1721 1732; x_wconf 91' lang='lat' dir='ltr'><strong>ut</strong></span> <span class='ocrx_word' id='word_1_594' title='bbox 1734 1713 1831 1733; x_wconf 81' lang='lat' dir='ltr'><strong>eorum</strong></span> 
     </span>
    </p>
   </div>
   <div class='ocr_carea' id='block_1_78' title="bbox 1040 1750 1833 1786">
    <p class='ocr_par' dir='ltr' id='par_1_78' title="bbox 1040 1750 1833 1786">
     <span class='ocr_line' id='line_1_78' title="bbox 1040 1750 1833 1786; baseline 0.003 -9"><span class='ocrx_word' id='word_1_595' title='bbox 1040 1750 1087 1786; x_wconf 88' lang='lat' dir='ltr'><strong>qui</strong></span> <span class='ocrx_word' id='word_1_596' title='bbox 1101 1753 1162 1785; x_wconf 86' lang='lat' dir='ltr'><strong>post</strong></span> <span class='ocrx_word' id='word_1_597' title='bbox 1175 1754 1289 1777; x_wconf 88' lang='lat' dir='ltr'><strong>mortem</strong></span> <span class='ocrx_word' id='word_1_598' title='bbox 1303 1750 1432 1779; x_wconf 85' lang='lat' dir='ltr'><strong>videndos</strong></span> <span class='ocrx_word' id='word_1_599' title='bbox 1452 1758 1482 1778; x_wconf 89' lang='lat' dir='ltr'><strong>se</strong></span> <span class='ocrx_word' id='word_1_600' title='bbox 1499 1751 1690 1786; x_wconf 69' lang='lat' dir='ltr'><strong>prwbuerunt,</strong></span> <span class='ocrx_word' id='word_1_601' title='bbox 1706 1752 1833 1779; x_wconf 85' lang='lat' dir='ltr'><strong>testimo-</strong></span> 
     </span>
    </p>
   </div>
   <div class='ocr_carea' id='block_1_79' title="bbox 1041 1796 1832 1832">
    <p class='ocr_par' dir='ltr' id='par_1_79' title="bbox 1041 1796 1832 1832">
     <span class='ocr_line' id='line_1_79' title="bbox 1041 1796 1832 1832; baseline 0.003 -8"><span class='ocrx_word' id='word_1_602' title='bbox 1041 1798 1085 1825; x_wconf 82' lang='lat' dir='ltr'><strong>nia</strong></span> <span class='ocrx_word' id='word_1_603' title='bbox 1099 1799 1283 1826; x_wconf 83' lang='lat' dir='ltr'><strong>continuant:</strong></span> <span class='ocrx_word' id='word_1_604' title='bbox 1298 1797 1387 1824; x_wconf 89' lang='lat' dir='ltr'><strong>anima</strong></span> <span class='ocrx_word' id='word_1_605' title='bbox 1405 1796 1487 1832; x_wconf 81' lang='lat' dir='ltr'><strong>igitur</strong></span> <span class='ocrx_word' id='word_1_606' title='bbox 1497 1804 1629 1832; x_wconf 87' lang='lat' dir='ltr'><strong>corporea</strong></span> <span class='ocrx_word' id='word_1_607' title='bbox 1639 1803 1692 1825; x_wconf 77' lang='lat' dir='ltr'><strong>est.</strong></span> <span class='ocrx_word' id='word_1_608' title='bbox 1713 1798 1763 1826; x_wconf 80' lang='lat' dir='ltr'><strong>Sic</strong></span> <span class='ocrx_word' id='word_1_609' title='bbox 1780 1798 1832 1826; x_wconf 82' lang='lat' dir='ltr'><strong>ita-</strong></span> 
     </span>
    </p>
   </div>
   <div class='ocr_carea' id='block_1_80' title="bbox 1039 1842 1834 1879">
    <p class='ocr_par' dir='ltr' id='par_1_80' title="bbox 1039 1842 1834 1879">
     <span class='ocr_line' id='line_1_80' title="bbox 1039 1842 1834 1879; baseline -0.003 -7"><span class='ocrx_word' id='word_1_610' title='bbox 1039 1852 1093 1879; x_wconf 84' lang='lat' dir='ltr'><strong>que</strong></span> <span class='ocrx_word' id='word_1_611' title='bbox 1105 1845 1139 1872; x_wconf 88' lang='lat' dir='ltr'><strong>ad</strong></span> <span class='ocrx_word' id='word_1_612' title='bbox 1155 1844 1303 1872; x_wconf 84' lang='lat' dir='ltr'><strong>absurdum</strong></span> <span class='ocrx_word' id='word_1_613' title='bbox 1315 1848 1343 1871; x_wconf 88' lang='lat' dir='ltr'><strong>et</strong></span> <span class='ocrx_word' id='word_1_614' title='bbox 1357 1843 1486 1871; x_wconf 77' lang='grc' dir='ltr'>ἀδύνατον</span> <span class='ocrx_word' id='word_1_615' title='bbox 1501 1842 1645 1878; x_wconf 73' lang='lat' dir='ltr'><strong>Origenem</strong></span> <span class='ocrx_word' id='word_1_616' title='bbox 1664 1843 1755 1878; x_wconf 78' lang='lat' dir='ltr'><strong>adigit</strong></span> <span class='ocrx_word' id='word_1_617' title='bbox 1778 1843 1834 1871; x_wconf 69' lang='lat' dir='ltr'><strong>Me-</strong></span> 
     </span>
    </p>
   </div>
   <div class='ocr_carea' id='block_1_81' title="bbox 1041 1889 1833 1925">
    <p class='ocr_par' dir='ltr' id='par_1_81' title="bbox 1041 1889 1833 1925">
     <span class='ocr_line' id='line_1_81' title="bbox 1041 1889 1833 1925; baseline 0 -7"><span class='ocrx_word' id='word_1_618' title='bbox 1041 1891 1159 1923; x_wconf 89' lang='lat' dir='ltr'><strong>tbodius,</strong></span> <span class='ocrx_word' id='word_1_619' title='bbox 1175 1891 1294 1917; x_wconf 81' lang='lat' dir='ltr'><strong>animant</strong></span> <span class='ocrx_word' id='word_1_620' title='bbox 1306 1898 1339 1917; x_wconf 82' lang='lat' dir='ltr'><strong>ex</strong></span> <span class='ocrx_word' id='word_1_621' title='bbox 1360 1889 1418 1924; x_wconf 85' lang='lat' dir='ltr'><strong>ejus</strong></span> <span class='ocrx_word' id='word_1_622' title='bbox 1442 1889 1522 1917; x_wconf 85' lang='lat' dir='ltr'><strong>dictis</strong></span> <span class='ocrx_word' id='word_1_623' title='bbox 1539 1897 1700 1925; x_wconf 87' lang='lat' dir='ltr'><strong>corpoream</strong></span> <span class='ocrx_word' id='word_1_624' title='bbox 1719 1897 1784 1918; x_wconf 84' lang='lat' dir='ltr'><strong>esse</strong></span> <span class='ocrx_word' id='word_1_625' title='bbox 1807 1896 1833 1918; x_wconf 86' lang='lat' dir='ltr'><strong>et</strong></span> 
     </span>
    </p>
   </div>
   <div class='ocr_carea' id='block_1_82' title="bbox 1040 1934 1833 1971">
    <p class='ocr_par' dir='ltr' id='par_1_82' title="bbox 1040 1934 1833 1971">
     <span class='ocr_line' id='line_1_82' title="bbox 1040 1934 1833 1971; baseline -0.003 -7"><span class='ocrx_word' id='word_1_626' title='bbox 1040 1937 1229 1971; x_wconf 84' lang='lat' dir='ltr'><strong>incorpoream</strong></span> <span class='ocrx_word' id='word_1_627' title='bbox 1242 1936 1443 1964; x_wconf 74' lang='lat' dir='ltr'><strong>demonSIrans.</strong></span> <span class='ocrx_word' id='word_1_628' title='bbox 1466 1934 1582 1963; x_wconf 87' lang='lat' dir='ltr'><strong>Sensum</strong></span> <span class='ocrx_word' id='word_1_629' title='bbox 1606 1935 1728 1970; x_wconf 86' lang='lat' dir='ltr'><strong>denique</strong></span> <span class='ocrx_word' id='word_1_630' title='bbox 1751 1944 1833 1963; x_wconf 91' lang='lat' dir='ltr'><strong>suum</strong></span> 
     </span>
    </p>
   </div>
   <div class='ocr_carea' id='block_1_83' title="bbox 1040 1981 1832 2017">
    <p class='ocr_par' dir='ltr' id='par_1_83' title="bbox 1040 1981 1832 2017">
     <span class='ocr_line' id='line_1_83' title="bbox 1040 1981 1832 2017; baseline -0.003 -7"><span class='ocrx_word' id='word_1_631' title='bbox 1040 1983 1098 2017; x_wconf 87' lang='lat' dir='ltr'><strong>ipse</strong></span> <span class='ocrx_word' id='word_1_632' title='bbox 1109 1982 1207 2017; x_wconf 87' lang='lat' dir='ltr'><strong>aperit,</strong></span> <span class='ocrx_word' id='word_1_633' title='bbox 1222 1982 1327 2009; x_wconf 88' lang='lat' dir='ltr'><strong>animas</strong></span> <span class='ocrx_word' id='word_1_634' title='bbox 1343 1989 1459 2016; x_wconf 89' lang='lat' dir='ltr'><strong>corpora</strong></span> <span class='ocrx_word' id='word_1_635' title='bbox 1474 1989 1535 2009; x_wconf 87' lang='lat' dir='ltr'><strong>esse</strong></span> <span class='ocrx_word' id='word_1_636' title='bbox 1549 1981 1642 2008; x_wconf 84' lang='lat' dir='ltr'><strong>dicens</strong></span> <span class='ocrx_word' id='word_1_637' title='bbox 1657 1981 1832 2017; x_wconf 83' lang='lat' dir='ltr'><strong>intelligendi</strong></span> 
     </span>
    </p>
   </div>
   <div class='ocr_carea' id='block_1_84' title="bbox 1040 2026 1834 2063">
    <p class='ocr_par' dir='ltr' id='par_1_84' title="bbox 1040 2026 1834 2063">
     <span class='ocr_line' id='line_1_84' title="bbox 1040 2026 1834 2063; baseline -0.001 -7"><span class='ocrx_word' id='word_1_638' title='bbox 1040 2028 1167 2056; x_wconf 77' lang='lat' dir='ltr'><strong>facultate</strong></span> <span class='ocrx_word' id='word_1_639' title='bbox 1182 2026 1307 2063; x_wconf 72' lang='lat' dir='ltr'><strong>pmdita,</strong></span> <span class='ocrx_word' id='word_1_640' title='bbox 1324 2027 1453 2054; x_wconf 89' lang='lat' dir='ltr'><strong>membris</strong></span> <span class='ocrx_word' id='word_1_641' title='bbox 1466 2028 1572 2054; x_wconf 88' lang='lat' dir='ltr'><strong>ratione</strong></span> <span class='ocrx_word' id='word_1_642' title='bbox 1586 2027 1675 2054; x_wconf 85' lang='lat' dir='ltr'><strong>solum</strong></span> <span class='ocrx_word' id='word_1_643' title='bbox 1700 2033 1834 2063; x_wconf 87' lang='lat' dir='ltr'><strong>aspecta-</strong></span> 
     </span>
    </p>
   </div>
   <div class='ocr_carea' id='block_1_85' title="bbox 1039 2073 1832 2108">
    <p class='ocr_par' dir='ltr' id='par_1_85' title="bbox 1039 2073 1832 2108">
     <span class='ocr_line' id='line_1_85' title="bbox 1039 2073 1832 2108; baseline -0.001 -6"><span class='ocrx_word' id='word_1_644' title='bbox 1039 2075 1138 2102; x_wconf 86' lang='lat' dir='ltr'><strong>bilibus</strong></span> <span class='ocrx_word' id='word_1_645' title='bbox 1151 2074 1282 2101; x_wconf 86' lang='lat' dir='ltr'><strong>instructa</strong></span> <span class='ocrx_word' id='word_1_646' title='bbox 1299 2093 1306 2105; x_wconf 91' lang='lat'><strong>,</strong></span> <span class='ocrx_word' id='word_1_647' title='bbox 1324 2081 1376 2100; x_wconf 92' lang='lat' dir='ltr'><strong>non</strong></span> <span class='ocrx_word' id='word_1_648' title='bbox 1394 2081 1454 2108; x_wconf 71' lang='lat' dir='ltr'><strong>qua:</strong></span> <span class='ocrx_word' id='word_1_649' title='bbox 1473 2073 1621 2100; x_wconf 85' lang='lat' dir='ltr'><strong>adventitio</strong></span> <span class='ocrx_word' id='word_1_650' title='bbox 1637 2081 1758 2108; x_wconf 88' lang='lat' dir='ltr'><strong>corpore</strong></span> <span class='ocrx_word' id='word_1_651' title='bbox 1774 2075 1832 2101; x_wconf 84' lang='lat' dir='ltr'><strong>sint</strong></span> 
     </span>
    </p>
   </div>
   <div class='ocr_carea' id='block_1_86' title="bbox 1040 2120 1832 2154">
    <p class='ocr_par' dir='ltr' id='par_1_86' title="bbox 1040 2120 1832 2154">
     <span class='ocr_line' id='line_1_86' title="bbox 1040 2120 1832 2154; baseline 0 -7"><span class='ocrx_word' id='word_1_652' title='bbox 1040 2120 1144 2153; x_wconf 88' lang='lat' dir='ltr'><strong>induta,</strong></span> <span class='ocrx_word' id='word_1_653' title='bbox 1159 2120 1206 2147; x_wconf 87' lang='lat' dir='ltr'><strong>sed</strong></span> <span class='ocrx_word' id='word_1_654' title='bbox 1223 2127 1284 2154; x_wconf 63' lang='lat' dir='ltr'><strong>qua</strong></span> <span class='ocrx_word' id='word_1_655' title='bbox 1301 2124 1396 2146; x_wconf 85' lang='lat' dir='ltr'><strong>natura</strong></span> <span class='ocrx_word' id='word_1_656' title='bbox 1413 2123 1508 2153; x_wconf 85' lang='lat' dir='ltr'><strong>suapte</strong></span> <span class='ocrx_word' id='word_1_657' title='bbox 1527 2126 1643 2153; x_wconf 89' lang='lat' dir='ltr'><strong>corpora</strong></span> <span class='ocrx_word' id='word_1_658' title='bbox 1670 2120 1740 2149; x_wconf 86' lang='lat' dir='ltr'><strong>sint.</strong></span> <span class='ocrx_word' id='word_1_659' title='bbox 1759 2120 1832 2148; x_wconf 82' lang='lat' dir='ltr'><strong>Vera</strong></span> 
     </span>
    </p>
   </div>
   <div class='ocr_carea' id='block_1_87' title="bbox 1039 2164 1828 2200">
    <p class='ocr_par' dir='ltr' id='par_1_87' title="bbox 1039 2164 1828 2200">
     <span class='ocr_line' id='line_1_87' title="bbox 1039 2164 1828 2200; baseline -0.003 -5"><span class='ocrx_word' id='word_1_660' title='bbox 1039 2168 1097 2195; x_wconf 62' lang='lat' dir='ltr'><strong>haec</strong></span> <span class='ocrx_word' id='word_1_661' title='bbox 1108 2171 1149 2194; x_wconf 90' lang='lat' dir='ltr'><strong>est</strong></span> <span class='ocrx_word' id='word_1_662' title='bbox 1167 2170 1195 2193; x_wconf 89' lang='lat' dir='ltr'><strong>et</strong></span> <span class='ocrx_word' id='word_1_663' title='bbox 1209 2165 1326 2200; x_wconf 82' lang='lat' dir='ltr'><strong>genuina</strong></span> <span class='ocrx_word' id='word_1_664' title='bbox 1353 2164 1403 2192; x_wconf 88' lang='lat' dir='ltr'><strong>loci</strong></span> <span class='ocrx_word' id='word_1_665' title='bbox 1427 2165 1509 2200; x_wconf 88' lang='lat' dir='ltr'><strong>hujus</strong></span> <span class='ocrx_word' id='word_1_666' title='bbox 1523 2164 1670 2199; x_wconf 79' lang='lat' dir='ltr'><strong>expositio,</strong></span> <span class='ocrx_word' id='word_1_667' title='bbox 1686 2172 1773 2200; x_wconf 86' lang='lat' dir='ltr'><strong>quam</strong></span> <span class='ocrx_word' id='word_1_668' title='bbox 1792 2166 1828 2193; x_wconf 87' lang='lat' dir='ltr'><strong>id-</strong></span> 
     </span>
    </p>
   </div>
   <div class='ocr_carea' id='block_1_88' title="bbox 198 2212 1831 2249">
    <p class='ocr_par' dir='ltr' id='par_1_88' title="bbox 198 2212 1831 2249">
     <span class='ocr_line' id='line_1_88' title="bbox 198 2212 1831 2249; baseline 0.001 -10"><span class='ocrx_word' id='word_1_669' title='bbox 198 2215 342 2248; x_wconf 89' lang='lat' dir='ltr'><strong>quemdam</strong></span> <span class='ocrx_word' id='word_1_670' title='bbox 363 2214 493 2241; x_wconf 84' lang='lat' dir='ltr'><strong>Methodii</strong></span> <span class='ocrx_word' id='word_1_671' title='bbox 520 2215 587 2241; x_wconf 83' lang='lat' dir='ltr'><strong>satis</strong></span> <span class='ocrx_word' id='word_1_672' title='bbox 611 2214 767 2241; x_wconf 88' lang='lat' dir='ltr'><strong>intricatum</strong></span> <span class='ocrx_word' id='word_1_673' title='bbox 786 2218 813 2241; x_wconf 86' lang='lat' dir='ltr'><strong>et</strong></span> <span class='ocrx_word' id='word_1_674' title='bbox 839 2214 984 2241; x_wconf 88' lang='lat' dir='ltr'><strong>obscurmu</strong></span> <span class='ocrx_word' id='word_1_675' title='bbox 1000 2220 1022 2248; x_wconf 83' lang='grc' dir='ltr'>ι)</span> <span class='ocrx_word' id='word_1_676' title='bbox 1037 2217 1112 2244; x_wconf 82' lang='lat' dir='ltr'><strong>circo</strong></span> <span class='ocrx_word' id='word_1_677' title='bbox 1129 2218 1288 2249; x_wconf 85' lang='lat' dir='ltr'><strong>persecutus</strong></span> <span class='ocrx_word' id='word_1_678' title='bbox 1305 2220 1375 2246; x_wconf 87' lang='lat' dir='ltr'><strong>sum,</strong></span> <span class='ocrx_word' id='word_1_679' title='bbox 1387 2218 1416 2239; x_wconf 77' lang='lat' dir='ltr'><strong>ut</strong></span> <span class='ocrx_word' id='word_1_680' title='bbox 1434 2220 1466 2240; x_wconf 90' lang='lat' dir='ltr'><strong>ne</strong></span> <span class='ocrx_word' id='word_1_681' title='bbox 1478 2213 1512 2239; x_wconf 87' lang='lat' dir='ltr'><strong>ab</strong></span> <span class='ocrx_word' id='word_1_682' title='bbox 1524 2212 1709 2240; x_wconf 82' lang='lat' dir='ltr'><strong>inl&#39;ensiasimo</strong></span> <span class='ocrx_word' id='word_1_683' title='bbox 1719 2214 1831 2247; x_wconf 88' lang='lat' dir='ltr'><strong>quidem</strong></span> 
     </span>
    </p>
   </div>
   <div class='ocr_carea' id='block_1_89' title="bbox 198 2259 984 2295">
    <p class='ocr_par' dir='ltr' id='par_1_89' title="bbox 198 2259 984 2295">
     <span class='ocr_line' id='line_1_89' title="bbox 198 2259 984 2295; baseline -0.001 -9"><span class='ocrx_word' id='word_1_684' title='bbox 198 2260 338 2294; x_wconf 66' lang='lat' dir='ltr'><strong>prtuterire</strong></span> <span class='ocrx_word' id='word_1_685' title='bbox 348 2267 400 2286; x_wconf 90' lang='lat' dir='ltr'><strong>non</strong></span> <span class='ocrx_word' id='word_1_686' title='bbox 417 2261 504 2294; x_wconf 87' lang='lat' dir='ltr'><strong>decet,</strong></span> <span class='ocrx_word' id='word_1_687' title='bbox 519 2267 573 2295; x_wconf 84' lang='lat' dir='ltr'><strong>quo</strong></span> <span class='ocrx_word' id='word_1_688' title='bbox 585 2260 711 2295; x_wconf 84' lang='lat' dir='ltr'><strong>Origenis</strong></span> <span class='ocrx_word' id='word_1_689' title='bbox 722 2259 863 2287; x_wconf 87' lang='lat' dir='ltr'><strong>decretum</strong></span> <span class='ocrx_word' id='word_1_690' title='bbox 878 2259 911 2287; x_wconf 92' lang='lat' dir='ltr'><strong>de</strong></span> <span class='ocrx_word' id='word_1_691' title='bbox 926 2259 984 2286; x_wconf 88' lang='lat' dir='ltr'><strong>ani-</strong></span> 
     </span>
    </p>
   </div>
   <div class='ocr_carea' id='block_1_90' title="bbox 199 2306 983 2341">
    <p class='ocr_par' dir='ltr' id='par_1_90' title="bbox 199 2306 983 2341">
     <span class='ocr_line' id='line_1_90' title="bbox 199 2306 983 2341; baseline 0.001 -10"><span class='ocrx_word' id='word_1_692' title='bbox 199 2306 252 2333; x_wconf 88' lang='lat' dir='ltr'><strong>mis</strong></span> <span class='ocrx_word' id='word_1_693' title='bbox 265 2307 404 2341; x_wconf 89' lang='lat' dir='ltr'><strong>corporeis</strong></span> <span class='ocrx_word' id='word_1_694' title='bbox 419 2307 514 2334; x_wconf 89' lang='lat' dir='ltr'><strong>nititur</strong></span> <span class='ocrx_word' id='word_1_695' title='bbox 526 2307 694 2335; x_wconf 86' lang='lat' dir='ltr'><strong>convellere.</strong></span> <span class='ocrx_word' id='word_1_696' title='bbox 711 2306 833 2334; x_wconf 87' lang='lat' dir='ltr'><strong>llabetur</strong></span> <span class='ocrx_word' id='word_1_697' title='bbox 848 2306 892 2333; x_wconf 90' lang='lat' dir='ltr'><strong>ille</strong></span> <span class='ocrx_word' id='word_1_698' title='bbox 913 2306 983 2340; x_wconf 90' lang='lat' dir='ltr'><strong>apud</strong></span> 
     </span>
    </p>
   </div>
   <div class='ocr_carea' id='block_1_91' title="bbox 199 2351 986 2389">
    <p class='ocr_par' dir='ltr' id='par_1_91' title="bbox 199 2351 986 2389">
     <span class='ocr_line' id='line_1_91' title="bbox 199 2351 986 2389; baseline 0.001 -11"><span class='ocrx_word' id='word_1_699' title='bbox 199 2351 324 2379; x_wconf 81' lang='lat' dir='ltr'><strong>l‘hotium</strong></span> <span class='ocrx_word' id='word_1_700' title='bbox 344 2353 406 2380; x_wconf 90' lang='lat' dir='ltr'><strong>cod.</strong></span> <span class='ocrx_word' id='word_1_701' title='bbox 423 2361 537 2381; x_wconf 75' lang='lat' dir='ltr'><strong>ccxxxtv</strong></span> <span class='ocrx_word' id='word_1_702' title='bbox 550 2354 620 2389; x_wconf 75' lang='lat'><strong>(39).</strong></span> <span class='ocrx_word' id='word_1_703' title='bbox 636 2353 685 2381; x_wconf 88' lang='lat' dir='ltr'><strong>llic</strong></span> <span class='ocrx_word' id='word_1_704' title='bbox 701 2361 766 2389; x_wconf 78' lang='lat' dir='ltr'><strong>ergo</strong></span> <span class='ocrx_word' id='word_1_705' title='bbox 789 2353 904 2388; x_wconf 88' lang='lat' dir='ltr'><strong>primtnu</strong></span> <span class='ocrx_word' id='word_1_706' title='bbox 920 2352 986 2380; x_wconf 81' lang='lat' dir='ltr'><strong>Ori—</strong></span> 
     </span>
    </p>
   </div>
   <div class='ocr_carea' id='block_1_92' title="bbox 198 2398 986 2435">
    <p class='ocr_par' dir='ltr' id='par_1_92' title="bbox 198 2398 986 2435">
     <span class='ocr_line' id='line_1_92' title="bbox 198 2398 986 2435; baseline 0 -10"><span class='ocrx_word' id='word_1_707' title='bbox 198 2398 275 2432; x_wconf 67' lang='lat' dir='ltr'><strong>genis</strong></span> <span class='ocrx_word' id='word_1_708' title='bbox 285 2399 381 2426; x_wconf 90' lang='lat' dir='ltr'><strong>recitat</strong></span> <span class='ocrx_word' id='word_1_709' title='bbox 394 2399 488 2431; x_wconf 83' lang='lat' dir='ltr'><strong>verba,</strong></span> <span class='ocrx_word' id='word_1_710' title='bbox 499 2401 597 2435; x_wconf 88' lang='lat' dir='ltr'><strong>quibus</strong></span> <span class='ocrx_word' id='word_1_711' title='bbox 612 2401 661 2433; x_wconf 89' lang='lat' dir='ltr'><strong>ait,</strong></span> <span class='ocrx_word' id='word_1_712' title='bbox 671 2401 693 2428; x_wconf 86' lang='lat' dir='ltr'><strong>si</strong></span> <span class='ocrx_word' id='word_1_713' title='bbox 708 2399 986 2427; x_wconf 86' lang='lat' dir='ltr'><strong>demoustrationibns</strong></span> 
     </span>
    </p>
   </div>
   <div class='ocr_carea' id='block_1_93' title="bbox 197 2446 984 2482">
    <p class='ocr_par' dir='ltr' id='par_1_93' title="bbox 197 2446 984 2482">
     <span class='ocr_line' id='line_1_93' title="bbox 197 2446 984 2482; baseline 0.003 -12"><span class='ocrx_word' id='word_1_714' title='bbox 197 2453 313 2480; x_wconf 68' lang='lat' dir='ltr'><strong>corpore</strong></span> <span class='ocrx_word' id='word_1_715' title='bbox 328 2446 446 2474; x_wconf 86' lang='lat' dir='ltr'><strong>animam</strong></span> <span class='ocrx_word' id='word_1_716' title='bbox 459 2454 492 2473; x_wconf 81' lang='lat' dir='ltr'><strong>ex</strong></span> <span class='ocrx_word' id='word_1_717' title='bbox 507 2454 566 2474; x_wconf 87' lang='lat' dir='ltr'><strong>sese</strong></span> <span class='ocrx_word' id='word_1_718' title='bbox 584 2455 678 2475; x_wconf 86' lang='lat' dir='ltr'><strong>carere</strong></span> <span class='ocrx_word' id='word_1_719' title='bbox 694 2447 834 2482; x_wconf 88' lang='lat' dir='ltr'><strong>probetur,</strong></span> <span class='ocrx_word' id='word_1_720' title='bbox 847 2446 984 2473; x_wconf 79' lang='lat' dir='ltr'><strong>fatendum</strong></span> 
     </span>
    </p>
   </div>
   <div class='ocr_carea' id='block_1_94' title="bbox 197 2492 983 2526">
    <p class='ocr_par' dir='ltr' id='par_1_94' title="bbox 197 2492 983 2526">
     <span class='ocr_line' id='line_1_94' title="bbox 197 2492 983 2526; baseline 0.001 -9"><span class='ocrx_word' id='word_1_721' title='bbox 197 2499 257 2518; x_wconf 80' lang='lat' dir='ltr'><strong>esse</strong></span> <span class='ocrx_word' id='word_1_722' title='bbox 276 2492 395 2519; x_wconf 88' lang='lat' dir='ltr'><strong>alienum</strong></span> <span class='ocrx_word' id='word_1_723' title='bbox 421 2500 480 2520; x_wconf 90' lang='lat' dir='ltr'><strong>eam</strong></span> <span class='ocrx_word' id='word_1_724' title='bbox 507 2497 534 2519; x_wconf 91' lang='lat' dir='ltr'><strong>et</strong></span> <span class='ocrx_word' id='word_1_725' title='bbox 560 2492 706 2520; x_wconf 85' lang='lat' dir='ltr'><strong>ascititium</strong></span> <span class='ocrx_word' id='word_1_726' title='bbox 732 2499 831 2526; x_wconf 87' lang='lat' dir='ltr'><strong>corpus</strong></span> <span class='ocrx_word' id='word_1_727' title='bbox 862 2492 983 2521; x_wconf 84' lang='lat' dir='ltr'><strong>induere.</strong></span> 
     </span>
    </p>
   </div>
   <div class='ocr_carea' id='block_1_95' title="bbox 197 2536 984 2572">
    <p class='ocr_par' dir='ltr' id='par_1_95' title="bbox 197 2536 984 2572">
     <span class='ocr_line' id='line_1_95' title="bbox 197 2536 984 2572; baseline -0.001 -8"><span class='ocrx_word' id='word_1_728' title='bbox 197 2538 296 2571; x_wconf 84' lang='lat' dir='ltr'><strong>prioris</strong></span> <span class='ocrx_word' id='word_1_729' title='bbox 314 2538 357 2565; x_wconf 88' lang='lat' dir='ltr'><strong>cui</strong></span> <span class='ocrx_word' id='word_1_730' title='bbox 377 2539 403 2565; x_wconf 91' lang='lat' dir='ltr'><strong>in</strong></span> <span class='ocrx_word' id='word_1_731' title='bbox 431 2539 513 2566; x_wconf 88' lang='lat' dir='ltr'><strong>terris</strong></span> <span class='ocrx_word' id='word_1_732' title='bbox 541 2538 688 2572; x_wconf 85' lang='lat' dir='ltr'><strong>conjuncta</strong></span> <span class='ocrx_word' id='word_1_733' title='bbox 708 2537 796 2565; x_wconf 76' lang='lat' dir='ltr'><strong>{iterat</strong></span> <span class='ocrx_word' id='word_1_734' title='bbox 823 2538 921 2564; x_wconf 91' lang='lat' dir='ltr'><strong>simile.</strong></span> <span class='ocrx_word' id='word_1_735' title='bbox 936 2536 984 2564; x_wconf 79' lang='lat' dir='ltr'><strong>llis</strong></span> 
     </span>
    </p>
   </div>
   <div class='ocr_carea' id='block_1_96' title="bbox 198 2582 982 2618">
    <p class='ocr_par' dir='ltr' id='par_1_96' title="bbox 198 2582 982 2618">
     <span class='ocr_line' id='line_1_96' title="bbox 198 2582 982 2618; baseline 0 -9"><span class='ocrx_word' id='word_1_736' title='bbox 198 2582 324 2610; x_wconf 82' lang='lat' dir='ltr'><strong>Methodii</strong></span> <span class='ocrx_word' id='word_1_737' title='bbox 340 2591 482 2611; x_wconf 86' lang='lat' dir='ltr'><strong>censuram</strong></span> <span class='ocrx_word' id='word_1_738' title='bbox 497 2584 633 2612; x_wconf 82' lang='lat' dir='ltr'><strong>subnectit</strong></span> <span class='ocrx_word' id='word_1_739' title='bbox 646 2584 758 2610; x_wconf 83' lang='lat' dir='ltr'><strong>Photius</strong></span> <span class='ocrx_word' id='word_1_740' title='bbox 777 2592 783 2608; x_wconf 94' lang='lat'>:</span> <span class='ocrx_word' id='word_1_741' title='bbox 803 2583 875 2618; x_wconf 79' lang='grc' dir='ltr'><strong>Πρὸς</strong></span> <span class='ocrx_word' id='word_1_742' title='bbox 885 2583 982 2614; x_wconf 82' lang='grc' dir='ltr'>ταῦτα,</span> 
     </span>
    </p>
   </div>
   <div class='ocr_carea' id='block_1_97' title="bbox 197 2627 984 2664">
    <p class='ocr_par' dir='ltr' id='par_1_97' title="bbox 197 2627 984 2664">
     <span class='ocr_line' id='line_1_97' title="bbox 197 2627 984 2664; baseline 0.001 -11"><span class='ocrx_word' id='word_1_743' title='bbox 197 2628 295 2662; x_wconf 89' lang='lat' dir='ltr'><strong>inquit,</strong></span> <span class='ocrx_word' id='word_1_744' title='bbox 313 2629 327 2655; x_wconf 83' lang='grc' dir='ltr'>ὁ</span> <span class='ocrx_word' id='word_1_745' title='bbox 345 2628 422 2663; x_wconf 77' lang='grc' dir='ltr'>ἅγιος</span> <span class='ocrx_word' id='word_1_746' title='bbox 438 2629 500 2656; x_wconf 86' lang='grc' dir='ltr'><strong>τάδε</strong></span> <span class='ocrx_word' id='word_1_747' title='bbox 513 2629 589 2664; x_wconf 78' lang='grc' dir='ltr'><strong>φησί·</strong></span> <span class='ocrx_word' id='word_1_748' title='bbox 605 2628 701 2663; x_wconf 81' lang='grc' dir='ltr'>Σχῆμα</span> <span class='ocrx_word' id='word_1_749' title='bbox 716 2627 780 2655; x_wconf 78' lang='grc' dir='ltr'><strong>ἄλλο</strong></span> <span class='ocrx_word' id='word_1_750' title='bbox 800 2628 921 2663; x_wconf 80' lang='grc' dir='ltr'>ὁμοειδὲς</span> <span class='ocrx_word' id='word_1_751' title='bbox 943 2627 984 2663; x_wconf 80' lang='grc' dir='ltr'><strong>τῷ</strong></span> 
     </span>
    </p>
   </div>
   <div class='ocr_carea' id='block_1_98' title="bbox 232 2684 980 2720">
    <p class='ocr_par' dir='ltr' id='par_1_98' title="bbox 232 2684 980 2720">
     <span class='ocr_line' id='line_1_98' title="bbox 232 2684 980 2720; baseline 0 -9"><span class='ocrx_word' id='word_1_752' title='bbox 232 2684 290 2720; x_wconf 83' lang='grc'><strong>(58)</strong></span> <span class='ocrx_word' id='word_1_753' title='bbox 305 2684 358 2711; x_wconf 82' lang='lat' dir='ltr'><strong>Sed</strong></span> <span class='ocrx_word' id='word_1_754' title='bbox 368 2685 395 2711; x_wconf 83' lang='lat' dir='ltr'><strong>in</strong></span> <span class='ocrx_word' id='word_1_755' title='bbox 413 2694 470 2712; x_wconf 80' lang='lat' dir='ltr'><strong>eam</strong></span> <span class='ocrx_word' id='word_1_756' title='bbox 484 2692 570 2712; x_wconf 70' lang='lat' dir='ltr'><strong>(einen</strong></span> <span class='ocrx_word' id='word_1_757' title='bbox 583 2686 666 2720; x_wconf 81' lang='lat' dir='ltr'><strong>magis</strong></span> <span class='ocrx_word' id='word_1_758' title='bbox 680 2686 838 2719; x_wconf 68' lang='lat' dir='ltr'><strong>propendere</strong></span> <span class='ocrx_word' id='word_1_759' title='bbox 849 2686 918 2711; x_wconf 75' lang='lat' dir='ltr'><strong>risus</strong></span> <span class='ocrx_word' id='word_1_760' title='bbox 932 2690 980 2717; x_wconf 81' lang='lat' dir='ltr'><strong>est,</strong></span> 
     </span>
    </p>
   </div>
   <div class='ocr_carea' id='block_1_99' title="bbox 197 2720 983 2754">
    <p class='ocr_par' dir='ltr' id='par_1_99' title="bbox 197 2720 983 2754">
     <span class='ocr_line' id='line_1_99' title="bbox 197 2720 983 2754; baseline 0.001 -10"><span class='ocrx_word' id='word_1_761' title='bbox 197 2727 256 2751; x_wconf 72' lang='lat' dir='ltr'><strong>qua:</strong></span> <span class='ocrx_word' id='word_1_762' title='bbox 267 2721 362 2746; x_wconf 71' lang='lat' dir='ltr'><strong>animo!</strong></span> <span class='ocrx_word' id='word_1_763' title='bbox 380 2728 473 2753; x_wconf 81' lang='lat' dir='ltr'><strong>corpus</strong></span> <span class='ocrx_word' id='word_1_764' title='bbox 502 2722 621 2748; x_wconf 69' lang='lat' dir='ltr'><strong>ascribit.</strong></span> <span class='ocrx_word' id='word_1_765' title='bbox 643 2720 747 2754; x_wconf 81' lang='lat' dir='ltr'><strong>Corpus</strong></span> <span class='ocrx_word' id='word_1_766' title='bbox 760 2721 867 2754; x_wconf 90' lang='lat' dir='ltr'><strong>qnidetu</strong></span> <span class='ocrx_word' id='word_1_767' title='bbox 885 2720 983 2746; x_wconf 68' lang='lat' dir='ltr'><strong>animae</strong></span> 
     </span>
    </p>
   </div>
   <div class='ocr_carea' id='block_1_100' title="bbox 199 2754 983 2789">
    <p class='ocr_par' dir='ltr' id='par_1_100' title="bbox 199 2754 983 2789">
     <span class='ocr_line' id='line_1_100' title="bbox 199 2754 983 2789; baseline 0.003 -11"><span class='ocrx_word' id='word_1_768' title='bbox 199 2754 309 2789; x_wconf 66' lang='lat' dir='ltr'><strong>ascribit</strong></span> <span class='ocrx_word' id='word_1_769' title='bbox 319 2754 457 2788; x_wconf 82' lang='lat' dir='ltr'><strong>Origenes,</strong></span> <span class='ocrx_word' id='word_1_770' title='bbox 474 2760 565 2789; x_wconf 85' lang='lat' dir='ltr'><strong>utpote</strong></span> <span class='ocrx_word' id='word_1_771' title='bbox 576 2764 637 2789; x_wconf 70' lang='lat' dir='ltr'><strong>qua:</strong></span> <span class='ocrx_word' id='word_1_772' title='bbox 652 2755 734 2786; x_wconf 91' lang='lat' dir='ltr'><strong>nuda,</strong></span> <span class='ocrx_word' id='word_1_773' title='bbox 747 2756 844 2789; x_wconf 81' lang='lat' dir='ltr'><strong>inquit,</strong></span> <span class='ocrx_word' id='word_1_774' title='bbox 860 2762 983 2788; x_wconf 84' lang='lat' dir='ltr'><strong>compre-</strong></span> 
     </span>
    </p>
   </div>
   <div class='ocr_carea' id='block_1_101' title="bbox 200 2788 985 2824">
    <p class='ocr_par' dir='ltr' id='par_1_101' title="bbox 200 2788 985 2824">
     <span class='ocr_line' id='line_1_101' title="bbox 200 2788 985 2824; baseline 0.004 -11"><span class='ocrx_word' id='word_1_775' title='bbox 200 2788 278 2824; x_wconf 80' lang='lat' dir='ltr'><strong>hendi</strong></span> <span class='ocrx_word' id='word_1_776' title='bbox 293 2797 344 2814; x_wconf 91' lang='lat' dir='ltr'><strong>non</strong></span> <span class='ocrx_word' id='word_1_777' title='bbox 363 2790 458 2822; x_wconf 80' lang='lat' dir='ltr'><strong>possit,</strong></span> <span class='ocrx_word' id='word_1_778' title='bbox 483 2788 532 2816; x_wconf 76' lang='lat' dir='ltr'><strong>nec</strong></span> <span class='ocrx_word' id='word_1_779' title='bbox 560 2788 591 2816; x_wconf 85' lang='lat' dir='ltr'><strong>in</strong></span> <span class='ocrx_word' id='word_1_780' title='bbox 612 2791 666 2817; x_wconf 91' lang='lat' dir='ltr'><strong>ullo</strong></span> <span class='ocrx_word' id='word_1_781' title='bbox 686 2788 817 2824; x_wconf 83' lang='lat' dir='ltr'><strong>corporeo</strong></span> <span class='ocrx_word' id='word_1_782' title='bbox 834 2790 985 2817; x_wconf 80' lang='lat' dir='ltr'><strong>consistere</strong></span> 
     </span>
    </p>
   </div>
   <div class='ocr_carea' id='block_1_102' title="bbox 200 2822 986 2859">
    <p class='ocr_par' dir='ltr' id='par_1_102' title="bbox 200 2822 986 2859">
     <span class='ocr_line' id='line_1_102' title="bbox 200 2822 986 2859; baseline 0.005 -12"><span class='ocrx_word' id='word_1_783' title='bbox 200 2822 269 2854; x_wconf 87' lang='lat' dir='ltr'><strong>loco,</strong></span> <span class='ocrx_word' id='word_1_784' title='bbox 287 2824 351 2856; x_wconf 83' lang='lat' dir='ltr'><strong>quiti</strong></span> <span class='ocrx_word' id='word_1_785' title='bbox 367 2825 486 2859; x_wconf 78' lang='lat' dir='ltr'><strong>indigeat</strong></span> <span class='ocrx_word' id='word_1_786' title='bbox 501 2833 619 2858; x_wconf 81' lang='lat' dir='ltr'><strong>corpore</strong></span> <span class='ocrx_word' id='word_1_787' title='bbox 633 2826 665 2852; x_wconf 85' lang='lat' dir='ltr'><strong>ad</strong></span> <span class='ocrx_word' id='word_1_788' title='bbox 686 2822 811 2852; x_wconf 78' lang='lat' dir='ltr'><strong>naturam</strong></span> <span class='ocrx_word' id='word_1_789' title='bbox 833 2825 883 2852; x_wconf 85' lang='lat' dir='ltr'><strong>loci</strong></span> <span class='ocrx_word' id='word_1_790' title='bbox 913 2824 986 2851; x_wconf 86' lang='lat' dir='ltr'><strong>illius</strong></span> 
     </span>
    </p>
   </div>
   <div class='ocr_carea' id='block_1_103' title="bbox 200 2858 986 2893">
    <p class='ocr_par' dir='ltr' id='par_1_103' title="bbox 200 2858 986 2893">
     <span class='ocr_line' id='line_1_103' title="bbox 200 2858 986 2893; baseline 0.005 -11"><span class='ocrx_word' id='word_1_791' title='bbox 200 2858 415 2890; x_wconf 72' lang='lat' dir='ltr'><strong>accommodato;</strong></span> <span class='ocrx_word' id='word_1_792' title='bbox 429 2859 476 2886; x_wconf 75' lang='lat' dir='ltr'><strong>sed</strong></span> <span class='ocrx_word' id='word_1_793' title='bbox 486 2860 520 2886; x_wconf 76' lang='lat' dir='ltr'><strong>ita</strong></span> <span class='ocrx_word' id='word_1_794' title='bbox 534 2860 656 2893; x_wconf 63' lang='lat' dir='ltr'><strong>ascribit,</strong></span> <span class='ocrx_word' id='word_1_795' title='bbox 668 2861 740 2887; x_wconf 81' lang='lat' dir='ltr'><strong>utsit</strong></span> <span class='ocrx_word' id='word_1_796' title='bbox 755 2859 876 2888; x_wconf 76' lang='lat' dir='ltr'><strong>exterius</strong></span> <span class='ocrx_word' id='word_1_797' title='bbox 889 2859 986 2887; x_wconf 69' lang='lat' dir='ltr'><strong>auium</strong></span> 
     </span>
    </p>
   </div>
   <div class='ocr_carea' id='block_1_104' title="bbox 1037 2257 1830 2289">
    <p class='ocr_par' dir='ltr' id='par_1_104' title="bbox 1037 2257 1830 2289">
     <span class='ocr_line' id='line_1_104' title="bbox 1037 2257 1830 2289; baseline -0.004 0"><span class='ocrx_word' id='word_1_798' title='bbox 1037 2260 1192 2289; x_wconf 79' lang='lat' dir='ltr'><strong>Adamantii</strong></span> <span class='ocrx_word' id='word_1_799' title='bbox 1209 2259 1365 2287; x_wconf 86' lang='lat' dir='ltr'><strong>adversario</strong></span> <span class='ocrx_word' id='word_1_800' title='bbox 1382 2258 1448 2285; x_wconf 90' lang='lat' dir='ltr'><strong>vitio</strong></span> <span class='ocrx_word' id='word_1_801' title='bbox 1469 2258 1561 2285; x_wconf 91' lang='lat' dir='ltr'><strong>datum</strong></span> <span class='ocrx_word' id='word_1_802' title='bbox 1581 2257 1665 2285; x_wconf 71' lang='lat' dir='ltr'><strong>fuisse</strong></span> <span class='ocrx_word' id='word_1_803' title='bbox 1685 2258 1775 2286; x_wconf 86' lang='lat' dir='ltr'><strong>lector</strong></span> <span class='ocrx_word' id='word_1_804' title='bbox 1791 2259 1830 2286; x_wconf 64' lang='lat' dir='ltr'><strong>iur</strong></span> 
     </span>
    </p>
   </div>
   <div class='ocr_carea' id='block_1_105' title="bbox 1039 2304 1831 2342">
    <p class='ocr_par' dir='ltr' id='par_1_105' title="bbox 1039 2304 1831 2342">
     <span class='ocr_line' id='line_1_105' title="bbox 1039 2304 1831 2342; baseline -0.001 -9"><span class='ocrx_word' id='word_1_805' title='bbox 1039 2307 1152 2342; x_wconf 87' lang='lat' dir='ltr'><strong>telligat,</strong></span> <span class='ocrx_word' id='word_1_806' title='bbox 1165 2305 1236 2340; x_wconf 84' lang='lat' dir='ltr'><strong>quod</strong></span> <span class='ocrx_word' id='word_1_807' title='bbox 1250 2305 1284 2332; x_wconf 85' lang='lat' dir='ltr'><strong>ab</strong></span> <span class='ocrx_word' id='word_1_808' title='bbox 1300 2304 1360 2331; x_wconf 83' lang='lat' dir='ltr'><strong>aliis</strong></span> <span class='ocrx_word' id='word_1_809' title='bbox 1372 2304 1430 2332; x_wconf 89' lang='lat' dir='ltr'><strong>l&#39;ere</strong></span> <span class='ocrx_word' id='word_1_810' title='bbox 1444 2304 1580 2337; x_wconf 89' lang='lat' dir='ltr'><strong>objectum</strong></span> <span class='ocrx_word' id='word_1_811' title='bbox 1595 2309 1650 2336; x_wconf 87' lang='lat' dir='ltr'><strong>est,</strong></span> <span class='ocrx_word' id='word_1_812' title='bbox 1662 2304 1767 2332; x_wconf 64' lang='lat' dir='ltr'><strong>animo:</strong></span> <span class='ocrx_word' id='word_1_813' title='bbox 1781 2305 1831 2332; x_wconf 85' lang='lat' dir='ltr'><strong>sci-</strong></span> 
     </span>
    </p>
   </div>
   <div class='ocr_carea' id='block_1_106' title="bbox 1038 2351 1829 2386">
    <p class='ocr_par' dir='ltr' id='par_1_106' title="bbox 1038 2351 1829 2386">
     <span class='ocr_line' id='line_1_106' title="bbox 1038 2351 1829 2386; baseline -0.003 -5"><span class='ocrx_word' id='word_1_814' title='bbox 1038 2354 1102 2381; x_wconf 89' lang='lat' dir='ltr'><strong>licet</strong></span> <span class='ocrx_word' id='word_1_815' title='bbox 1116 2360 1216 2386; x_wconf 89' lang='lat' dir='ltr'><strong>corpus</strong></span> <span class='ocrx_word' id='word_1_816' title='bbox 1238 2359 1299 2379; x_wconf 89' lang='lat' dir='ltr'><strong>eum</strong></span> <span class='ocrx_word' id='word_1_817' title='bbox 1322 2351 1472 2384; x_wconf 84' lang='lat' dir='ltr'><strong>addidisse;</strong></span> <span class='ocrx_word' id='word_1_818' title='bbox 1493 2352 1540 2378; x_wconf 91' lang='lat' dir='ltr'><strong>sed</strong></span> <span class='ocrx_word' id='word_1_819' title='bbox 1565 2351 1700 2378; x_wconf 77' lang='lat' dir='ltr'><strong>veriorem</strong></span> <span class='ocrx_word' id='word_1_820' title='bbox 1720 2358 1738 2378; x_wconf 88' lang='lat' dir='ltr'><strong>e</strong></span> <span class='ocrx_word' id='word_1_821' title='bbox 1762 2360 1829 2379; x_wconf 86' lang='lat' dir='ltr'><strong>con-</strong></span> 
     </span>
    </p>
   </div>
   <div class='ocr_carea' id='block_1_107' title="bbox 1020 2396 1829 2432">
    <p class='ocr_par' dir='ltr' id='par_1_107' title="bbox 1020 2396 1829 2432">
     <span class='ocr_line' id='line_1_107' title="bbox 1020 2396 1829 2432; baseline -0.001 -6"><span class='ocrx_word' id='word_1_822' title='bbox 1020 2403 1026 2410; x_wconf 94' lang='lat'><strong><em>&#39;</em></strong></span> <span class='ocrx_word' id='word_1_823' title='bbox 1040 2399 1122 2427; x_wconf 81' lang='lat' dir='ltr'><strong>trario</strong></span> <span class='ocrx_word' id='word_1_824' title='bbox 1138 2397 1299 2425; x_wconf 87' lang='lat' dir='ltr'><strong>sententiam</strong></span> <span class='ocrx_word' id='word_1_825' title='bbox 1316 2397 1475 2432; x_wconf 75' lang='lat' dir='ltr'><strong>suggillasse</strong></span> <span class='ocrx_word' id='word_1_826' title='bbox 1486 2398 1513 2424; x_wconf 89' lang='lat' dir='ltr'><strong>in</strong></span> <span class='ocrx_word' id='word_1_827' title='bbox 1534 2397 1629 2424; x_wconf 88' lang='lat' dir='ltr'><strong>eodem</strong></span> <span class='ocrx_word' id='word_1_828' title='bbox 1642 2396 1829 2431; x_wconf 79' lang='lat' dir='ltr'><strong>Methodium,</strong></span> 
     </span>
    </p>
   </div>
   <div class='ocr_carea' id='block_1_108' title="bbox 1037 2443 1486 2478">
    <p class='ocr_par' dir='ltr' id='par_1_108' title="bbox 1037 2443 1486 2478">
     <span class='ocr_line' id='line_1_108' title="bbox 1037 2443 1486 2478; baseline -0.004 -5"><span class='ocrx_word' id='word_1_829' title='bbox 1037 2452 1099 2473; x_wconf 84' lang='lat' dir='ltr'><strong>cum</strong></span> <span class='ocrx_word' id='word_1_830' title='bbox 1117 2444 1244 2471; x_wconf 90' lang='lat' dir='ltr'><strong>deteriori</strong></span> <span class='ocrx_word' id='word_1_831' title='bbox 1262 2443 1320 2478; x_wconf 88' lang='lat' dir='ltr'><strong>ipse</strong></span> <span class='ocrx_word' id='word_1_832' title='bbox 1331 2443 1486 2471; x_wconf 74' lang='lat' dir='ltr'><strong>adbaeserit.</strong></span> 
     </span>
    </p>
   </div>
   <div class='ocr_carea' id='block_1_109' title="bbox 1073 2489 1826 2525">
    <p class='ocr_par' dir='ltr' id='par_1_109' title="bbox 1073 2489 1826 2525">
     <span class='ocr_line' id='line_1_109' title="bbox 1073 2489 1826 2525; baseline 0.001 -7"><span class='ocrx_word' id='word_1_833' title='bbox 1073 2490 1143 2518; x_wconf 73' lang='lat' dir='ltr'><strong>XVI.</strong></span> <span class='ocrx_word' id='word_1_834' title='bbox 1163 2489 1346 2517; x_wconf 82' lang='lat' dir='ltr'><strong>Proierendus</strong></span> <span class='ocrx_word' id='word_1_835' title='bbox 1361 2497 1468 2525; x_wconf 87' lang='lat' dir='ltr'><strong>quoque</strong></span> <span class='ocrx_word' id='word_1_836' title='bbox 1484 2490 1529 2518; x_wconf 90' lang='lat' dir='ltr'><strong>hic</strong></span> <span class='ocrx_word' id='word_1_837' title='bbox 1543 2496 1586 2518; x_wconf 88' lang='lat' dir='ltr'><strong>est</strong></span> <span class='ocrx_word' id='word_1_838' title='bbox 1598 2493 1670 2518; x_wconf 83' lang='lat' dir='ltr'><strong>alter</strong></span> <span class='ocrx_word' id='word_1_839' title='bbox 1693 2491 1826 2520; x_wconf 81' lang='lat' dir='ltr'><strong>Methodii</strong></span> 
     </span>
    </p>
   </div>
   <div class='ocr_carea' id='block_1_110' title="bbox 1035 2535 1826 2571">
    <p class='ocr_par' dir='ltr' id='par_1_110' title="bbox 1035 2535 1826 2571">
     <span class='ocr_line' id='line_1_110' title="bbox 1035 2535 1826 2571; baseline 0 -6"><span class='ocrx_word' id='word_1_840' title='bbox 1035 2538 1121 2571; x_wconf 83' lang='lat' dir='ltr'><strong>locus,</strong></span> <span class='ocrx_word' id='word_1_841' title='bbox 1137 2544 1170 2564; x_wconf 76' lang='lat' dir='ltr'><strong>ex</strong></span> <span class='ocrx_word' id='word_1_842' title='bbox 1188 2537 1258 2564; x_wconf 83' lang='lat' dir='ltr'><strong>libro</strong></span> <span class='ocrx_word' id='word_1_843' title='bbox 1280 2535 1317 2563; x_wconf 79' lang='lat' dir='ltr'><strong>De</strong></span> <span class='ocrx_word' id='word_1_844' title='bbox 1331 2537 1541 2563; x_wconf 72' lang='lat' dir='ltr'><strong>resurrectionza</strong></span> <span class='ocrx_word' id='word_1_845' title='bbox 1556 2535 1652 2564; x_wconf 81' lang='lat' dir='ltr'><strong>Photio</strong></span> <span class='ocrx_word' id='word_1_846' title='bbox 1666 2537 1826 2571; x_wconf 72' lang='lat' dir='ltr'><strong>decerptus,</strong></span> 
     </span>
    </p>
   </div>
   <div class='ocr_carea' id='block_1_111' title="bbox 1035 2581 1825 2618">
    <p class='ocr_par' dir='ltr' id='par_1_111' title="bbox 1035 2581 1825 2618">
     <span class='ocr_line' id='line_1_111' title="bbox 1035 2581 1825 2618; baseline 0 -9"><span class='ocrx_word' id='word_1_847' title='bbox 1035 2583 1106 2610; x_wconf 89' lang='lat' dir='ltr'><strong>unde</strong></span> <span class='ocrx_word' id='word_1_848' title='bbox 1122 2582 1244 2617; x_wconf 80' lang='lat' dir='ltr'><strong>proxime</strong></span> <span class='ocrx_word' id='word_1_849' title='bbox 1259 2582 1385 2609; x_wconf 86' lang='lat' dir='ltr'><strong>laudatus</strong></span> <span class='ocrx_word' id='word_1_850' title='bbox 1397 2581 1488 2609; x_wconf 82' lang='lat' dir='ltr'><strong>itidem</strong></span> <span class='ocrx_word' id='word_1_851' title='bbox 1507 2582 1608 2616; x_wconf 86' lang='lat' dir='ltr'><strong>petitus</strong></span> <span class='ocrx_word' id='word_1_852' title='bbox 1622 2587 1687 2609; x_wconf 82' lang='lat' dir='ltr'><strong>est;</strong></span> <span class='ocrx_word' id='word_1_853' title='bbox 1705 2583 1825 2618; x_wconf 69' lang='grc' dir='ltr'>’Δνθρω</span> 
     </span>
    </p>
   </div>
   <div class='ocr_carea' id='block_1_112' title="bbox 1034 2627 1825 2663">
    <p class='ocr_par' dir='ltr' id='par_1_112' title="bbox 1034 2627 1825 2663">
     <span class='ocr_line' id='line_1_112' title="bbox 1034 2627 1825 2663; baseline -0.003 -7"><span class='ocrx_word' id='word_1_854' title='bbox 1034 2637 1094 2661; x_wconf 80' lang='grc' dir='ltr'>πος,</span> <span class='ocrx_word' id='word_1_855' title='bbox 1112 2629 1188 2663; x_wconf 73' lang='grc' dir='ltr'>φησι,</span> <span class='ocrx_word' id='word_1_856' title='bbox 1203 2627 1311 2662; x_wconf 80' lang='grc' dir='ltr'>λέγεται</span> <span class='ocrx_word' id='word_1_857' title='bbox 1333 2627 1405 2655; x_wconf 81' lang='grc' dir='ltr'><strong>κατὰ</strong></span> <span class='ocrx_word' id='word_1_858' title='bbox 1432 2627 1512 2662; x_wconf 76' lang='grc' dir='ltr'>φύσιν</span> <span class='ocrx_word' id='word_1_859' title='bbox 1539 2627 1711 2662; x_wconf 75' lang='grc' dir='ltr'><strong>ἀληθέστατα</strong></span> <span class='ocrx_word' id='word_1_860' title='bbox 1728 2648 1736 2660; x_wconf 92' lang='grc'><strong>,</strong></span> <span class='ocrx_word' id='word_1_861' title='bbox 1764 2628 1825 2655; x_wconf 74' lang='grc' dir='ltr'>οὔτε</span> 
     </span>
    </p>
   </div>
   <div class='ocr_carea' id='block_1_113' title="bbox 1033 2683 1823 2718">
    <p class='ocr_par' dir='ltr' id='par_1_113' title="bbox 1033 2683 1823 2718">
     <span class='ocr_line' id='line_1_113' title="bbox 1033 2683 1823 2718; baseline -0.004 -6"><span class='ocrx_word' id='word_1_862' title='bbox 1033 2686 1233 2717; x_wconf 89' lang='lat' dir='ltr'><strong>indumentum,</strong></span> <span class='ocrx_word' id='word_1_863' title='bbox 1245 2692 1296 2712; x_wconf 93' lang='lat' dir='ltr'><strong>nec</strong></span> <span class='ocrx_word' id='word_1_864' title='bbox 1309 2685 1407 2711; x_wconf 75' lang='lat' dir='ltr'><strong>anima:</strong></span> <span class='ocrx_word' id='word_1_865' title='bbox 1416 2689 1540 2711; x_wconf 87' lang='lat' dir='ltr'><strong>naturam</strong></span> <span class='ocrx_word' id='word_1_866' title='bbox 1558 2684 1584 2710; x_wconf 94' lang='lat' dir='ltr'><strong>in</strong></span> <span class='ocrx_word' id='word_1_867' title='bbox 1598 2690 1718 2718; x_wconf 86' lang='lat' dir='ltr'><strong>corpore</strong></span> <span class='ocrx_word' id='word_1_868' title='bbox 1735 2683 1823 2718; x_wconf 89' lang='lat' dir='ltr'><strong>ponit,</strong></span> 
     </span>
    </p>
   </div>
   <div class='ocr_carea' id='block_1_114' title="bbox 1033 2718 1822 2753">
    <p class='ocr_par' dir='ltr' id='par_1_114' title="bbox 1033 2718 1822 2753">
     <span class='ocr_line' id='line_1_114' title="bbox 1033 2718 1822 2753; baseline -0.001 -6"><span class='ocrx_word' id='word_1_869' title='bbox 1033 2721 1186 2748; x_wconf 79' lang='lat' dir='ltr'><strong>Platonicos</strong></span> <span class='ocrx_word' id='word_1_870' title='bbox 1207 2721 1257 2747; x_wconf 85' lang='lat' dir='ltr'><strong>hac</strong></span> <span class='ocrx_word' id='word_1_871' title='bbox 1284 2721 1310 2747; x_wconf 90' lang='lat' dir='ltr'><strong>in</strong></span> <span class='ocrx_word' id='word_1_872' title='bbox 1340 2728 1370 2746; x_wconf 93' lang='lat' dir='ltr'><strong>re</strong></span> <span class='ocrx_word' id='word_1_873' title='bbox 1385 2724 1509 2749; x_wconf 85' lang='lat' dir='ltr'><strong>secutus,</strong></span> <span class='ocrx_word' id='word_1_874' title='bbox 1527 2720 1759 2753; x_wconf 77' lang='lat' dir='ltr'><strong>quemadmodum</strong></span> <span class='ocrx_word' id='word_1_875' title='bbox 1773 2718 1822 2746; x_wconf 78' lang='lat' dir='ltr'><strong>ob-</strong></span> 
     </span>
    </p>
   </div>
   <div class='ocr_carea' id='block_1_115' title="bbox 1032 2754 1648 2789">
    <p class='ocr_par' dir='ltr' id='par_1_115' title="bbox 1032 2754 1648 2789">
     <span class='ocr_line' id='line_1_115' title="bbox 1032 2754 1648 2789; baseline -0.003 -7"><span class='ocrx_word' id='word_1_876' title='bbox 1032 2755 1202 2783; x_wconf 75' lang='lat' dir='ltr'><strong>servavimus</strong></span> <span class='ocrx_word' id='word_1_877' title='bbox 1217 2760 1314 2789; x_wconf 77' lang='lat' dir='ltr'><strong>quaest.</strong></span> <span class='ocrx_word' id='word_1_878' title='bbox 1331 2758 1347 2782; x_wconf 71' lang='lat' dir='ltr'><strong>Et</strong></span> <span class='ocrx_word' id='word_1_879' title='bbox 1362 2755 1394 2781; x_wconf 81' lang='lat' dir='ltr'><strong>de</strong></span> <span class='ocrx_word' id='word_1_880' title='bbox 1407 2755 1516 2789; x_wconf 70' lang='lat' dir='ltr'><strong>angelis,</strong></span> <span class='ocrx_word' id='word_1_881' title='bbox 1535 2762 1609 2780; x_wconf 89' lang='lat' dir='ltr'><strong>num.</strong></span> <span class='ocrx_word' id='word_1_882' title='bbox 1623 2754 1648 2781; x_wconf 76' lang='lat'><strong>5.</strong></span> 
     </span>
    </p>
   </div>
   <div class='ocr_carea' id='block_1_116' title="bbox 1069 2789 1818 2826">
    <p class='ocr_par' dir='ltr' id='par_1_116' title="bbox 1069 2789 1818 2826">
     <span class='ocr_line' id='line_1_116' title="bbox 1069 2789 1818 2826; baseline -0.003 -9"><span class='ocrx_word' id='word_1_883' title='bbox 1069 2791 1124 2826; x_wconf 78' lang='lat'><strong>(59)</strong></span> <span class='ocrx_word' id='word_1_884' title='bbox 1140 2789 1190 2816; x_wconf 81' lang='lat' dir='ltr'><strong>Hic</strong></span> <span class='ocrx_word' id='word_1_885' title='bbox 1201 2798 1261 2824; x_wconf 85' lang='lat' dir='ltr'><strong>ergo</strong></span> <span class='ocrx_word' id='word_1_886' title='bbox 1272 2791 1385 2824; x_wconf 83' lang='lat' dir='ltr'><strong>primum</strong></span> <span class='ocrx_word' id='word_1_887' title='bbox 1401 2789 1521 2823; x_wconf 78' lang='lat' dir='ltr'><strong>Origenis</strong></span> <span class='ocrx_word' id='word_1_888' title='bbox 1537 2789 1750 2826; x_wconf 21' lang='lat' dir='ltr'><strong>recilalaivcrba,</strong></span> <span class='ocrx_word' id='word_1_889' title='bbox 1766 2794 1818 2826; x_wconf 79' lang='lat' dir='ltr'><strong>etc.</strong></span> 
     </span>
    </p>
   </div>
   <div class='ocr_carea' id='block_1_117' title="bbox 1035 2824 1818 2859">
    <p class='ocr_par' dir='ltr' id='par_1_117' title="bbox 1035 2824 1818 2859">
     <span class='ocr_line' id='line_1_117' title="bbox 1035 2824 1818 2859; baseline 0 -8"><span class='ocrx_word' id='word_1_890' title='bbox 1035 2824 1102 2852; x_wconf 83' lang='lat' dir='ltr'><strong>Vide</strong></span> <span class='ocrx_word' id='word_1_891' title='bbox 1114 2824 1365 2852; x_wconf 80' lang='lat' dir='ltr'><strong>animadversiones</strong></span> <span class='ocrx_word' id='word_1_892' title='bbox 1376 2829 1484 2852; x_wconf 85' lang='lat' dir='ltr'><strong>nostras</strong></span> <span class='ocrx_word' id='word_1_893' title='bbox 1501 2825 1526 2850; x_wconf 90' lang='lat' dir='ltr'><strong>in</strong></span> <span class='ocrx_word' id='word_1_894' title='bbox 1546 2825 1616 2850; x_wconf 84' lang='lat' dir='ltr'><strong>hunc</strong></span> <span class='ocrx_word' id='word_1_895' title='bbox 1635 2825 1766 2859; x_wconf 79' lang='lat' dir='ltr'><strong>Origenis</strong></span> <span class='ocrx_word' id='word_1_896' title='bbox 1779 2824 1818 2851; x_wconf 82' lang='lat' dir='ltr'><strong>lo-</strong></span> 
     </span>
    </p>
   </div>
   <div class='ocr_carea' id='block_1_118' title="bbox 1035 2859 1639 2896">
    <p class='ocr_par' dir='ltr' id='par_1_118' title="bbox 1035 2859 1639 2896">
     <span class='ocr_line' id='line_1_118' title="bbox 1035 2859 1639 2896; baseline 0.002 -9"><span class='ocrx_word' id='word_1_897' title='bbox 1035 2868 1108 2894; x_wconf 89' lang='lat' dir='ltr'><strong>cum,</strong></span> <span class='ocrx_word' id='word_1_898' title='bbox 1121 2865 1194 2888; x_wconf 74' lang='lat' dir='ltr'><strong>torno</strong></span> <span class='ocrx_word' id='word_1_899' title='bbox 1208 2867 1227 2893; x_wconf 88' lang='grc' dir='ltr'><strong>ι,</strong></span> <span class='ocrx_word' id='word_1_900' title='bbox 1243 2859 1290 2888; x_wconf 82' lang='lat' dir='ltr'><strong>lib.</strong></span> <span class='ocrx_word' id='word_1_901' title='bbox 1308 2859 1344 2887; x_wconf 78' lang='lat' dir='ltr'><strong>Dr</strong></span> <span class='ocrx_word' id='word_1_902' title='bbox 1356 2865 1576 2896; x_wconf 49' lang='grc' dir='ltr'>ηειιηεςιιμρξκ.</span> <span class='ocrx_word' id='word_1_903' title='bbox 1593 2859 1639 2888; x_wconf 70' lang='lat'><strong>35.</strong></span> 
     </span>
    </p>
   </div>
  </div>
