1912 3079
73 125 129 153 913

493 124 780 153 ORIGENIANORUM
799 123 866 151 LIB.
884 122 917 156 ll,
935 122 1012 150 CAP.
1033 121 1065 154 li,
1085 119 1222 155 QUEST.
1242 118 1286 146 Ἦ.

1647 114 1702 143 9η

72 184 150 220 ψυχὴ
164 184 257 220 χωρῖς
275 191 408 219 σωματος,
420 182 476 210 οὔτ’
491 181 524 210 αὖ
536 183 617 211 πάλιν
635 184 715 219 σῶμα
729 183 813 219 χωρὶς
825 182 875 218 dm-

926 186 1063 209 rerurrect.
1077 179 1174 211 carnis,
1187 186 1247 214 cap.
1264 176 1299 205 ιο
1311 185 1319 204 :
1333 186 1342 202 ‹
1358 175 1449 204 Nacta:
1461 174 1575 210 denique
1586 174 1703 202 haereses

73 230 142 266 χῆς·
159 229 233 256 ἀλλὰ
255 229 287 256 τὸ
305 231 337 256 ὲκ
363 229 518 261 συστάσεως
528 229 618 265 ψυχῆς
632 230 679 256 καὶ
693 229 819 265 σώματος
834 230 874 261 εἰς

75 277 142 312 μίαν
151 277 206 313 τὴν
218 277 271 304 τοῦ
290 277 372 304 καλοῦ
384 276 491 313 μορφὴν
506 277 632 304 συντεθέν
641 286 648 294 ·
663 279 678 305 ὁ
690 277 712 304 δ’
734 277 873 313 Ὡριγένης

71 324 124 360 τὴν
140 323 237 360 ψυχὴν
270 323 353 359 μόνην
377 323 469 358 ἔλεγεν
483 323 691 360 ἀνθρωπον,ὤς
714 324 729 350 ὁ
749 322 873 352 Πλάτων.

75 379 87 396 ι
98 369 200 402 Homo,
219 370 320 405 inquit.
333 377 368 397 ex
379 373 478 397 natura
493 377 541 396 sua
555 368 697 396 verissime
713 369 814 396 dicitur
825 376 874 396 ne-

71 422 128 450 que
139 415 239 442 anima
259 415 316 443 sine
331 408 460 450 corpore,
477 422 564 448 neque
578 422 686 442 rursum
699 422 800 450 corpus
813 415 873 443 sine

73 462 187 494 anima;
212 462 264 490 sed
277 461 350 496 quod
374 469 407 488 ex
422 460 567 489 coalitionc
583 461 682 488 anima:
705 466 734 488 et
749 462 874 496 corporis

73 508 100 535 in
113 515 199 534 unam
215 507 327 542 pulchri
343 506 457 534 formam
477 506 621 534 conﬂatur.
637 506 767 542 Origenes
782 512 872 534 autem

74 554 196 581 animam
215 553 316 586 solant,
329 552 466 580 hominem
479 560 539 581 esse
549 553 628 586 dixit,
645 553 872 588 quemadmodum

72 604 100 626 et
117 598 208 626 Plato.
226 608 237 625 ι
260 599 369 627 Prostat
381 599 425 626 hic
442 606 551 634 quoque
572 599 648 627 locus
658 598 788 626 Methodii
803 598 873 632 apud

73 643 263 679 Epiphanium
282 644 379 671 haeres.
403 651 478 676 thv,
493 651 553 678 cap.
573 643 618 676 Π,
645 644 692 671 sed
708 643 751 671 hls
767 647 873 678 postre-

73 690 126 717 tnis
155 694 305 717 truncatus
330 690 441 718 verbis:
463 690 492 717 '0
505 689 528 716 δ’
553 689 695 725 Ὧριγὲνης
717 689 766 726 τὴν
784 689 873 724 ψυχὴν

74 735 160 771 μόνην
173 735 273 770 ἔλεγεν
285 736 438 772 ἄνθρωπον,
451 735 489 768 ὡς
502 736 517 763 ὁ
530 731 654 763 Πλάτων.
675 736 750 764 Eane
764 736 798 763 de
824 742 873 762 suo

74 782 213 809 addiderit
232 781 356 814 Photius,
376 790 409 809 an
434 782 587 810 detraxerit
611 781 801 818 Epiphanius,
826 781 872 817 qui

75 832 161 856 totam
182 827 318 855 Methodii
337 828 550 863 disputationem
567 829 594 856 in
608 829 744 864 epitomen
761 833 872 856 contra-

74 874 123 906 xit,
143 874 221 902 dictu
242 874 325 902 facile
342 881 396 902 non
422 879 475 902 est.
492 873 570 902 Adde
585 882 634 909 pro
657 881 703 907 eo,
717 875 732 901 ὸ
754 873 777 901 δ’
798 874 871 910 Ὦρι-

72 920 166 956 γὲνης,
179 924 353 948 contrariam
378 920 524 948 lectionem
548 920 710 949 Photianum
726 921 869 956 quemdam

73 967 195 994 codicem
208 966 360 999 exhibere;
374 973 434 994 eam
446 966 560 1000 scilicet,
577 967 630 994 οὐδ’
652 967 801 1004 Ὠριγένης.
815 966 871 995 Nec

74 1012 174 1039 mirum
188 1012 265 1040 foret
284 1019 299 1039 a
327 1011 441 1039 Platone
465 1012 610 1047 Origenem
633 1013 771 1046 recedere,
789 1020 869 1048 quem

73 1057 108 1084 ab
119 1058 217 1085 eodem
238 1059 389 1086 recessisse
407 1065 470 1085 mox
486 1058 615 1092 vidimus,
632 1066 693 1086 cum
708 1059 742 1086 de
760 1059 868 1092 animis,

72 1109 253 1137 corporeazne
270 1110 304 1130 an
322 1103 490 1138 incorporeas
501 1106 602 1135 essent,
617 1109 797 1138 quaereretur.

108 1149 142 1176 At
155 1148 301 1176 fatendum
315 1153 404 1176 tamen
417 1153 459 1176 est
470 1148 698 1184 Origenianorum
713 1148 869 1183 dogmatum

73 1194 271 1221 cohazrentiam
286 1201 319 1221 eo
334 1201 383 1221 nos
395 1193 568 1229 compellere,
584 1197 613 1220 ut
625 1193 713 1220 anima
727 1194 784 1222 sola
802 1201 869 1221 cun-

75 1245 148 1267 stare
157 1241 299 1269 hominem
309 1242 448 1270 censuisse
457 1243 513 1270 Ada
519 1243 650 1270 mantium
660 1244 791 1271 dicamus.
801 1243 869 1271 Nam

74 1286 96 1312 si
109 1285 208 1314 animae
224 1287 365 1315 vinculum
393 1292 420 1315 et
443 1295 539 1316 carcer
557 1297 657 1323 corpus
668 1293 720 1322 est,
736 1289 782 1324 qui
806 1296 870 1324 pars

75 1332 212 1360 hominem
231 1340 399 1369 componens
412 1334 563 1362 existimari
574 1335 693 1370 poterit?
707 1335 869 1370 Quanquam

76 1378 126 1404 alia
140 1379 236 1406 omnia
249 1380 327 1415 sequi
340 1380 448 1407 videtur
465 1381 559 1408 homil.
572 1381 643 1409 29in
657 1380 722 1409 Luc.
737 1389 799 1409 cum
813 1381 867 1408 ait:

78 1431 88 1448 ι
104 1422 201 1452 Omnis
216 1424 300 1452 homo
318 1425 401 1453 morti
417 1425 560 1460 subjacct;
589 1426 640 1454 iste
665 1434 730 1462 ergo
745 1426 792 1460 qui
821 1434 869 1454 ne-

75 1477 212 1505 quaquam
227 1471 354 1504 morilttr,
362 1471 418 1506 jam
429 1479 480 1499 non
492 1476 535 1499 est
547 1472 640 1505 homo,
654 1473 701 1500 sed
710 1472 780 1500 Deus
789 1477 831 1500 est
841 1480 864 1504 ς»

76 1524 155 1550 quem
169 1517 262 1545 locum
274 1517 416 1545 attulimus
430 1526 524 1553 supra,
539 1525 600 1546 cum
616 1519 818 1554 disputaremus
833 1527 866 1546 au
881 1534 903 1564 ο

76 1563 226 1590 crediderit
254 1563 392 1591 Christum
417 1564 555 1592 hominem
577 1571 639 1592 esse
655 1564 770 1592 desiisse
795 1569 868 1599 post-

77 1615 154 1642 quam
169 1614 295 1636 mortuus
311 1613 361 1637 est.
382 1608 520 1637 Christum
543 1610 578 1638 ibi
591 1610 647 1644 jam
663 1610 800 1638 hominem
814 1619 867 1638 non

76 1659 134 1682 esse
148 1655 352 1691 amrmat,quia
368 1657 448 1684 morti
462 1656 518 1692 jam
532 1657 647 1696 amplius
662 1658 797 1685 obnoxius
814 1646 867 1685 n.0n

78 1706 135 1728 est:
154 1702 283 1738 quisquis
298 1710 363 1737 ergo
384 1703 452 1730 mori
468 1711 521 1730 non
538 1708 639 1738 potest,
661 1703 743 1731 homo
761 1711 813 1731 non
827 1708 869 1731 est

78 1754 109 1774 ex
125 1747 253 1783 Origeuis
271 1749 426 1776 sententia:
447 1754 474 1776 at
490 1750 581 1776 anima
607 1750 726 1777 humana
754 1757 868 1784 corpore

79 1793 199 1828 Scjuncta
218 1795 290 1822 mori
312 1803 364 1822 non
377 1800 485 1830 potest:
501 1796 592 1823 anima
613 1795 695 1831 igitur
709 1803 742 1823 ex
759 1796 868 1823 decreto

79 1838 201 1875 Origenis
217 1841 299 1868 homo
311 1849 362 1869 nou
375 1845 425 1868 est.
437 1841 515 1875 Quod
535 1842 637 1877 absque
664 1841 778 1876 ambage
790 1849 866 1869 asse-

80 1883 123 1917 rit,
142 1885 198 1913 hiec
215 1887 299 1913 verba
313 1887 410 1922 psalmi
424 1894 520 1918 cxvut,
535 1894 607 1914 vers.
625 1887 670 1921 50,
685 1887 868 1922 interpretans

81 1929 104 1955 in
116 1930 216 1959 Catena
235 1932 416 1964 Corderiana,
432 1940 494 1967 pag.
507 1932 579 1961 802:
596 1932 661 1960 Ηωο
677 1941 716 1960 me
732 1934 868 1961 comatum

79 1981 115 2002 est
131 1977 157 2003 in
172 1977 325 2004 humilitate
339 1986 407 2005 mea.
418 1978 479 2014 Ζωὴ
492 1979 509 2014 ἡ
527 1978 671 2013 μέλλουσα,
687 1980 784 2014 inquit,
794 1979 868 2007 ἔστιν

79 2021 246 2055 ἁναζώωσις,
264 2023 333 2050 καθὸ
346 2024 396 2060 τὴν
417 2023 516 2060 ψυχὴν,
542 2025 592 2052 οὐχ
610 2025 678 2052 ιδίαν
693 2025 783 2061 ζωὴν,
806 2027 868 2054 οὐδὲ

80 2068 161 2105 ἀληθῆ
176 2068 247 2096 εἶναι
258 2070 441 2106 μανθάνομεν,
451 2070 587 2106 εἴπεροὺκ
599 2071 740 2107 ἄνθρωπος
752 2073 768 2108 ὴ
782 2072 865 2109 ψυχήι

79 2115 102 2140 ti
117 2115 171 2152 γὰρ
184 2117 212 2143 ὲν
224 2118 257 2152 τῇ
273 2117 334 2143 καθ’
347 2117 448 2152 ἑαυτὴν
459 2116 514 2153 ζωῇ
526 2117 556 2144 τὸ
564 2117 664 2153 ἀληθὲς
676 2117 733 2154 εἶχε
745 2119 791 2146 τοῦ
806 2119 866 2155 ζῇν,

79 2161 126 2188 οὐκ
135 2162 166 2189 ἂν
174 2162 362 2195 ἁναζωώσεως
378 2164 392 2189 ό
406 2163 546 2198 τεθνηκὼς
555 2164 640 2191 ἐδεῖτο
650 2173 656 2180 ·
671 2165 711 2191 διὸ
723 2166 770 2193 καὶ
785 2166 799 2192 ὁ
813 2165 866 2193 Κύ-

923 228 992 255 duos
1003 226 1125 254 homines
1141 225 1176 253 ab
1191 223 1321 260 Apostolo
1333 223 1432 255 editos,
1445 222 1610 252 interiorem,
1627 220 1654 247 id
1665 224 1707 247 est

924 273 1061 306 animam;
1080 276 1107 299 et
1131 270 1304 302 exteriorem,
1325 269 1352 296 id
1371 272 1413 296 est
1435 274 1564 300 carnem;
1592 265 1706 292 salutem

920 319 1031 354 quidem
1042 317 1150 351 animae,
1164 317 1191 344 id
1203 321 1245 344 est
1255 315 1376 343 interiori
1387 314 1488 342 homini
1500 321 1507 346 ;
1519 312 1631 340 exitium
1640 318 1706 339 vero

924 365 1009 399 carni,
1024 364 1051 391 id
1064 368 1106 391 est
1113 362 1244 391 exteriori
1257 361 1489 397 adjudicaverunt,
1502 359 1566 394 quia
1574 357 1705 392 scriptum

924 411 958 438 sit
968 409 1135 438 Corinthiis:
1155 407 1227 435 Nam
1248 407 1296 435 etsi
1314 407 1390 433 homo
1410 410 1498 432 noster
1508 404 1625 431 exterior
1645 410 1705 430 eor-

924 459 1066 491 rumpitur,
1075 456 1120 484 sed
1131 455 1242 482 interior
1249 458 1388 481 renouatur
1396 452 1428 479 de
1438 451 1480 478 die
1491 455 1515 478 et
1524 450 1567 477 die
1573 450 1608 477 ".
1621 448 1707 476 Porro

923 511 974 532 nec
990 503 1078 530 anima
1090 509 1138 538 per
1150 500 1321 534 semetipsam
1332 499 1423 531 homo,
1437 504 1497 532 qua:
1512 496 1639 530 ﬁgmento
1648 494 1705 530 jam

925 549 1027 577 homini
1042 547 1174 584 appellato
1188 550 1282 581 postea
1294 545 1396 572 inserta
1413 548 1476 574 est;
1501 549 1551 570 nec
1566 549 1630 569 caro
1645 540 1706 568 sine

925 596 1013 623 anima
1027 595 1118 626 homo,
1133 600 1192 628 quae
1206 595 1266 627 post
1279 590 1403 619 exsilium
1419 589 1517 616 animae
1535 587 1651 615 cadaver
1665 587 1708 613 in-

923 641 1063 669 scribitur.
1083 650 1093 666 ι
1106 639 1153 666 His
1172 636 1308 666 haereticis
1318 642 1445 663 assensus
1461 639 1503 672 est
1523 632 1667 668 Origenes,
1678 636 1707 660 et

924 690 985 722 post
995 686 1137 720 Origenem
1149 683 1284 712 Arnobius
1298 681 1344 709 lib.
1359 689 1379 708 ll
1389 680 1497 708 Adears.
1507 685 1575 714 gent.
1589 687 1598 707 :
1612 688 1622 704 ι
1637 678 1708 711 Quid

924 734 996 763 enim
1009 739 1102 760 sumus
1119 730 1254 762 homines,
1272 728 1370 764 inquit,
1387 727 1440 755 nisi
1464 727 1562 754 animat
1585 724 1708 759 corpori—

924 780 975 808 bus
988 779 1105 807 clausae?
1119 787 1129 804 ι
1145 781 1172 805 et
1188 775 1272 803 multo
1291 778 1354 810 post
1371 773 1472 809 liugoa
1483 772 1585 800 Sancto
1599 771 1709 799 Victore

926 826 972 854 lib.
982 834 1001 854 tt
1019 825 1058 852 De
1066 827 1224 852 sacrament.
1237 822 1310 857 fidei.
1325 826 1394 856 part.
1405 828 1425 852 ι,
1438 819 1554 854 capuli,
1566 826 1627 845 cutn
1643 825 1707 852 pro-

887 859 908 888 B
923 872 989 900 bare
1001 871 1082 899 vellet
1097 873 1154 898 toto
1175 869 1221 896 illo
1241 867 1331 895 triduo
1347 873 1401 901 quo
1419 864 1547 893 Christus
1570 864 1655 899 jacuit
1680 863 1708 891 in

922 917 1047 953 sepulcro
1061 916 1178 944 Verbum
1195 913 1331 943 hominem
1344 913 1451 940 fuisse:
1480 911 1532 938 hac
1555 910 1626 938 enim
1661 917 1708 937 ra-

924 963 997 991 tione
1011 963 1107 993 utitur.
1120 961 1177 989 sola
1198 961 1287 987 anima
1304 963 1432 987 coastare
1447 956 1595 989 hominem,
1610 955 1708 983 anima:

922 1014 1012 1038 autem
1028 1008 1130 1037 Christi
1143 1015 1158 1035 a
1169 1014 1284 1042 corpore
1301 1005 1442 1039 disjuacue
1463 1003 1610 1031 adhaesisse
1637 1002 1707 1030 Ver-

923 1056 998 1089 bum,
1012 1054 1130 1083 Verbnm
1145 1053 1227 1088 igitur
1241 1051 1325 1080 nihilo
1339 1051 1428 1078 minus
1444 1049 1528 1077 fuisse
1548 1049 1685 1077 hominem
1698 1068 1706 1081 .

922 1109 1005 1138 quam
1018 1101 1082 1129 dum
1095 1100 1185 1128 anima
1205 1098 1314 1134 corpori
1340 1101 1414 1126 esset
1427 1103 1558 1124 connexa.
1587 1095 1709 1130 Denique

921 1149 1077 1184 opinionem
1090 1147 1213 1175 eamdem
1233 1145 1317 1172 tuitus
1338 1149 1382 1172 est
1410 1150 1572 1179 proavorum
1604 1147 1712 1170 nostro-

922 1203 982 1223 rum
1004 1194 1136 1222 memoria
1154 1193 1319 1221 Franciscus
1342 1191 1474 1226 Georgius
1495 1195 1561 1218 tom.
1575 1189 1603 1222 l,
1617 1188 1706 1225 probl.

920 1241 966 1275 26,
980 1241 1026 1269 ‘27.

957 1285 1039 1314 XVII.
1061 1284 1170 1314 Credita
1198 1284 1243 1312 illa
1263 1288 1291 1311 et
1314 1288 1419 1311 asserta
1443 1283 1479 1310 ob
1504 1281 1621 1317 Origene
1650 1280 1709 1307 ani-

922 1340 1026 1360 marum
1041 1330 1217 1368 προΰπαρξις
1229 1329 1384 1358 earumdem
1402 1335 1511 1364 quoque
1533 1326 1709 1364 μετενσωμά-

919 1387 1002 1405 τωσιν
1015 1385 1066 1406 cur
1078 1378 1246 1410 admitteret,
1260 1383 1351 1404 causa
1369 1374 1431 1408 fuit,
1451 1379 1480 1401 ut
1493 1373 1611 1401 diximus
1625 1381 1632 1399 :
1645 1379 1706 1399 natn

920 1432 982 1452 cum
998 1425 1104 1451 animas
1114 1431 1162 1458 pro
1175 1427 1360 1458 peccatorum,
1379 1421 1545 1448 virtutumve
1557 1419 1664 1448 ratione
1680 1423 1709 1446 et

920 1471 1012 1502 modo,
1027 1469 1236 1505 velangelorum
1249 1468 1380 1503 consequi
1395 1466 1564 1501 dignitatem,
1579 1465 1620 1493 vel
1633 1472 1709 1492 cras-

920 1516 1038 1543 sioribus
1047 1514 1202 1546 hominum,
1221 1513 1409 1540 daemonumve
1424 1509 1707 1546 corporibusadnecti,

919 1569 946 1590 et
963 1566 1093 1598 perpetua
1119 1565 1227 1588 utentes
1250 1559 1356 1587 arbitrii
1382 1559 1524 1591 libertate,
1542 1557 1640 1585 iterum
1658 1557 1708 1584 ite-

919 1615 1034 1643 rumque
1049 1607 1092 1634 vel
1103 1610 1177 1634 recte
1194 1605 1236 1633 vel
1250 1604 1320 1632 male
1330 1611 1411 1639 agere
1423 1611 1505 1639 posse
1515 1603 1649 1635 crederet,
1662 1609 1709 1629 ne-

918 1654 1038 1682 cessaria
1054 1656 1275 1689 argumentorum
1288 1650 1482 1685 consequentia
1502 1656 1536 1677 eo
1550 1648 1708 1676 adducebao

919 1694 974 1731 tdr,
987 1702 1018 1725 ut
1035 1698 1140 1724 animas
1154 1697 1293 1723 hominum
1309 1695 1407 1722 iterum
1430 1695 1585 1729 iterumque
1615 1694 1708 1721 subire

919 1752 998 1780 posse
1015 1744 1150 1771 fateretur
1177 1742 1317 1769 hominum
1345 1749 1460 1776 corpora
1476 1740 1517 1768 vel
1544 1741 1706 1767 dicmonutn.

917 1791 1006 1826 Atque
1025 1790 1069 1817 illa
1087 1794 1194 1817 esttam
1210 1790 1367 1821 decantata,
1386 1789 1467 1816 toties
1482 1787 1593 1822 explosa
1609 1786 1707 1822 Orige-

918 1837 961 1864 nis
975 1835 1230 1872 μετενσωμάτωσις,
1251 1835 1329 1871 quasi
1346 1835 1433 1867 dicas,
1449 1834 1707 1868 transicorparatio;

918 1891 978 1919 quae
989 1889 1015 1911 et
1025 1882 1236 1919 μετεμψύχωσις
1252 1881 1381 1917 appellari
1393 1886 1492 1916 potest,
1508 1880 1580 1916 quod
1594 1879 1709 1907 reddere

918 1937 1013 1965 queas,
1031 1928 1274 1956 transiuanimatio.
1288 1927 1404 1954 Pulchre
1417 1927 1551 1961 dogmatis
1565 1926 1708 1961 utriusque

918 1975 1115 2002 connexionem
1131 1974 1200 2001 vidit
1215 1974 1363 2008 Gregorius
1384 1973 1523 2009 Nyssenus
1539 1973 1609 2008 apud
1625 1972 1708 1999 Justi-

918 2021 1028 2048 nianum
1044 2020 1072 2048 in
1086 2020 1201 2056 epistola
1218 2019 1252 2047 ad
1268 2019 1374 2047 Menam
1397 2020 1580 2055 patriarcham
1594 2039 1602 2051 ,
1625 2023 1653 2046 et
1679 2018 1707 2046 in

916 2067 1035 2101 Origene
1047 2066 1232 2102 reprehendit.
1250 2066 1483 2099 Quemadmodum
1508 2068 1596 2092 autem
1617 2064 1708 2099 dupli-

917 2113 986 2140 citer
1002 2119 1053 2139 vox
1071 2111 1134 2144 ista,
1152 2110 1373 2147 μετεμψύχωσις,
1389 2109 1469 2144 vulgo
1485 2112 1644 2143 usurpatur,
1663 2107 1707 2134 vel

918 2166 966 2193 pro
983 2158 1099 2185 transitu
1112 2157 1209 2184 animae
1219 2164 1252 2184 ex
1262 2156 1382 2183 humano
1394 2163 1509 2191 corpore
1523 2155 1550 2182 in
1559 2155 1708 2182 humanum

81 2215 134 2242 ριος
146 2210 208 2241 τοὺς
222 2209 374 2241 τεθνεῶτας
388 2210 447 2245 Θεῷ
465 2209 513 2246 ζῇν
522 2208 609 2241 εἶπεν,
630 2211 667 2243 ὡς
684 2211 760 2238 οῦπω
775 2212 806 2238 τὸ
817 2211 866 2248 ζῇν

921 2211 1031 2239 corpus;
1048 2203 1090 2231 vel
1106 2211 1154 2238 pro
1167 2202 1329 2238 migratione
1344 2202 1443 2230 animae
1456 2209 1489 2230 ex
1514 2203 1633 2230 humano
1648 2208 1710 2229 cor-

81 2253 195 2289 ἔχοντας,
212 2256 284 2291 πλὴν
292 2256 354 2282 ὅσον
374 2257 402 2282 ὲν
411 2255 525 2291 δυνάμει
539 2256 606 2283 Θεοῦ
617 2256 664 2283 τοῦ
680 2257 863 2293 ζωοποιήσαν-

80 2307 131 2332 τος,
146 2303 192 2329 καὶ
210 2303 380 2330 ἀπολωλέναι
395 2303 477 2338 φησὶν
495 2303 604 2334 αὐτοὺς,
621 2304 645 2329 ει
661 2302 698 2339 μὴ
721 2303 772 2338 τῆς
796 2305 864 2331 ἀνα-

82 2346 198 2381 στάσεως
225 2349 343 2384 τύχοιεν.
368 2349 540 2377 Concurrunt
559 2349 616 2376 ha:c
644 2349 759 2376 adversa
775 2349 865 2377 fronte

81 2400 140 2421 cum
159 2396 358 2431 superioribus,
378 2401 406 2423 et
417 2395 550 2423 alterutra
569 2395 649 2422 cadat
664 2395 802 2423 accusatio
814 2403 863 2423 ne-

82 2445 182 2468 cessum
202 2446 253 2469 est.

114 2487 210 2516 Anima
231 2489 288 2517 sola
309 2494 435 2517 constare
454 2489 590 2516 hominem
605 2489 772 2517 asseveravit
787 2489 864 2516 Plato

83 2530 108 2558 in
129 2533 262 2562 Alcibiade
283 2543 312 2568 ι,
344 2542 424 2569 quem
449 2540 560 2562 secutus
583 2539 626 2562 est
649 2534 772 2562 Plotinus
790 2534 862 2562 Enn.

83 2572 232 2606 lib.t.llanc
247 2579 422 2611 sententiam,
432 2584 539 2607 veteres
553 2584 661 2607 secutus
674 2580 862 2612 Academicos,

84 2619 215 2650 damnarit
232 2623 329 2657 Varro,
359 2628 388 2650 ut
407 2627 449 2650 est
464 2623 535 2658 apud
557 2623 735 2658 Augustinum
752 2623 798 2650 lib.
816 2630 862 2650 xtx

84 2663 118 2691 De
135 2668 203 2696 civit.
221 2669 281 2703 Dei,
293 2677 354 2704 cap.
368 2670 394 2697 5.
408 2669 524 2697 instituti
543 2677 608 2697 vero
620 2677 634 2697 a
649 2669 761 2697 Platone
777 2670 863 2697 luere-

85 2712 125 2739 lici
141 2715 259 2750 quidam,
281 2716 500 2751 sententiamque
516 2715 575 2750 ejus
599 2717 738 2750 assectati,
758 2715 866 2743 Tertul-

85 2755 142 2786 liani
158 2762 363 2797 castigationem
382 2766 535 2791 senserunt.
549 2762 595 2791 Sic
608 2762 680 2791 enim
697 2762 741 2790 ille
767 2762 815 2790 lib.
830 2761 867 2790 De

103 2846 168 2876 "'ll
188 2850 248 2880 Cor.
267 2860 305 2887 ιν,
323 2852 364 2881 16.

919 2257 983 2285 pore
999 2250 1024 2277 in
1041 2250 1140 2285 planta:
1153 2257 1253 2284 corpus
1265 2249 1306 2276 vel
1325 2250 1447 2284 pecudis,
1461 2256 1541 2284 quam
1553 2255 1710 2284 propugna-

919 2297 957 2323 vit
969 2296 1147 2331 Pythagoras,
1164 2302 1300 2331 quamque
1318 2295 1449 2330 peculiari
1478 2295 1570 2323 libello
1598 2294 1709 2322 iambli-

918 2343 986 2370 chus
1000 2343 1150 2370 confutavit
1164 2349 1172 2369 :
1192 2342 1227 2370 ita
1241 2342 1320 2377 juxta
1347 2341 1540 2377 Origenianam
1554 2341 1708 2369 doctrinam

919 2388 1109 2423 distinguenda
1126 2393 1168 2416 est
1191 2388 1316 2423 migratio
1343 2388 1443 2415 anima:
1460 2389 1566 2416 ratione
1588 2387 1709 2422 praedita:

918 2442 933 2462 e
946 2434 1062 2467 cmlcsti,
1074 2435 1116 2462 vel
1129 2435 1256 2466 humano.
1270 2434 1313 2461 vel
1325 2434 1476 2462 daemonica
1489 2441 1603 2468 corpore
1615 2433 1641 2460 in
1660 2439 1719 2468 pe-t

917 2481 994 2508 cudis
1008 2488 1118 2516 corpus,
1129 2485 1157 2508 et
1171 2480 1292 2508 vicissim
1306 2490 1313 2513 ;
1339 2488 1354 2507 a
1377 2480 1540 2515 migratione
1552 2480 1650 2506 animae
1662 2487 1708 2506 ra-

919 2527 1028 2555 tionalis
1055 2535 1116 2563 quae
1139 2534 1253 2562 corpora
1274 2527 1346 2555 inter
1361 2526 1487 2554 ctelestia
1501 2546 1509 2558 ,
1532 2526 1650 2553 humana
1679 2529 1708 2553 et

917 2575 1093 2607 daemoniaca,
1104 2574 1172 2601 citra
1186 2574 1314 2606 belluina,
1324 2573 1410 2600 aliave
1424 2572 1706 2608 quielibetperticitur.

917 2622 1006 2655 Atque
1020 2619 1091 2647 hanc
1105 2620 1284 2655 posteriorem
1303 2620 1400 2646 tuitum
1411 2625 1472 2646 esse
1485 2618 1643 2653 Origenem,
1661 2623 1707 2645 αισι

918 2674 982 2703 pote
994 2675 1026 2694 ex
1044 2667 1103 2703 ejus
1115 2671 1204 2702 aptam
1232 2666 1383 2702 principiis,
1408 2666 1500 2700 negari
1531 2673 1584 2692 non
1603 2669 1704 2700 potest.

921 2715 998 2744 Unde
1011 2721 1161 2750 anonytnus
1189 2713 1277 2740 Photii
1298 2714 1358 2741 cod.
1377 2721 1461 2745 cxvu,
1479 2712 1614 2747 culpatum
1642 2720 1704 2740 eum

923 2761 1014 2795 refert,
1026 2762 1097 2796 quod
1113 2761 1212 2789 dixerit
1227 2770 1234 2787 :
1249 2761 1290 2788 ὅτι
1305 2761 1322 2796 ἡ
1335 2759 1382 2787 τοῦ
1394 2759 1521 2796 Σωτῆρος
1533 2759 1616 2796 ψυχὴ,
1633 2758 1707 2796 mea
