1912 3079
228 132 279 161 915

872 132 902 161 P.
923 131 1080 160 DANIELIS
1095 131 1213 160 HUETII

1791 130 1844 157 910

233 189 320 225 ’Δδὰμ
330 188 375 226 ἧν.
393 199 404 217 α
421 190 573 219 Scrutaris
592 190 720 224 animam,
735 190 819 226 ipsam
832 190 928 218 Adami
943 191 996 219 ani-

1053 189 1147 221 οὐσίας
1156 188 1251 224 αὐτῆς,
1282 188 1327 215 καὶ
1343 188 1406 225 περὶ
1426 188 1480 216 τῶν
1493 187 1583 224 ἀρχῶν
1608 187 1714 223 αὐτῆς,
1731 187 1786 213 οὐκ
1810 187 1844 213 ἂν

229 243 300 263 mam
314 236 396 263 fuisse
412 245 419 263 :
441 246 450 262 ι
462 237 538 270 quod
550 237 585 263 ita
601 236 715 271 accipio,
728 243 790 271 qua
806 235 894 263 fuerat
905 236 1001 263 Adami

227 282 334 313 anima,
353 288 411 308 eam
431 282 457 308 In
471 288 571 315 corpus
586 281 738 309 Senatoris
754 281 845 308 multis
871 286 932 316 post
954 289 1003 308 sa.-

229 326 296 353 eulis
311 325 463 353 transiisse.
481 326 555 354 Unde
575 332 602 354 et
621 327 786 362 Theophilus
805 326 946 360 Origenem
963 327 1004 353 (Il-

227 371 300 398 xisse
314 372 353 398 ait
365 372 501 400 hominem
516 373 639 400 crebrius
653 373 740 405 mori;
757 372 829 407 quod
857 380 909 400 non
926 372 1004 400 aliter

226 415 355 451 intelligo,
375 424 455 451 quam
473 417 576 444 animas
597 424 780 452 saepenumero
807 424 823 444 e
846 417 1003 452 corporibus

225 461 253 489 In
268 468 382 495 corpora
398 462 525 495 transire,
538 467 564 489 et
578 462 863 498 μετενσωματοῦσθαι.

261 506 352 534 XVIII.
378 507 477 534 Verum
500 508 616 542 priorem
635 514 743 542 quoque
772 507 999 542 μετεμψύχωσιν,

224 558 284 586 qnte
296 551 474 587 Pythagorica
484 557 535 585 est,
563 553 681 580 tenuisse
706 552 780 579 illttm
796 558 904 581 veteres
925 554 1002 581 multi

224 598 418 625 vociferamur.
431 599 544 626 Crimitti
566 598 592 625 id
606 598 656 632 ipsi
672 598 764 625 datum
789 598 872 626 fuisse
891 604 1003 626 narrant

223 641 378 678 Pamphilus
394 643 420 670 in
431 644 570 678 Apologia,
587 647 614 670 et
628 650 698 678 saepe
711 643 837 672 laudatus
853 652 1002 680 anonymus

223 688 326 716 Photii.
342 681 619 724 Hieronymus,-cujus
635 690 715 717 verba
731 697 812 725 supra
830 690 1002 717 recitavimus

222 740 256 759 ex
267 733 346 767 epist.
363 732 406 766 59,
423 733 454 760 ad
470 733 552 764 Avit.,
571 741 631 769 cap.
648 734 674 767 1,
687 734 705 760 2
717 739 744 761 et
754 734 782 767 4,
793 739 821 762 et
835 734 882 762 lib.
899 742 919 762 ιι
930 735 1001 769 Apa-

222 777 276 812 log.
291 778 393 805 advers.
405 777 505 812 Ruﬁn.,
526 786 586 813 cap.
602 779 631 811 Δ,
653 778 799 814 Origenem
824 780 935 807 incessit
958 788 1002 807 er-

221 822 292 850 ro'ris
304 822 421 857 ejusdem
449 824 576 858 nomine,
591 832 671 859 quem
693 824 761 853 libro
778 833 788 852 t
808 826 877 860 Περὶ
900 826 1000 861 ἀρχῶν

221 867 314 895 haberi
332 868 407 895 dicit.
424 868 495 896 Loca
508 869 564 903 ipsa
574 870 700 905 Origenis
712 871 855 905 descripsit
866 871 999 899 Justinia-

221 919 271 939 nus
282 912 313 940 ad
331 913 430 940 calcem
445 915 566 949 epistolae
580 916 613 942 ad
629 915 745 948 Menam,
765 924 825 951 qua:
843 924 904 944 eum
917 917 944 944 in
960 918 1001 945 his

220 956 295 986 libris
313 958 391 986 hodie
405 966 457 986 non
478 966 665 994 compareant,
693 961 838 990 verisimile
854 967 895 990 est
913 970 928 990 a
943 962 1000 990 ltu-

221 1004 276 1030 tino
305 1003 388 1032 fuisse
414 1012 569 1039 suppressa.
590 1006 716 1041 Pepercit
746 1008 847 1036 nomini
875 1008 1000 1043 Origenis

218 1047 391 1084 Philastrius,
402 1058 458 1078 rem
468 1052 551 1086 ipsam
569 1054 667 1088 tetigit,
681 1059 762 1089 atque
775 1055 826 1082 hoe
839 1061 999 1089 argumento

217 1095 378 1128 confutavit,
399 1099 471 1132 qttod
493 1098 581 1126 anima
605 1104 748 1134 postquam
772 1108 885 1136 corpore
912 1102 998 1129 soluta

217 1146 269 1174 est,
285 1142 312 1168 in
325 1141 413 1170 locum
426 1147 557 1171 statutum
575 1145 725 1173 deducatur
738 1147 772 1174 ab
786 1147 891 1182 angelo,
909 1152 939 1176 ut
951 1156 999 1184 pro

217 1187 323 1215 meritis
340 1189 395 1216 suis
407 1195 564 1218 exornetur.

252 1233 325 1262 XIX.
338 1235 422 1264 Recte
433 1236 539 1270 quidem
552 1238 718 1265 accusationi
737 1246 792 1266 sua:
805 1239 939 1268 consuluit
952 1239 998 1267 Ju-

217 1279 362 1313 stiniattus,
372 1288 431 1308 eum
443 1280 567 1316 Ortgenis
579 1283 659 1310 verba
668 1283 725 1318 ipsa
735 1284 888 1320 descripsit,
901 1287 999 1320 quibus

215 1323 365 1351 absurdum
382 1325 446 1353 illud
462 1331 489 1354 et
501 1327 613 1361 intpium
630 1328 724 1363 dogma
739 1330 911 1363 continetur;
942 1336 996 1358 tam

217 1368 405 1403 frequentibus
416 1371 514 1406 quippe
527 1377 555 1399 et
572 1374 673 1407 apertis
691 1374 854 1402 testimoniis
869 1375 934 1404 alibi
953 1384 995 1403 re-

215 1414 337 1448 pudiavit
353 1415 427 1442 illum
443 1417 631 1450 Adamantius,
652 1423 679 1446 et
701 1419 847 1453 damnavit,
867 1421 910 1448 vix
930 1426 958 1449 ιιι
971 1422 996 1449 in

215 1460 335 1488 animum
352 1461 480 1490 inducere
493 1464 604 1497 possim.
622 1464 769 1497 hominem,
789 1474 841 1494 non
865 1467 920 1502 jam
938 1468 997 1496 dico

215 1513 323 1534 summa
351 1507 490 1536 ﬂorentem
503 1510 653 1538 eruditione
679 1515 708 1538 et
731 1512 850 1546 ingenio,
871 1514 917 1541 sed
944 1522 995 1541 non

214 1555 368 1582 vazeordem
380 1555 491 1583 omnino
500 1560 528 1583 et
538 1556 674 1590 insanutn,
687 1562 742 1585 tam
758 1561 934 1593 repugnantia
945 1562 995 1589 sibi

214 1604 244 1627 et
257 1601 395 1627 contraria
418 1609 471 1629 uno
495 1604 644 1638 eodemque
668 1611 716 1632 ore
743 1607 942 1640 pronuntiasse.
967 1608 995 1635 In

214 1645 267 1673 hoc
278 1645 336 1680 ipso
346 1646 457 1681 quippe,
471 1648 542 1682 quod
557 1648 648 1676 laudat
662 1649 842 1684 Justinianus,
861 1660 943 1688 opere
959 1654 996 1681 De

213 1690 360 1725 principiis,
379 1690 426 1719 lib.
441 1699 460 1724 ι,
473 1699 531 1727 cap.
548 1693 652 1727 ultimo,
675 1703 748 1722 num.
763 1695 792 1728 4,
809 1696 846 1723 ita
860 1696 968 1724 disserit
987 1706 994 1724 :

216 1744 228 1761 ι
244 1735 289 1762 Illa
306 1743 372 1764 sane
388 1745 437 1765 nos
467 1746 637 1775 nequaquam
654 1740 808 1774 recipienda
826 1749 970 1770 censemus
986 1762 994 1774 .

213 1787 274 1814 qua
288 1785 314 1807 et
327 1789 341 1808 a
353 1782 512 1816 quibusdam
529 1783 665 1817 superﬂuo
686 1784 728 1811 vel
744 1786 845 1820 requiri
856 1787 897 1814 vel
909 1787 995 1814 astrui

212 1826 314 1858 solent,
327 1826 352 1854 id
368 1833 420 1860 est,
434 1829 504 1862 quod
517 1829 614 1855 anima:
630 1829 656 1856 in
678 1833 779 1856 tantum
796 1831 837 1858 sui
853 1832 994 1860 decessum

212 1872 335 1905 veniant,
351 1878 379 1900 ut
393 1878 496 1901 natura:
525 1874 666 1902 rationalis
689 1883 721 1903 ac
744 1875 884 1909 dignitatis
906 1877 995 1906 oblita:

211 1918 293 1945 etiam
308 1918 334 1945 in
361 1919 482 1947 ordinem
501 1920 727 1948 irrationabiliutn
746 1922 902 1950 animalium
915 1943 923 1956 ,
951 1924 992 1950 vel

210 1962 369 1996 bestiarum,
379 1964 418 1991 vel
429 1965 560 1999 pecudum
573 1965 757 1993 devolvantur.
765 1976 775 1992 ι
785 1967 896 2002 lteliqua
905 1969 994 1996 studio

210 2008 354 2037 brevitatis
369 2012 561 2045 prieterntitto,
580 2020 640 2046 qua:
654 2019 744 2040 tamen
759 2014 792 2040 ad
806 2021 861 2041 rem
878 2014 992 2042 faciunt.

211 2055 245 2083 Et
258 2056 306 2084 lib.
329 2065 351 2085 tt
376 2057 414 2084 De
435 2060 635 2092 resurrectione,
663 2068 744 2095 quem
776 2061 863 2089 locum
884 2062 994 2089 exhibet

209 2101 389 2137 Pamphilus:
410 2112 421 2129 ι
436 2104 490 2131 Sed
507 2105 589 2138 sicut,
607 2105 705 2140 inquit,
720 2114 772 2135 non
789 2112 830 2134 est
846 2107 993 2141 putandum

210 2148 282 2182 quod
299 2149 457 2176 animalium
473 2144 571 2186 corpus
581 2156 741 2185 accepturus
754 2153 789 2179 sit
801 2157 937 2187 peccator,
947 2158 993 2180 aut

209 2193 364 2226 volucrum,
382 2194 575 2229 autpisciutn;
593 2197 632 2223 sic
644 2203 731 2231 neque
751 2196 826 2230 solis,
848 2201 896 2224 aut
911 2197 990 2231 lunae,

209 2242 259 2265 aut
269 2239 409 2276 stellarum
425 2239 540 2267 fortnam
563 2242 727 2277 sperandum
745 2246 788 2269 est
801 2242 924 2277 accipere
945 2251 992 2271 eos

209 2283 257 2317 qui
271 2285 454 2318 resurgentin
470 2285 578 2320 gloria:
604 2287 653 2315 sed
675 2288 791 2322 exempli
812 2296 893 2316 causa
921 2289 992 2316 dicta

209 2335 270 2354 esse
283 2327 338 2355 haec
355 2329 389 2356 ab
405 2329 532 2363 Apostolo
544 2332 713 2358 sentiendum
729 2337 820 2366 est,ut
837 2333 993 2369 designetur

210 2379 258 2407 per
270 2373 337 2407 haec,
351 2375 422 2408 quod
439 2375 484 2402 alii
500 2383 549 2409 pro
573 2377 677 2404 meritis
696 2377 752 2405 suis
774 2379 993 2407 Itonorabiliores

209 2423 237 2445 et
250 2418 379 2447 clariores
393 2425 484 2453 erunt,
508 2422 627 2450 beatiora
639 2430 747 2458 quoque
765 2423 916 2452 habitacula
930 2433 990 2453 sor-

207 2464 305 2492 titttri:
331 2465 446 2493 aliorum
475 2474 539 2495 vero
566 2468 768 2504 indignissimus
790 2474 817 2497 et
836 2470 991 2505 abiectissi-

207 2518 269 2537 mus
289 2518 338 2545 pro
361 2517 496 2546 gestorum
514 2513 616 2541 scelere
638 2515 689 2541 erit
713 2519 810 2547 status,
832 2516 877 2551 qui
907 2516 990 2544 etiant

208 2557 293 2583 ntutis
319 2557 484 2585 animalibus
509 2559 606 2594 dignus
622 2560 657 2587 sit
671 2561 837 2594 comparari.
855 2570 864 2587 ι
881 2561 946 2595 Qua:
968 2563 990 2589 si

207 2602 268 2636 quis
283 2610 297 2629 a
310 2601 408 2631 Ruﬁno
419 2604 460 2631 vel
473 2612 600 2639 perversa
613 2605 655 2633 vel
667 2605 768 2633 inserta
780 2612 914 2641 causelur,
927 2607 991 2642 qttid

208 2648 338 2676 adversus
354 2649 420 2677 illud
441 2651 558 2686 excipiet
573 2660 588 2679 e
605 2652 652 2679 lib.
666 2661 691 2679 tv
710 2657 802 2680 contra
821 2654 902 2686 Calan,
914 2663 990 2681 nuttt.

208 2693 241 2719 17
254 2703 260 2721 :
274 2689 305 2720 Ei
320 2694 348 2720 δὲ
367 2693 401 2730 ἦν
424 2696 551 2732 ἐννοήσας
566 2698 693 2733 (Κέλσος)
718 2698 744 2725 τι
760 2698 900 2726 ἀκολουθεῖ
918 2699 990 2736 ψυχῇ

209 2738 238 2763 ἐν
250 2739 351 2774 αἰωνίῳ
367 2739 485 2776 ἐσομένη
501 2741 567 2777 ζωῇ,
578 2742 623 2768 καὶ
637 2743 662 2768 τί
677 2742 729 2777 χρὴ
745 2743 852 2778 φρονεῖν
866 2743 929 2778 περὶ
943 2743 992 2778 τῆς

243 2826 266 2840 ⁸ί
283 2827 357 2854 lium.
372 2836 419 2861 \‘tt,
431 2829 458 2856 9.

1054 234 1126 261 οὕτω
1154 233 1260 270 διέσυρε
1283 234 1328 260 τὸν
1346 234 1476 262 ἀθάνατον
1502 235 1541 266 εις
1566 233 1663 268 θνητὸν
1690 232 1843 268 ἐρχόμενον

1055 279 1144 314 σῶμα,
1168 279 1199 304 οὐ
1220 277 1290 305 κατὰ
1311 278 1452 310 Πλάτωνος
1476 277 1744 314 μετενσωμάτωσιν,
1774 275 1843 302 ἀλλὰ

1053 323 1204 360 κατ’ἇλλην
1214 322 1273 350 τινὰ
1286 323 1450 359 ὑψηλοτέραν
1462 323 1584 358 θεωρίαν.
1599 332 1608 348 ι
1622 322 1650 349 Si
1662 325 1756 349 mente
1768 328 1843 348 com-

1053 369 1238 404 prehendisset
1260 368 1377 405 (Celsus)
1393 376 1453 404 qua;
1475 369 1564 396 futura
1582 368 1617 396 sit
1641 368 1743 394 anima
1764 366 1843 393 inae-

1053 419 1131 442 terna
1143 415 1196 443 vita
1214 415 1346 448 conditio,
1357 420 1384 442 et
1396 415 1459 450 quid
1478 415 1511 442 de
1525 415 1585 449 ejus
1610 419 1710 442 natura
1736 413 1841 448 princi-

1051 460 1158 494 piisque
1170 460 1272 487 sentire
1288 464 1423 494 oporteat,
1438 467 1490 486 non
1503 459 1540 486 ita
1559 458 1705 486 ridiculum
1723 457 1778 492 ipsi
1804 457 1842 482 vi-

1053 512 1110 532 sum
1124 504 1221 532 fuisset
1248 504 1430 532 immortalem
1453 505 1479 531 in
1496 503 1610 531 mortale
1635 510 1740 537 corpus
1755 503 1841 529 adve-

1054 550 1183 582 nientem,
1199 557 1252 576 tton
1265 557 1281 579 e
1297 556 1411 584 corpore
1438 549 1465 577 in
1488 556 1588 583 corpus
1601 548 1841 582 transmigrattdo,

1053 600 1082 622 ut
1098 595 1175 622 Plato
1193 595 1349 630 explicaret,
1362 595 1408 622 sed
1420 594 1470 621 alia
1481 601 1570 628 eaque
1586 594 1665 627 longe
1681 592 1840 620 sublimiori

1053 640 1170 667 ratione.
1185 649 1194 666 ι
1213 640 1373 675 Scriptionis
1384 640 1501 674 ejusdem
1516 644 1608 666 contra
1619 639 1729 666 Celsum
1744 638 1794 664 lib.
1812 646 1840 670 ν,

1053 693 1127 715 num.
1153 685 1208 717 49,
1240 685 1411 713 Christianos
1436 686 1546 721 rejicere
1565 685 1646 712 tradit
1675 684 1841 719 Πυθαγόρου

1053 731 1098 758 τὸν
1112 731 1176 766 περὶ
1192 730 1279 766 ψυχῆς
1288 739 1493 767 μετενσωματου
1498 731 1579 767 μένης
1593 729 1752 766 μῦθον.5ε‹1
1766 738 1841 756 asse-

1052 777 1190 805 verantius
1204 776 1250 803 lib.
1267 784 1325 809 vm,
1339 785 1412 805 num.
1428 777 1462 804 50
1477 786 1484 804 :
1503 776 1634 811 Οὐδαμῶς
1649 776 1781 812 μέντοιγε
1799 775 1840 801 λέ-

1052 830 1138 856 γομεν
1155 822 1398 858 μετενσωμάτωσιν
1413 820 1480 849 εἶναι
1496 823 1594 858 ψυχῆς,
1624 822 1671 849 καὶ
1688 821 1839 848 κατάπτω-

1014 860 1037 891 Β
1051 875 1093 894 σιν
1116 867 1199 902 αὐτῆς
1217 867 1297 903 μέχρι
1319 867 1374 895 τῶν
1397 867 1501 901 ἀλόγων
1520 867 1612 899 ζώων*
1633 867 1763 902 δηλονότι
1786 866 1840 892 οὐδ’

1050 913 1149 948 ὁμοίως
1166 913 1329 949 Πυθαγόρᾳ,
1349 913 1400 940 κᾶν
1424 913 1589 949 ἀπεχώμεθά
1609 922 1676 939 ποτε
1691 912 1774 945 ζώων
1789 933 1797 945 ,
1810 914 1841 941 οὗ

1050 959 1210 995 χρησόμεθα
1228 959 1318 986 αὐτῶν
1331 960 1390 991 ταῖς
1407 959 1495 995 σαρξί.
1515 969 1525 986 ‹
1541 959 1634 995 Neque
1659 967 1728 987 vero
1743 968 1840 988 cense-

1049 1011 1109 1031 mus
1123 1004 1242 1031 anitnam
1257 1012 1273 1031 e
1287 1011 1400 1039 corpore
1413 1005 1439 1032 itt
1455 1012 1553 1039 corpus
1568 1005 1686 1040 migrare
1699 1026 1708 1039 ,
1726 1011 1755 1032 et
1780 1013 1839 1032 eam

1049 1049 1081 1076 ad
1103 1049 1241 1076 brutarum
1253 1057 1337 1084 usque
1349 1050 1527 1077 animantium
1541 1050 1726 1077 conditionem
1745 1051 1838 1085 dejit-i.

1049 1093 1106 1121 Non
1124 1094 1215 1128 igitur,
1236 1095 1340 1122 etiamsi
1372 1095 1506 1122 interdum
1534 1095 1721 1122 animantibus
1747 1097 1839 1122 absti-

1049 1147 1145 1167 nemus
1159 1160 1167 1172 ι
1187 1147 1280 1168 earutn
1301 1147 1397 1167 carnes
1425 1147 1583 1168 aversamur
1604 1141 1702 1169 eadem
1730 1143 1849 1177 TOIIOIIC

1049 1193 1102 1220 qua
1119 1186 1293 1221 Pythagoras.
1309 1196 1320 1212 ι
1337 1186 1368 1213 Et
1383 1186 1431 1214 lib.
1446 1194 1460 1213 v
1474 1186 1500 1213 in
1511 1185 1595 1221 Epist.
1610 1189 1644 1213 ad
1656 1186 1748 1220 Rom.,
1760 1197 1835 1215 ιιιιιιι.

1049 1231 1075 1264 1,
1091 1238 1152 1266 pag.
1169 1231 1220 1259 519
1240 1242 1245 1259 ;
1266 1240 1275 1257 ι
1292 1231 1343 1258 Sed
1358 1232 1414 1259 haec
1429 1231 1560 1259 Basilides
1569 1240 1621 1260 non
1639 1234 1790 1260 advertens
1805 1235 1837 1260 de

1049 1277 1106 1312 lege
1123 1277 1241 1305 naturali
1256 1277 1354 1305 debere
1366 1277 1488 1313 intelligi,
1505 1278 1538 1306 ad
1553 1278 1659 1313 ineptas
1680 1283 1710 1307 et
1736 1279 1837 1313 impias

1052 1323 1156 1351 fabulas
1172 1331 1323 1350 sermonem
1348 1324 1524 1358 apostolicum
1549 1325 1630 1351 traxit
1648 1324 1674 1352 in
1695 1333 1837 1360 μετενσω-

1050 1370 1197 1405 ματὼσεως
1212 1370 1318 1404 dognta,
1335 1370 1360 1397 id
1371 1374 1422 1402 est,
1441 1371 1512 1404 quod
1527 1370 1624 1397 animae
1639 1371 1665 1397 in
1681 1371 1736 1398 alia
1753 1377 1835 1406 atque

1048 1415 1099 1442 alia
1116 1423 1229 1450 corpora
1245 1416 1479 1448 transfttndantur,
1495 1423 1526 1443 ex
1543 1417 1596 1444 hoc
1612 1417 1737 1451 Apostoli
1760 1417 1835 1444 dicto

1048 1466 1162 1488 conatur
1176 1466 1309 1488 astruere.
1330 1461 1402 1488 Dixit
1418 1462 1502 1493 enim,
1528 1462 1626 1496 inquit,
1639 1462 1788 1496 Apostolus
1800 1463 1833 1495 ",

1048 1508 1110 1541 quia
1125 1515 1175 1542 ego
1189 1507 1311 1534 vivebam
1325 1508 1383 1535 sitte
1399 1507 1455 1542 lege
1473 1508 1633 1542 aliquando;
1650 1517 1659 1533 I
1677 1513 1704 1535 et
1718 1514 1833 1540 caetera.

1047 1560 1108 1588 quas
1126 1552 1221 1580 lectori
1244 1553 1364 1587 diligenti
1380 1553 1542 1580 eonsnlenda
1568 1553 1701 1588 relinquo.
1727 1554 1833 1581 Paulini

1050 1598 1128 1631 hujus
1143 1597 1193 1625 loci
1207 1606 1315 1632 pravam
1330 1598 1592 1633 interpretationem,
1604 1598 1834 1635 ethtltagoriea:

1052 1643 1324 1679 μιτενσωματώσεως
1347 1644 1576 1671 confirmationem
1599 1645 1832 1671 accommodatam

1046 1689 1156 1716 damnat
1166 1690 1262 1716 iterum
1273 1690 1318 1717 lib.
1331 1691 1393 1716 Vtin
1404 1689 1531 1724 Epist.“
1540 1689 1626 1723 Ront.,
1639 1698 1714 1717 nunt.
1728 1690 1756 1724 8,
1771 1699 1832 1725 pag.

1046 1735 1109 1762 585.
1121 1735 1193 1762 Idem
1207 1735 1276 1762 libro
1290 1735 1326 1762 De
1341 1735 1488 1763 Proverbiis
1506 1735 1666 1768 Salomonis,
1679 1744 1744 1770 pag.
1764 1737 1789 1769 I,
1807 1743 1833 1763 et

1047 1785 1112 1808 tum.
1124 1789 1161 1808 vn
1174 1781 1201 1808 in
1213 1780 1322 1814 Matth.,
1342 1789 1401 1816 pag.
1416 1781 1465 1809 4M
1482 1782 1553 1817 (quae
1568 1781 1725 1808 testimonia
1739 1782 1833 1815 jacent

1046 1827 1072 1853 in
1092 1827 1220 1861 Apologia
1235 1827 1392 1862 Pamphili),
1408 1832 1435 1854 et
1450 1832 1547 1854 tom..x
1570 1827 1597 1853 in
1623 1826 1737 1860 Mattlt.,
1755 1836 1831 1855 nuut.

1044 1871 1090 1903 20,
1106 1880 1166 1906 pag.
1182 1872 1246 1905 468,
1257 1877 1284 1898 et
1301 1877 1365 1900 tom.
1387 1880 1425 1905 ιι,
1442 1880 1518 1900 num.
1535 1871 1578 1904 l9,
1595 1879 1656 1908 pag.
1674 1872 1740 1905 506,
1759 1873 1833 1900 Scri-

1045 1918 1133 1952 pturis
1145 1919 1248 1946 sanctis
1263 1922 1291 1945 et
1301 1918 1495 1946 ecclesiasticae
1510 1919 1571 1946 fidei
1588 1919 1756 1946 contrariam
1767 1926 1828 1946 esse

1045 1965 1143 1992 asserit
1159 1965 1412 2000 μετενσωμάτωσιν.
1431 1965 1500 1993 Fuse
1516 1973 1624 2001 queque
1640 1966 1666 1993 id
1682 1973 1831 2001 argumen-

1044 2014 1100 2038 tum
1112 2012 1285 2046 prosequitur
1301 2017 1367 2039 tom.
1392 2020 1417 2039 Vl
1434 2012 1460 2038 in
1476 2012 1570 2045 Joan.,
1585 2020 1659 2041 ttum.
1677 2013 1706 2045 'l,
1724 2013 1831 2047 disqui~

1046 2065 1108 2086 rens
1128 2066 1161 2084 an
1179 2058 1206 2085 in
1219 2057 1333 2086 Joannis
1348 2066 1446 2094 corpus
1463 2059 1527 2086 Elia:
1541 2059 1630 2086 anima
1649 2059 1830 2094 migraverit;

1044 2110 1129 2137 eoque
1145 2103 1226 2130 etiam
1243 2104 1379 2138 copiosius
1397 2109 1462 2131 tom.
1478 2112 1528 2132 ιιιι
1543 2105 1570 2131 in
1582 2103 1693 2137 Meum.
1711 2113 1791 2131 num.
1806 2105 1830 2135 l.

1044 2156 1105 2184 pag.
1121 2148 1184 2181 567,
1198 2149 1250 2176 568
1281 2154 1309 2176 et
1332 2150 1518 2184 sequentibus,
1541 2150 1664 2177 eamdem
1693 2151 1831 2178 ventilatis

1043 2195 1229 2229 quaestionem,
1244 2195 1294 2222 ltac
1306 2196 1410 2223 ratione
1419 2195 1662 2231 pscevstupdtwstv
1677 2201 1829 2231 oppugnat,

1043 2240 1173 2267 mundutn
1195 2248 1328 2276 nusquant
1351 2241 1535 2273 interiturum,
1557 2242 1579 2268 si
1604 2241 1702 2268 animte
1719 2247 1832 2276 propter

1041 2291 1150 2320 peccata
1164 2293 1278 2320 corpora
1295 2286 1409 2314 subeant
1423 2295 1429 2313 :
1451 2287 1475 2314 id
1492 2287 1565 2313 enint
1582 2286 1604 2313 si
1616 2287 1660 2317 sit.
1677 2295 1742 2314 eum
1760 2295 1830 2314 sem-

1042 2338 1090 2365 per
1102 2338 1149 2365 pro
1161 2331 1269 2358 arbitrii
1280 2333 1320 2359 stti
1336 2331 1462 2360 libertate
1474 2339 1588 2367 peccare
1599 2332 1704 2367 possint
1719 2334 1828 2366 animae,

1043 2384 1149 2410 semper
1164 2384 1276 2411 corpora
1293 2378 1450 2411 subituras;
1471 2385 1579 2412 semper
1597 2378 1678 2412 igitur
1698 2378 1828 2405 adfutura

1043 2429 1178 2456 corpora;
1195 2423 1324 2450 mundum
1337 2430 1402 2458 ergo
1420 2430 1557 2458 nunquant
1571 2423 1744 2457 periturum:
1760 2425 1830 2458 quod

1045 2468 1068 2494 si
1080 2468 1274 2502 prodeuntibus
1293 2469 1398 2496 saeculis
1411 2469 1509 2496 animae
1527 2468 1642 2495 subinde
1657 2469 1760 2503 aliqua:
1768 2477 1824 2503 pee-

1045 2519 1105 2542 cato
1121 2515 1265 2546 immunes,
1276 2515 1415 2550 corporeis
1426 2515 1538 2542 vinculis
1547 2514 1663 2549 amplius
1674 2522 1728 2541 non
1737 2521 1826 2550 egent,

1043 2563 1104 2593 post
1128 2559 1284 2586 diutttrnutn
1307 2567 1441 2586 annorum
1471 2559 1656 2592 curriculum,
1684 2559 1827 2586 imminuto

1047 2605 1134 2640 magis
1152 2606 1290 2640 magisque
1315 2606 1464 2633 animarum
1481 2612 1606 2637 numero,
1628 2605 1661 2632 ad
1676 2613 1826 2639 perpaucas

1042 2656 1146 2676 animas
1160 2650 1296 2678 redactum
1311 2651 1344 2678 iri
1358 2651 1486 2677 ntundum
1497 2659 1504 2683 ;
1517 2651 1615 2684 quibus
1629 2650 1823 2685 perfectionem

1043 2696 1205 2728 consecutis,
1225 2697 1372 2723 dcsiturutn
1391 2696 1509 2728 tandem,
1526 2703 1581 2730 pra:
1597 2695 1756 2722 animarum
1767 2703 1824 2731 qua:

1045 2749 1158 2777 corpora
1171 2742 1285 2770 subeant
1298 2741 1385 2777 inopia
1398 2751 1405 2775 ;
1423 2742 1494 2777 quod
1509 2741 1660 2776 refragatur
1676 2741 1823 2777 Scriptum
