1912 3079
64 117 117 146 917

478 115 764 144 ΟΜΕΕΝΙΑΝΟΠΠΜ
782 115 846 142 LIB.
867 115 900 148 ll,
920 113 995 142 CAP.
1015 113 1048 146 ll,
1068 110 1205 145 QUEST.
1227 109 1270 138 VI.

1639 109 1697 136 918.

66 176 176 205 docenti
188 175 325 211 plurimos
339 175 366 202 in
389 175 492 202 mundo
515 175 621 203 futuros
633 179 771 206 mortales.
794 181 856 201 cum
871 176 895 206 Α
910 181 992 201 mox:
1011 183 1020 199 ι
1033 171 1195 200 lamblichus
1211 175 1276 197 vero
1299 168 1343 196 his
1366 166 1531 196 contrariam
1546 168 1692 196 decurrens

64 222 151 251 Filius
167 222 292 249 hominis
306 221 441 249 adveniet.
459 221 520 249 Pari
542 222 628 250 utitur
648 221 858 249 ratiocinatione

65 268 112 296 lib.
127 276 146 295 il
163 268 192 294 in
209 267 317 294 Cantia.
338 267 480 300 cautium,
497 274 557 301 pag.
587 267 633 294 58.
665 266 742 294 Nunc
762 273 857 301 aequus

63 314 152 341 lector
160 313 316 344 existimet,
331 315 370 339 tot
384 316 492 346 tamque
502 313 584 339 claris
597 312 758 339 testimoniis
768 319 859 347 μετεν-

64 358 234 394 σωμάτωσιν
249 357 437 384 obterentibus
451 357 537 391 major
550 365 584 384 ne
597 357 750 385 adhibenda
768 358 804 385 sit
821 357 856 384 li-

64 405 124 436 des,
145 412 180 430 an
201 404 237 431 iis
250 411 310 438 quae
324 403 443 438 allegant
455 403 635 439 Hieronymus
646 408 675 431 et
687 403 858 431 Justinianus

64 450 189 478 eamdem
208 451 409 479 astruentibus.

101 496 300 525 Verumtamen
326 498 388 526 aliis
412 505 523 534 quoque
546 499 680 534 praesidiis
702 498 857 526 Adamantii

64 551 176 570 causam
194 543 295 571 fulcire
318 551 474 580 possumus,
489 545 562 573 velut
576 553 607 573 ea
622 549 684 574 sunt
702 553 762 580 quae
779 545 857 573 nobis

65 588 226 624 Pamphilus
250 590 460 624 subministrat,
476 592 559 619 verba
579 592 637 619 haec
656 591 766 627 Origeni
788 591 858 619 falso

64 634 182 669 ascripta
200 633 287 662 fuisse
303 635 409 669 dicens,
430 644 491 671 qua:
511 644 564 664 non
583 644 616 665 ex
635 645 684 665 sua
699 637 746 665 sed
765 644 798 665 ex
809 638 857 664 ad-

64 680 179 707 versarii
200 688 320 715 persona
331 683 495 716 protulerat,
515 687 543 710 et
556 682 774 710 dissertationem
790 690 857 718 pra:-

64 731 137 754 teretl
152 734 231 754 suam
249 727 291 754 his
301 727 393 755 verbis
409 727 574 755 conclusisse
587 736 595 756 :
608 736 620 753 ‹
633 728 686 755 Sed
697 729 756 756 haec
771 736 857 763 quan-

64 775 119 798 tum
132 771 165 798 ad
180 779 232 799 nos
246 773 377 807 pertinet,
389 780 442 801 non
457 774 511 801 sint
527 773 664 808 dogmata,
683 775 730 802 sed
750 775 856 802 discus-

64 817 148 845 sionis
160 819 250 853 gratia
266 820 338 847 dicta
352 821 426 853 sint,
444 825 473 848 et
487 821 658 857 abjiciantur.
683 821 736 850 Pro
756 829 789 850 eo
805 830 854 850 au-

63 867 118 890 tem
133 864 192 891 solo
206 864 280 892 dicta
296 869 369 897 sunt,
387 873 421 892 ne
439 866 560 893 videatur
575 867 689 901 quaestio
705 873 786 899 mota,
803 876 855 896 non

65 916 122 937 esse
141 910 280 938 discussa.
297 920 307 937 ι
326 911 390 944 Quas
412 914 510 946 repetit
528 912 611 940 etiam
629 912 807 949 Hieronymus
829 920 857 941 et

64 955 185 989 agnoscit
202 955 284 990 epist.
303 956 352 988 59,
369 956 402 983 ad
430 957 503 983 Avil.
514 979 522 990 ,
537 965 596 991 cap.
613 957 638 984 Ι.
664 956 778 985 Prodest
791 958 855 986 illud

64 1000 175 1035 insuper
194 1003 230 1029 ad
254 1002 439 1030 defensionem
460 1002 605 1037 Origenis,
630 1004 703 1038 quod
725 1003 856 1038 scriptum

66 1046 99 1072 ab
119 1054 151 1073 eo
171 1051 215 1074 est
236 1053 301 1075 tom.
316 1057 343 1075 xi
363 1049 391 1075 in
406 1048 503 1075 Matth.
517 1069 525 1081 ,
549 1057 625 1076 num.
640 1050 690 1083 l7,
716 1057 777 1085 pag.
792 1049 854 1084 506,

65 1092 261 1120 admittendam
275 1095 532 1130 μετενσωμάτωσιν,
547 1095 568 1122 si
582 1103 630 1130 per
641 1103 701 1122 eam
716 1096 805 1123 anima
819 1097 856 1123 ita

66 1137 232 1174 intelligatur
252 1141 351 1167 mutari
375 1145 403 1168 et
428 1142 568 1175 converti,
593 1146 622 1169 ut
639 1141 680 1169 vel
703 1142 856 1177 depravatis

67 1186 200 1220 moribus,
226 1192 254 1214 et
276 1187 433 1221 voluntate,
451 1195 503 1215 non
525 1194 623 1215 natura
640 1189 735 1224 pecudi
760 1189 856 1217 similis

66 1231 176 1264 evadat,
203 1231 246 1259 vel
265 1233 410 1260 virtutibus
431 1241 462 1261 ac
484 1234 585 1268 pietate
608 1241 715 1262 rursum
741 1234 856 1262 rationis

66 1286 174 1315 compos
192 1280 250 1308 ﬁeri
268 1281 403 1309 videatur.
424 1282 523 1309 Eadem
550 1282 620 1309 inest
636 1282 771 1310 sententia
796 1282 855 1310 loco

68 1325 171 1368 alteri_e
187 1327 256 1354 libro
282 1326 319 1354 De
336 1326 484 1354 Proverbiis
497 1327 661 1360 Salomonis,
682 1335 762 1362 quem
774 1328 855 1355 Pam-

67 1371 152 1405 philus
177 1372 313 1407 Apologia:
341 1381 397 1400 sua:
424 1373 549 1400 intexuit.
575 1373 602 1400 ld
623 1379 722 1408 puncto
749 1381 799 1401 suo
828 1378 855 1401 et

68 1424 175 1444 assensu
203 1417 364 1452 comprobat
392 1417 556 1446 Philastrius
579 1419 676 1447 haeres.
697 1418 760 1445 120.
778 1419 855 1452 Quod

68 1461 150 1495 ipsum
177 1464 313 1498 prolixius
339 1470 366 1492 et
390 1464 540 1499 elegantius
563 1464 693 1491 edisserit
706 1464 854 1498 Gregorius

69 1506 200 1542 Nysscuus
224 1509 252 1536 in
276 1515 486 1537 commemorata
507 1510 633 1544 superius
659 1510 852 1544 disputatione,
867 1525 889 1554 ο

68 1560 143 1586 quam
158 1555 281 1588 epistolae
296 1563 352 1582 sua:
370 1556 403 1582 ad
419 1554 524 1582 Menam
540 1554 708 1582 Justioianus
729 1555 851 1582 inseruit.

68 1598 119 1626 Nec
138 1600 216 1628 aliter
236 1601 271 1628 de
294 1601 345 1628 hac
367 1600 599 1633 metensomatosi,
624 1608 677 1635 qua
702 1602 799 1628 anima:
825 1601 853 1628 in

69 1645 214 1674 belluarum
235 1654 352 1682 corpora
367 1647 483 1674 transire
499 1647 637 1680 dicuntur,
659 1648 777 1675 sensisse
789 1646 852 1675 Ori-

69 1698 157 1725 genem
170 1700 202 1720 eo
223 1693 292 1720 mihi
318 1694 345 1720 ﬁt
361 1693 546 1726 verisimilius,
564 1694 635 1728 quod
652 1693 709 1720 haec
729 1694 786 1728 ipsa
802 1694 853 1721 fuit

69 1736 262 1766 Platonicorum
277 1739 468 1766 nonnullorutn
481 1741 736 1775 metempsychosis.
752 1741 854 1768 Aucto-

69 1791 120 1810 rem
141 1785 236 1813 damus
252 1785 408 1813 Nemesium
418 1806 426 1817 ,
447 1794 505 1820 cap.
519 1786 537 1812 2
552 1795 559 1813 :
572 1786 702 1818 Εἰπόντος
715 1786 785 1822 γὰρ,
809 1787 852 1814 in-

69 1831 131 1864 quit,
153 1831 297 1871 Πλάτῳνος
311 1831 360 1863 τὰς
379 1831 428 1867 μὲν
443 1832 572 1867 Ουμικὰς,
592 1832 639 1858 καὶ
655 1832 790 1867 ὀργίλους,
806 1833 853 1860 καὶ

69 1874 234 1910 ἁρπακτικὰς
244 1876 343 1912 ψυχὰς,
365 1877 454 1903 λύκων
469 1877 515 1903 καὶ
530 1877 643 1903 λεόντων
660 1877 774 1912 σώματα
787 1886 852 1913 μετ-

69 1921 262 1954 αμφιέννυσθαι
273 1932 279 1938 -
293 1922 343 1954 τὰς
354 1922 382 1948 δὲ
397 1923 460 1958 περὶ
483 1924 532 1958 τὴν
547 1923 694 1949 ἀκολασίαν
704 1924 854 1960 ἠσχολημέ-

70 1974 128 1999 ναςλ,
143 1968 209 1995 τινων
229 1969 277 1995 καὶ
293 1968 346 1995 τῶν
366 1969 493 1996 τοιούτων
510 1969 711 2005 ἀναλαμϐάνειν
728 1970 851 2006 σώματα,

70 2013 92 2038 οἱ
109 2014 153 2048 μὲν
165 2016 266 2051 κυρίως
279 2016 398 2050 ἥκουσαν
409 2016 472 2047 τοὺς
486 2016 595 2048 λέοντας
611 2017 658 2043 καὶ
669 2017 733 2048 τοὺς
743 2017 851 2049 λύκους,

71 2059 113 2085 καὶ
125 2061 185 2092 τοὺς
197 2061 276 2093 ὅνους
286 2069 292 2075 ·
306 2062 332 2087 οἱ
349 2062 378 2088 δὲ
396 2062 533 2097 τροπικῶς
551 2062 631 2089 αὐτὸν
649 2063 788 2098 εἰρηκέναι
801 2063 853 2089 διέ-

71 2111 179 2137 γνωσαν,
199 2107 235 2133 τὰ
252 2106 304 2143 ἢθη
328 2107 371 2133 διὰ
391 2107 446 2134 τῶν
466 2107 542 2140 ζώων
563 2109 798 2144 παρεμφαίνοντα.
823 2110 854 2136 Et

71 2156 127 2176 mox
143 2160 150 2177 :
173 2153 324 2188 ’ἰάμϐλιχος
342 2153 370 2179 δὲ
391 2153 441 2188 τὴν
465 2154 590 2180 ἐναντίαν
603 2155 708 2186 τούτοις
728 2154 850 2190 δραμὼν,

70 2195 124 2220 κατ’
136 2193 203 2228 εἶδος
216 2196 294 2229 ζώων
313 2196 403 2232 ψυχῆς
418 2195 488 2229 εἶδος
509 2195 577 2225 εἶναι
596 2198 680 2232 λέγει,
698 2199 781 2234 ἤγουν
794 2200 851 2235 εἴδη
868 2195 891 2224 ῐ)

70 2238 190 2277 διάφορα·
210 2243 367 2278 γέγραπται
383 2243 449 2277 γοῦν
471 2243 546 2279 αὐτῷ
563 2244 719 2279 μονόϐιΰλον
735 2245 850 2281 ἐπίγρα-

72 2294 124 2320 φον,
142 2288 203 2315 Ὀτι
218 2291 274 2316 οὐκ
287 2289 336 2316 ἀπ’
354 2289 518 2323 ἀνθρώπων
532 2291 575 2322 εἰς
588 2290 691 2325 ἄλογα,
707 2291 777 2317 οὐδὲ
791 2291 850 2318 ἀπὸ

71 2330 141 2360 (illa)?
156 2334 272 2370 ἀλόγων
283 2336 326 2368 εἰς
341 2335 517 2369 ἀνθρώπους
530 2337 852 2371 αϊμετενσωματώσεις

72 2377 202 2413 γίνονται,
227 2382 307 2408 ἀλλὰ
333 2381 393 2408 ἀπὸ
410 2381 487 2411 ζώων
501 2383 544 2415 εἰς
563 2381 627 2414 ζῶα,
647 2383 695 2409 καὶ
722 2383 779 2410 ἀπὸ
797 2384 851 2410 ἁν-

73 2424 184 2457 θρώπων
202 2430 244 2460 εὶς
266 2426 451 2461 ἀνθρώπους.
469 2428 524 2454 Καί
542 2437 586 2463 μοι
601 2428 675 2455 δοκεῖ
692 2429 792 2464 μᾶλλον
806 2425 852 2455 οὗ·

72 2477 112 2501 τος
123 2471 200 2499 ἓνεκα
210 2474 305 2502 τούτου
322 2476 412 2508 καλῶς
426 2474 640 2511 κατεστοχᾶἱτοαι
660 2475 697 2511 μὴ
714 2476 792 2511 μόνον
804 2476 854 2511 τῆς

73 2515 203 2553 Πλάτωνος
226 2522 354 2558 γνώμης,
379 2523 448 2549 ἀλλὰ
472 2523 520 2549 καὶ
541 2523 590 2558 τῆς
606 2523 736 2559 ἀληθείας
758 2523 852 2558 αὐτῆς.

76 2569 85 2587 ‹
97 2562 157 2591 Cum
173 2567 243 2594 enim
259 2569 358 2596 dixerit
377 2568 454 2595 Plato
482 2569 646 2602 iracundas,
670 2574 698 2596 et.
723 2568 852 2602 furiosos,

73 2613 96 2634 ει
110 2616 215 2644 rapaces
232 2614 348 2647 animas,
371 2614 496 2648 luporum
511 2621 539 2643 et
554 2615 662 2643 leonum
679 2623 794 2650 corpora
811 2615 854 2641 in-

74 2653 159 2687 duere.
181 2665 239 2692 qua:
255 2667 321 2688 vero
347 2660 562 2694 intemperanter
588 2661 729 2693 vixissent,
759 2660 851 2688 asino-

74 2705 137 2735 rum,
165 2709 210 2731 aut
240 2706 357 2733 aliorum
385 2706 519 2740 ejusmodi
546 2714 662 2741 corpora
695 2713 850 2738 assumere;

75 2749 185 2776 nonnulli
200 2753 308 2788 proprie
325 2752 519 2780 intellexerunt
543 2752 646 2784 leones,
672 2757 700 2780 et
713 2753 802 2787 lupos,
825 2756 853 2779 et

75 2792 178 2823 asinos:
202 2798 246 2826 alii
270 2806 338 2827 vero
360 2799 475 2835 ﬁgurate
494 2799 552 2826 haec
576 2799 664 2833 ipsum
685 2798 786 2826 dixisse
807 2798 851 2833 ju-

76 2837 199 2878 dicarunt,
227 2851 317 2875 mores
345 2853 394 2880 per
420 2844 553 2883 animalia
584 2844 760 2882 indicantem.
780 2853 789 2871 ι
817 2843 852 2873 Et

910 220 992 251 viam,
1010 225 1060 253 pro
1076 215 1233 244 animalium
1249 215 1351 250 specie,
1374 213 1471 241 animae
1490 214 1608 255 speciem
1632 221 1692 242 esse

908 263 993 295 dicit,
1020 261 1122 296 species
1153 260 1280 288 nimirum
1308 258 1472 288 differentes.
1501 259 1542 286 Al)
1570 267 1603 287 eo
1628 267 1692 294 ergo

909 309 1028 343 scriptus
1044 306 1167 334 estliber
1182 305 1326 340 singularis
1348 305 1385 332 ita
1399 305 1546 340 inscriptus
1561 315 1568 333 :
1590 305 1691 340 Migra-

908 355 991 382 tiones
1010 354 1159 381 animarum
1179 360 1229 378 non
1253 351 1311 386 fieri
1336 359 1368 378 ex
1391 351 1539 378 hominibus
1555 351 1583 378 in
1605 352 1692 384 bruta,

908 408 989 435 neque
1004 408 1020 426 a
1034 398 1115 425 brutis
1130 396 1290 424 animalibus
1307 397 1335 423 in
1349 396 1480 429 homines;
1494 397 1539 424 sed
1551 396 1694 424 altanima-

907 446 977 473 libus
999 446 1026 472 in
1051 443 1179 471 animalia
1191 462 1200 477 ,
1216 448 1240 469 et
1258 443 1289 469 ab
1312 442 1459 469 hominibus
1472 443 1500 469 in
1511 442 1638 469 homines.
1654 442 1694 470 At:

908 492 974 519 mihi
990 491 1096 518 videtur
1108 489 1152 517 ille
1160 496 1222 524 prae
1237 487 1348 522 reliquis
1365 487 1467 521 optime
1482 493 1623 515 assecutus
1638 495 1693 514 non

907 538 1029 566 Platonis
1041 537 1203 565 sententiam
1217 535 1308 567 modo,
1322 534 1368 561 sed
1383 538 1410 561 et
1421 534 1504 569 ipsam
1520 534 1692 561 veritatem.)

943 584 1002 613 XX.
1016 583 1175 611 Animarum
1194 582 1286 616 itaque
1297 579 1469 616 προΰπαρξιν
1485 587 1545 606 cum
1560 579 1694 607 aPlatone

909 631 1061 666 accepisset
1076 629 1225 665 Origenes,
1252 627 1373 662 ipsarum
1390 632 1499 661 quoque
1521 625 1696 661 μετενσωμά-

907 686 990 705 τωσιν
1006 677 1040 704 ab
1057 677 1152 704 eodem
1164 675 1279 709 accepit.
1293 673 1335 701 Ab
1354 673 1479 700 humanis
1492 676 1582 699 autem
1596 679 1694 707 corpoo

908 725 983 752 ribus
995 723 1022 751 in
1034 723 1152 750 humana
1164 728 1280 756 corpora
1297 719 1415 747 transire
1427 719 1532 746 animas
1550 717 1694 745 aﬂirmavit

907 770 1001 803 Plato;
1026 778 1041 797 a
1069 768 1226 797 cmlestibus
1251 773 1316 795 vero
1338 765 1366 793 in
1387 765 1523 798 humana,
1546 766 1579 792 ab
1599 765 1643 792 his
1666 765 1694 792 in

909 816 1058 845 dannoniea
1083 816 1200 850 migrare
1223 813 1327 840 animas
1355 811 1424 839 dixit
1442 810 1598 846 Origenes:
1616 816 1643 838 et
1666 815 1696 837 ut

871 854 893 882 Β
908 863 1047 891 hominum
1061 861 1167 889 animas
1180 865 1292 888 eatenus
1304 859 1410 886 animas
1426 858 1560 892 pecudum
1580 857 1638 885 iieri
1654 857 1697 884 di-

907 910 946 937 xit
961 907 1047 941 Plato,
1068 912 1200 943 quatenus
1219 904 1347 940 nequitiae
1370 904 1485 931 addicta;
1505 903 1637 939 pecudum
1655 904 1695 930 si-

907 955 984 983 miles
1005 955 1091 986 tiunt,
1118 954 1153 980 ita
1180 952 1206 980 id
1231 952 1319 986 ipsunt
1340 950 1473 985 Origenes
1497 950 1693 985 pronuntiavit.

906 1002 1056 1030 Prteiverat
1072 999 1178 1027 Platoni
1202 998 1382 1033 Pythagoras,
1399 997 1446 1024 sed
1469 1005 1522 1024 non
1540 997 1694 1024 animorum

907 1050 994 1077 solum
1016 1056 1049 1076 ex
1073 1046 1199 1074 humanis
1222 1045 1382 1080 corporibus
1402 1044 1427 1071 in
1453 1044 1581 1076 humana,
1599 1051 1696 1070 verum

906 1095 988 1122 etiam
1004 1101 1036 1120 ex
1053 1093 1095 1120 his
1116 1092 1142 1119 in
1164 1091 1249 1118 ferina
1274 1097 1355 1117 veras
1376 1090 1586 1117 eommeationes
1611 1089 1696 1116 admi-

906 1145 990 1168 serat.
1006 1138 1084 1167 Aliud
1100 1145 1208 1173 quoque
1223 1136 1431 1172 Pythagoricam
1449 1136 1520 1163 inter
1534 1139 1561 1163 et
1575 1134 1695 1162 Platani-

906 1194 966 1214 cam
998 1185 1150 1213 doctrinam
1182 1183 1371 1211 intercessisse
1401 1182 1547 1209 discrimen
1579 1181 1695 1209 allirmat

905 1232 1016 1261 Servius
1034 1232 1061 1259 in
1078 1231 1143 1258 illud
1159 1230 1253 1265 Virgil.
1274 1229 1340 1257 Ain.
1357 1237 1398 1261 tu,
1418 1236 1490 1256 vers.
1506 1228 1552 1261 67,
1566 1228 1600 1255 68
1616 1237 1622 1255 :

997 1298 1004 1305 .
1027 1297 1034 1306 .
1058 1297 1065 1304 .
1084 1297 1091 1304 .
1111 1297 1119 1304 .
1139 1298 1148 1306 .
1164 1277 1330 1311 animumque
1346 1275 1464 1310 sepulcro

993 1323 1147 1351 Condimus.

908 1380 918 1396 ι
933 1369 1019 1403 Plato,
1037 1369 1134 1403 inquit,
1151 1372 1308 1403 perpetuam
1328 1367 1395 1394 dicit
1417 1365 1546 1398 animam,
1565 1370 1593 1393 et
1604 1365 1638 1392 ad
1653 1365 1697 1393 di-

907 1424 985 1444 versa
1001 1422 1114 1449 corpora
1132 1413 1277 1441 transitum
1303 1413 1392 1440 facere
1409 1412 1502 1439 statim
1527 1419 1576 1446 pro
1590 1411 1702 1439 meritis.

905 1462 967 1489 vita:
988 1461 1097 1495 prioris.
1119 1458 1286 1494 Pythagoras
1306 1465 1370 1486 vero
1391 1465 1445 1485 non
1470 1457 1692 1494 μετεμψύχωσιν,

906 1508 953 1535 sed
969 1505 1178 1540 παλιγγενεσίαν
1197 1512 1258 1532 esse
1275 1505 1361 1537 dicit,
1382 1504 1433 1532 hoc
1453 1509 1496 1531 est
1519 1504 1604 1532 redire
1616 1524 1624 1536 ,
1645 1505 1693 1531 sed

905 1558 967 1589 post
984 1559 1100 1588 tempus.
1118 1561 1128 1578 ›
1147 1550 1176 1578 1η
1197 1558 1251 1586 quo
1273 1549 1414 1577 Platonem
1439 1557 1558 1584 quoque,
1582 1549 1694 1577 dimisso

905 1600 1070 1635 Pythagora,
1081 1597 1259 1626 Adamantius
1272 1596 1405 1630 sequitur.
1416 1595 1451 1623 At
1462 1595 1695 1631 PaganiuusGau—

904 1647 1014 1674 deutius
1030 1652 1090 1680 cap.
1106 1645 1138 1672 5i
1159 1644 1185 1671 in
1210 1642 1300 1670 libello
1321 1641 1359 1668 De
1374 1643 1571 1676 comparatione
1584 1642 1695 1678 dogma-

905 1697 960 1718 tum
973 1690 1094 1725 Origenit
1106 1698 1167 1716 cum
1181 1688 1348 1723 philosophia
1366 1687 1486 1714 Platonis
1498 1708 1506 1720 ,
1522 1688 1556 1716 de
1568 1687 1695 1723 Origenis

905 1737 1131 1774 metempsychosi
1153 1737 1305 1767 disserens,
1327 1736 1354 1762 in
1371 1742 1403 1762 eo
1426 1734 1536 1762 dillerre
1565 1734 1603 1760 ait
1631 1735 1695 1768 opto

904 1786 1013 1814 nionem
1037 1785 1122 1820 ipsius
1140 1791 1156 1810 a
1181 1781 1373 1818 Pythagorica,
1398 1781 1469 1815 quod
1488 1780 1532 1807 ille
1556 1788 1649 1815 poenas
1666 1781 1693 1808 in

904 1831 1092 1859 subterraneis
1111 1829 1180 1857 locis
1206 1828 1318 1856 luendas
1346 1827 1382 1854 ob
1405 1826 1510 1854 scelera
1540 1831 1694 1861 agnoscat;

903 1879 1071 1913 Pythagoras
1089 1884 1153 1904 vero
1171 1875 1284 1908 inferos,
1299 1874 1502 1907 inferorumque
1519 1880 1614 1907 poenas
1629 1880 1692 1900 sus-

905 1924 1008 1955 tulerit,
1025 1922 1097 1957 quod
1126 1921 1224 1949 falsum
1242 1925 1307 1957 est»:
1332 1919 1412 1946 Ἀλλὰ
1433 1919 1482 1945 καὶ
1502 1918 1589 1950 αὐτὸς,
1604 1919 1634 1944 ἐν
1659 1918 1692 1953 τῇ

903 1970 996 2005 γραφῇ
1011 1955 1076 2004 φῆσι
1091 1968 1124 1994 δι’
1142 1967 1212 1994 ἑπτὰ
1226 1967 1274 1993 καὶ
1287 1955 1437 1993 ’διακοσίων
1459 1964 1541 1991 ὲτέων
1561 1963 1591 1995 ἐξ
1612 1963 1695 1990 ἀΐδεω

905 2014 1145 2052 παραγεγενῆσθαι
1165 2014 1194 2045 ἐς
1213 2013 1382 2049 ἀνθρώπους.
1402 2021 1411 2037 ‹
1425 2011 1459 2038 At
1477 2011 1536 2045 ipse
1559 2010 1654 2040 etiam.
1666 2009 1694 2036 in

903 2062 1014 2097 scriptis
1038 2062 1076 2088 ait
1096 2064 1157 2095 post
1177 2065 1279 2094 septem
1304 2063 1331 2086 et
1352 2058 1484 2086 ducentos
1506 2063 1592 2083 annos
1609 2062 1639 2082 se
1659 2062 1694 2083 ex

904 2107 1000 2134 inl'eris
1015 2107 1048 2134 ad
1062 2106 1185 2133 homines
1203 2105 1306 2136 venire,
1323 2113 1333 2129 ι
1351 2103 1439 2138 inquit
1451 2101 1576 2129 Laertius
1591 2101 1618 2127 in
1636 2100 1694 2136 Py-

905 2155 1026 2190 thagora.
1044 2154 1086 2182 Ab
1100 2153 1238 2188 Egyptiis
1259 2157 1351 2179 autem
1370 2149 1510 2185 magistris
1525 2156 1625 2176 vesana
1642 2148 1695 2175 liae

905 2201 1172 2236 metempsyehoseos
1183 2199 1307 2227 doctrina
1324 2197 1419 2224 imbuti
1436 2197 1546 2224 fuerant
1557 2195 1695 2230 Pythago-

905 2256 951 2275 ras
965 2251 992 2274 et
1006 2246 1100 2278 Plato;
1117 2246 1180 2272 hinc
1195 2245 1266 2272 enim
1290 2250 1414 2270 manasse
1431 2242 1504 2269 illam
1528 2247 1696 2269 commento.

906 2299 949 2321 rat
961 2293 1059 2321 ibidem
1072 2292 1197 2323 Servius,
1212 2295 1240 2318 et
1253 2290 1377 2318 Clemens
1390 2288 1591 2317 Alexandrinus
1604 2288 1652 2315 lib.
1666 2295 1694 2316 Vt

906 2340 1034 2366 Stromat.
1066 2337 1142 2365 Hanc
1170 2336 1305 2370 hodieque
1332 2334 1548 2370 pertinacissime
1577 2334 1696 2361 retinent

904 2382 1059 2410 Americani
1088 2381 1221 2413 nonnulli,
1255 2382 1373 2408 retinent
1401 2379 1532 2408 Sinenses
1560 2379 1694 2414 plerique,

905 2433 933 2459 et
945 2435 978 2456 ex
993 2427 1065 2454 ludis
1078 2432 1210 2462 quotquot
1221 2426 1412 2454 Muhammedo
1426 2429 1524 2452 nomen
1539 2432 1592 2452 non
1610 2425 1694 2452 dede-

903 2480 983 2506 runt;
1002 2474 1095 2508 itaque
1115 2472 1149 2500 ab
1169 2473 1354 2500 animatorum
1375 2479 1424 2499 esu
1445 2476 1525 2499 caute
1546 2471 1694 2498 abstinent.

903 2520 943 2547 Au
963 2520 997 2547 ab
1017 2520 1089 2547 ludis
1099 2526 1164 2546 vero
1179 2519 1212 2546 ad
1222 2518 1364 2554 Egyptios
1386 2517 1536 2549 transierit,
1553 2525 1587 2544 an
1602 2517 1636 2544 ab
1650 2516 1694 2543 his

904 2567 938 2594 ad
952 2566 1028 2599 illos,
1046 2573 1090 2593 res
1106 2570 1148 2593 est
1163 2573 1216 2594 non
1240 2573 1330 2600 parvae
1346 2564 1553 2599 disquisitionis.
1571 2563 1619 2591 His
1632 2567 1692 2591 sata

905 2614 1061 2642 auctoribus
1081 2613 1313 2645 Simonianorum,
1337 2611 1573 2644 Basilidianorum,
1592 2610 1691 2638 Valen-

906 2659 1083 2691 tinianorum,
1099 2658 1334 2690 Marcionitarum,
1347 2657 1583 2685 Gnosticorumct
1608 2655 1695 2683 Mani-

906 2704 1042 2732 chaeorum
1067 2708 1172 2732 mentes
1193 2703 1298 2737 infecit,
1326 2704 1352 2731 in
1377 2703 1463 2736 iisque
1486 2696 1543 2730 tum
1564 2702 1598 2730 ab
1617 2703 1692 2736 aliis,

906 2754 962 2777 tum
978 2750 1012 2778 ab
1024 2750 1140 2785 Origene
1158 2757 1229 2784 saepe
1248 2749 1372 2778 confossa
1386 2754 1438 2777 est.
1455 2748 1560 2776 Placuit
1575 2756 1608 2776 ea
1625 2756 1694 2783 quo-

905 2803 958 2830 que
977 2797 1115 2824 veteribus
1128 2796 1215 2824 Gallis
1237 2800 1268 2824 ut
1283 2805 1298 2824 a
1315 2796 1423 2824 Caesare
1443 2795 1580 2831 proditum
1597 2799 1640 2823 est
1655 2794 1694 2823 De

905 2843 972 2871 bello
995 2841 1096 2872 Gallico
1118 2842 1165 2872 lib.
1190 2850 1229 2872 vt.
1254 2842 1294 2871 Ne
1316 2842 1460 2878 postremis
1478 2842 1592 2878 quidem
1616 2841 1692 2870 hisce
