1912 3079
251 119 303 148 Illi!

908 120 938 149 P.
958 120 1117 148 DANIELIS
1137 121 1253 149 I'IUL'I'II

1811 122 1849 146 9‘26]

250 178 418 213 temporibus
447 180 608 214 temperavit
640 179 692 208 sibi
725 179 907 216 Hieronymus
934 181 1038 209 Carda-
1053 184 1076 211 Δ
1089 180 1357 211 arbitrio,facultate
1374 177 1500 205 videlicet
1513 177 1627 212 quadarn
1640 176 1682 204 vel
1696 178 1849 210 prosequcnii

251 232 311 257 nus,
320 225 363 252 vir
374 225 541 253 immoderati
556 226 667 261 ingenii,
677 226 742 261 quin
757 227 881 254 iteratam
891 227 1036 261 quamdam

249 275 277 298 et
291 271 432 306 repetitam
448 271 659 307 παλιγγενεσίαν
675 273 860 302 introduceret
876 273 904 301 in
923 273 1037 309 Dialogo

248 318 283 344 de
302 325 397 346 marte.

520 365 685 399 ουλεςτιο
704 367 760 395 VII.

265 404 301 425 DE
316 405 411 427 [ΑΒΕκο
424 407 553 429 ΛΠΒΠἮΙΟ
564 422 570 434 ι
589 410 687 430 GHATIA
703 411 737 430 ΕΤ
752 411 1018 433 PREDESTINATIONE.

247 443 266 470 I.
289 444 425 483 Sententia
444 446 568 483 Origcnia
584 450 616 477 de
637 450 720 477 libero
742 450 853 477 arbitrio
873 456 977 478 natura:
989 460 1035 478 ra-

280 481 412 520 tion_alis._
424 488 453 520 et
468 481 555 516 gralia
572 484 620 512 Dei
635 485 786 512 summatim
807 486 973 520 proponitur.
1002 486 1034 513 II.

281 514 484 555 Eademfusiu}
502 519 781 555 e1planatur.illl.rln
795 514 975 555 q'uo'positam
990 530 1036 548 ar-

281 551 354 578 bitrii
367 551 513 580 libertatem
526 555 650 581 voluerit.
674 553 718 581 IV.
734 551 839 582 Statum
854 551 955 582 natum
966 556 1035 583 inte-

281 593 336 620 gra!
351 595 366 613 a
381 592 454 614 statu
466 592 570 616 natura
586 589 668 623 lapsw
682 598 734 623 gon
747 590 880 617 distinxit.
896 591 926 618 V.
942 590 1035 618 Utrum

280 625 305 648 et
320 623 452 656 quomodo
464 623 576 651 liberum
593 625 733 651 arbitrium
747 633 834 659 regere
845 627 974 658 putaverit
991 626 1036 652 bn-

280 663 329 692 uo:
354 661 378 683 et
405 664 500 692 pravos
527 663 613 686 motus
638 660 666 686 in
691 660 781 686 animo
808 661 959 686 suscitatus.
989 660 1034 688 Vl.

281 689 440 729 Ecquisnam
458 693 491 719 sit
514 693 558 720 ille
579 695 688 728 spiritus
705 696 828 729 aduersus
842 703 917 729 quem
933 694 1034 723 Paulus

279 733 385 761 carnem
398 727 435 753 ait
448 729 642 761 concupiscere.
662 729 716 756 VII.
736 728 831 756 Utrum
846 727 936 757 animo
947 731 1034 758 media

278 760 348 787 inter
361 761 482 799 spiritum
494 768 517 790 et
528 771 633 791 carnem
645 765 699 792 dici
712 764 805 799 possit.
822 763 886 792 VIII.
900 764 1035 797 Qua’ritur

281 801 370 823 utrum
392 797 503 831 affectus
528 798 612 831 aliqui
637 799 698 826 boni
712 797 751 826 ea:
774 808 852 826 carne
876 801 1035 828 naturaliter

277 832 422 868 prodeant;
437 838 461 868 et
477 833 509 859 de
528 833 583 868 lege
598 839 711 861 natum.
738 834 783 861 lX.
805 833 898 861 I'atres
912 836 988 862 multi
1001 844 1034 863 επ

278 865 304 904 ζῇ
322 872 426 904 naturte
449 867 511 904 boni
530 865 630 904 aliquid
649 870 715 896 oriri
736 875 977 904 possesenserunt.
997 871 1031 898 X.

279 899 404 938 Origenes
418 903 468 937 legi
490 899 594 930 natura:
616 899 852 932 nimium'tribuit.
877 904 921 932 XI.
937 904 1035 938 Quem-

277 936 421 976 admodum
438 936 468 976 ,ἐι
492 938 752 976 legillloysiquil.
774 936 955 976 lnocuigatuf
973 942 1033 976 ejus

276 972 404 1009 {calentia
427 972 461 1009 de_
483 974 576 1007 gratia:
602 972 720 1005 auxilio.
745 983 824 1009 quam
846 972 995 1003 hominibus
1017 985 1033 1003 a

276 1004 332 1032 Deo
357 1004 493 1044 impertiri-
508 1009 626 1044 censuit,
652 1004 759 1044 propter
780 1014 848 1037 recte
872 1015 932 1036 ante
953 1012 1032 1038 vitam

276 1047 361 1074 gesta.
381 1037 450 1069 XIII.
465 1042 500 1069 Et
511 1043 538 1069 in
553 1044 602 1070 hac
619 1037 671 1071 bit'a
689 1037 805 1071 mortali.
826 1044 896 1071 XIV.
910 1037 1032 1072 Gratiam

276 1076 434 1115 agitantem
455 1086 507 1115 non
525 1079 642 1115 agnouit.
663 1078 720 1106 XV.
739 1079 881 1114 Perperam
903 1081 1032 1115 interpre-

277 1111 338 1146 tatis
361 1112 519 1146 quibusdam
540 1113 688 1145 Scriptura:
711 1114 775 1142 locis
791 1111 824 1141 ’ξπ
849 1123 904 1141 eam
930 1111 1033 1144 sentem

275 1145 340 1182 {iam
348 1145 478 1182 adductus
491 1153 540 1174 est.
556 1148 623 1175 XVI.
637 1149 703 1182 Quae
716 1151 810 1176 merito
823 1150 1030 1182 reprehenditur.

277 1179 357 1220 XVII.
379 1179 690 1220 Pagqilquua’damvin
709 1184 833 1220 Origem's
850 1179 965 1219 fauorem
982 1187 1032 1213 eol-

275 1215 405 1254 liguutur.
428 1215 529 1245 XVIIII
540 1218 633 1246 Utrum
650 1224 674 1247 et
693 1215 823 1254 quomodo
843 1215 971 1254 perfectos
989 1222 1032 1248 ho-

275 1252 356 1291 mines
379 1260 457 1291 posse
479 1261 531 1280 non
552 1252 752 1291 peccargrattts
777 1256 822 1282 sit.
843 1252 919 1282 'XIX.
942 1255 1030 1291 Hujus

274 1287 407 1324 dogmatis
420 1295 501 1315 causa
520 1289 635 1322 vapulat.
647 1289 708 1317 XX.
719 1289 815 1316 Utrum
827 1296 884 1324 post
896 1287 1030 1323 acceptam

274 1323 385 1358 gratiam
398 1322 671 1358 iteratwiptznitentitu
680 1329 765 1351 locum
778 1322 831 1352 non
843 1322 977 1358 superesse
984 1335 1031 1353 au-

274 1357 394 1383 tttmarit.
410 1355 479 1384 XXI.
497 1355 737 1395 Utrumiprtecelttia
752 1360 848 1387 divinis
864 1355 960 1388 morem
976 1362 1030 1395 geri

274 1399 334 1429 non
347 1394 562 1429 pgsseusettserit.
589 1393 671 1421 XXII.
690 1393 822 1428 Suppetia:
838 1395 960 1429 feruntur
972 1393 1031 1423 Dri-

275 1428 346 1465 gcni.
362 1425 455 1465 XX_||I_.
469 1427 567 1465 (liram
581 1425 750 1464 aﬁirmaverit
765 1425 883 1457 homines
899 1431 956 1457 sola
978 1431 1030 1465 ﬁde

269 1461 361 1495 justas
379 1462 463 1500 efﬁci.
482 1461 861 1500 XXdilnvestigaturrejus
882 1461 983 1500 dogma.
997 1467 1029 1493 de

273 1501 382 1535 peccato
395 1497 516 1535 originis,
533 1503 557 1525 et
570 1498 623 1535 ﬁne
641 1497 775 1534 baptismi.
790 1497 875 1528 XXV.
890 1497 960 1533 Quid
979 1501 1028 1535 ipsi

1049 853 1070 881 Β

274 1531 311 1569 de
327 1530 720 1569 prwdest’inatione'placuerit,
745 1530 907 1569 disputatur:
931 1530 1026 1564 XXVI.
1042 1530 1064 1560 (ἶ

224 1567 226 1576 ⁷
268 1565 327 1635 ἕέὶε
337 1574 442 1627 lquor/ue
457 1565 592 1595 nonnullis
606 1577 695 1604 paruas
709 1569 754 1596 dat
766 1591 774 1603 ,
788 1565 838 1597 'utl
854 1571 881 1598 in
895 1571 1028 1605 aliquibus

304 1609 334 1628 va
349 1609 390 1628 ur.

304 1609 390 1628 vatur.

274 1646 295 1674 1.
316 1646 393 1675 Nunc
409 1655 474 1676 vero
486 1649 519 1677 de
532 1649 618 1678 libero
640 1650 765 1685 arbitrio,
778 1651 850 1686 quod
865 1653 962 1680 anime
978 1653 1028 1689 ipsi

237 1693 360 1721 innatum
376 1698 437 1727 est;
455 1695 542 1729 deque
554 1695 642 1731 gratia
656 1696 715 1730 Dei,
733 1704 794 1732 qua:
811 1697 837 1724 in
850 1698 969 1725 animata
987 1699 1029 1726 in-

237 1739 372 1773 lunditur,
392 1741 458 1776 quid
471 1741 581 1776 Origeni
596 1741 739 1777 placuerit,
754 1742 952 1778 explorandum
966 1749 1025 1778 est;

237 1793 288 1814 nec.
301 1793 360 1814 eam
373 1787 445 1814 enim
466 1788 644 1822 quzcstionem
660 1789 794 1817 inoffenso
811 1789 933 1819 decurrit
947 1792 1026 1826 pede,

236 1833 336 1861 mentis
358 1833 499 1861 rationalis
518 1835 633 1862 arbitrio
650 1835 763 1863 nimium
783 1836 918 1870 tribuens,
934 1837 1027 1872 gratia:

235 1885 302 1906 vero
319 1879 419 1908 divina
444 1880 595 1917 infringens
610 1881 741 1909 auxilium
757 1891 764 1909 :
778 1882 847 1909 adeo
862 1888 891 1910 ut
908 1890 943 1910 ex
967 1883 1027 1916 ejus

235 1924 346 1959 scriptis
372 1924 497 1954 haeresim
526 1934 603 1955 suam
630 1927 756 1956 hausisse
785 1928 850 1956 dicti
875 1929 930 1957 sint
950 1929 1027 1958 Pela«

235 1970 320 2004 giani,
332 1977 481 2006 eorumque
492 1972 630 2000 fraterculi
643 1971 837 2001 Massilienses.
853 1973 920 2002 Ilinc
932 1975 1026 2003 lliero-

235 2023 335 2051 nymus
354 2018 382 2045 in
399 2017 518 2053 Epistula
534 2018 568 2045 ad
584 2018 800 2054 Ctesiphontem,
818 2028 879 2055 cap.
896 2020 925 2053 2,
945 2020 1024 2048 Pela-

234 2062 270 2097 gii
289 2063 440 2091 doctrinam
465 2063 593 2100 Origenis
616 2065 799 2093 ramusculum
824 2073 884 2094 esse
907 2074 1026 2101 pronun-

233 2108 303 2141 tiat;
322 2114 349 2137 et
366 2109 412 2137 lib.
430 2112 552 2140 tadverr.
575 2109 723 2146 Pelagium,
740 2119 801 2146 cap.
822 2112 850 2146 7,
865 2111 1024 2148 Pelagiana.

232 2162 293 2182 rum
312 2157 472 2191 magistrum
494 2164 556 2185 esse
579 2157 647 2186 dicit
669 2157 715 2185 τὸν
734 2158 864 2194 ἀρχαῖον,
886 2164 1024 2187 auetoretn

1088 225 1164 257 vitii,
1193 225 1237 253 vel
1266 223 1461 260 amplectendzr
1489 223 1617 250 virtutis:
1635 229 1688 256 qua
1713 226 1788 256 prout
1809 231 1850 250 usa:

1087 275 1170 305 sunt,
1197 271 1235 298 ita
1256 270 1300 298 vel
1317 270 1350 297 ad
1370 268 1526 300 superiores
1549 267 1669 295 evasisse
1690 266 1849 300 ordines,vel

1087 318 1121 343 ad
1136 315 1279 344 inferiores
1296 323 1356 344 esse
1376 314 1534 343 deturbatas
1550 322 1556 340 :
1572 320 1760 347 quemcunque
1782 318 1850 340 autem

1087 361 1192 394 adepta:
1214 361 1268 390 sint
1288 366 1387 389 statum
1399 381 1408 393 ,
1426 359 1511 387 nihilo
1531 358 1620 386 secius
1642 361 1735 386 eadem
1755 357 1850 387 fruentes

1087 412 1239 442 potestate,
1256 407 1298 435 vel
1322 412 1396 435 recte
1413 406 1457 434 vel
1471 405 1542 433 male
1563 412 1612 440 pro
1634 404 1710 432 iibitu
1725 411 1811 439 agere,
1828 413 1850 432 ac

1089 454 1167 481 novis
1187 453 1299 488 proinde
1318 453 1361 481 vel
1377 449 1642 480 remunerationibus
1656 449 1698 477 vel
1717 450 1797 485 prunis
1808 457 1850 478 esse

1087 498 1236 531 obnoxias;
1270 506 1320 526 nec
1347 498 1467 526 futurum
1489 503 1609 532 unquam
1638 500 1669 523 ut
1695 495 1738 523 vel
1762 495 1851 524 facultas

1088 545 1145 579 illa,
1162 545 1205 573 vel
1229 544 1367 572 facultatis
1387 551 1454 572 usus
1475 544 1501 571 in
1525 543 1623 570 animis
1643 542 1791 574 intercidat,
1805 542 1850 570 licet

1087 590 1130 618 vel
1146 590 1282 618 charitate
1302 589 1346 617 vel
1375 589 1526 625 pertinacia
1548 596 1563 616 a
1585 587 1665 615 malis
1680 587 1786 616 bonisve
1801 596 1850 615 non-

1087 644 1228 672 nunquam
1248 636 1456 664 abstrahantur.

1121 682 1187 716 Quze
1218 689 1281 710 cum
1315 680 1502 716 perfunctorie
1536 687 1618 714 supra
1655 679 1850 711 delibaverimtts,

1086 735 1158 756 nunc
1182 728 1355 756 enucleatius
1381 726 1528 755 reseranda
1555 726 1688 758 veniunt,
1712 729 1740 753 et
1763 725 1850 752 attentis

1086 774 1173 802 oculis
1206 773 1438 808 inlrospicienda;
1472 772 1705 807 quaerendumque
1730 777 1809 798 utrum
1828 771 1850 799 li-

1086 821 1217 848 bertatem
1242 824 1346 847 natura:
1370 819 1513 847 rationalis
1533 819 1681 853 integratn,
1702 825 1735 845 an
1750 818 1849 845 imminu-

1085 870 1159 899 tam;
1186 869 1279 892 utrum
1305 864 1367 892 ullis
1385 864 1482 892 divina:
1507 863 1600 899 gratia:
1624 862 1736 890 auxiliis
1755 862 1850 898 indigere

1085 911 1170 945 illam,
1184 917 1211 940 et
1223 911 1333 946 juvari:
1349 918 1458 946 quoque
1474 910 1554 938 modo
1568 909 1729 945 contingere
1740 908 1786 936 hoc
1797 908 1850 936 arbi-

1084 961 1172 985 tratus
1194 956 1240 984 sit.
1253 956 1358 990 ‘Seusit
1372 956 1428 991 lille
1451 956 1542 990 itaque
1556 955 1662 982 arbitrii
1680 954 1819 982 libertatem
1831 955 1850 981 in

1085 1002 1253 1030 indiﬂerenti
1267 1003 1385 1037 quadam
1403 1003 1472 1030 bene
1487 1001 1528 1029 vel
1545 1001 1615 1029 male
1629 1001 1728 1036 agendi
1749 1000 1850 1028 facultate

1083 1049 1181 1079 sitam.
1198 1053 1227 1076 et
1243 1048 1397 1080 mentibus,
1417 1054 1479 1074 mox
1492 1052 1522 1074 ut
1540 1050 1702 1074 crearentur
1717 1053 1732 1072 a
1747 1046 1804 1078 Deo,
1821 1045 1848 1072 ῑηε

1083 1094 1167 1121 ditam
1178 1113 1187 1126 ,
1209 1093 1343 1129 integram
1357 1100 1466 1128 semper
1483 1097 1511 1119 et
1530 1096 1657 1127 vegetam
1681 1098 1848 1127 perseverare;

1083 1147 1134 1168 nec
1158 1140 1212 1167 ulla
1246 1147 1276 1168 re
1303 1138 1388 1167 fuisse
1415 1139 1599 1171 imminutam,
1627 1137 1787 1173 plenumque
1806 1137 1849 1172 ejus

1083 1193 1161 1213 usum
1191 1187 1217 1213 in
1248 1186 1336 1226 beatis
1361 1185 1403 1213 vel
1424 1184 1560 1212 damnatis
1583 1191 1749 1220 superesse;
1771 1183 1848 1217 impelli

1082 1232 1190 1266 quidem
1218 1231 1337 1259 animam
1361 1239 1376 1258 a
1403 1231 1483 1258 bouis
1506 1230 1620 1258 malisve
1643 1229 1812 1265 potestatibus
1825 1230 1849 1256 ad

1082 1278 1195 1305 virtutes
1208 1276 1251 1304 vel
1266 1276 1301 1304 ad
1321 1276 1403 1308 vitia;
1426 1275 1485 1310 cogi
1501 1282 1566 1302 vero
1580 1275 1752 1309 neutiquam,
1766 1273 1800 1300 vel
1813 1280 1848 1300 ne-

1081 1322 1202 1351 cessitati
1231 1322 1311 1349 alicui
1336 1321 1444 1357 subjici.
1469 1321 1570 1356 Sparsa
1599 1320 1659 1347 brae
1682 1318 1794 1354 reperies
1814 1321 1848 1346 do-

1081 1373 1171 1405 gmata
1196 1368 1381 1403 compluribus
1409 1368 1496 1400 locis,
1526 1367 1574 1394 sed
1606 1367 1696 1401 capite
1723 1365 1848 1401 praesertim

1081 1416 1172 1450 priore
1186 1414 1233 1442 lib.
1248 1422 1279 1442 ιη
1294 1413 1331 1441 De
1346 1414 1472 1449 princip..
1484 1413 1511 1440 iu
1527 1420 1581 1447 quo
1594 1413 1731 1447 prmcipua
1744 1411 1849 1439 doctrituz

1081 1469 1138 1490 sure
1154 1462 1188 1490 de
1202 1461 1328 1489 libertate
1342 1460 1449 1488 arbitrii
1463 1459 1640 1486 fundamenta
1658 1458 1803 1486 collocavit.
1820 1457 1848 1483 lbi

1082 1508 1182 1544 quippe
1207 1507 1298 1536 causis
1325 1507 1437 1542 quidem
1463 1506 1582 1533 externis
1601 1505 1678 1533 varie
1701 1503 1793 1540 impelli
1811 1511 1848 1530 nos

1080 1561 1108 1582 et
1123 1553 1256 1582 concitari
1273 1553 1372 1586 docet;
1388 1559 1530 1580 assensum
1542 1560 1606 1580 vero
1622 1559 1638 1579 a
1661 1552 1764 1579 ratione
1775 1555 1848 1578 nostra

1079 1609 1112 1629 ac
1132 1601 1272 1628 voluntate
1293 1600 1423 1635 pendere.
1446 1599 1473 1627 Id
1497 1604 1643 1635 postquam
1667 1603 1769 1626 natura:
1783 1597 1848 1632 ipsius

1079 1647 1243 1676 auctoritate
1262 1646 1473 1678 demonstravit,
1497 1645 1648 1680 Scriptura;
1673 1649 1769 1672 sancte
1791 1644 1847 1670 Ioco-

1079 1701 1139 1721 rutn
1154 1693 1281 1727 congerie
1297 1691 1438 1726 multiplici
1453 1691 1606 1718 confirmat.
1620 1691 1691 1718 Tum
1706 1691 1781 1725 petita
1794 1689 1848 1717 indi-

1079 1741 1138 1767 detn
1153 1739 1187 1767 ad
1201 1738 1412 1774 impugnandam
1426 1737 1534 1765 arbitrii
1549 1737 1702 1765 libertatem
1716 1736 1847 1765 testimonia

1081 1786 1182 1818 solvit,
1200 1785 1321 1820 explosis
1344 1784 1617 1817 Valentinianorum,
1645 1783 1846 1811 Basilidianontm

1079 1838 1107 1861 et
1123 1832 1344 1860 Marcionitarum
1368 1831 1489 1863 deliriis.
1515 1839 1563 1867 qm
1584 1832 1710 1859 diversas
1729 1831 1845 1858 hominum

1083 1884 1209 1911 naturas,
1224 1878 1292 1906 alias
1303 1878 1375 1910 vita,
1387 1878 1456 1905 alias
1467 1877 1547 1905 tnorti
1562 1877 1722 1909 destinatas,
1734 1884 1763 1904 ac
1776 1876 1842 1903 Deum

1079 1924 1173 1952 mundi
1191 1924 1326 1959 opificem,
1348 1924 1444 1951 durum
1460 1931 1493 1951 ac
1507 1931 1647 1956 severum,
1670 1923 1749 1950 aliutn
1763 1923 1842 1949 bonum

1078 1971 1180 1999 Christi
1203 1975 1307 2005 patrem
1331 1970 1632 1998 comminiscebuntur:
1655 1974 1684 1998 et
1708 1968 1792 2004 gratia:
1810 1967 1844 1993 de-

1078 2024 1152 2044 mutn
1175 2016 1273 2043 divinae
1298 2016 1486 2049 operationem
1508 2015 1569 2043 fuse
1593 2015 1732 2046 describit,
1754 2021 1798 2049 qua
1819 2013 1843 2039 de

1077 2067 1137 2098 post
1156 2063 1257 2090 dicturi
1281 2070 1387 2091 sumus.
1408 2063 1503 2097 Capite
1524 2069 1589 2090 vero
1609 2063 1731 2097 sequenti
1751 2068 1813 2088 num.
1829 2059 1843 2086 ι

1076 2110 1206 2143 ostendit,
1221 2109 1290 2137 mala
1302 2110 1380 2138 nobis
1393 2109 1601 2145 suggerentibus
1609 2109 1781 2144 potestatibus
1793 2114 1842 2133 ωηι

1078 2155 1180 2187 trariis,
1196 2155 1239 2182 vel
1256 2155 1289 2183 ad
1304 2160 1405 2182 rectum
1421 2154 1570 2182 inclinante
1582 2162 1632 2183 nos
1650 2155 1747 2182 virtute
1759 2153 1840 2181 divina.

233 2209 330 2238 nempe
341 2204 432 2238 operis
445 2203 515 2239 Περὶ
532 2203 636 2239 ἀρχῶν
647 2224 657 2238 ,
677 2209 702 2231 ct
717 2204 766 2233 lib.
781 2212 811 2232 ut
827 2205 1024 2234 lucubrationis

1080 2201 1168 2235 vigere
1182 2200 1362 2228 nihilominus
1373 2200 1486 2228 liberam
1498 2200 1604 2228 arbitrii
1617 2205 1781 2235 potestatem.
1790 2198 1840 2231 Qua:

232 2245 372 2280 eiusdem,
393 2248 420 2275 in
446 2248 499 2276 line
522 2249 650 2284 postremi
673 2248 787 2283 capitis,
813 2249 1020 2285 Pelagianorum

232 2293 364 2321 amasium
378 2293 523 2330 Origenem
537 2295 663 2330 appellat.
680 2295 749 2323 Hinc
762 2295 846 2322 etiam
862 2295 1022 2323 Theodorus

232 2338 301 2366 Beza
311 2359 318 2370 ,
336 2335 603 2376 capitalis-Origenis
617 2341 807 2374 adversarius,
826 2341 853 2368 iu
868 2341 968 2368 Aduot.
985 2342 1020 2368 ad

231 2383 345 2412 Roman.
363 2392 390 2418 ι,
408 2385 434 2417 l,
462 2386 598 2414 neminem
619 2386 659 2414 ait
683 2387 799 2423 Origene
821 2388 936 2423 gratiam
961 2388 1020 2421 Dei,

230 2430 380 2458 secundum
391 2431 542 2466 Pelagium,
556 2434 645 2469 magis
661 2441 722 2461 esse
741 2434 924 2462 adversatum.
941 2434 1017 2468 Quod

229 2476 295 2505 totis
318 2477 432 2506 subinde
443 2479 578 2513 capitibus
602 2480 783 2515 comprobare
808 2488 952 2516 aggressus
978 2486 1020 2509 cst

229 2521 370 2551 Cornelius
383 2523 528 2553 Jansenius
536 2524 667 2561 Yprensis
687 2526 840 2561 episcopus,
856 2525 1017 2562 Origeniana

229 2568 310 2595 verba
325 2576 356 2596 ac
371 2569 478 2597 decreta
495 2577 556 2597 cum
577 2569 729 2606 Pelagianis
747 2575 776 2598 et
793 2570 1020 2608 Semipelagianis

228 2621 358 2643 accurate
379 2615 546 2652 conﬂigens,
575 2622 602 2644 et
619 2621 799 2651 utrorumque
820 2618 1018 2647 connexionem

227 2661 300 2689 inter
313 2670 343 2690 se
356 2663 465 2697 copiose
479 2663 680 2692 demonstrans.

262 2707 295 2735 li.
314 2709 403 2744 Atque
416 2709 474 2737 haec
489 2710 647 2745 priusquam
664 2709 698 2737 ad
713 2710 843 2738 trutinam
859 2710 1017 2739 revocamus

216 2756 361 2788 'Iostratu,
375 2760 439 2783 ante
458 2756 550 2783 omnia
568 2756 746 2791 repetendum
760 2756 806 2784 hic
821 2761 865 2784 est
880 2756 1017 2792 quidpiam

228 2796 323 2825 leviter
342 2806 358 2825 a
373 2800 453 2827 nobis
471 2808 553 2835 supra
577 2801 750 2836 perstrictum
767 2810 775 2828 :
802 2806 906 2829 mentes
920 2809 1017 2836 nempe

228 2851 288 2870 cum
311 2852 326 2871 a
349 2843 403 2872 Deo
421 2851 648 2881 procrearentur,
664 2846 748 2875 libero
765 2846 849 2875 fuisse
872 2847 1017 2876 instructas

1077 2246 1142 2273 alibi
1159 2247 1256 2281 repetit
1268 2254 1339 2282 saepe
1355 2252 1384 2274 et
1398 2247 1526 2275 inculcat.
1545 2247 1651 2280 Quibus
1666 2252 1753 2274 autem
1765 2245 1840 2279 probat

1076 2292 1142 2319 locis
1159 2292 1264 2319 animas
1281 2293 1307 2319 in
1324 2299 1513 2327 quemcunque
1527 2291 1685 2320 devenerint
1696 2295 1839 2321 statum,arc

1076 2338 1150 2365 bilrii
1167 2338 1209 2366 sui
1226 2338 1350 2366 libertate
1370 2339 1409 2365 ttti
1421 2358 1429 2371 ,
1451 2344 1549 2373 praeter
1583 2338 1627 2366 illa
1645 2346 1705 2373 quae
1722 2336 1839 2364 attulimus

1075 2390 1167 2417 supra,
1181 2390 1242 2410 cum
1261 2383 1294 2411 de
1309 2383 1466 2418 angelorum
1484 2383 1607 2411 libertate
1621 2391 1770 2418 ageremus.
1781 2388 1837 2415 quie-

1074 2436 1127 2463 que
1147 2429 1243 2455 iterum
1262 2429 1368 2456 consuli
1383 2429 1473 2461 velim,
1489 2436 1520 2455 ea
1534 2429 1669 2464 prtecipue
1683 2433 1762 2457 sunt:
1776 2426 1813 2453 lib.
1823 2432 1836 2451 Il

1073 2475 1144 2510 Περὶ
1162 2474 1274 2510 ἀρχῶν,
1296 2483 1355 2510 cap.
1371 2475 1388 2502 5
1400 2495 1407 2509 ,
1426 2483 1501 2503 nttm.
1516 2474 1551 2503 ὃς
1567 2485 1577 2501 t
1591 2474 1720 2503 Possibile
1731 2474 1794 2501 cuitu
1804 2471 1835 2498 vi-

1073 2522 1151 2549 detur
1164 2542 1172 2554 ,
1190 2527 1220 2550 ut
1239 2523 1414 2550 rationabiles
1429 2527 1547 2555 naturae,
1573 2530 1588 2550 a
1607 2522 1705 2557 quibus
1722 2526 1834 2555 nunquam

1072 2567 1197 2595 aufertur
1214 2568 1292 2596 liberi
1306 2567 1422 2596 incultas
1436 2568 1554 2600 arbitrii,
1570 2569 1676 2602 possint
1698 2568 1784 2595 iterum
1796 2565 1833 2591 ali-

1071 2613 1169 2647 quibus
1194 2613 1311 2641 motibus
1338 2614 1496 2648 subjacere.
1517 2615 1673 2650 indulgente
1693 2615 1743 2642 hoc
1765 2614 1832 2648 ipsum

1072 2659 1207 2693 Domino,
1232 2668 1266 2688 ne
1291 2661 1360 2688 torte
1385 2661 1406 2688 si
1431 2661 1596 2689 immobilem
1621 2669 1725 2697 semper
1745 2661 1832 2688 teneant

1071 2711 1185 2739 statum,
1200 2707 1325 2742 ignorent
1349 2715 1379 2735 se
1400 2707 1446 2735 Dei
1469 2707 1556 2743 gratia
1571 2713 1599 2735 et
1622 2716 1673 2736 non
1695 2715 1739 2736 sua
1753 2706 1831 2732 virtute

1070 2753 1097 2779 in
1128 2753 1174 2781 illo
1195 2753 1249 2781 tiae
1272 2755 1449 2782 beatitudinis
1473 2755 1648 2788 constitisse;
1666 2766 1675 2782 ι
1699 2761 1724 2783 et
1746 2755 1829 2782 Ilb.llls

1070 2807 1130 2835 cap.
1144 2801 1154 2827 I
1168 2820 1175 2832 ,
1196 2801 1333 2833 num.2l,
1354 2809 1414 2837 pag.
1432 2802 1504 2830 136:
1532 2812 1541 2828 ι
1556 2802 1595 2830 Ex
1622 2811 1675 2839 quo
1699 2802 1827 2838 opinamur.

1071 2845 1196 2881 quoniam
1216 2847 1337 2882 quidem,
1349 2848 1419 2876 sicut
1435 2849 1591 2883 frequenter
1604 2850 1727 2882 diximus,
1741 2847 1828 2875 ituu-or-
