  <div class='ocr_page' id='page_1' title='image "/cluster/home/n/w/nwhite01/storage/ocr_20150623/17/njp.32101010944583/635.png"; bbox 0 0 1912 3079; ppageno 0'>
   <div class='ocr_carea' id='block_1_1' title="bbox 237 139 292 167">
    <p class='ocr_par' dir='ltr' id='par_1_1' title="bbox 237 139 292 167">
     <span class='ocr_line' id='line_1_1' title="bbox 237 139 292 167; baseline 0 0"><span class='ocrx_word' id='word_1_1' title='bbox 237 139 292 167; x_wconf 65' lang='lat'><strong>925</strong></span> 
     </span>
    </p>
   </div>
   <div class='ocr_carea' id='block_1_2' title="bbox 886 134 1228 177">
    <p class='ocr_par' dir='ltr' id='par_1_2' title="bbox 886 134 1228 177">
     <span class='ocr_line' id='line_1_2' title="bbox 886 134 1228 177; baseline -0.003 -14"><span class='ocrx_word' id='word_1_2' title='bbox 886 134 918 163; x_wconf 81' lang='grc' dir='ltr'><strong>Ρ.</strong></span> <span class='ocrx_word' id='word_1_3' title='bbox 940 135 1095 164; x_wconf 85' lang='lat' dir='ltr'><strong>DANIELIS</strong></span> <span class='ocrx_word' id='word_1_4' title='bbox 1103 175 1105 177; x_wconf 74' lang='lat'><em>_</em></span> <span class='ocrx_word' id='word_1_5' title='bbox 1113 134 1228 163; x_wconf 82' lang='lat' dir='ltr'><strong>HUETll</strong></span> 
     </span>
    </p>
   </div>
   <div class='ocr_carea' id='block_1_3' title="bbox 1797 134 1841 161">
    <p class='ocr_par' dir='ltr' id='par_1_3' title="bbox 1797 134 1841 161">
     <span class='ocr_line' id='line_1_3' title="bbox 1797 134 1841 161; baseline 0 0"><span class='ocrx_word' id='word_1_6' title='bbox 1797 134 1841 161; x_wconf 59' lang='lat'><strong>9%</strong></span> 
     </span>
    </p>
   </div>
   <div class='ocr_carea' id='block_1_4' title="bbox 241 192 1838 233">
    <p class='ocr_par' dir='ltr' id='par_1_4' title="bbox 241 192 1838 233">
     <span class='ocr_line' id='line_1_4' title="bbox 241 192 1838 233; baseline -0.003 -9"><span class='ocrx_word' id='word_1_7' title='bbox 241 203 302 233; x_wconf 62' lang='lat' dir='ltr'><strong>qut</strong></span> <span class='ocrx_word' id='word_1_8' title='bbox 314 197 371 226; x_wconf 86' lang='lat' dir='ltr'><strong>sola</strong></span> <span class='ocrx_word' id='word_1_9' title='bbox 388 197 538 225; x_wconf 86' lang='lat' dir='ltr'><strong>libertatem</strong></span> <span class='ocrx_word' id='word_1_10' title='bbox 557 194 696 229; x_wconf 86' lang='lat' dir='ltr'><strong>infringat,</strong></span> <span class='ocrx_word' id='word_1_11' title='bbox 714 201 776 222; x_wconf 86' lang='lat' dir='ltr'><strong>cum</strong></span> <span class='ocrx_word' id='word_1_12' title='bbox 794 201 853 222; x_wconf 87' lang='lat' dir='ltr'><strong>eam</strong></span> <span class='ocrx_word' id='word_1_13' title='bbox 877 199 965 222; x_wconf 87' lang='lat' dir='ltr'><strong>tamen</strong></span> <span class='ocrx_word' id='word_1_14' title='bbox 981 194 1022 221; x_wconf 92' lang='lat' dir='ltr'><strong>in-</strong></span> <span class='ocrx_word' id='word_1_15' title='bbox 1037 197 1059 225; x_wconf 75' lang='grc' dir='ltr'>Α</span> <span class='ocrx_word' id='word_1_16' title='bbox 1073 201 1152 222; x_wconf 93' lang='lat' dir='ltr'><strong>cuum</strong></span> <span class='ocrx_word' id='word_1_17' title='bbox 1171 195 1218 222; x_wconf 81' lang='lat' dir='ltr'><strong>tit:</strong></span> <span class='ocrx_word' id='word_1_18' title='bbox 1234 194 1308 222; x_wconf 88' lang='lat' dir='ltr'><strong>addit</strong></span> <span class='ocrx_word' id='word_1_19' title='bbox 1325 197 1352 222; x_wconf 89' lang='lat' dir='ltr'><strong>et</strong></span> <span class='ocrx_word' id='word_1_20' title='bbox 1365 193 1437 221; x_wconf 80' lang='lat' dir='ltr'><strong>aliud</strong></span> <span class='ocrx_word' id='word_1_21' title='bbox 1451 201 1466 222; x_wconf 88' lang='lat' dir='ltr'><strong>e</strong></span> <span class='ocrx_word' id='word_1_22' title='bbox 1479 193 1525 222; x_wconf 87' lang='lat' dir='ltr'><strong>lib.</strong></span> <span class='ocrx_word' id='word_1_23' title='bbox 1537 201 1563 221; x_wconf 85' lang='lat' dir='ltr'><strong>vt</strong></span> <span class='ocrx_word' id='word_1_24' title='bbox 1579 194 1605 221; x_wconf 90' lang='lat' dir='ltr'><strong>in</strong></span> <span class='ocrx_word' id='word_1_25' title='bbox 1617 192 1704 228; x_wconf 72' lang='lat' dir='ltr'><strong>Epist.</strong></span> <span class='ocrx_word' id='word_1_26' title='bbox 1725 194 1758 219; x_wconf 81' lang='lat' dir='ltr'><strong>ad</strong></span> <span class='ocrx_word' id='word_1_27' title='bbox 1774 193 1838 221; x_wconf 82' lang='lat' dir='ltr'><strong>Rom.</strong></span> 
     </span>
    </p>
   </div>
   <div class='ocr_carea' id='block_1_5' title="bbox 239 239 1021 275">
    <p class='ocr_par' dir='ltr' id='par_1_5' title="bbox 239 239 1021 275">
     <span class='ocr_line' id='line_1_5' title="bbox 239 239 1021 275; baseline -0.004 -5"><span class='ocrx_word' id='word_1_28' title='bbox 239 243 372 271; x_wconf 78' lang='lat' dir='ltr'><strong>tellexerit</strong></span> <span class='ocrx_word' id='word_1_29' title='bbox 400 241 536 275; x_wconf 81' lang='lat' dir='ltr'><strong>Origenes</strong></span> <span class='ocrx_word' id='word_1_30' title='bbox 566 239 775 272; x_wconf 86' lang='lat' dir='ltr'><strong>necessitatem,</strong></span> <span class='ocrx_word' id='word_1_31' title='bbox 804 247 885 274; x_wconf 89' lang='lat' dir='ltr'><strong>quam</strong></span> <span class='ocrx_word' id='word_1_32' title='bbox 914 244 1021 267; x_wconf 90' lang='lat' dir='ltr'><strong>tuentur</strong></span> 
     </span>
    </p>
   </div>
   <div class='ocr_carea' id='block_1_6' title="bbox 242 286 1021 323">
    <p class='ocr_par' dir='ltr' id='par_1_6' title="bbox 242 286 1021 323">
     <span class='ocr_line' id='line_1_6' title="bbox 242 286 1021 323; baseline -0.003 -8"><span class='ocrx_word' id='word_1_33' title='bbox 242 297 252 315; x_wconf 79' lang='grc' dir='ltr'><strong>ι</strong></span> <span class='ocrx_word' id='word_1_34' title='bbox 270 289 314 323; x_wconf 87' lang='lat' dir='ltr'><strong>qui</strong></span> <span class='ocrx_word' id='word_1_35' title='bbox 329 288 465 315; x_wconf 88' lang='lat' dir='ltr'><strong>stellarum</strong></span> <span class='ocrx_word' id='word_1_36' title='bbox 490 293 610 317; x_wconf 81' lang='lat' dir='ltr'><strong>cursum,</strong></span> <span class='ocrx_word' id='word_1_37' title='bbox 632 291 658 313; x_wconf 87' lang='lat' dir='ltr'><strong>et</strong></span> <span class='ocrx_word' id='word_1_38' title='bbox 677 290 776 319; x_wconf 84' lang='lat' dir='ltr'><strong>motus,</strong></span> <span class='ocrx_word' id='word_1_39' title='bbox 794 293 902 313; x_wconf 79' lang='lat' dir='ltr'><strong>causam</strong></span> <span class='ocrx_word' id='word_1_40' title='bbox 927 286 1021 314; x_wconf 89' lang='lat' dir='ltr'><strong>dicunt</strong></span> 
     </span>
    </p>
   </div>
   <div class='ocr_carea' id='block_1_7' title="bbox 240 336 1019 367">
    <p class='ocr_par' dir='ltr' id='par_1_7' title="bbox 240 336 1019 367">
     <span class='ocr_line' id='line_1_7' title="bbox 240 336 1019 367; baseline -0.003 -6"><span class='ocrx_word' id='word_1_41' title='bbox 240 336 419 362; x_wconf 85' lang='lat' dir='ltr'><strong>humanorum</strong></span> <span class='ocrx_word' id='word_1_42' title='bbox 437 339 497 360; x_wconf 86' lang='lat' dir='ltr'><strong>esse</strong></span> <span class='ocrx_word' id='word_1_43' title='bbox 508 337 644 367; x_wconf 84' lang='lat' dir='ltr'><strong>gestorum</strong></span> <span class='ocrx_word' id='word_1_44' title='bbox 658 340 665 358; x_wconf 73' lang='grc' dir='ltr'><strong>ε</strong></span> <span class='ocrx_word' id='word_1_45' title='bbox 687 341 697 358; x_wconf 74' lang='grc' dir='ltr'><strong>ι</strong></span> <span class='ocrx_word' id='word_1_46' title='bbox 715 340 766 359; x_wconf 87' lang='grc'><strong>11011</strong></span> <span class='ocrx_word' id='word_1_47' title='bbox 779 337 918 367; x_wconf 82' lang='lat' dir='ltr'><strong>cogentem</strong></span> <span class='ocrx_word' id='word_1_48' title='bbox 931 338 1019 360; x_wconf 87' lang='lat' dir='ltr'><strong>autem</strong></span> 
     </span>
    </p>
   </div>
   <div class='ocr_carea' id='block_1_8' title="bbox 238 378 1020 413">
    <p class='ocr_par' dir='ltr' id='par_1_8' title="bbox 238 378 1020 413">
     <span class='ocr_line' id='line_1_8' title="bbox 238 378 1020 413; baseline -0.003 -5"><span class='ocrx_word' id='word_1_49' title='bbox 238 381 436 410; x_wconf 72' lang='lat' dir='ltr'><strong>necessitatem,</strong></span> <span class='ocrx_word' id='word_1_50' title='bbox 453 379 499 406; x_wconf 91' lang='lat' dir='ltr'><strong>sed</strong></span> <span class='ocrx_word' id='word_1_51' title='bbox 512 378 662 413; x_wconf 80' lang='lat' dir='ltr'><strong>simplicem</strong></span> <span class='ocrx_word' id='word_1_52' title='bbox 678 384 706 406; x_wconf 89' lang='lat' dir='ltr'><strong>et</strong></span> <span class='ocrx_word' id='word_1_53' title='bbox 723 379 899 406; x_wconf 73' lang='lat' dir='ltr'><strong>voluntariam</strong></span> <span class='ocrx_word' id='word_1_54' title='bbox 913 379 1020 407; x_wconf 88' lang='lat' dir='ltr'><strong>actibus</strong></span> 
     </span>
    </p>
   </div>
   <div class='ocr_carea' id='block_1_9' title="bbox 238 423 1020 459">
    <p class='ocr_par' dir='ltr' id='par_1_9' title="bbox 238 423 1020 459">
     <span class='ocr_line' id='line_1_9' title="bbox 238 423 1020 459; baseline 0 -8"><span class='ocrx_word' id='word_1_55' title='bbox 238 424 363 452; x_wconf 90' lang='lat' dir='ltr'><strong>humanis</strong></span> <span class='ocrx_word' id='word_1_56' title='bbox 394 423 547 450; x_wconf 73' lang='lat' dir='ltr'><strong>inferebant</strong></span> <span class='ocrx_word' id='word_1_57' title='bbox 564 423 712 458; x_wconf 67' lang='lat' dir='ltr'><strong>astrologi;</strong></span> <span class='ocrx_word' id='word_1_58' title='bbox 743 424 931 451; x_wconf 77' lang='lat' dir='ltr'><strong>neocssitatem</strong></span> <span class='ocrx_word' id='word_1_59' title='bbox 955 431 1020 459; x_wconf 81' lang='lat' dir='ltr'><strong>ergo</strong></span> 
     </span>
    </p>
   </div>
   <div class='ocr_carea' id='block_1_10' title="bbox 236 468 1020 505">
    <p class='ocr_par' dir='ltr' id='par_1_10' title="bbox 236 468 1020 505">
     <span class='ocr_line' id='line_1_10' title="bbox 236 468 1020 505; baseline -0.001 -8"><span class='ocrx_word' id='word_1_60' title='bbox 236 470 386 505; x_wconf 74' lang='lat' dir='ltr'><strong>simplicem</strong></span> <span class='ocrx_word' id='word_1_61' title='bbox 405 475 431 496; x_wconf 93' lang='lat' dir='ltr'><strong>et</strong></span> <span class='ocrx_word' id='word_1_62' title='bbox 448 469 630 497; x_wconf 85' lang='lat' dir='ltr'><strong>voluntariam</strong></span> <span class='ocrx_word' id='word_1_63' title='bbox 648 470 698 496; x_wconf 89' lang='lat' dir='ltr'><strong>hoc</strong></span> <span class='ocrx_word' id='word_1_64' title='bbox 717 469 776 496; x_wconf 88' lang='lat' dir='ltr'><strong>loco</strong></span> <span class='ocrx_word' id='word_1_65' title='bbox 790 468 920 504; x_wconf 78' lang='lat' dir='ltr'><strong>Origenes</strong></span> <span class='ocrx_word' id='word_1_66' title='bbox 937 470 1020 496; x_wconf 89' lang='lat' dir='ltr'><strong>liber-</strong></span> 
     </span>
    </p>
   </div>
   <div class='ocr_carea' id='block_1_11' title="bbox 238 515 1020 551">
    <p class='ocr_par' dir='ltr' id='par_1_11' title="bbox 238 515 1020 551">
     <span class='ocr_line' id='line_1_11' title="bbox 238 515 1020 551; baseline 0 -9"><span class='ocrx_word' id='word_1_67' title='bbox 238 516 288 542; x_wconf 82' lang='lat' dir='ltr'><strong>tati</strong></span> <span class='ocrx_word' id='word_1_68' title='bbox 304 516 440 550; x_wconf 86' lang='lat' dir='ltr'><strong>opposuit.</strong></span> <span class='ocrx_word' id='word_1_69' title='bbox 460 516 519 542; x_wconf 81' lang='lat' dir='ltr'><strong>Pari</strong></span> <span class='ocrx_word' id='word_1_70' title='bbox 538 516 714 550; x_wconf 91' lang='lat' dir='ltr'><strong>responsione</strong></span> <span class='ocrx_word' id='word_1_71' title='bbox 733 523 827 551; x_wconf 90' lang='lat' dir='ltr'><strong>parem</strong></span> <span class='ocrx_word' id='word_1_72' title='bbox 845 515 967 549; x_wconf 86' lang='lat' dir='ltr'><strong>Origenis</strong></span> <span class='ocrx_word' id='word_1_73' title='bbox 983 515 1020 542; x_wconf 92' lang='lat' dir='ltr'><strong>lo—</strong></span> 
     </span>
    </p>
   </div>
   <div class='ocr_carea' id='block_1_12' title="bbox 239 560 1019 596">
    <p class='ocr_par' dir='ltr' id='par_1_12' title="bbox 239 560 1019 596">
     <span class='ocr_line' id='line_1_12' title="bbox 239 560 1019 596; baseline -0.003 -7"><span class='ocrx_word' id='word_1_74' title='bbox 239 569 301 589; x_wconf 88' lang='lat' dir='ltr'><strong>cum</strong></span> <span class='ocrx_word' id='word_1_75' title='bbox 319 568 380 588; x_wconf 90' lang='lat' dir='ltr'><strong>cum</strong></span> <span class='ocrx_word' id='word_1_76' title='bbox 394 560 555 596; x_wconf 67' lang='lat' dir='ltr'><strong>praecedenti</strong></span> <span class='ocrx_word' id='word_1_77' title='bbox 566 561 701 596; x_wconf 75' lang='lat' dir='ltr'><strong>obiectum</strong></span> <span class='ocrx_word' id='word_1_78' title='bbox 718 561 873 589; x_wconf 73' lang='lat' dir='ltr'><strong>sustinebis.</strong></span> <span class='ocrx_word' id='word_1_79' title='bbox 887 560 926 587; x_wconf 89' lang='lat' dir='ltr'><strong>En</strong></span> <span class='ocrx_word' id='word_1_80' title='bbox 944 560 1019 587; x_wconf 88' lang='lat' dir='ltr'><strong>illum</strong></span> 
     </span>
    </p>
   </div>
   <div class='ocr_carea' id='block_1_13' title="bbox 235 605 1020 640">
    <p class='ocr_par' dir='ltr' id='par_1_13' title="bbox 235 605 1020 640">
     <span class='ocr_line' id='line_1_13' title="bbox 235 605 1020 640; baseline -0.003 -6"><span class='ocrx_word' id='word_1_81' title='bbox 235 614 252 634; x_wconf 84' lang='lat' dir='ltr'><strong>e</strong></span> <span class='ocrx_word' id='word_1_82' title='bbox 272 607 341 634; x_wconf 92' lang='lat' dir='ltr'><strong>libro</strong></span> <span class='ocrx_word' id='word_1_83' title='bbox 359 614 384 633; x_wconf 79' lang='lat' dir='ltr'><strong>Vl</strong></span> <span class='ocrx_word' id='word_1_84' title='bbox 402 608 428 633; x_wconf 87' lang='lat' dir='ltr'><strong>in</strong></span> <span class='ocrx_word' id='word_1_85' title='bbox 446 606 529 640; x_wconf 76' lang='lat' dir='ltr'><strong>Epist.</strong></span> <span class='ocrx_word' id='word_1_86' title='bbox 553 606 587 632; x_wconf 79' lang='lat' dir='ltr'><strong>ad</strong></span> <span class='ocrx_word' id='word_1_87' title='bbox 623 606 712 640; x_wconf 83' lang='lat' dir='ltr'><strong>Ilom.,</strong></span> <span class='ocrx_word' id='word_1_88' title='bbox 731 614 805 633; x_wconf 89' lang='lat' dir='ltr'><strong>num.</strong></span> <span class='ocrx_word' id='word_1_89' title='bbox 824 605 859 633; x_wconf 70' lang='grc' dir='ltr'><strong>ὃς</strong></span> <span class='ocrx_word' id='word_1_90' title='bbox 880 615 889 632; x_wconf 82' lang='grc' dir='ltr'><strong>ι</strong></span> <span class='ocrx_word' id='word_1_91' title='bbox 909 605 1020 633; x_wconf 80' lang='lat' dir='ltr'><strong>Constat</strong></span> 
     </span>
    </p>
   </div>
   <div class='ocr_carea' id='block_1_14' title="bbox 236 651 1019 688">
    <p class='ocr_par' dir='ltr' id='par_1_14' title="bbox 236 651 1019 688">
     <span class='ocr_line' id='line_1_14' title="bbox 236 651 1019 688; baseline -0.003 -8"><span class='ocrx_word' id='word_1_92' title='bbox 236 660 301 688; x_wconf 86' lang='lat' dir='ltr'><strong>ergo</strong></span> <span class='ocrx_word' id='word_1_93' title='bbox 316 660 348 679; x_wconf 82' lang='lat' dir='ltr'><strong>ex</strong></span> <span class='ocrx_word' id='word_1_94' title='bbox 367 652 409 679; x_wconf 88' lang='lat' dir='ltr'><strong>his</strong></span> <span class='ocrx_word' id='word_1_95' title='bbox 425 652 524 683; x_wconf 87' lang='lat' dir='ltr'><strong>verbis,</strong></span> <span class='ocrx_word' id='word_1_96' title='bbox 541 652 638 686; x_wconf 85' lang='lat' dir='ltr'><strong>quibus</strong></span> <span class='ocrx_word' id='word_1_97' title='bbox 659 652 758 679; x_wconf 83' lang='lat' dir='ltr'><strong>Paulus</strong></span> <span class='ocrx_word' id='word_1_98' title='bbox 777 652 841 680; x_wconf 81' lang='lat' dir='ltr'><strong>dicit</strong></span> <span class='ocrx_word' id='word_1_99' title='bbox 860 661 867 678; x_wconf 92' lang='lat'>:</span> <span class='ocrx_word' id='word_1_100' title='bbox 886 652 954 684; x_wconf 84' lang='lat' dir='ltr'><strong>Quia</strong></span> <span class='ocrx_word' id='word_1_101' title='bbox 976 651 1019 678; x_wconf 81' lang='lat' dir='ltr'><strong>cui</strong></span> 
     </span>
    </p>
   </div>
   <div class='ocr_carea' id='block_1_15' title="bbox 236 696 1019 729">
    <p class='ocr_par' dir='ltr' id='par_1_15' title="bbox 236 696 1019 729">
     <span class='ocr_line' id='line_1_15' title="bbox 236 696 1019 729; baseline -0.001 -6"><span class='ocrx_word' id='word_1_102' title='bbox 236 697 363 724; x_wconf 69' lang='lat' dir='ltr'><strong>exhibuit</strong></span> <span class='ocrx_word' id='word_1_103' title='bbox 387 704 430 723; x_wconf 76' lang='lat' dir='ltr'><strong>vos</strong></span> <span class='ocrx_word' id='word_1_104' title='bbox 447 704 533 723; x_wconf 72' lang='lat' dir='ltr'><strong>servos</strong></span> <span class='ocrx_word' id='word_1_105' title='bbox 557 696 589 723; x_wconf 81' lang='lat' dir='ltr'><strong>ad</strong></span> <span class='ocrx_word' id='word_1_106' title='bbox 609 696 791 729; x_wconf 69' lang='lat' dir='ltr'><strong>obedientium,</strong></span> <span class='ocrx_word' id='word_1_107' title='bbox 809 697 875 724; x_wconf 73' lang='lat' dir='ltr'><strong>cervi</strong></span> <span class='ocrx_word' id='word_1_108' title='bbox 892 697 955 724; x_wconf 82' lang='lat' dir='ltr'><strong>estis</strong></span> <span class='ocrx_word' id='word_1_109' title='bbox 977 697 1019 724; x_wconf 83' lang='lat' dir='ltr'><strong>cui</strong></span> 
     </span>
    </p>
   </div>
   <div class='ocr_carea' id='block_1_16' title="bbox 237 743 1020 778">
    <p class='ocr_par' dir='ltr' id='par_1_16' title="bbox 237 743 1020 778">
     <span class='ocr_line' id='line_1_16' title="bbox 237 743 1020 778; baseline 0 -9"><span class='ocrx_word' id='word_1_110' title='bbox 237 743 373 775; x_wconf 75' lang='lat' dir='ltr'><strong>obedirtis,</strong></span> <span class='ocrx_word' id='word_1_111' title='bbox 391 743 443 769; x_wconf 73' lang='lat' dir='ltr'><strong>sive</strong></span> <span class='ocrx_word' id='word_1_112' title='bbox 458 744 568 777; x_wconf 78' lang='lat' dir='ltr'><strong>peccati,</strong></span> <span class='ocrx_word' id='word_1_113' title='bbox 590 743 641 770; x_wconf 76' lang='lat' dir='ltr'><strong>sive</strong></span> <span class='ocrx_word' id='word_1_114' title='bbox 659 743 771 778; x_wconf 72' lang='lat' dir='ltr'><strong>justitiw</strong></span> <span class='ocrx_word' id='word_1_115' title='bbox 788 743 821 776; x_wconf 81' lang='grc'><strong>³⁸,</strong></span> <span class='ocrx_word' id='word_1_116' title='bbox 845 743 907 778; x_wconf 87' lang='lat' dir='ltr'><strong>quia</strong></span> <span class='ocrx_word' id='word_1_117' title='bbox 925 747 1020 777; x_wconf 87' lang='lat' dir='ltr'><strong>sponte</strong></span> 
     </span>
    </p>
   </div>
   <div class='ocr_carea' id='block_1_17' title="bbox 237 789 1019 825">
    <p class='ocr_par' dir='ltr' id='par_1_17' title="bbox 237 789 1019 825">
     <span class='ocr_line' id='line_1_17' title="bbox 237 789 1019 825; baseline 0.001 -9"><span class='ocrx_word' id='word_1_118' title='bbox 237 794 330 816; x_wconf 88' lang='lat' dir='ltr'><strong>nostra</strong></span> <span class='ocrx_word' id='word_1_119' title='bbox 353 789 402 823; x_wconf 90' lang='lat' dir='ltr'><strong>ipsi</strong></span> <span class='ocrx_word' id='word_1_120' title='bbox 436 796 485 816; x_wconf 86' lang='lat' dir='ltr'><strong>nos</strong></span> <span class='ocrx_word' id='word_1_121' title='bbox 507 789 686 820; x_wconf 84' lang='lat' dir='ltr'><strong>exhibemus,</strong></span> <span class='ocrx_word' id='word_1_122' title='bbox 718 790 790 816; x_wconf 90' lang='lat' dir='ltr'><strong>nullo</strong></span> <span class='ocrx_word' id='word_1_123' title='bbox 820 795 952 825; x_wconf 77' lang='lat' dir='ltr'><strong>cogente,</strong></span> <span class='ocrx_word' id='word_1_124' title='bbox 977 790 1019 818; x_wconf 84' lang='lat' dir='ltr'><strong>vel</strong></span> 
     </span>
    </p>
   </div>
   <div class='ocr_carea' id='block_1_18' title="bbox 236 834 1018 870">
    <p class='ocr_par' dir='ltr' id='par_1_18' title="bbox 236 834 1018 870">
     <span class='ocr_line' id='line_1_18' title="bbox 236 834 1018 870; baseline 0.003 -9"><span class='ocrx_word' id='word_1_125' title='bbox 236 839 350 870; x_wconf 89' lang='lat' dir='ltr'><strong>peccato</strong></span> <span class='ocrx_word' id='word_1_126' title='bbox 373 835 486 867; x_wconf 79' lang='lat' dir='ltr'><strong>servire,</strong></span> <span class='ocrx_word' id='word_1_127' title='bbox 513 835 553 862; x_wconf 85' lang='lat' dir='ltr'><strong>vel</strong></span> <span class='ocrx_word' id='word_1_128' title='bbox 568 834 680 870; x_wconf 71' lang='lat' dir='ltr'><strong>iustitia:</strong></span> <span class='ocrx_word' id='word_1_129' title='bbox 705 843 754 870; x_wconf 92' lang='lat' dir='ltr'><strong>per</strong></span> <span class='ocrx_word' id='word_1_130' title='bbox 772 836 953 864; x_wconf 86' lang='lat' dir='ltr'><strong>obedientiam</strong></span> <span class='ocrx_word' id='word_1_131' title='bbox 969 843 1018 863; x_wconf 91' lang='lat' dir='ltr'><strong>no-</strong></span> 
     </span>
    </p>
   </div>
   <div class='ocr_carea' id='block_1_19' title="bbox 237 879 1018 915">
    <p class='ocr_par' dir='ltr' id='par_1_19' title="bbox 237 879 1018 915">
     <span class='ocr_line' id='line_1_19' title="bbox 237 879 1018 915; baseline 0.004 -9"><span class='ocrx_word' id='word_1_132' title='bbox 237 883 323 906; x_wconf 83' lang='lat' dir='ltr'><strong>stram</strong></span> <span class='ocrx_word' id='word_1_133' title='bbox 337 888 344 906; x_wconf 93' lang='lat'><strong>:</strong></span> <span class='ocrx_word' id='word_1_134' title='bbox 365 885 392 907; x_wconf 88' lang='lat' dir='ltr'><strong>et</strong></span> <span class='ocrx_word' id='word_1_135' title='bbox 408 879 468 907; x_wconf 89' lang='lat' dir='ltr'><strong>ideo</strong></span> <span class='ocrx_word' id='word_1_136' title='bbox 481 887 588 915; x_wconf 82' lang='lat' dir='ltr'><strong>semper</strong></span> <span class='ocrx_word' id='word_1_137' title='bbox 602 881 698 908; x_wconf 91' lang='lat' dir='ltr'><strong>horum</strong></span> <span class='ocrx_word' id='word_1_138' title='bbox 711 881 868 909; x_wconf 86' lang='lat' dir='ltr'><strong>meminisse</strong></span> <span class='ocrx_word' id='word_1_139' title='bbox 880 881 1018 915; x_wconf 88' lang='lat' dir='ltr'><strong>debemus,</strong></span> 
     </span>
    </p>
   </div>
   <div class='ocr_carea' id='block_1_20' title="bbox 237 925 1018 961">
    <p class='ocr_par' dir='ltr' id='par_1_20' title="bbox 237 925 1018 961">
     <span class='ocr_line' id='line_1_20' title="bbox 237 925 1018 961; baseline 0.004 -10"><span class='ocrx_word' id='word_1_140' title='bbox 237 932 272 952; x_wconf 92' lang='lat' dir='ltr'><strong>ne</strong></span> <span class='ocrx_word' id='word_1_141' title='bbox 287 925 380 952; x_wconf 85' lang='lat' dir='ltr'><strong>inanes</strong></span> <span class='ocrx_word' id='word_1_142' title='bbox 398 925 520 960; x_wconf 81' lang='lat' dir='ltr'><strong>querelas</strong></span> <span class='ocrx_word' id='word_1_143' title='bbox 537 926 562 952; x_wconf 93' lang='lat' dir='ltr'><strong>in</strong></span> <span class='ocrx_word' id='word_1_144' title='bbox 583 926 686 960; x_wconf 85' lang='lat' dir='ltr'><strong>peccati</strong></span> <span class='ocrx_word' id='word_1_145' title='bbox 706 927 882 954; x_wconf 79' lang='lat' dir='ltr'><strong>excusatione</strong></span> <span class='ocrx_word' id='word_1_146' title='bbox 897 927 1018 961; x_wconf 86' lang='lat' dir='ltr'><strong>profera-</strong></span> 
     </span>
    </p>
   </div>
   <div class='ocr_carea' id='block_1_21' title="bbox 237 971 1020 1011">
    <p class='ocr_par' dir='ltr' id='par_1_21' title="bbox 237 971 1020 1011">
     <span class='ocr_line' id='line_1_21' title="bbox 237 971 1020 1011; baseline 0.003 -13"><span class='ocrx_word' id='word_1_147' title='bbox 237 978 315 1003; x_wconf 85' lang='lat' dir='ltr'><strong>mus,</strong></span> <span class='ocrx_word' id='word_1_148' title='bbox 339 972 410 1007; x_wconf 88' lang='lat' dir='ltr'><strong>quod</strong></span> <span class='ocrx_word' id='word_1_149' title='bbox 436 971 559 999; x_wconf 79' lang='lat' dir='ltr'><strong>diabolus</strong></span> <span class='ocrx_word' id='word_1_150' title='bbox 579 971 681 1011; x_wconf 81' lang='lat' dir='ltr'><strong>fecerit</strong></span> <span class='ocrx_word' id='word_1_151' title='bbox 704 977 732 1000; x_wconf 93' lang='lat' dir='ltr'><strong>ut</strong></span> <span class='ocrx_word' id='word_1_152' title='bbox 757 981 946 1006; x_wconf 89' lang='lat' dir='ltr'><strong>peccaremus,</strong></span> <span class='ocrx_word' id='word_1_153' title='bbox 974 979 1020 1001; x_wconf 91' lang='lat' dir='ltr'><strong>aut</strong></span> 
     </span>
    </p>
   </div>
   <div class='ocr_carea' id='block_1_22' title="bbox 236 1017 1020 1052">
    <p class='ocr_par' dir='ltr' id='par_1_22' title="bbox 236 1017 1020 1052">
     <span class='ocr_line' id='line_1_22' title="bbox 236 1017 1020 1052; baseline 0.004 -8"><span class='ocrx_word' id='word_1_154' title='bbox 236 1022 340 1044; x_wconf 67' lang='lat' dir='ltr'><strong>natura:</strong></span> <span class='ocrx_word' id='word_1_155' title='bbox 355 1017 513 1051; x_wconf 85' lang='lat' dir='ltr'><strong>necessitas,</strong></span> <span class='ocrx_word' id='word_1_156' title='bbox 535 1023 581 1044; x_wconf 88' lang='lat' dir='ltr'><strong>attt</strong></span> <span class='ocrx_word' id='word_1_157' title='bbox 603 1018 692 1046; x_wconf 79' lang='lat' dir='ltr'><strong>fatalis</strong></span> <span class='ocrx_word' id='word_1_158' title='bbox 712 1019 842 1052; x_wconf 90' lang='lat' dir='ltr'><strong>conditio,</strong></span> <span class='ocrx_word' id='word_1_159' title='bbox 860 1024 906 1046; x_wconf 91' lang='lat' dir='ltr'><strong>aut</strong></span> <span class='ocrx_word' id='word_1_160' title='bbox 924 1028 1020 1049; x_wconf 86' lang='lat' dir='ltr'><strong>cursus</strong></span> 
     </span>
    </p>
   </div>
   <div class='ocr_carea' id='block_1_23' title="bbox 236 1063 1019 1100">
    <p class='ocr_par' dir='ltr' id='par_1_23' title="bbox 236 1063 1019 1100">
     <span class='ocr_line' id='line_1_23' title="bbox 236 1063 1019 1100; baseline 0.005 -11"><span class='ocrx_word' id='word_1_161' title='bbox 236 1069 371 1090; x_wconf 86' lang='lat' dir='ltr'><strong>astrorum</strong></span> <span class='ocrx_word' id='word_1_162' title='bbox 389 1063 499 1091; x_wconf 80' lang='lat' dir='ltr'><strong>elliciat.</strong></span> <span class='ocrx_word' id='word_1_163' title='bbox 520 1072 529 1089; x_wconf 75' lang='grc' dir='ltr'><strong>ι</strong></span> <span class='ocrx_word' id='word_1_164' title='bbox 553 1063 664 1091; x_wconf 90' lang='lat' dir='ltr'><strong>Coactio</strong></span> <span class='ocrx_word' id='word_1_165' title='bbox 682 1065 774 1092; x_wconf 80' lang='lat' dir='ltr'><strong>itidem</strong></span> <span class='ocrx_word' id='word_1_166' title='bbox 793 1073 823 1092; x_wconf 87' lang='lat' dir='ltr'><strong>ea</strong></span> <span class='ocrx_word' id='word_1_167' title='bbox 849 1065 1019 1100; x_wconf 85' lang='lat' dir='ltr'><strong>intelligenda</strong></span> 
     </span>
    </p>
   </div>
   <div class='ocr_carea' id='block_1_24' title="bbox 237 1109 1019 1144">
    <p class='ocr_par' dir='ltr' id='par_1_24' title="bbox 237 1109 1019 1144">
     <span class='ocr_line' id='line_1_24' title="bbox 237 1109 1019 1144; baseline 0.005 -9"><span class='ocrx_word' id='word_1_168' title='bbox 237 1109 281 1136; x_wconf 90' lang='lat' dir='ltr'><strong>hic</strong></span> <span class='ocrx_word' id='word_1_169' title='bbox 304 1114 355 1142; x_wconf 91' lang='lat' dir='ltr'><strong>est,</strong></span> <span class='ocrx_word' id='word_1_170' title='bbox 369 1117 449 1144; x_wconf 87' lang='lat' dir='ltr'><strong>quam</strong></span> <span class='ocrx_word' id='word_1_171' title='bbox 467 1109 555 1136; x_wconf 77' lang='lat' dir='ltr'><strong>fatalis</strong></span> <span class='ocrx_word' id='word_1_172' title='bbox 580 1109 712 1142; x_wconf 90' lang='lat' dir='ltr'><strong>conditio,</strong></span> <span class='ocrx_word' id='word_1_173' title='bbox 730 1115 900 1138; x_wconf 81' lang='lat' dir='ltr'><strong>astrorumve</strong></span> <span class='ocrx_word' id='word_1_174' title='bbox 924 1119 1019 1139; x_wconf 83' lang='lat' dir='ltr'><strong>cursus</strong></span> 
     </span>
    </p>
   </div>
   <div class='ocr_carea' id='block_1_25' title="bbox 236 1154 1020 1191">
    <p class='ocr_par' dir='ltr' id='par_1_25' title="bbox 236 1154 1020 1191">
     <span class='ocr_line' id='line_1_25' title="bbox 236 1154 1020 1191; baseline 0.005 -11"><span class='ocrx_word' id='word_1_175' title='bbox 236 1154 338 1185; x_wconf 83' lang='lat' dir='ltr'><strong>etllcit;</strong></span> <span class='ocrx_word' id='word_1_176' title='bbox 358 1162 417 1189; x_wconf 71' lang='lat' dir='ltr'><strong>qua:</strong></span> <span class='ocrx_word' id='word_1_177' title='bbox 431 1154 497 1182; x_wconf 90' lang='lat' dir='ltr'><strong>nihil</strong></span> <span class='ocrx_word' id='word_1_178' title='bbox 514 1163 578 1182; x_wconf 85' lang='lat' dir='ltr'><strong>sane</strong></span> <span class='ocrx_word' id='word_1_179' title='bbox 598 1155 670 1182; x_wconf 84' lang='lat' dir='ltr'><strong>aliud</strong></span> <span class='ocrx_word' id='word_1_180' title='bbox 692 1160 744 1188; x_wconf 88' lang='lat' dir='ltr'><strong>est,</strong></span> <span class='ocrx_word' id='word_1_181' title='bbox 767 1164 846 1191; x_wconf 89' lang='lat' dir='ltr'><strong>quam</strong></span> <span class='ocrx_word' id='word_1_182' title='bbox 873 1158 1020 1184; x_wconf 78' lang='lat' dir='ltr'><strong>necessitas</strong></span> 
     </span>
    </p>
   </div>
   <div class='ocr_carea' id='block_1_26' title="bbox 236 1200 1020 1237">
    <p class='ocr_par' dir='ltr' id='par_1_26' title="bbox 236 1200 1020 1237">
     <span class='ocr_line' id='line_1_26' title="bbox 236 1200 1020 1237; baseline 0.005 -11"><span class='ocrx_word' id='word_1_183' title='bbox 236 1200 363 1234; x_wconf 79' lang='lat' dir='ltr'><strong>simplex,</strong></span> <span class='ocrx_word' id='word_1_184' title='bbox 382 1205 409 1227; x_wconf 86' lang='lat' dir='ltr'><strong>et</strong></span> <span class='ocrx_word' id='word_1_185' title='bbox 424 1201 563 1228; x_wconf 89' lang='lat' dir='ltr'><strong>voluntate</strong></span> <span class='ocrx_word' id='word_1_186' title='bbox 584 1202 740 1235; x_wconf 78' lang='lat' dir='ltr'><strong>conjuncta.</strong></span> <span class='ocrx_word' id='word_1_187' title='bbox 764 1202 839 1229; x_wconf 88' lang='lat' dir='ltr'><strong>Hanc</strong></span> <span class='ocrx_word' id='word_1_188' title='bbox 866 1203 1020 1237; x_wconf 84' lang='lat' dir='ltr'><strong>responsio-</strong></span> 
     </span>
    </p>
   </div>
   <div class='ocr_carea' id='block_1_27' title="bbox 236 1245 1018 1282">
    <p class='ocr_par' dir='ltr' id='par_1_27' title="bbox 236 1245 1018 1282">
     <span class='ocr_line' id='line_1_27' title="bbox 236 1245 1018 1282; baseline 0.005 -10"><span class='ocrx_word' id='word_1_189' title='bbox 236 1253 296 1272; x_wconf 86' lang='lat' dir='ltr'><strong>nem</strong></span> <span class='ocrx_word' id='word_1_190' title='bbox 315 1253 329 1272; x_wconf 87' lang='lat' dir='ltr'><strong>a</strong></span> <span class='ocrx_word' id='word_1_191' title='bbox 350 1245 477 1280; x_wconf 87' lang='lat' dir='ltr'><strong>Dionysio</strong></span> <span class='ocrx_word' id='word_1_192' title='bbox 493 1246 603 1274; x_wconf 89' lang='lat' dir='ltr'><strong>Pctavio</strong></span> <span class='ocrx_word' id='word_1_193' title='bbox 619 1247 669 1274; x_wconf 91' lang='lat' dir='ltr'><strong>lib.</strong></span> <span class='ocrx_word' id='word_1_194' title='bbox 686 1255 715 1274; x_wconf 91' lang='grc' dir='ltr'><strong>ιιι</strong></span> <span class='ocrx_word' id='word_1_195' title='bbox 731 1247 769 1274; x_wconf 88' lang='lat' dir='ltr'><strong>De</strong></span> <span class='ocrx_word' id='word_1_196' title='bbox 786 1248 872 1282; x_wconf 79' lang='lat' dir='ltr'><strong>opific.</strong></span> <span class='ocrx_word' id='word_1_197' title='bbox 888 1256 933 1276; x_wconf 71' lang='lat' dir='ltr'><strong>sex</strong></span> <span class='ocrx_word' id='word_1_198' title='bbox 951 1249 1018 1276; x_wconf 81' lang='lat' dir='ltr'><strong>dier.</strong></span> 
     </span>
    </p>
   </div>
   <div class='ocr_carea' id='block_1_28' title="bbox 236 1291 1020 1328">
    <p class='ocr_par' dir='ltr' id='par_1_28' title="bbox 236 1291 1020 1328">
     <span class='ocr_line' id='line_1_28' title="bbox 236 1291 1020 1328; baseline 0.004 -10"><span class='ocrx_word' id='word_1_199' title='bbox 236 1291 367 1318; x_wconf 82' lang='lat' dir='ltr'><strong>adversus</strong></span> <span class='ocrx_word' id='word_1_200' title='bbox 382 1291 500 1319; x_wconf 85' lang='lat' dir='ltr'><strong>Janscnii</strong></span> <span class='ocrx_word' id='word_1_201' title='bbox 517 1293 663 1327; x_wconf 84' lang='lat' dir='ltr'><strong>petitiones</strong></span> <span class='ocrx_word' id='word_1_202' title='bbox 677 1294 826 1328; x_wconf 91' lang='lat' dir='ltr'><strong>oppositam</strong></span> <span class='ocrx_word' id='word_1_203' title='bbox 846 1301 878 1321; x_wconf 89' lang='lat' dir='ltr'><strong>eo</strong></span> <span class='ocrx_word' id='word_1_204' title='bbox 893 1294 1020 1322; x_wconf 89' lang='lat' dir='ltr'><strong>libentius</strong></span> 
     </span>
    </p>
   </div>
   <div class='ocr_carea' id='block_1_29' title="bbox 236 1338 1019 1372">
    <p class='ocr_par' dir='ltr' id='par_1_29' title="bbox 236 1338 1019 1372">
     <span class='ocr_line' id='line_1_29' title="bbox 236 1338 1019 1372; baseline 0.006 -10"><span class='ocrx_word' id='word_1_205' title='bbox 236 1343 410 1370; x_wconf 87' lang='lat' dir='ltr'><strong>usurpamus,</strong></span> <span class='ocrx_word' id='word_1_206' title='bbox 430 1339 501 1372; x_wconf 90' lang='lat' dir='ltr'><strong>quod</strong></span> <span class='ocrx_word' id='word_1_207' title='bbox 523 1346 692 1372; x_wconf 65' lang='lat' dir='ltr'><strong>quaecunque</strong></span> <span class='ocrx_word' id='word_1_208' title='bbox 714 1338 771 1366; x_wconf 87' lang='lat' dir='ltr'><strong>fere</strong></span> <span class='ocrx_word' id='word_1_209' title='bbox 792 1339 825 1366; x_wconf 89' lang='lat' dir='ltr'><strong>de</strong></span> <span class='ocrx_word' id='word_1_210' title='bbox 846 1339 932 1367; x_wconf 90' lang='lat' dir='ltr'><strong>libero</strong></span> <span class='ocrx_word' id='word_1_211' title='bbox 945 1339 1019 1366; x_wconf 81' lang='lat' dir='ltr'><strong>arbi-</strong></span> 
     </span>
    </p>
   </div>
   <div class='ocr_carea' id='block_1_30' title="bbox 238 1382 1020 1419">
    <p class='ocr_par' dir='ltr' id='par_1_30' title="bbox 238 1382 1020 1419">
     <span class='ocr_line' id='line_1_30' title="bbox 238 1382 1020 1419; baseline 0.005 -11"><span class='ocrx_word' id='word_1_212' title='bbox 238 1382 292 1408; x_wconf 91' lang='lat' dir='ltr'><strong>trio</strong></span> <span class='ocrx_word' id='word_1_213' title='bbox 317 1383 430 1416; x_wconf 81' lang='lat' dir='ltr'><strong>sparsim</strong></span> <span class='ocrx_word' id='word_1_214' title='bbox 459 1384 570 1411; x_wconf 87' lang='lat' dir='ltr'><strong>tradidit</strong></span> <span class='ocrx_word' id='word_1_215' title='bbox 591 1384 738 1419; x_wconf 84' lang='lat' dir='ltr'><strong>Origenes,</strong></span> <span class='ocrx_word' id='word_1_216' title='bbox 760 1392 791 1411; x_wconf 87' lang='lat' dir='ltr'><strong>ea</strong></span> <span class='ocrx_word' id='word_1_217' title='bbox 815 1384 869 1412; x_wconf 85' lang='lat' dir='ltr'><strong>fere</strong></span> <span class='ocrx_word' id='word_1_218' title='bbox 892 1385 1020 1413; x_wconf 82' lang='lat' dir='ltr'><strong>adversus</strong></span> 
     </span>
    </p>
   </div>
   <div class='ocr_carea' id='block_1_31' title="bbox 238 1427 1018 1465">
    <p class='ocr_par' dir='ltr' id='par_1_31' title="bbox 238 1427 1018 1465">
     <span class='ocr_line' id='line_1_31' title="bbox 238 1427 1018 1465; baseline 0.005 -11"><span class='ocrx_word' id='word_1_219' title='bbox 238 1427 457 1461; x_wconf 85' lang='lat' dir='ltr'><strong>Valcotinianos,</strong></span> <span class='ocrx_word' id='word_1_220' title='bbox 485 1429 676 1463; x_wconf 87' lang='lat' dir='ltr'><strong>Marcionitas,</strong></span> <span class='ocrx_word' id='word_1_221' title='bbox 711 1430 831 1464; x_wconf 85' lang='lat' dir='ltr'><strong>aliosque</strong></span> <span class='ocrx_word' id='word_1_222' title='bbox 863 1430 1018 1465; x_wconf 81' lang='lat' dir='ltr'><strong>ba-reticos,</strong></span> 
     </span>
    </p>
   </div>
   <div class='ocr_carea' id='block_1_32' title="bbox 236 1473 1019 1511">
    <p class='ocr_par' dir='ltr' id='par_1_32' title="bbox 236 1473 1019 1511">
     <span class='ocr_line' id='line_1_32' title="bbox 236 1473 1019 1511; baseline 0.003 -10"><span class='ocrx_word' id='word_1_223' title='bbox 236 1473 333 1505; x_wconf 85' lang='lat' dir='ltr'><strong>fatum,</strong></span> <span class='ocrx_word' id='word_1_224' title='bbox 353 1479 498 1509; x_wconf 78' lang='lat' dir='ltr'><strong>aptamque</strong></span> <span class='ocrx_word' id='word_1_225' title='bbox 514 1483 546 1502; x_wconf 82' lang='lat' dir='ltr'><strong>cx</strong></span> <span class='ocrx_word' id='word_1_226' title='bbox 563 1475 699 1503; x_wconf 78' lang='lat' dir='ltr'><strong>sideribus</strong></span> <span class='ocrx_word' id='word_1_227' title='bbox 717 1476 907 1503; x_wconf 85' lang='lat' dir='ltr'><strong>necessitatem</strong></span> <span class='ocrx_word' id='word_1_228' title='bbox 922 1484 1019 1511; x_wconf 89' lang='lat' dir='ltr'><strong>propu-</strong></span> 
     </span>
    </p>
   </div>
   <div class='ocr_carea' id='block_1_33' title="bbox 1073 238 1838 273">
    <p class='ocr_par' dir='ltr' id='par_1_33' title="bbox 1073 238 1838 273">
     <span class='ocr_line' id='line_1_33' title="bbox 1073 238 1838 273; baseline -0.003 -7"><span class='ocrx_word' id='word_1_229' title='bbox 1073 239 1176 273; x_wconf 84' lang='lat' dir='ltr'><strong>Quibus</strong></span> <span class='ocrx_word' id='word_1_230' title='bbox 1189 245 1340 268; x_wconf 80' lang='lat' dir='ltr'><strong>attexemus</strong></span> <span class='ocrx_word' id='word_1_231' title='bbox 1353 244 1380 268; x_wconf 83' lang='lat' dir='ltr'><strong>et</strong></span> <span class='ocrx_word' id='word_1_232' title='bbox 1404 239 1467 267; x_wconf 93' lang='lat' dir='ltr'><strong>illud</strong></span> <span class='ocrx_word' id='word_1_233' title='bbox 1489 247 1504 266; x_wconf 90' lang='lat' dir='ltr'><strong>e</strong></span> <span class='ocrx_word' id='word_1_234' title='bbox 1527 238 1574 266; x_wconf 90' lang='lat' dir='ltr'><strong>lib.</strong></span> <span class='ocrx_word' id='word_1_235' title='bbox 1600 247 1627 266; x_wconf 89' lang='grc' dir='ltr'>ιιι</span> <span class='ocrx_word' id='word_1_236' title='bbox 1652 238 1726 272; x_wconf 77' lang='grc' dir='ltr'><strong>Περὶ</strong></span> <span class='ocrx_word' id='word_1_237' title='bbox 1742 239 1838 272; x_wconf 77' lang='grc' dir='ltr'><strong>ἀρχῶν,</strong></span> 
     </span>
    </p>
   </div>
   <div class='ocr_carea' id='block_1_34' title="bbox 1073 285 1839 320">
    <p class='ocr_par' dir='ltr' id='par_1_34' title="bbox 1073 285 1839 320">
     <span class='ocr_line' id='line_1_34' title="bbox 1073 285 1839 320; baseline -0.004 -6"><span class='ocrx_word' id='word_1_238' title='bbox 1073 293 1133 319; x_wconf 90' lang='lat' dir='ltr'><strong>cap.</strong></span> <span class='ocrx_word' id='word_1_239' title='bbox 1153 286 1180 318; x_wconf 80' lang='lat'><strong>3,</strong></span> <span class='ocrx_word' id='word_1_240' title='bbox 1200 294 1273 313; x_wconf 91' lang='lat' dir='ltr'><strong>num.</strong></span> <span class='ocrx_word' id='word_1_241' title='bbox 1290 286 1326 313; x_wconf 70' lang='grc' dir='ltr'>ιε</span> <span class='ocrx_word' id='word_1_242' title='bbox 1344 294 1356 312; x_wconf 74' lang='lat' dir='ltr'><strong>t</strong></span> <span class='ocrx_word' id='word_1_243' title='bbox 1377 285 1442 313; x_wconf 88' lang='lat' dir='ltr'><strong>Boni</strong></span> <span class='ocrx_word' id='word_1_244' title='bbox 1463 292 1527 312; x_wconf 87' lang='lat' dir='ltr'><strong>vero</strong></span> <span class='ocrx_word' id='word_1_245' title='bbox 1541 285 1652 320; x_wconf 82' lang='lat' dir='ltr'><strong>spiritus</strong></span> <span class='ocrx_word' id='word_1_246' title='bbox 1676 285 1778 319; x_wconf 87' lang='lat' dir='ltr'><strong>recepit</strong></span> <span class='ocrx_word' id='word_1_247' title='bbox 1790 287 1839 319; x_wconf 84' lang='lat' dir='ltr'><strong>quis</strong></span> 
     </span>
    </p>
   </div>
   <div class='ocr_carea' id='block_1_35' title="bbox 1079 330 1839 366">
    <p class='ocr_par' dir='ltr' id='par_1_35' title="bbox 1079 330 1839 366">
     <span class='ocr_line' id='line_1_35' title="bbox 1079 330 1839 366; baseline -0.003 -8"><span class='ocrx_word' id='word_1_248' title='bbox 1079 331 1264 366; x_wconf 83' lang='lat' dir='ltr'><strong>energiam,id</strong></span> <span class='ocrx_word' id='word_1_249' title='bbox 1291 335 1332 358; x_wconf 86' lang='lat' dir='ltr'><strong>est</strong></span> <span class='ocrx_word' id='word_1_250' title='bbox 1350 330 1572 365; x_wconf 87' lang='lat' dir='ltr'><strong>inoperationem,</strong></span> <span class='ocrx_word' id='word_1_251' title='bbox 1596 337 1657 357; x_wconf 89' lang='lat' dir='ltr'><strong>cum</strong></span> <span class='ocrx_word' id='word_1_252' title='bbox 1689 335 1809 357; x_wconf 84' lang='lat' dir='ltr'><strong>movetur</strong></span> <span class='ocrx_word' id='word_1_253' title='bbox 1819 336 1839 356; x_wconf 83' lang='lat' dir='ltr'><strong>et</strong></span> 
     </span>
    </p>
   </div>
   <div class='ocr_carea' id='block_1_36' title="bbox 1070 376 1839 412">
    <p class='ocr_par' dir='ltr' id='par_1_36' title="bbox 1070 376 1839 412">
     <span class='ocr_line' id='line_1_36' title="bbox 1070 376 1839 412; baseline -0.001 -9"><span class='ocrx_word' id='word_1_254' title='bbox 1070 383 1230 412; x_wconf 84' lang='lat' dir='ltr'><strong>provocatur</strong></span> <span class='ocrx_word' id='word_1_255' title='bbox 1244 379 1275 405; x_wconf 89' lang='lat' dir='ltr'><strong>ad</strong></span> <span class='ocrx_word' id='word_1_256' title='bbox 1294 378 1373 410; x_wconf 90' lang='lat' dir='ltr'><strong>bona,</strong></span> <span class='ocrx_word' id='word_1_257' title='bbox 1397 382 1424 406; x_wconf 86' lang='lat' dir='ltr'><strong>et</strong></span> <span class='ocrx_word' id='word_1_258' title='bbox 1446 377 1591 411; x_wconf 82' lang='lat' dir='ltr'><strong>inspiratur</strong></span> <span class='ocrx_word' id='word_1_259' title='bbox 1617 377 1650 403; x_wconf 89' lang='lat' dir='ltr'><strong>ad</strong></span> <span class='ocrx_word' id='word_1_260' title='bbox 1670 376 1791 404; x_wconf 76' lang='lat' dir='ltr'><strong>cmlestia</strong></span> <span class='ocrx_word' id='word_1_261' title='bbox 1807 377 1839 403; x_wconf 79' lang='lat' dir='ltr'><strong>vel</strong></span> 
     </span>
    </p>
   </div>
   <div class='ocr_carea' id='block_1_37' title="bbox 1070 423 1840 458">
    <p class='ocr_par' dir='ltr' id='par_1_37' title="bbox 1070 423 1840 458">
     <span class='ocr_line' id='line_1_37' title="bbox 1070 423 1840 458; baseline 0 -7"><span class='ocrx_word' id='word_1_262' title='bbox 1070 423 1158 451; x_wconf 87' lang='lat' dir='ltr'><strong>divina</strong></span> <span class='ocrx_word' id='word_1_263' title='bbox 1173 433 1180 452; x_wconf 84' lang='lat'><strong>:</strong></span> <span class='ocrx_word' id='word_1_264' title='bbox 1197 424 1267 451; x_wconf 88' lang='lat' dir='ltr'><strong>sicut</strong></span> <span class='ocrx_word' id='word_1_265' title='bbox 1282 425 1366 452; x_wconf 84' lang='lat' dir='ltr'><strong>sancti</strong></span> <span class='ocrx_word' id='word_1_266' title='bbox 1384 423 1470 458; x_wconf 81' lang='lat' dir='ltr'><strong>angeli</strong></span> <span class='ocrx_word' id='word_1_267' title='bbox 1487 428 1514 451; x_wconf 92' lang='lat' dir='ltr'><strong>et</strong></span> <span class='ocrx_word' id='word_1_268' title='bbox 1531 424 1587 458; x_wconf 91' lang='lat' dir='ltr'><strong>ipse</strong></span> <span class='ocrx_word' id='word_1_269' title='bbox 1604 423 1676 451; x_wconf 90' lang='lat' dir='ltr'><strong>Deus</strong></span> <span class='ocrx_word' id='word_1_270' title='bbox 1700 423 1840 457; x_wconf 74' lang='lat' dir='ltr'><strong>imperatas</strong></span> 
     </span>
    </p>
   </div>
   <div class='ocr_carea' id='block_1_38' title="bbox 1069 468 1838 504">
    <p class='ocr_par' dir='ltr' id='par_1_38' title="bbox 1069 468 1838 504">
     <span class='ocr_line' id='line_1_38' title="bbox 1069 468 1838 504; baseline -0.001 -8"><span class='ocrx_word' id='word_1_271' title='bbox 1069 473 1110 496; x_wconf 83' lang='lat' dir='ltr'><strong>est</strong></span> <span class='ocrx_word' id='word_1_272' title='bbox 1135 469 1160 496; x_wconf 95' lang='lat' dir='ltr'><strong>in</strong></span> <span class='ocrx_word' id='word_1_273' title='bbox 1184 469 1329 504; x_wconf 86' lang='lat' dir='ltr'><strong>prophetis,</strong></span> <span class='ocrx_word' id='word_1_274' title='bbox 1351 469 1564 504; x_wconf 79' lang='lat' dir='ltr'><strong>suggeSIionibus</strong></span> <span class='ocrx_word' id='word_1_275' title='bbox 1578 469 1680 496; x_wconf 84' lang='lat' dir='ltr'><strong>sanctis</strong></span> <span class='ocrx_word' id='word_1_276' title='bbox 1698 469 1732 495; x_wconf 85' lang='lat' dir='ltr'><strong>ad</strong></span> <span class='ocrx_word' id='word_1_277' title='bbox 1744 468 1838 496; x_wconf 81' lang='lat' dir='ltr'><strong>meliora</strong></span> 
     </span>
    </p>
   </div>
   <div class='ocr_carea' id='block_1_39' title="bbox 1070 515 1841 549">
    <p class='ocr_par' dir='ltr' id='par_1_39' title="bbox 1070 515 1841 549">
     <span class='ocr_line' id='line_1_39' title="bbox 1070 515 1841 549; baseline 0 -8"><span class='ocrx_word' id='word_1_278' title='bbox 1070 522 1220 549; x_wconf 84' lang='lat' dir='ltr'><strong>provocans</strong></span> <span class='ocrx_word' id='word_1_279' title='bbox 1233 519 1260 542; x_wconf 90' lang='lat' dir='ltr'><strong>et</strong></span> <span class='ocrx_word' id='word_1_280' title='bbox 1275 516 1437 547; x_wconf 78' lang='lat' dir='ltr'><strong>cohortalis;</strong></span> <span class='ocrx_word' id='word_1_281' title='bbox 1456 515 1491 542; x_wconf 89' lang='lat' dir='ltr'><strong>ita</strong></span> <span class='ocrx_word' id='word_1_282' title='bbox 1506 522 1571 542; x_wconf 82' lang='lat' dir='ltr'><strong>sane</strong></span> <span class='ocrx_word' id='word_1_283' title='bbox 1585 520 1614 541; x_wconf 92' lang='lat' dir='ltr'><strong>ut</strong></span> <span class='ocrx_word' id='word_1_284' title='bbox 1629 519 1756 541; x_wconf 89' lang='lat' dir='ltr'><strong>maneret</strong></span> <span class='ocrx_word' id='word_1_285' title='bbox 1770 516 1794 541; x_wconf 90' lang='lat' dir='ltr'><strong>iu</strong></span> <span class='ocrx_word' id='word_1_286' title='bbox 1806 523 1841 541; x_wconf 87' lang='lat' dir='ltr'><strong>ar-</strong></span> 
     </span>
    </p>
   </div>
   <div class='ocr_carea' id='block_1_40' title="bbox 1070 560 1840 596">
    <p class='ocr_par' dir='ltr' id='par_1_40' title="bbox 1070 560 1840 596">
     <span class='ocr_line' id='line_1_40' title="bbox 1070 560 1840 596; baseline 0.001 -9"><span class='ocrx_word' id='word_1_287' title='bbox 1070 561 1151 587; x_wconf 90' lang='lat' dir='ltr'><strong>bitrio</strong></span> <span class='ocrx_word' id='word_1_288' title='bbox 1171 560 1290 588; x_wconf 90' lang='lat' dir='ltr'><strong>hominis</strong></span> <span class='ocrx_word' id='word_1_289' title='bbox 1311 568 1343 588; x_wconf 92' lang='lat' dir='ltr'><strong>ac</strong></span> <span class='ocrx_word' id='word_1_290' title='bbox 1354 561 1467 594; x_wconf 80' lang='lat' dir='ltr'><strong>judicio,</strong></span> <span class='ocrx_word' id='word_1_291' title='bbox 1491 561 1513 588; x_wconf 88' lang='lat' dir='ltr'><strong>si</strong></span> <span class='ocrx_word' id='word_1_292' title='bbox 1534 561 1611 596; x_wconf 86' lang='lat' dir='ltr'><strong>sequi</strong></span> <span class='ocrx_word' id='word_1_293' title='bbox 1635 561 1704 588; x_wconf 83' lang='lat' dir='ltr'><strong>velit</strong></span> <span class='ocrx_word' id='word_1_294' title='bbox 1721 565 1768 588; x_wconf 89' lang='lat' dir='ltr'><strong>aut</strong></span> <span class='ocrx_word' id='word_1_295' title='bbox 1785 562 1840 588; x_wconf 86' lang='lat' dir='ltr'><strong>nolit</strong></span> 
     </span>
    </p>
   </div>
   <div class='ocr_carea' id='block_1_41' title="bbox 1069 605 1840 641">
    <p class='ocr_par' dir='ltr' id='par_1_41' title="bbox 1069 605 1840 641">
     <span class='ocr_line' id='line_1_41' title="bbox 1069 605 1840 641; baseline 0.001 -8"><span class='ocrx_word' id='word_1_296' title='bbox 1069 606 1103 633; x_wconf 88' lang='lat' dir='ltr'><strong>ad</strong></span> <span class='ocrx_word' id='word_1_297' title='bbox 1120 606 1241 634; x_wconf 65' lang='lat' dir='ltr'><strong>coalestia</strong></span> <span class='ocrx_word' id='word_1_298' title='bbox 1256 611 1284 633; x_wconf 89' lang='lat' dir='ltr'><strong>et</strong></span> <span class='ocrx_word' id='word_1_299' title='bbox 1298 605 1388 633; x_wconf 89' lang='lat' dir='ltr'><strong>divina</strong></span> <span class='ocrx_word' id='word_1_300' title='bbox 1405 612 1610 641; x_wconf 83' lang='lat' dir='ltr'><strong>provocantem.</strong></span> <span class='ocrx_word' id='word_1_301' title='bbox 1630 616 1639 632; x_wconf 74' lang='grc' dir='ltr'><strong>ι</strong></span> <span class='ocrx_word' id='word_1_302' title='bbox 1658 606 1715 634; x_wconf 90' lang='lat' dir='ltr'><strong>Sed</strong></span> <span class='ocrx_word' id='word_1_303' title='bbox 1733 607 1793 641; x_wconf 89' lang='lat' dir='ltr'><strong>quid</strong></span> <span class='ocrx_word' id='word_1_304' title='bbox 1807 607 1840 635; x_wconf 86' lang='lat' dir='ltr'><strong>hit</strong></span> 
     </span>
    </p>
   </div>
   <div class='ocr_carea' id='block_1_42' title="bbox 1071 652 1840 688">
    <p class='ocr_par' dir='ltr' id='par_1_42' title="bbox 1071 652 1840 688">
     <span class='ocr_line' id='line_1_42' title="bbox 1071 652 1840 688; baseline 0.001 -9"><span class='ocrx_word' id='word_1_305' title='bbox 1071 652 1230 686; x_wconf 75' lang='lat' dir='ltr'><strong>colligendis</strong></span> <span class='ocrx_word' id='word_1_306' title='bbox 1251 653 1438 686; x_wconf 78' lang='lat' dir='ltr'><strong>immorantur,</strong></span> <span class='ocrx_word' id='word_1_307' title='bbox 1455 661 1515 680; x_wconf 91' lang='lat' dir='ltr'><strong>cum</strong></span> <span class='ocrx_word' id='word_1_308' title='bbox 1533 653 1609 688; x_wconf 87' lang='lat' dir='ltr'><strong>plura</strong></span> <span class='ocrx_word' id='word_1_309' title='bbox 1632 653 1718 680; x_wconf 89' lang='lat' dir='ltr'><strong>etiam</strong></span> <span class='ocrx_word' id='word_1_310' title='bbox 1739 660 1840 688; x_wconf 84' lang='lat' dir='ltr'><strong>conges-</strong></span> 
     </span>
    </p>
   </div>
   <div class='ocr_carea' id='block_1_43' title="bbox 1069 698 1841 734">
    <p class='ocr_par' dir='ltr' id='par_1_43' title="bbox 1069 698 1841 734">
     <span class='ocr_line' id='line_1_43' title="bbox 1069 698 1841 734; baseline 0 -9"><span class='ocrx_word' id='word_1_311' title='bbox 1069 699 1136 725; x_wconf 76' lang='lat' dir='ltr'><strong>serit</strong></span> <span class='ocrx_word' id='word_1_312' title='bbox 1153 698 1296 726; x_wconf 85' lang='lat' dir='ltr'><strong>Jansenius</strong></span> <span class='ocrx_word' id='word_1_313' title='bbox 1314 704 1380 726; x_wconf 91' lang='lat' dir='ltr'><strong>tom.</strong></span> <span class='ocrx_word' id='word_1_314' title='bbox 1396 698 1423 732; x_wconf 81' lang='grc' dir='ltr'><strong>Ι,</strong></span> <span class='ocrx_word' id='word_1_315' title='bbox 1437 699 1484 726; x_wconf 90' lang='lat' dir='ltr'><strong>lib.</strong></span> <span class='ocrx_word' id='word_1_316' title='bbox 1504 706 1542 732; x_wconf 81' lang='lat' dir='ltr'><strong>vr,</strong></span> <span class='ocrx_word' id='word_1_317' title='bbox 1560 706 1622 734; x_wconf 88' lang='lat' dir='ltr'><strong>cap.</strong></span> <span class='ocrx_word' id='word_1_318' title='bbox 1643 699 1689 730; x_wconf 84' lang='lat' dir='ltr'><strong>t5,</strong></span> <span class='ocrx_word' id='word_1_319' title='bbox 1713 703 1742 725; x_wconf 86' lang='grc' dir='ltr'><strong>ιιι</strong></span> <span class='ocrx_word' id='word_1_320' title='bbox 1762 704 1841 725; x_wconf 84' lang='lat' dir='ltr'><strong>osten-</strong></span> 
     </span>
    </p>
   </div>
   <div class='ocr_carea' id='block_1_44' title="bbox 1069 743 1840 777">
    <p class='ocr_par' dir='ltr' id='par_1_44' title="bbox 1069 743 1840 777">
     <span class='ocr_line' id='line_1_44' title="bbox 1069 743 1840 777; baseline 0.001 -6"><span class='ocrx_word' id='word_1_321' title='bbox 1069 744 1145 772; x_wconf 86' lang='lat' dir='ltr'><strong>deret</strong></span> <span class='ocrx_word' id='word_1_322' title='bbox 1164 744 1190 770; x_wconf 93' lang='lat' dir='ltr'><strong>in</strong></span> <span class='ocrx_word' id='word_1_323' title='bbox 1213 743 1394 772; x_wconf 76' lang='lat' dir='ltr'><strong>indifferentia</strong></span> <span class='ocrx_word' id='word_1_324' title='bbox 1409 744 1441 771; x_wconf 91' lang='lat' dir='ltr'><strong>ad</strong></span> <span class='ocrx_word' id='word_1_325' title='bbox 1466 745 1566 772; x_wconf 91' lang='lat' dir='ltr'><strong>bonum</strong></span> <span class='ocrx_word' id='word_1_326' title='bbox 1588 748 1616 772; x_wconf 84' lang='lat' dir='ltr'><strong>et</strong></span> <span class='ocrx_word' id='word_1_327' title='bbox 1645 744 1761 777; x_wconf 87' lang='lat' dir='ltr'><strong>malum,</strong></span> <span class='ocrx_word' id='word_1_328' title='bbox 1785 745 1840 772; x_wconf 79' lang='lat' dir='ltr'><strong>citra</strong></span> 
     </span>
    </p>
   </div>
   <div class='ocr_carea' id='block_1_45' title="bbox 1070 789 1839 821">
    <p class='ocr_par' dir='ltr' id='par_1_45' title="bbox 1070 789 1839 821">
     <span class='ocr_line' id='line_1_45' title="bbox 1070 789 1839 821; baseline 0.003 -5"><span class='ocrx_word' id='word_1_329' title='bbox 1070 790 1150 817; x_wconf 88' lang='lat' dir='ltr'><strong>ullam</strong></span> <span class='ocrx_word' id='word_1_330' title='bbox 1165 790 1369 821; x_wconf 87' lang='lat' dir='ltr'><strong>necessitatem,</strong></span> <span class='ocrx_word' id='word_1_331' title='bbox 1387 789 1464 817; x_wconf 84' lang='lat' dir='ltr'><strong>liberi</strong></span> <span class='ocrx_word' id='word_1_332' title='bbox 1481 790 1584 817; x_wconf 89' lang='lat' dir='ltr'><strong>arbitrii</strong></span> <span class='ocrx_word' id='word_1_333' title='bbox 1599 795 1729 817; x_wconf 88' lang='lat' dir='ltr'><strong>naturam</strong></span> <span class='ocrx_word' id='word_1_334' title='bbox 1747 790 1779 817; x_wconf 89' lang='lat' dir='ltr'><strong>ab</strong></span> <span class='ocrx_word' id='word_1_335' title='bbox 1791 789 1839 818; x_wconf 88' lang='lat' dir='ltr'><strong>Ori-</strong></span> 
     </span>
    </p>
   </div>
   <div class='ocr_carea' id='block_1_46' title="bbox 1070 835 1840 871">
    <p class='ocr_par' dir='ltr' id='par_1_46' title="bbox 1070 835 1840 871">
     <span class='ocr_line' id='line_1_46' title="bbox 1070 835 1840 871; baseline 0.001 -9"><span class='ocrx_word' id='word_1_336' title='bbox 1070 843 1138 871; x_wconf 83' lang='lat' dir='ltr'><strong>gene</strong></span> <span class='ocrx_word' id='word_1_337' title='bbox 1153 835 1235 863; x_wconf 79' lang='lat' dir='ltr'><strong>fuisse</strong></span> <span class='ocrx_word' id='word_1_338' title='bbox 1244 835 1429 863; x_wconf 71' lang='lat' dir='ltr'><strong>collocatam?</strong></span> <span class='ocrx_word' id='word_1_339' title='bbox 1444 845 1453 860; x_wconf 74' lang='grc' dir='ltr'><strong>ι</strong></span> <span class='ocrx_word' id='word_1_340' title='bbox 1466 835 1643 869; x_wconf 86' lang='lat' dir='ltr'><strong>Gravissime,</strong></span> <span class='ocrx_word' id='word_1_341' title='bbox 1658 836 1759 871; x_wconf 83' lang='lat' dir='ltr'><strong>inquit,</strong></span> <span class='ocrx_word' id='word_1_342' title='bbox 1773 836 1840 863; x_wconf 78' lang='lat' dir='ltr'><strong>fuisse</strong></span> 
     </span>
    </p>
   </div>
   <div class='ocr_carea' id='block_1_47' title="bbox 1072 880 1840 917">
    <p class='ocr_par' dir='ltr' id='par_1_47' title="bbox 1072 880 1840 917">
     <span class='ocr_line' id='line_1_47' title="bbox 1072 880 1840 917; baseline 0 -9"><span class='ocrx_word' id='word_1_343' title='bbox 1072 882 1251 917; x_wconf 86' lang='lat' dir='ltr'><strong>reprehensos</strong></span> <span class='ocrx_word' id='word_1_344' title='bbox 1269 881 1304 908; x_wconf 87' lang='lat' dir='ltr'><strong>ab</strong></span> <span class='ocrx_word' id='word_1_345' title='bbox 1319 880 1471 916; x_wconf 74' lang='lat' dir='ltr'><strong>Augustino</strong></span> <span class='ocrx_word' id='word_1_346' title='bbox 1497 881 1655 917; x_wconf 75' lang='lat' dir='ltr'><strong>Pelagianos</strong></span> <span class='ocrx_word' id='word_1_347' title='bbox 1685 887 1795 916; x_wconf 90' lang='lat' dir='ltr'><strong>propter</strong></span> <span class='ocrx_word' id='word_1_348' title='bbox 1814 882 1840 908; x_wconf 87' lang='lat' dir='ltr'><strong>il-</strong></span> 
     </span>
    </p>
   </div>
   <div class='ocr_carea' id='block_1_48' title="bbox 1069 927 1839 962">
    <p class='ocr_par' dir='ltr' id='par_1_48' title="bbox 1069 927 1839 962">
     <span class='ocr_line' id='line_1_48' title="bbox 1069 927 1839 962; baseline 0 -8"><span class='ocrx_word' id='word_1_349' title='bbox 1069 927 1122 954; x_wconf 90' lang='lat' dir='ltr'><strong>lam</strong></span> <span class='ocrx_word' id='word_1_350' title='bbox 1150 927 1354 955; x_wconf 86' lang='lat' dir='ltr'><strong>inamissibilem</strong></span> <span class='ocrx_word' id='word_1_351' title='bbox 1383 932 1410 954; x_wconf 92' lang='lat' dir='ltr'><strong>et</strong></span> <span class='ocrx_word' id='word_1_352' title='bbox 1432 928 1509 962; x_wconf 84' lang='lat' dir='ltr'><strong>quasi</strong></span> <span class='ocrx_word' id='word_1_353' title='bbox 1532 927 1708 955; x_wconf 82' lang='lat' dir='ltr'><strong>essentialem</strong></span> <span class='ocrx_word' id='word_1_354' title='bbox 1734 927 1760 956; x_wconf 90' lang='lat' dir='ltr'><strong>in</strong></span> <span class='ocrx_word' id='word_1_355' title='bbox 1779 927 1839 955; x_wconf 84' lang='lat' dir='ltr'><strong>omni</strong></span> 
     </span>
    </p>
   </div>
   <div class='ocr_carea' id='block_1_49' title="bbox 1071 973 1842 1001">
    <p class='ocr_par' dir='ltr' id='par_1_49' title="bbox 1071 973 1842 1001">
     <span class='ocr_line' id='line_1_49' title="bbox 1071 973 1842 1001; baseline 0.001 -1"><span class='ocrx_word' id='word_1_356' title='bbox 1071 978 1141 1001; x_wconf 84' lang='lat' dir='ltr'><strong>statu</strong></span> <span class='ocrx_word' id='word_1_357' title='bbox 1167 973 1244 1001; x_wconf 86' lang='lat' dir='ltr'><strong>liberi</strong></span> <span class='ocrx_word' id='word_1_358' title='bbox 1274 974 1380 1001; x_wconf 88' lang='lat' dir='ltr'><strong>arbitrii</strong></span> <span class='ocrx_word' id='word_1_359' title='bbox 1409 973 1618 1001; x_wconf 78' lang='lat' dir='ltr'><strong>indiﬂ‘erentiam</strong></span> <span class='ocrx_word' id='word_1_360' title='bbox 1643 974 1678 1001; x_wconf 88' lang='lat' dir='ltr'><strong>ad</strong></span> <span class='ocrx_word' id='word_1_361' title='bbox 1705 974 1800 1001; x_wconf 88' lang='lat' dir='ltr'><strong>bonum</strong></span> <span class='ocrx_word' id='word_1_362' title='bbox 1819 978 1842 1000; x_wconf 81' lang='lat' dir='ltr'><strong>et</strong></span> 
     </span>
    </p>
   </div>
   <div class='ocr_carea' id='block_1_50' title="bbox 1071 1019 1840 1055">
    <p class='ocr_par' dir='ltr' id='par_1_50' title="bbox 1071 1019 1840 1055">
     <span class='ocr_line' id='line_1_50' title="bbox 1071 1019 1840 1055; baseline 0 -9"><span class='ocrx_word' id='word_1_363' title='bbox 1071 1020 1182 1052; x_wconf 89' lang='lat' dir='ltr'><strong>malum,</strong></span> <span class='ocrx_word' id='word_1_364' title='bbox 1207 1020 1400 1055; x_wconf 85' lang='lat' dir='ltr'><strong>exclusamque</strong></span> <span class='ocrx_word' id='word_1_365' title='bbox 1418 1020 1529 1047; x_wconf 84' lang='lat' dir='ltr'><strong>alterius</strong></span> <span class='ocrx_word' id='word_1_366' title='bbox 1549 1020 1635 1055; x_wconf 87' lang='lat' dir='ltr'><strong>partis</strong></span> <span class='ocrx_word' id='word_1_367' title='bbox 1652 1019 1840 1050; x_wconf 82' lang='lat' dir='ltr'><strong>necessitatem.</strong></span> 
     </span>
    </p>
   </div>
   <div class='ocr_carea' id='block_1_51' title="bbox 1070 1065 1840 1100">
    <p class='ocr_par' dir='ltr' id='par_1_51' title="bbox 1070 1065 1840 1100">
     <span class='ocr_line' id='line_1_51' title="bbox 1070 1065 1840 1100; baseline -0.003 -7"><span class='ocrx_word' id='word_1_368' title='bbox 1070 1073 1102 1093; x_wconf 77' lang='lat' dir='ltr'><strong>ex</strong></span> <span class='ocrx_word' id='word_1_369' title='bbox 1120 1066 1152 1093; x_wconf 82' lang='lat' dir='ltr'><strong>iis</strong></span> <span class='ocrx_word' id='word_1_370' title='bbox 1167 1074 1227 1100; x_wconf 63' lang='lat' dir='ltr'><strong>quae</strong></span> <span class='ocrx_word' id='word_1_371' title='bbox 1244 1066 1315 1093; x_wconf 90' lang='lat' dir='ltr'><strong>libro</strong></span> <span class='ocrx_word' id='word_1_372' title='bbox 1333 1065 1452 1093; x_wconf 88' lang='lat' dir='ltr'><strong>secundo</strong></span> <span class='ocrx_word' id='word_1_373' title='bbox 1472 1065 1590 1092; x_wconf 88' lang='lat' dir='ltr'><strong>dicimus</strong></span> <span class='ocrx_word' id='word_1_374' title='bbox 1606 1065 1723 1099; x_wconf 82' lang='lat' dir='ltr'><strong>intelligi</strong></span> <span class='ocrx_word' id='word_1_375' title='bbox 1746 1069 1840 1099; x_wconf 84' lang='lat' dir='ltr'><strong>potest:</strong></span> 
     </span>
    </p>
   </div>
   <div class='ocr_carea' id='block_1_52' title="bbox 1071 1110 1842 1144">
    <p class='ocr_par' dir='ltr' id='par_1_52' title="bbox 1071 1110 1842 1144">
     <span class='ocr_line' id='line_1_52' title="bbox 1071 1110 1842 1144; baseline -0.004 -5"><span class='ocrx_word' id='word_1_376' title='bbox 1071 1112 1126 1139; x_wconf 79' lang='lat' dir='ltr'><strong>haec</strong></span> <span class='ocrx_word' id='word_1_377' title='bbox 1154 1117 1196 1139; x_wconf 89' lang='lat' dir='ltr'><strong>est</strong></span> <span class='ocrx_word' id='word_1_378' title='bbox 1221 1112 1294 1139; x_wconf 89' lang='lat' dir='ltr'><strong>enim</strong></span> <span class='ocrx_word' id='word_1_379' title='bbox 1317 1111 1399 1138; x_wconf 86' lang='lat' dir='ltr'><strong>totius</strong></span> <span class='ocrx_word' id='word_1_380' title='bbox 1424 1111 1579 1144; x_wconf 69' lang='lat' dir='ltr'><strong>Pelagiana:</strong></span> <span class='ocrx_word' id='word_1_381' title='bbox 1609 1115 1758 1138; x_wconf 74' lang='lat' dir='ltr'><strong>structurae</strong></span> <span class='ocrx_word' id='word_1_382' title='bbox 1782 1110 1842 1136; x_wconf 81' lang='lat' dir='ltr'><strong>basis</strong></span> 
     </span>
    </p>
   </div>
   <div class='ocr_carea' id='block_1_53' title="bbox 1070 1155 1841 1192">
    <p class='ocr_par' dir='ltr' id='par_1_53' title="bbox 1070 1155 1841 1192">
     <span class='ocr_line' id='line_1_53' title="bbox 1070 1155 1841 1192; baseline -0.004 -8"><span class='ocrx_word' id='word_1_383' title='bbox 1070 1165 1139 1192; x_wconf 86' lang='lat' dir='ltr'><strong>pene</strong></span> <span class='ocrx_word' id='word_1_384' title='bbox 1160 1158 1306 1192; x_wconf 61' lang='lat' dir='ltr'><strong>praecipua.</strong></span> <span class='ocrx_word' id='word_1_385' title='bbox 1326 1157 1377 1184; x_wconf 80' lang='lat' dir='ltr'><strong>Sed</strong></span> <span class='ocrx_word' id='word_1_386' title='bbox 1401 1157 1473 1184; x_wconf 89' lang='lat' dir='ltr'><strong>illam</strong></span> <span class='ocrx_word' id='word_1_387' title='bbox 1498 1156 1629 1191; x_wconf 84' lang='lat' dir='ltr'><strong>Origenes</strong></span> <span class='ocrx_word' id='word_1_388' title='bbox 1653 1155 1780 1183; x_wconf 84' lang='lat' dir='ltr'><strong>omnibus</strong></span> <span class='ocrx_word' id='word_1_389' title='bbox 1802 1163 1841 1182; x_wconf 87' lang='lat' dir='ltr'><strong>nu-</strong></span> 
     </span>
    </p>
   </div>
   <div class='ocr_carea' id='block_1_54' title="bbox 1071 1201 1841 1236">
    <p class='ocr_par' dir='ltr' id='par_1_54' title="bbox 1071 1201 1841 1236">
     <span class='ocr_line' id='line_1_54' title="bbox 1071 1201 1841 1236; baseline -0.005 -6"><span class='ocrx_word' id='word_1_390' title='bbox 1071 1203 1153 1230; x_wconf 89' lang='lat' dir='ltr'><strong>meris</strong></span> <span class='ocrx_word' id='word_1_391' title='bbox 1167 1202 1316 1230; x_wconf 82' lang='lat' dir='ltr'><strong>absolutam</strong></span> <span class='ocrx_word' id='word_1_392' title='bbox 1333 1201 1452 1230; x_wconf 84' lang='lat' dir='ltr'><strong>tradidit.</strong></span> <span class='ocrx_word' id='word_1_393' title='bbox 1469 1202 1561 1236; x_wconf 83' lang='lat' dir='ltr'><strong>Usque</strong></span> <span class='ocrx_word' id='word_1_394' title='bbox 1576 1201 1644 1228; x_wconf 83' lang='lat' dir='ltr'><strong>adeo</strong></span> <span class='ocrx_word' id='word_1_395' title='bbox 1656 1209 1775 1236; x_wconf 85' lang='lat' dir='ltr'><strong>namque</strong></span> <span class='ocrx_word' id='word_1_396' title='bbox 1792 1201 1841 1235; x_wconf 88' lang='lat' dir='ltr'><strong>phi-</strong></span> 
     </span>
    </p>
   </div>
   <div class='ocr_carea' id='block_1_55' title="bbox 1072 1247 1842 1284">
    <p class='ocr_par' dir='ltr' id='par_1_55' title="bbox 1072 1247 1842 1284">
     <span class='ocr_line' id='line_1_55' title="bbox 1072 1247 1842 1284; baseline -0.004 -8"><span class='ocrx_word' id='word_1_397' title='bbox 1072 1249 1216 1284; x_wconf 80' lang='lat' dir='ltr'><strong>losophica:</strong></span> <span class='ocrx_word' id='word_1_398' title='bbox 1240 1249 1317 1276; x_wconf 86' lang='lat' dir='ltr'><strong>istius</strong></span> <span class='ocrx_word' id='word_1_399' title='bbox 1333 1249 1466 1276; x_wconf 88' lang='lat' dir='ltr'><strong>libertatis</strong></span> <span class='ocrx_word' id='word_1_400' title='bbox 1486 1248 1638 1274; x_wconf 85' lang='lat' dir='ltr'><strong>admirator</strong></span> <span class='ocrx_word' id='word_1_401' title='bbox 1652 1253 1681 1274; x_wconf 86' lang='lat' dir='ltr'><strong>et</strong></span> <span class='ocrx_word' id='word_1_402' title='bbox 1702 1247 1842 1274; x_wconf 86' lang='lat' dir='ltr'><strong>indill&#39;eren-</strong></span> 
     </span>
    </p>
   </div>
   <div class='ocr_carea' id='block_1_56' title="bbox 1072 1292 1841 1328">
    <p class='ocr_par' dir='ltr' id='par_1_56' title="bbox 1072 1292 1841 1328">
     <span class='ocr_line' id='line_1_56' title="bbox 1072 1292 1841 1328; baseline -0.005 -6"><span class='ocrx_word' id='word_1_403' title='bbox 1072 1294 1116 1322; x_wconf 68' lang='lat' dir='ltr'><strong>tiae</strong></span> <span class='ocrx_word' id='word_1_404' title='bbox 1138 1295 1172 1322; x_wconf 91' lang='lat' dir='ltr'><strong>ad</strong></span> <span class='ocrx_word' id='word_1_405' title='bbox 1195 1295 1295 1322; x_wconf 90' lang='lat' dir='ltr'><strong>bonum</strong></span> <span class='ocrx_word' id='word_1_406' title='bbox 1319 1298 1346 1321; x_wconf 90' lang='lat' dir='ltr'><strong>et</strong></span> <span class='ocrx_word' id='word_1_407' title='bbox 1376 1293 1475 1321; x_wconf 87' lang='lat' dir='ltr'><strong>malum</strong></span> <span class='ocrx_word' id='word_1_408' title='bbox 1499 1298 1632 1328; x_wconf 84' lang='lat' dir='ltr'><strong>patronus</strong></span> <span class='ocrx_word' id='word_1_409' title='bbox 1661 1293 1734 1326; x_wconf 88' lang='lat' dir='ltr'><strong>fuit,</strong></span> <span class='ocrx_word' id='word_1_410' title='bbox 1759 1297 1787 1319; x_wconf 93' lang='lat' dir='ltr'><strong>ut</strong></span> <span class='ocrx_word' id='word_1_411' title='bbox 1807 1292 1841 1318; x_wconf 79' lang='lat' dir='ltr'><strong>illa</strong></span> 
     </span>
    </p>
   </div>
   <div class='ocr_carea' id='block_1_57' title="bbox 1071 1337 1841 1373">
    <p class='ocr_par' dir='ltr' id='par_1_57' title="bbox 1071 1337 1841 1373">
     <span class='ocr_line' id='line_1_57' title="bbox 1071 1337 1841 1373; baseline -0.003 -7"><span class='ocrx_word' id='word_1_412' title='bbox 1071 1339 1178 1367; x_wconf 87' lang='lat' dir='ltr'><strong>sublata</strong></span> <span class='ocrx_word' id='word_1_413' title='bbox 1204 1338 1291 1366; x_wconf 85' lang='lat' dir='ltr'><strong>brutis</strong></span> <span class='ocrx_word' id='word_1_414' title='bbox 1313 1342 1359 1365; x_wconf 86' lang='lat' dir='ltr'><strong>aut</strong></span> <span class='ocrx_word' id='word_1_415' title='bbox 1381 1337 1515 1373; x_wconf 85' lang='lat' dir='ltr'><strong>lapidibus</strong></span> <span class='ocrx_word' id='word_1_416' title='bbox 1538 1337 1678 1365; x_wconf 89' lang='lat' dir='ltr'><strong>hominem</strong></span> <span class='ocrx_word' id='word_1_417' title='bbox 1706 1344 1841 1364; x_wconf 87' lang='lat' dir='ltr'><strong>accensen-</strong></span> 
     </span>
    </p>
   </div>
   <div class='ocr_carea' id='block_1_58' title="bbox 1070 1382 1843 1418">
    <p class='ocr_par' dir='ltr' id='par_1_58' title="bbox 1070 1382 1843 1418">
     <span class='ocr_line' id='line_1_58' title="bbox 1070 1382 1843 1418; baseline -0.005 -6"><span class='ocrx_word' id='word_1_418' title='bbox 1070 1385 1133 1412; x_wconf 93' lang='lat' dir='ltr'><strong>dum</strong></span> <span class='ocrx_word' id='word_1_419' title='bbox 1157 1392 1218 1412; x_wconf 90' lang='lat' dir='ltr'><strong>esse</strong></span> <span class='ocrx_word' id='word_1_420' title='bbox 1239 1385 1407 1412; x_wconf 86' lang='lat' dir='ltr'><strong>decerneret.</strong></span> <span class='ocrx_word' id='word_1_421' title='bbox 1429 1392 1439 1409; x_wconf 76' lang='grc' dir='ltr'><strong>ι</strong></span> <span class='ocrx_word' id='word_1_422' title='bbox 1455 1383 1524 1410; x_wconf 89' lang='lat' dir='ltr'><strong>Idem</strong></span> <span class='ocrx_word' id='word_1_423' title='bbox 1539 1391 1649 1418; x_wconf 90' lang='lat' dir='ltr'><strong>quoque</strong></span> <span class='ocrx_word' id='word_1_424' title='bbox 1672 1382 1782 1418; x_wconf 81' lang='lat' dir='ltr'><strong>Origeni</strong></span> <span class='ocrx_word' id='word_1_425' title='bbox 1805 1390 1843 1409; x_wconf 83' lang='lat' dir='ltr'><strong>su-</strong></span> 
     </span>
    </p>
   </div>
   <div class='ocr_carea' id='block_1_59' title="bbox 1071 1427 1841 1464">
    <p class='ocr_par' dir='ltr' id='par_1_59' title="bbox 1071 1427 1841 1464">
     <span class='ocr_line' id='line_1_59' title="bbox 1071 1427 1841 1464; baseline -0.005 -7"><span class='ocrx_word' id='word_1_426' title='bbox 1071 1430 1162 1464; x_wconf 88' lang='lat' dir='ltr'><strong>perius</strong></span> <span class='ocrx_word' id='word_1_427' title='bbox 1184 1429 1396 1464; x_wconf 80' lang='lat' dir='ltr'><strong>exprobraverat</strong></span> <span class='ocrx_word' id='word_1_428' title='bbox 1413 1433 1479 1455; x_wconf 93' lang='lat' dir='ltr'><strong>tom.</strong></span> <span class='ocrx_word' id='word_1_429' title='bbox 1500 1428 1520 1460; x_wconf 85' lang='lat' dir='ltr'><strong>l.</strong></span> <span class='ocrx_word' id='word_1_430' title='bbox 1537 1428 1585 1454; x_wconf 93' lang='lat' dir='ltr'><strong>lib.</strong></span> <span class='ocrx_word' id='word_1_431' title='bbox 1602 1436 1634 1459; x_wconf 84' lang='lat' dir='ltr'><strong>ll,</strong></span> <span class='ocrx_word' id='word_1_432' title='bbox 1659 1435 1723 1462; x_wconf 86' lang='lat' dir='ltr'><strong>cap.</strong></span> <span class='ocrx_word' id='word_1_433' title='bbox 1745 1427 1762 1454; x_wconf 78' lang='grc'><strong>4</strong></span> <span class='ocrx_word' id='word_1_434' title='bbox 1776 1432 1799 1454; x_wconf 91' lang='lat' dir='ltr'><strong>et</strong></span> <span class='ocrx_word' id='word_1_435' title='bbox 1820 1427 1841 1453; x_wconf 90' lang='lat'><strong>5.</strong></span> 
     </span>
    </p>
   </div>
   <div class='ocr_carea' id='block_1_60' title="bbox 1072 1471 1844 1510">
    <p class='ocr_par' dir='ltr' id='par_1_60' title="bbox 1072 1471 1844 1510">
     <span class='ocr_line' id='line_1_60' title="bbox 1072 1471 1844 1510; baseline -0.005 -9"><span class='ocrx_word' id='word_1_436' title='bbox 1072 1475 1148 1508; x_wconf 79' lang='lat' dir='ltr'><strong>Quod</strong></span> <span class='ocrx_word' id='word_1_437' title='bbox 1173 1475 1194 1502; x_wconf 90' lang='lat' dir='ltr'><strong>si</strong></span> <span class='ocrx_word' id='word_1_438' title='bbox 1218 1475 1300 1510; x_wconf 84' lang='lat' dir='ltr'><strong>igitur</strong></span> <span class='ocrx_word' id='word_1_439' title='bbox 1315 1474 1348 1501; x_wconf 86' lang='lat' dir='ltr'><strong>ab</strong></span> <span class='ocrx_word' id='word_1_440' title='bbox 1368 1481 1401 1501; x_wconf 89' lang='lat' dir='ltr'><strong>eo</strong></span> <span class='ocrx_word' id='word_1_441' title='bbox 1423 1473 1544 1508; x_wconf 82' lang='lat' dir='ltr'><strong>profecta</strong></span> <span class='ocrx_word' id='word_1_442' title='bbox 1560 1477 1602 1500; x_wconf 91' lang='lat' dir='ltr'><strong>est</strong></span> <span class='ocrx_word' id='word_1_443' title='bbox 1624 1473 1684 1500; x_wconf 66' lang='lat' dir='ltr'><strong>haec</strong></span> <span class='ocrx_word' id='word_1_444' title='bbox 1710 1472 1798 1506; x_wconf 91' lang='lat' dir='ltr'><strong>opinio</strong></span> <span class='ocrx_word' id='word_1_445' title='bbox 1817 1471 1844 1497; x_wconf 82' lang='lat' dir='ltr'><strong>de</strong></span> 
     </span>
    </p>
   </div>
   <div class='ocr_carea' id='block_1_61' title="bbox 239 1517 1843 1560">
    <p class='ocr_par' dir='ltr' id='par_1_61' title="bbox 239 1517 1843 1560">
     <span class='ocr_line' id='line_1_61' title="bbox 239 1517 1843 1560; baseline -0.001 -16"><span class='ocrx_word' id='word_1_446' title='bbox 239 1523 354 1553; x_wconf 85' lang='lat' dir='ltr'><strong>gnantes</strong></span> <span class='ocrx_word' id='word_1_447' title='bbox 376 1520 557 1553; x_wconf 83' lang='lat' dir='ltr'><strong>proposuerit.</strong></span> <span class='ocrx_word' id='word_1_448' title='bbox 587 1520 614 1547; x_wconf 90' lang='lat' dir='ltr'><strong>lu</strong></span> <span class='ocrx_word' id='word_1_449' title='bbox 638 1527 716 1548; x_wconf 84' lang='lat' dir='ltr'><strong>suam</strong></span> <span class='ocrx_word' id='word_1_450' title='bbox 736 1528 842 1555; x_wconf 89' lang='lat' dir='ltr'><strong>quoque</strong></span> <span class='ocrx_word' id='word_1_451' title='bbox 860 1522 1018 1549; x_wconf 85' lang='lat' dir='ltr'><strong>sententiam</strong></span> <span class='ocrx_word' id='word_1_452' title='bbox 1033 1531 1054 1560; x_wconf 70' lang='grc' dir='ltr'><strong>ρ</strong></span> <span class='ocrx_word' id='word_1_453' title='bbox 1073 1525 1168 1548; x_wconf 88' lang='lat' dir='ltr'><strong>natura</strong></span> <span class='ocrx_word' id='word_1_454' title='bbox 1185 1519 1319 1547; x_wconf 87' lang='lat' dir='ltr'><strong>libertatis</strong></span> <span class='ocrx_word' id='word_1_455' title='bbox 1333 1519 1419 1553; x_wconf 89' lang='lat' dir='ltr'><strong>posita</strong></span> <span class='ocrx_word' id='word_1_456' title='bbox 1444 1519 1471 1546; x_wconf 91' lang='lat' dir='ltr'><strong>in</strong></span> <span class='ocrx_word' id='word_1_457' title='bbox 1499 1517 1681 1545; x_wconf 71' lang='lat' dir='ltr'><strong>indifferentia</strong></span> <span class='ocrx_word' id='word_1_458' title='bbox 1697 1517 1732 1544; x_wconf 91' lang='lat' dir='ltr'><strong>ad</strong></span> <span class='ocrx_word' id='word_1_459' title='bbox 1756 1518 1843 1545; x_wconf 85' lang='lat' dir='ltr'><strong>bonum</strong></span> 
     </span>
    </p>
   </div>
   <div class='ocr_carea' id='block_1_62' title="bbox 238 1564 1020 1601">
    <p class='ocr_par' dir='ltr' id='par_1_62' title="bbox 238 1564 1020 1601">
     <span class='ocr_line' id='line_1_62' title="bbox 238 1564 1020 1601; baseline 0.005 -11"><span class='ocrx_word' id='word_1_460' title='bbox 238 1564 348 1591; x_wconf 88' lang='lat' dir='ltr'><strong>trahere</strong></span> <span class='ocrx_word' id='word_1_461' title='bbox 366 1569 469 1598; x_wconf 89' lang='lat' dir='ltr'><strong>poterat</strong></span> <span class='ocrx_word' id='word_1_462' title='bbox 489 1564 632 1593; x_wconf 80' lang='lat' dir='ltr'><strong>Jansenius</strong></span> <span class='ocrx_word' id='word_1_463' title='bbox 655 1566 719 1592; x_wconf 84' lang='lat' dir='ltr'><strong>Illlld</strong></span> <span class='ocrx_word' id='word_1_464' title='bbox 735 1565 859 1601; x_wconf 89' lang='lat' dir='ltr'><strong>Origenis</strong></span> <span class='ocrx_word' id='word_1_465' title='bbox 875 1574 890 1594; x_wconf 91' lang='lat' dir='ltr'><strong>e</strong></span> <span class='ocrx_word' id='word_1_466' title='bbox 910 1566 957 1594; x_wconf 90' lang='lat' dir='ltr'><strong>lib.</strong></span> <span class='ocrx_word' id='word_1_467' title='bbox 972 1568 1020 1594; x_wconf 82' lang='lat' dir='ltr'><strong>tiu</strong></span> 
     </span>
    </p>
   </div>
   <div class='ocr_carea' id='block_1_63' title="bbox 237 1609 1019 1648">
    <p class='ocr_par' dir='ltr' id='par_1_63' title="bbox 237 1609 1019 1648">
     <span class='ocr_line' id='line_1_63' title="bbox 237 1609 1019 1648; baseline 0.005 -12"><span class='ocrx_word' id='word_1_468' title='bbox 237 1609 324 1644; x_wconf 69' lang='lat' dir='ltr'><strong>Epist.</strong></span> <span class='ocrx_word' id='word_1_469' title='bbox 345 1610 379 1637; x_wconf 87' lang='lat' dir='ltr'><strong>ad</strong></span> <span class='ocrx_word' id='word_1_470' title='bbox 399 1609 472 1637; x_wconf 87' lang='lat' dir='ltr'><strong>Rom.</strong></span> <span class='ocrx_word' id='word_1_471' title='bbox 497 1619 570 1638; x_wconf 89' lang='lat' dir='ltr'><strong>num.</strong></span> <span class='ocrx_word' id='word_1_472' title='bbox 595 1611 646 1645; x_wconf 77' lang='grc'><strong>18,</strong></span> <span class='ocrx_word' id='word_1_473' title='bbox 663 1611 706 1638; x_wconf 93' lang='lat' dir='ltr'><strong>ubi</strong></span> <span class='ocrx_word' id='word_1_474' title='bbox 729 1611 814 1646; x_wconf 88' lang='lat' dir='ltr'><strong>posita</strong></span> <span class='ocrx_word' id='word_1_475' title='bbox 838 1612 927 1639; x_wconf 88' lang='lat' dir='ltr'><strong>anima</strong></span> <span class='ocrx_word' id='word_1_476' title='bbox 943 1614 1019 1648; x_wconf 85' lang='lat' dir='ltr'><strong>quasi</strong></span> 
     </span>
    </p>
   </div>
   <div class='ocr_carea' id='block_1_64' title="bbox 236 1655 1021 1692">
    <p class='ocr_par' dir='ltr' id='par_1_64' title="bbox 236 1655 1021 1692">
     <span class='ocr_line' id='line_1_64' title="bbox 236 1655 1021 1692; baseline 0.006 -11"><span class='ocrx_word' id='word_1_477' title='bbox 236 1655 263 1681; x_wconf 90' lang='lat' dir='ltr'><strong>in</strong></span> <span class='ocrx_word' id='word_1_478' title='bbox 288 1655 359 1682; x_wconf 88' lang='lat' dir='ltr'><strong>bivio</strong></span> <span class='ocrx_word' id='word_1_479' title='bbox 380 1663 488 1683; x_wconf 90' lang='lat' dir='ltr'><strong>carnem</strong></span> <span class='ocrx_word' id='word_1_480' title='bbox 517 1656 588 1683; x_wconf 87' lang='lat' dir='ltr'><strong>inter</strong></span> <span class='ocrx_word' id='word_1_481' title='bbox 611 1662 636 1684; x_wconf 90' lang='lat' dir='ltr'><strong>et</strong></span> <span class='ocrx_word' id='word_1_482' title='bbox 657 1657 781 1691; x_wconf 90' lang='lat' dir='ltr'><strong>spiritum</strong></span> <span class='ocrx_word' id='word_1_483' title='bbox 795 1677 803 1689; x_wconf 84' lang='lat'><strong>,</strong></span> <span class='ocrx_word' id='word_1_484' title='bbox 829 1662 855 1684; x_wconf 86' lang='lat' dir='ltr'><strong>et</strong></span> <span class='ocrx_word' id='word_1_485' title='bbox 881 1658 1021 1692; x_wconf 83' lang='lat' dir='ltr'><strong>utriusque</strong></span> 
     </span>
    </p>
   </div>
   <div class='ocr_carea' id='block_1_65' title="bbox 235 1699 1020 1736">
    <p class='ocr_par' dir='ltr' id='par_1_65' title="bbox 235 1699 1020 1736">
     <span class='ocr_line' id='line_1_65' title="bbox 235 1699 1020 1736; baseline 0.006 -11"><span class='ocrx_word' id='word_1_486' title='bbox 235 1699 286 1726; x_wconf 75' lang='lat' dir='ltr'><strong>vi.e</strong></span> <span class='ocrx_word' id='word_1_487' title='bbox 306 1700 425 1728; x_wconf 81' lang='lat' dir='ltr'><strong>fautores</strong></span> <span class='ocrx_word' id='word_1_488' title='bbox 439 1701 559 1735; x_wconf 85' lang='lat' dir='ltr'><strong>angelos,</strong></span> <span class='ocrx_word' id='word_1_489' title='bbox 576 1702 634 1729; x_wconf 87' lang='lat' dir='ltr'><strong>ait:</strong></span> <span class='ocrx_word' id='word_1_490' title='bbox 663 1711 672 1728; x_wconf 86' lang='grc' dir='ltr'><strong>ι</strong></span> <span class='ocrx_word' id='word_1_491' title='bbox 694 1701 751 1729; x_wconf 79' lang='lat' dir='ltr'><strong>Non</strong></span> <span class='ocrx_word' id='word_1_492' title='bbox 767 1702 838 1729; x_wconf 88' lang='lat' dir='ltr'><strong>enim</strong></span> <span class='ocrx_word' id='word_1_493' title='bbox 858 1703 882 1729; x_wconf 83' lang='lat' dir='ltr'><strong>vi</strong></span> <span class='ocrx_word' id='word_1_494' title='bbox 906 1710 949 1730; x_wconf 88' lang='lat' dir='ltr'><strong>res</strong></span> <span class='ocrx_word' id='word_1_495' title='bbox 963 1704 1020 1736; x_wconf 85' lang='lat' dir='ltr'><strong>agi-</strong></span> 
     </span>
    </p>
   </div>
   <div class='ocr_carea' id='block_1_66' title="bbox 236 1747 1019 1782">
    <p class='ocr_par' dir='ltr' id='par_1_66' title="bbox 236 1747 1019 1782">
     <span class='ocr_line' id='line_1_66' title="bbox 236 1747 1019 1782; baseline 0.006 -12"><span class='ocrx_word' id='word_1_496' title='bbox 236 1750 295 1778; x_wconf 88' lang='lat' dir='ltr'><strong>tur,</strong></span> <span class='ocrx_word' id='word_1_497' title='bbox 319 1753 404 1780; x_wconf 84' lang='lat' dir='ltr'><strong>neque</strong></span> <span class='ocrx_word' id='word_1_498' title='bbox 428 1747 590 1774; x_wconf 81' lang='lat' dir='ltr'><strong>necessitate</strong></span> <span class='ocrx_word' id='word_1_499' title='bbox 615 1747 640 1774; x_wconf 91' lang='lat' dir='ltr'><strong>in</strong></span> <span class='ocrx_word' id='word_1_500' title='bbox 661 1747 773 1774; x_wconf 91' lang='lat' dir='ltr'><strong>alteratn</strong></span> <span class='ocrx_word' id='word_1_501' title='bbox 797 1752 901 1782; x_wconf 89' lang='lat' dir='ltr'><strong>partem</strong></span> <span class='ocrx_word' id='word_1_502' title='bbox 929 1748 1019 1775; x_wconf 90' lang='lat' dir='ltr'><strong>anima</strong></span> 
     </span>
    </p>
   </div>
   <div class='ocr_carea' id='block_1_67' title="bbox 235 1791 1019 1828">
    <p class='ocr_par' dir='ltr' id='par_1_67' title="bbox 235 1791 1019 1828">
     <span class='ocr_line' id='line_1_67' title="bbox 235 1791 1019 1828; baseline 0.005 -10"><span class='ocrx_word' id='word_1_503' title='bbox 235 1791 403 1818; x_wconf 88' lang='lat' dir='ltr'><strong>declinatur:</strong></span> <span class='ocrx_word' id='word_1_504' title='bbox 425 1802 436 1818; x_wconf 74' lang='grc' dir='ltr'><strong>ι</strong></span> <span class='ocrx_word' id='word_1_505' title='bbox 454 1793 500 1819; x_wconf 89' lang='lat' dir='ltr'><strong>sed</strong></span> <span class='ocrx_word' id='word_1_506' title='bbox 517 1793 629 1827; x_wconf 84' lang='lat' dir='ltr'><strong>pulchre</strong></span> <span class='ocrx_word' id='word_1_507' title='bbox 646 1793 813 1828; x_wconf 85' lang='lat' dir='ltr'><strong>intelligebat</strong></span> <span class='ocrx_word' id='word_1_508' title='bbox 830 1793 973 1822; x_wconf 84' lang='lat' dir='ltr'><strong>Jansenius</strong></span> <span class='ocrx_word' id='word_1_509' title='bbox 986 1803 1019 1822; x_wconf 80' lang='lat' dir='ltr'><strong>ex</strong></span> 
     </span>
    </p>
   </div>
   <div class='ocr_carea' id='block_1_68' title="bbox 235 1837 1017 1871">
    <p class='ocr_par' dir='ltr' id='par_1_68' title="bbox 235 1837 1017 1871">
     <span class='ocr_line' id='line_1_68' title="bbox 235 1837 1017 1871; baseline 0.003 -7"><span class='ocrx_word' id='word_1_510' title='bbox 235 1837 414 1870; x_wconf 82' lang='lat' dir='ltr'><strong>sequentibus</strong></span> <span class='ocrx_word' id='word_1_511' title='bbox 431 1837 638 1871; x_wconf 81' lang='lat' dir='ltr'><strong>explicationem</strong></span> <span class='ocrx_word' id='word_1_512' title='bbox 658 1845 733 1865; x_wconf 91' lang='lat' dir='ltr'><strong>suam</strong></span> <span class='ocrx_word' id='word_1_513' title='bbox 757 1838 947 1866; x_wconf 80' lang='lat' dir='ltr'><strong>labefactatum</strong></span> <span class='ocrx_word' id='word_1_514' title='bbox 973 1839 1017 1866; x_wconf 92' lang='lat' dir='ltr'><strong>iri.</strong></span> 
     </span>
    </p>
   </div>
   <div class='ocr_carea' id='block_1_69' title="bbox 235 1881 1018 1917">
    <p class='ocr_par' dir='ltr' id='par_1_69' title="bbox 235 1881 1018 1917">
     <span class='ocr_line' id='line_1_69' title="bbox 235 1881 1018 1917; baseline 0.004 -9"><span class='ocrx_word' id='word_1_515' title='bbox 235 1881 311 1908; x_wconf 84' lang='lat' dir='ltr'><strong>Talia</strong></span> <span class='ocrx_word' id='word_1_516' title='bbox 329 1883 386 1910; x_wconf 77' lang='lat' dir='ltr'><strong>hzec</strong></span> <span class='ocrx_word' id='word_1_517' title='bbox 407 1888 486 1910; x_wconf 85' lang='lat' dir='ltr'><strong>sunt:</strong></span> <span class='ocrx_word' id='word_1_518' title='bbox 507 1892 517 1908; x_wconf 86' lang='grc'><strong>‹</strong></span> <span class='ocrx_word' id='word_1_519' title='bbox 537 1883 663 1917; x_wconf 83' lang='lat' dir='ltr'><strong>Alioquin</strong></span> <span class='ocrx_word' id='word_1_520' title='bbox 678 1890 728 1910; x_wconf 80' lang='lat' dir='ltr'><strong>nec</strong></span> <span class='ocrx_word' id='word_1_521' title='bbox 747 1883 824 1912; x_wconf 79' lang='lat' dir='ltr'><strong>culpa</strong></span> <span class='ocrx_word' id='word_1_522' title='bbox 847 1883 882 1916; x_wconf 91' lang='lat' dir='ltr'><strong>ei,</strong></span> <span class='ocrx_word' id='word_1_523' title='bbox 899 1891 948 1911; x_wconf 85' lang='lat' dir='ltr'><strong>nec</strong></span> <span class='ocrx_word' id='word_1_524' title='bbox 963 1885 1018 1912; x_wconf 84' lang='lat' dir='ltr'><strong>vir-</strong></span> 
     </span>
    </p>
   </div>
   <div class='ocr_carea' id='block_1_70' title="bbox 235 1927 1020 1963">
    <p class='ocr_par' dir='ltr' id='par_1_70' title="bbox 235 1927 1020 1963">
     <span class='ocr_line' id='line_1_70' title="bbox 235 1927 1020 1963; baseline 0.005 -10"><span class='ocrx_word' id='word_1_525' title='bbox 235 1930 278 1953; x_wconf 89' lang='lat' dir='ltr'><strong>tus</strong></span> <span class='ocrx_word' id='word_1_526' title='bbox 292 1932 383 1960; x_wconf 84' lang='lat' dir='ltr'><strong>posset</strong></span> <span class='ocrx_word' id='word_1_527' title='bbox 397 1927 495 1954; x_wconf 89' lang='lat' dir='ltr'><strong>ascribi</strong></span> <span class='ocrx_word' id='word_1_528' title='bbox 509 1936 516 1960; x_wconf 85' lang='lat'><strong>;</strong></span> <span class='ocrx_word' id='word_1_529' title='bbox 541 1935 590 1955; x_wconf 90' lang='lat' dir='ltr'><strong>nec</strong></span> <span class='ocrx_word' id='word_1_530' title='bbox 610 1929 672 1955; x_wconf 91' lang='lat' dir='ltr'><strong>boui</strong></span> <span class='ocrx_word' id='word_1_531' title='bbox 687 1929 786 1956; x_wconf 87' lang='lat' dir='ltr'><strong>electio</strong></span> <span class='ocrx_word' id='word_1_532' title='bbox 802 1930 952 1963; x_wconf 63' lang='lat' dir='ltr'><strong>praemium,</strong></span> <span class='ocrx_word' id='word_1_533' title='bbox 970 1937 1020 1957; x_wconf 90' lang='lat' dir='ltr'><strong>nec</strong></span> 
     </span>
    </p>
   </div>
   <div class='ocr_carea' id='block_1_71' title="bbox 235 1971 1019 2006">
    <p class='ocr_par' dir='ltr' id='par_1_71' title="bbox 235 1971 1019 2006">
     <span class='ocr_line' id='line_1_71' title="bbox 235 1971 1019 2006; baseline 0.005 -9"><span class='ocrx_word' id='word_1_534' title='bbox 235 1971 381 1998; x_wconf 88' lang='lat' dir='ltr'><strong>declinatio</strong></span> <span class='ocrx_word' id='word_1_535' title='bbox 397 1972 460 1998; x_wconf 90' lang='lat' dir='ltr'><strong>mali</strong></span> <span class='ocrx_word' id='word_1_536' title='bbox 478 1972 638 2006; x_wconf 79' lang='lat' dir='ltr'><strong>supplicium</strong></span> <span class='ocrx_word' id='word_1_537' title='bbox 660 1978 833 2002; x_wconf 84' lang='lat' dir='ltr'><strong>mereretur:</strong></span> <span class='ocrx_word' id='word_1_538' title='bbox 856 1975 902 2002; x_wconf 83' lang='lat' dir='ltr'><strong>sed</strong></span> <span class='ocrx_word' id='word_1_539' title='bbox 925 1982 1019 2001; x_wconf 81' lang='lat' dir='ltr'><strong>serva-</strong></span> 
     </span>
    </p>
   </div>
   <div class='ocr_carea' id='block_1_72' title="bbox 235 2017 1019 2054">
    <p class='ocr_par' dir='ltr' id='par_1_72' title="bbox 235 2017 1019 2054">
     <span class='ocr_line' id='line_1_72' title="bbox 235 2017 1019 2054; baseline 0.003 -11"><span class='ocrx_word' id='word_1_540' title='bbox 235 2021 281 2043; x_wconf 91' lang='lat' dir='ltr'><strong>tur</strong></span> <span class='ocrx_word' id='word_1_541' title='bbox 298 2017 322 2044; x_wconf 90' lang='lat' dir='ltr'><strong>ei</strong></span> <span class='ocrx_word' id='word_1_542' title='bbox 338 2017 364 2044; x_wconf 92' lang='lat' dir='ltr'><strong>in</strong></span> <span class='ocrx_word' id='word_1_543' title='bbox 382 2018 508 2045; x_wconf 85' lang='lat' dir='ltr'><strong>otnuihus</strong></span> <span class='ocrx_word' id='word_1_544' title='bbox 523 2018 634 2046; x_wconf 89' lang='lat' dir='ltr'><strong>libertas</strong></span> <span class='ocrx_word' id='word_1_545' title='bbox 649 2020 689 2046; x_wconf 88' lang='lat' dir='ltr'><strong>sui</strong></span> <span class='ocrx_word' id='word_1_546' title='bbox 706 2020 824 2052; x_wconf 87' lang='lat' dir='ltr'><strong>arbitrii,</strong></span> <span class='ocrx_word' id='word_1_547' title='bbox 840 2025 870 2047; x_wconf 92' lang='lat' dir='ltr'><strong>ut</strong></span> <span class='ocrx_word' id='word_1_548' title='bbox 891 2020 917 2047; x_wconf 90' lang='lat' dir='ltr'><strong>in</strong></span> <span class='ocrx_word' id='word_1_549' title='bbox 935 2020 1019 2054; x_wconf 87' lang='lat' dir='ltr'><strong>quod-</strong></span> 
     </span>
    </p>
   </div>
   <div class='ocr_carea' id='block_1_73' title="bbox 234 2063 1017 2100">
    <p class='ocr_par' dir='ltr' id='par_1_73' title="bbox 234 2063 1017 2100">
     <span class='ocr_line' id='line_1_73' title="bbox 234 2063 1017 2100; baseline 0.003 -10"><span class='ocrx_word' id='word_1_550' title='bbox 234 2070 343 2097; x_wconf 88' lang='lat' dir='ltr'><strong>cunque</strong></span> <span class='ocrx_word' id='word_1_551' title='bbox 357 2063 472 2091; x_wconf 89' lang='lat' dir='ltr'><strong>voluerit</strong></span> <span class='ocrx_word' id='word_1_552' title='bbox 488 2064 544 2098; x_wconf 89' lang='lat' dir='ltr'><strong>ipsa</strong></span> <span class='ocrx_word' id='word_1_553' title='bbox 556 2065 682 2097; x_wconf 84' lang='lat' dir='ltr'><strong>declinet,</strong></span> <span class='ocrx_word' id='word_1_554' title='bbox 697 2065 908 2100; x_wconf 83' lang='lat' dir='ltr'><strong>sicutscriptum</strong></span> <span class='ocrx_word' id='word_1_555' title='bbox 923 2065 997 2093; x_wconf 85' lang='lat' dir='ltr'><strong>est&quot;</strong></span> <span class='ocrx_word' id='word_1_556' title='bbox 1010 2074 1017 2093; x_wconf 90' lang='lat'><strong>:</strong></span> 
     </span>
    </p>
   </div>
   <div class='ocr_carea' id='block_1_74' title="bbox 234 2108 1019 2144">
    <p class='ocr_par' dir='ltr' id='par_1_74' title="bbox 234 2108 1019 2144">
     <span class='ocr_line' id='line_1_74' title="bbox 234 2108 1019 2144; baseline 0.004 -9"><span class='ocrx_word' id='word_1_557' title='bbox 234 2108 304 2135; x_wconf 86' lang='lat' dir='ltr'><strong>Ecce</strong></span> <span class='ocrx_word' id='word_1_558' title='bbox 318 2109 395 2143; x_wconf 88' lang='lat' dir='ltr'><strong>posui</strong></span> <span class='ocrx_word' id='word_1_559' title='bbox 411 2113 474 2135; x_wconf 91' lang='lat' dir='ltr'><strong>ante</strong></span> <span class='ocrx_word' id='word_1_560' title='bbox 492 2109 589 2136; x_wconf 84' lang='lat' dir='ltr'><strong>faciem</strong></span> <span class='ocrx_word' id='word_1_561' title='bbox 614 2114 687 2136; x_wconf 88' lang='lat' dir='ltr'><strong>tuam</strong></span> <span class='ocrx_word' id='word_1_562' title='bbox 702 2110 784 2137; x_wconf 86' lang='lat' dir='ltr'><strong>vitam</strong></span> <span class='ocrx_word' id='word_1_563' title='bbox 803 2116 831 2138; x_wconf 89' lang='lat' dir='ltr'><strong>et</strong></span> <span class='ocrx_word' id='word_1_564' title='bbox 847 2116 977 2144; x_wconf 86' lang='lat' dir='ltr'><strong>mortem,</strong></span> <span class='ocrx_word' id='word_1_565' title='bbox 992 2116 1019 2138; x_wconf 81' lang='lat' dir='ltr'><strong>et</strong></span> 
     </span>
    </p>
   </div>
   <div class='ocr_carea' id='block_1_75' title="bbox 234 2155 1018 2191">
    <p class='ocr_par' dir='ltr' id='par_1_75' title="bbox 234 2155 1018 2191">
     <span class='ocr_line' id='line_1_75' title="bbox 234 2155 1018 2191; baseline 0.006 -11"><span class='ocrx_word' id='word_1_566' title='bbox 234 2155 323 2188; x_wconf 89' lang='lat' dir='ltr'><strong>ignem</strong></span> <span class='ocrx_word' id='word_1_567' title='bbox 352 2159 380 2181; x_wconf 89' lang='lat' dir='ltr'><strong>et</strong></span> <span class='ocrx_word' id='word_1_568' title='bbox 407 2162 526 2190; x_wconf 84' lang='lat' dir='ltr'><strong>aquam:</strong></span> <span class='ocrx_word' id='word_1_569' title='bbox 553 2164 563 2181; x_wconf 74' lang='grc' dir='ltr'><strong>ι</strong></span> <span class='ocrx_word' id='word_1_570' title='bbox 589 2163 649 2182; x_wconf 90' lang='lat' dir='ltr'><strong>nam</strong></span> <span class='ocrx_word' id='word_1_571' title='bbox 679 2156 700 2184; x_wconf 91' lang='lat' dir='ltr'><strong>si</strong></span> <span class='ocrx_word' id='word_1_572' title='bbox 735 2156 891 2184; x_wconf 89' lang='lat' dir='ltr'><strong>alterutram</strong></span> <span class='ocrx_word' id='word_1_573' title='bbox 918 2157 1018 2191; x_wconf 84' lang='lat' dir='ltr'><strong>eligere</strong></span> 
     </span>
    </p>
   </div>
   <div class='ocr_carea' id='block_1_76' title="bbox 1071 1563 1843 1599">
    <p class='ocr_par' dir='ltr' id='par_1_76' title="bbox 1071 1563 1843 1599">
     <span class='ocr_line' id='line_1_76' title="bbox 1071 1563 1843 1599; baseline -0.005 -6"><span class='ocrx_word' id='word_1_574' title='bbox 1071 1566 1112 1593; x_wconf 88' lang='lat' dir='ltr'><strong>vel</strong></span> <span class='ocrx_word' id='word_1_575' title='bbox 1127 1565 1237 1598; x_wconf 88' lang='lat' dir='ltr'><strong>malum,</strong></span> <span class='ocrx_word' id='word_1_576' title='bbox 1250 1564 1360 1592; x_wconf 75' lang='lat' dir='ltr'><strong>exclusa</strong></span> <span class='ocrx_word' id='word_1_577' title='bbox 1375 1564 1486 1592; x_wconf 88' lang='lat' dir='ltr'><strong>alterius</strong></span> <span class='ocrx_word' id='word_1_578' title='bbox 1500 1563 1585 1599; x_wconf 83' lang='lat' dir='ltr'><strong>partis</strong></span> <span class='ocrx_word' id='word_1_579' title='bbox 1598 1564 1773 1595; x_wconf 78' lang='lat' dir='ltr'><strong>necessitate,</strong></span> <span class='ocrx_word' id='word_1_580' title='bbox 1788 1569 1843 1596; x_wconf 85' lang='lat' dir='ltr'><strong>quo-</strong></span> 
     </span>
    </p>
   </div>
   <div class='ocr_carea' id='block_1_77' title="bbox 1070 1608 1842 1646">
    <p class='ocr_par' dir='ltr' id='par_1_77' title="bbox 1070 1608 1842 1646">
     <span class='ocr_line' id='line_1_77' title="bbox 1070 1608 1842 1646; baseline -0.005 -7"><span class='ocrx_word' id='word_1_581' title='bbox 1070 1613 1150 1640; x_wconf 91' lang='lat' dir='ltr'><strong>modo</strong></span> <span class='ocrx_word' id='word_1_582' title='bbox 1163 1612 1233 1639; x_wconf 90' lang='lat' dir='ltr'><strong>idem</strong></span> <span class='ocrx_word' id='word_1_583' title='bbox 1259 1611 1304 1638; x_wconf 89' lang='lat' dir='ltr'><strong>ille</strong></span> <span class='ocrx_word' id='word_1_584' title='bbox 1319 1610 1449 1646; x_wconf 79' lang='lat' dir='ltr'><strong>Origenes</strong></span> <span class='ocrx_word' id='word_1_585' title='bbox 1471 1611 1657 1638; x_wconf 90' lang='lat' dir='ltr'><strong>necessitatem</strong></span> <span class='ocrx_word' id='word_1_586' title='bbox 1674 1608 1842 1638; x_wconf 79' lang='lat' dir='ltr'><strong>voluntariam</strong></span> 
     </span>
    </p>
   </div>
   <div class='ocr_carea' id='block_1_78' title="bbox 1069 1655 1778 1691">
    <p class='ocr_par' dir='ltr' id='par_1_78' title="bbox 1069 1655 1778 1691">
     <span class='ocr_line' id='line_1_78' title="bbox 1069 1655 1778 1691; baseline -0.006 -6"><span class='ocrx_word' id='word_1_587' title='bbox 1069 1662 1095 1685; x_wconf 87' lang='lat' dir='ltr'><strong>et</strong></span> <span class='ocrx_word' id='word_1_588' title='bbox 1112 1657 1260 1691; x_wconf 88' lang='lat' dir='ltr'><strong>simplicem</strong></span> <span class='ocrx_word' id='word_1_589' title='bbox 1277 1664 1337 1684; x_wconf 89' lang='lat' dir='ltr'><strong>cum</strong></span> <span class='ocrx_word' id='word_1_590' title='bbox 1351 1656 1474 1683; x_wconf 83' lang='lat' dir='ltr'><strong>libertate</strong></span> <span class='ocrx_word' id='word_1_591' title='bbox 1491 1656 1654 1691; x_wconf 83' lang='lat' dir='ltr'><strong>conjungere</strong></span> <span class='ocrx_word' id='word_1_592' title='bbox 1669 1655 1778 1690; x_wconf 81' lang='lat' dir='ltr'><strong>potuit?</strong></span> 
     </span>
    </p>
   </div>
   <div class='ocr_carea' id='block_1_79' title="bbox 1106 1699 1842 1730">
    <p class='ocr_par' dir='ltr' id='par_1_79' title="bbox 1106 1699 1842 1730">
     <span class='ocr_line' id='line_1_79' title="bbox 1106 1699 1842 1730; baseline -0.007 0"><span class='ocrx_word' id='word_1_593' title='bbox 1106 1702 1150 1730; x_wconf 82' lang='lat' dir='ltr'><strong>IV.</strong></span> <span class='ocrx_word' id='word_1_594' title='bbox 1165 1701 1265 1729; x_wconf 78' lang='lat' dir='ltr'><strong>Verum</strong></span> <span class='ocrx_word' id='word_1_595' title='bbox 1282 1707 1310 1729; x_wconf 92' lang='lat' dir='ltr'><strong>ut</strong></span> <span class='ocrx_word' id='word_1_596' title='bbox 1334 1702 1361 1729; x_wconf 92' lang='lat' dir='ltr'><strong>in</strong></span> <span class='ocrx_word' id='word_1_597' title='bbox 1382 1701 1532 1728; x_wconf 84' lang='lat' dir='ltr'><strong>deﬁnienda</strong></span> <span class='ocrx_word' id='word_1_598' title='bbox 1556 1701 1664 1728; x_wconf 85' lang='lat' dir='ltr'><strong>arbitrii</strong></span> <span class='ocrx_word' id='word_1_599' title='bbox 1693 1700 1799 1729; x_wconf 85' lang='lat' dir='ltr'><strong>humani</strong></span> <span class='ocrx_word' id='word_1_600' title='bbox 1817 1699 1842 1727; x_wconf 89' lang='lat' dir='ltr'><strong>Ii-</strong></span> 
     </span>
    </p>
   </div>
   <div class='ocr_carea' id='block_1_80' title="bbox 1072 1745 1841 1781">
    <p class='ocr_par' dir='ltr' id='par_1_80' title="bbox 1072 1745 1841 1781">
     <span class='ocr_line' id='line_1_80' title="bbox 1072 1745 1841 1781; baseline -0.007 -5"><span class='ocrx_word' id='word_1_601' title='bbox 1072 1748 1178 1776; x_wconf 89' lang='lat' dir='ltr'><strong>bertate</strong></span> <span class='ocrx_word' id='word_1_602' title='bbox 1195 1752 1298 1774; x_wconf 89' lang='lat' dir='ltr'><strong>rectum</strong></span> <span class='ocrx_word' id='word_1_603' title='bbox 1317 1747 1368 1773; x_wconf 91' lang='lat' dir='ltr'><strong>iter</strong></span> <span class='ocrx_word' id='word_1_604' title='bbox 1386 1746 1472 1773; x_wconf 89' lang='lat' dir='ltr'><strong>tenuit</strong></span> <span class='ocrx_word' id='word_1_605' title='bbox 1487 1747 1627 1781; x_wconf 90' lang='lat' dir='ltr'><strong>Origenes,</strong></span> <span class='ocrx_word' id='word_1_606' title='bbox 1645 1753 1699 1772; x_wconf 91' lang='lat' dir='ltr'><strong>non</strong></span> <span class='ocrx_word' id='word_1_607' title='bbox 1717 1745 1804 1772; x_wconf 87' lang='lat' dir='ltr'><strong>itidem</strong></span> <span class='ocrx_word' id='word_1_608' title='bbox 1820 1745 1841 1770; x_wconf 87' lang='lat' dir='ltr'><strong>in</strong></span> 
     </span>
    </p>
   </div>
   <div class='ocr_carea' id='block_1_81' title="bbox 1071 1789 1844 1826">
    <p class='ocr_par' dir='ltr' id='par_1_81' title="bbox 1071 1789 1844 1826">
     <span class='ocr_line' id='line_1_81' title="bbox 1071 1789 1844 1826; baseline -0.006 -5"><span class='ocrx_word' id='word_1_609' title='bbox 1071 1793 1260 1826; x_wconf 79' lang='lat' dir='ltr'><strong>distinguenda</strong></span> <span class='ocrx_word' id='word_1_610' title='bbox 1278 1797 1382 1820; x_wconf 69' lang='lat' dir='ltr'><strong>natura:</strong></span> <span class='ocrx_word' id='word_1_611' title='bbox 1398 1792 1521 1826; x_wconf 70' lang='lat' dir='ltr'><strong>integrae,</strong></span> <span class='ocrx_word' id='word_1_612' title='bbox 1535 1799 1566 1819; x_wconf 88' lang='lat' dir='ltr'><strong>ac</strong></span> <span class='ocrx_word' id='word_1_613' title='bbox 1590 1795 1697 1818; x_wconf 70' lang='lat' dir='ltr'><strong>naturae</strong></span> <span class='ocrx_word' id='word_1_614' title='bbox 1721 1791 1797 1826; x_wconf 70' lang='lat' dir='ltr'><strong>lapsae</strong></span> <span class='ocrx_word' id='word_1_615' title='bbox 1817 1789 1844 1815; x_wconf 87' lang='lat' dir='ltr'><strong>li-</strong></span> 
     </span>
    </p>
   </div>
   <div class='ocr_carea' id='block_1_82' title="bbox 1071 1835 1842 1868">
    <p class='ocr_par' dir='ltr' id='par_1_82' title="bbox 1071 1835 1842 1868">
     <span class='ocr_line' id='line_1_82' title="bbox 1071 1835 1842 1868; baseline -0.009 0"><span class='ocrx_word' id='word_1_616' title='bbox 1071 1841 1175 1868; x_wconf 86' lang='lat' dir='ltr'><strong>bertate</strong></span> <span class='ocrx_word' id='word_1_617' title='bbox 1197 1841 1264 1868; x_wconf 88' lang='lat' dir='ltr'><strong>satis</strong></span> <span class='ocrx_word' id='word_1_618' title='bbox 1278 1839 1399 1868; x_wconf 86' lang='lat' dir='ltr'><strong>adhibuit</strong></span> <span class='ocrx_word' id='word_1_619' title='bbox 1413 1838 1550 1866; x_wconf 79' lang='lat' dir='ltr'><strong>examinis</strong></span> <span class='ocrx_word' id='word_1_620' title='bbox 1569 1842 1596 1864; x_wconf 89' lang='lat' dir='ltr'><strong>et</strong></span> <span class='ocrx_word' id='word_1_621' title='bbox 1618 1837 1778 1868; x_wconf 84' lang='lat' dir='ltr'><strong>cautionis;</strong></span> <span class='ocrx_word' id='word_1_622' title='bbox 1794 1835 1842 1862; x_wconf 86' lang='lat' dir='ltr'><strong>nul-</strong></span> 
     </span>
    </p>
   </div>
   <div class='ocr_carea' id='block_1_83' title="bbox 1070 1881 1842 1920">
    <p class='ocr_par' dir='ltr' id='par_1_83' title="bbox 1070 1881 1842 1920">
     <span class='ocr_line' id='line_1_83' title="bbox 1070 1881 1842 1920; baseline -0.005 -8"><span class='ocrx_word' id='word_1_623' title='bbox 1070 1885 1116 1912; x_wconf 91' lang='lat' dir='ltr'><strong>libi</strong></span> <span class='ocrx_word' id='word_1_624' title='bbox 1133 1885 1232 1920; x_wconf 90' lang='lat' dir='ltr'><strong>quippe</strong></span> <span class='ocrx_word' id='word_1_625' title='bbox 1248 1885 1392 1913; x_wconf 87' lang='lat' dir='ltr'><strong>discrimen</strong></span> <span class='ocrx_word' id='word_1_626' title='bbox 1410 1884 1492 1912; x_wconf 91' lang='lat' dir='ltr'><strong>ullum</strong></span> <span class='ocrx_word' id='word_1_627' title='bbox 1515 1884 1586 1911; x_wconf 89' lang='lat' dir='ltr'><strong>inter</strong></span> <span class='ocrx_word' id='word_1_628' title='bbox 1607 1887 1753 1917; x_wconf 90' lang='lat' dir='ltr'><strong>utramque</strong></span> <span class='ocrx_word' id='word_1_629' title='bbox 1774 1881 1842 1909; x_wconf 48' lang='lat' dir='ltr'><strong>liber&#39;</strong></span> 
     </span>
    </p>
   </div>
   <div class='ocr_carea' id='block_1_84' title="bbox 1071 1929 1842 1964">
    <p class='ocr_par' dir='ltr' id='par_1_84' title="bbox 1071 1929 1842 1964">
     <span class='ocr_line' id='line_1_84' title="bbox 1071 1929 1842 1964; baseline -0.006 -6"><span class='ocrx_word' id='word_1_630' title='bbox 1071 1935 1150 1958; x_wconf 86' lang='lat' dir='ltr'><strong>tatem</strong></span> <span class='ocrx_word' id='word_1_631' title='bbox 1172 1931 1206 1958; x_wconf 86' lang='lat' dir='ltr'><strong>ab</strong></span> <span class='ocrx_word' id='word_1_632' title='bbox 1223 1939 1256 1958; x_wconf 92' lang='lat' dir='ltr'><strong>eo</strong></span> <span class='ocrx_word' id='word_1_633' title='bbox 1273 1931 1425 1958; x_wconf 87' lang='lat' dir='ltr'><strong>adhibitum</strong></span> <span class='ocrx_word' id='word_1_634' title='bbox 1453 1929 1583 1964; x_wconf 85' lang='lat' dir='ltr'><strong>reperias,</strong></span> <span class='ocrx_word' id='word_1_635' title='bbox 1604 1933 1631 1955; x_wconf 89' lang='lat' dir='ltr'><strong>et</strong></span> <span class='ocrx_word' id='word_1_636' title='bbox 1657 1935 1730 1962; x_wconf 64' lang='lat' dir='ltr'><strong>saepe</strong></span> <span class='ocrx_word' id='word_1_637' title='bbox 1752 1932 1842 1954; x_wconf 68' lang='lat' dir='ltr'><strong>natura:</strong></span> 
     </span>
    </p>
   </div>
   <div class='ocr_carea' id='block_1_85' title="bbox 1069 1971 1840 2011">
    <p class='ocr_par' dir='ltr' id='par_1_85' title="bbox 1069 1971 1840 2011">
     <span class='ocr_line' id='line_1_85' title="bbox 1069 1971 1840 2011; baseline -0.006 -8"><span class='ocrx_word' id='word_1_638' title='bbox 1069 1976 1189 2008; x_wconf 87' lang='lat' dir='ltr'><strong>cuilibet,</strong></span> <span class='ocrx_word' id='word_1_639' title='bbox 1205 1983 1264 2011; x_wconf 63' lang='lat' dir='ltr'><strong>quae</strong></span> <span class='ocrx_word' id='word_1_640' title='bbox 1290 1976 1402 2003; x_wconf 87' lang='lat' dir='ltr'><strong>rationis</strong></span> <span class='ocrx_word' id='word_1_641' title='bbox 1418 1981 1528 2009; x_wconf 86' lang='lat' dir='ltr'><strong>compos</strong></span> <span class='ocrx_word' id='word_1_642' title='bbox 1538 1973 1584 2006; x_wconf 84' lang='lat' dir='ltr'><strong>sit,</strong></span> <span class='ocrx_word' id='word_1_643' title='bbox 1602 1979 1789 2008; x_wconf 86' lang='lat' dir='ltr'><strong>quemcunque</strong></span> <span class='ocrx_word' id='word_1_644' title='bbox 1801 1971 1840 1998; x_wconf 81' lang='lat' dir='ltr'><strong>de-</strong></span> 
     </span>
    </p>
   </div>
   <div class='ocr_carea' id='block_1_86' title="bbox 1069 2016 1839 2055">
    <p class='ocr_par' dir='ltr' id='par_1_86' title="bbox 1069 2016 1839 2055">
     <span class='ocr_line' id='line_1_86' title="bbox 1069 2016 1839 2055; baseline -0.006 -8"><span class='ocrx_word' id='word_1_645' title='bbox 1069 2027 1143 2046; x_wconf 91' lang='lat' dir='ltr'><strong>mum</strong></span> <span class='ocrx_word' id='word_1_646' title='bbox 1163 2019 1286 2046; x_wconf 88' lang='lat' dir='ltr'><strong>ordinem</strong></span> <span class='ocrx_word' id='word_1_647' title='bbox 1310 2020 1407 2055; x_wconf 70' lang='lat' dir='ltr'><strong>adepta</strong></span> <span class='ocrx_word' id='word_1_648' title='bbox 1431 2019 1484 2051; x_wconf 86' lang='lat' dir='ltr'><strong>sit,</strong></span> <span class='ocrx_word' id='word_1_649' title='bbox 1505 2017 1634 2053; x_wconf 75' lang='lat' dir='ltr'><strong>requalem</strong></span> <span class='ocrx_word' id='word_1_650' title='bbox 1661 2017 1756 2044; x_wconf 91' lang='lat' dir='ltr'><strong>tribuit</strong></span> <span class='ocrx_word' id='word_1_651' title='bbox 1775 2016 1839 2043; x_wconf 82' lang='lat' dir='ltr'><strong>liberi</strong></span> 
     </span>
    </p>
   </div>
   <div class='ocr_carea' id='block_1_87' title="bbox 1070 2064 1839 2098">
    <p class='ocr_par' dir='ltr' id='par_1_87' title="bbox 1070 2064 1839 2098">
     <span class='ocr_line' id='line_1_87' title="bbox 1070 2064 1839 2098; baseline -0.007 -6"><span class='ocrx_word' id='word_1_652' title='bbox 1070 2065 1175 2092; x_wconf 87' lang='lat' dir='ltr'><strong>arbitrii</strong></span> <span class='ocrx_word' id='word_1_653' title='bbox 1191 2065 1355 2098; x_wconf 81' lang='lat' dir='ltr'><strong>facultatem,</strong></span> <span class='ocrx_word' id='word_1_654' title='bbox 1377 2069 1404 2092; x_wconf 90' lang='lat' dir='ltr'><strong>et</strong></span> <span class='ocrx_word' id='word_1_655' title='bbox 1419 2071 1507 2097; x_wconf 78' lang='lat' dir='ltr'><strong>nsum,</strong></span> <span class='ocrx_word' id='word_1_656' title='bbox 1532 2068 1560 2090; x_wconf 88' lang='lat' dir='ltr'><strong>ut</strong></span> <span class='ocrx_word' id='word_1_657' title='bbox 1574 2070 1656 2097; x_wconf 89' lang='lat' dir='ltr'><strong>supra</strong></span> <span class='ocrx_word' id='word_1_658' title='bbox 1679 2064 1778 2090; x_wconf 85' lang='lat' dir='ltr'><strong>dictum</strong></span> <span class='ocrx_word' id='word_1_659' title='bbox 1796 2066 1839 2088; x_wconf 85' lang='lat' dir='ltr'><strong>est.</strong></span> 
     </span>
    </p>
   </div>
   <div class='ocr_carea' id='block_1_88' title="bbox 1069 2108 1840 2146">
    <p class='ocr_par' dir='ltr' id='par_1_88' title="bbox 1069 2108 1840 2146">
     <span class='ocr_line' id='line_1_88' title="bbox 1069 2108 1840 2146; baseline -0.005 -8"><span class='ocrx_word' id='word_1_660' title='bbox 1069 2111 1157 2146; x_wconf 81' lang='lat' dir='ltr'><strong>Atque</strong></span> <span class='ocrx_word' id='word_1_661' title='bbox 1175 2110 1199 2138; x_wconf 88' lang='lat' dir='ltr'><strong>is</strong></span> <span class='ocrx_word' id='word_1_662' title='bbox 1218 2119 1286 2138; x_wconf 87' lang='lat' dir='ltr'><strong>unus</strong></span> <span class='ocrx_word' id='word_1_663' title='bbox 1302 2110 1353 2138; x_wconf 90' lang='lat' dir='ltr'><strong>fuit</strong></span> <span class='ocrx_word' id='word_1_664' title='bbox 1375 2118 1390 2138; x_wconf 92' lang='lat' dir='ltr'><strong>e</strong></span> <span class='ocrx_word' id='word_1_665' title='bbox 1416 2110 1559 2145; x_wconf 65' lang='lat' dir='ltr'><strong>praeeipitis</strong></span> <span class='ocrx_word' id='word_1_666' title='bbox 1580 2108 1785 2143; x_wconf 81' lang='lat' dir='ltr'><strong>Pelagianorum</strong></span> <span class='ocrx_word' id='word_1_667' title='bbox 1805 2114 1840 2134; x_wconf 87' lang='lat' dir='ltr'><strong>er-</strong></span> 
     </span>
    </p>
   </div>
   <div class='ocr_carea' id='block_1_89' title="bbox 1069 2154 1839 2191">
    <p class='ocr_par' dir='ltr' id='par_1_89' title="bbox 1069 2154 1839 2191">
     <span class='ocr_line' id='line_1_89' title="bbox 1069 2154 1839 2191; baseline -0.008 -7"><span class='ocrx_word' id='word_1_668' title='bbox 1069 2157 1188 2189; x_wconf 86' lang='lat' dir='ltr'><strong>roribus,</strong></span> <span class='ocrx_word' id='word_1_669' title='bbox 1212 2157 1323 2191; x_wconf 88' lang='lat' dir='ltr'><strong>paribus</strong></span> <span class='ocrx_word' id='word_1_670' title='bbox 1345 2156 1424 2184; x_wconf 84' lang='lat' dir='ltr'><strong>liberi</strong></span> <span class='ocrx_word' id='word_1_671' title='bbox 1449 2157 1554 2184; x_wconf 92' lang='lat' dir='ltr'><strong>arbitrii</strong></span> <span class='ocrx_word' id='word_1_672' title='bbox 1575 2155 1682 2183; x_wconf 86' lang='lat' dir='ltr'><strong>viribus</strong></span> <span class='ocrx_word' id='word_1_673' title='bbox 1708 2154 1839 2186; x_wconf 84' lang='lat' dir='ltr'><strong>pollentem</strong></span> 
     </span>
    </p>
   </div>
   <div class='ocr_carea' id='block_1_90' title="bbox 232 2197 1840 2236">
    <p class='ocr_par' dir='ltr' id='par_1_90' title="bbox 232 2197 1840 2236">
     <span class='ocr_line' id='line_1_90' title="bbox 232 2197 1840 2236; baseline 0.001 -11"><span class='ocrx_word' id='word_1_674' title='bbox 232 2204 322 2233; x_wconf 87' lang='lat' dir='ltr'><strong>potest</strong></span> <span class='ocrx_word' id='word_1_675' title='bbox 340 2204 443 2233; x_wconf 90' lang='lat' dir='ltr'><strong>partem</strong></span> <span class='ocrx_word' id='word_1_676' title='bbox 459 2200 548 2227; x_wconf 90' lang='lat' dir='ltr'><strong>anima</strong></span> <span class='ocrx_word' id='word_1_677' title='bbox 559 2220 566 2231; x_wconf 91' lang='lat'><strong>,</strong></span> <span class='ocrx_word' id='word_1_678' title='bbox 586 2201 673 2227; x_wconf 86' lang='lat' dir='ltr'><strong>neutri</strong></span> <span class='ocrx_word' id='word_1_679' title='bbox 689 2206 765 2228; x_wconf 89' lang='lat' dir='ltr'><strong>certe</strong></span> <span class='ocrx_word' id='word_1_680' title='bbox 783 2201 836 2228; x_wconf 87' lang='lat' dir='ltr'><strong>ulla</strong></span> <span class='ocrx_word' id='word_1_681' title='bbox 857 2203 1018 2230; x_wconf 86' lang='lat' dir='ltr'><strong>necessitate</strong></span> <span class='ocrx_word' id='word_1_682' title='bbox 1033 2206 1056 2234; x_wconf 78' lang='grc' dir='ltr'><strong>ι)</strong></span> <span class='ocrx_word' id='word_1_683' title='bbox 1070 2203 1180 2230; x_wconf 79' lang='lat' dir='ltr'><strong>finxisse</strong></span> <span class='ocrx_word' id='word_1_684' title='bbox 1195 2202 1332 2230; x_wconf 90' lang='lat' dir='ltr'><strong>hominem</strong></span> <span class='ocrx_word' id='word_1_685' title='bbox 1357 2202 1438 2229; x_wconf 85' lang='lat' dir='ltr'><strong>hodie</strong></span> <span class='ocrx_word' id='word_1_686' title='bbox 1455 2207 1622 2235; x_wconf 83' lang='lat' dir='ltr'><strong>nascentem,</strong></span> <span class='ocrx_word' id='word_1_687' title='bbox 1640 2202 1755 2236; x_wconf 90' lang='lat' dir='ltr'><strong>parique</strong></span> <span class='ocrx_word' id='word_1_688' title='bbox 1770 2197 1840 2236; x_wconf 76' lang='lat' dir='ltr'><strong>justi-</strong></span> 
     </span>
    </p>
   </div>
   <div class='ocr_carea' id='block_1_91' title="bbox 232 2245 1017 2280">
    <p class='ocr_par' dir='ltr' id='par_1_91' title="bbox 232 2245 1017 2280">
     <span class='ocr_line' id='line_1_91' title="bbox 232 2245 1017 2280; baseline 0.008 -10"><span class='ocrx_word' id='word_1_689' title='bbox 232 2245 377 2272; x_wconf 89' lang='lat' dir='ltr'><strong>addicitur.</strong></span> <span class='ocrx_word' id='word_1_690' title='bbox 402 2245 594 2280; x_wconf 74' lang='lat' dir='ltr'><strong>Responsionis</strong></span> <span class='ocrx_word' id='word_1_691' title='bbox 616 2254 670 2272; x_wconf 68' lang='lat' dir='ltr'><strong>suae</strong></span> <span class='ocrx_word' id='word_1_692' title='bbox 690 2247 890 2280; x_wconf 54' lang='lat' dir='ltr'><strong>confirmanda;</strong></span> <span class='ocrx_word' id='word_1_693' title='bbox 907 2253 935 2275; x_wconf 91' lang='lat' dir='ltr'><strong>et</strong></span> <span class='ocrx_word' id='word_1_694' title='bbox 957 2249 1017 2276; x_wconf 87' lang='lat' dir='ltr'><strong>Ori-</strong></span> 
     </span>
    </p>
   </div>
   <div class='ocr_carea' id='block_1_92' title="bbox 233 2290 1015 2328">
    <p class='ocr_par' dir='ltr' id='par_1_92' title="bbox 233 2290 1015 2328">
     <span class='ocr_line' id='line_1_92' title="bbox 233 2290 1015 2328; baseline 0.006 -12"><span class='ocrx_word' id='word_1_695' title='bbox 233 2290 356 2324; x_wconf 73' lang='lat' dir='ltr'><strong>genianze</strong></span> <span class='ocrx_word' id='word_1_696' title='bbox 371 2291 512 2318; x_wconf 68' lang='lat' dir='ltr'><strong>sententia:</strong></span> <span class='ocrx_word' id='word_1_697' title='bbox 533 2293 654 2326; x_wconf 85' lang='lat' dir='ltr'><strong>apertius</strong></span> <span class='ocrx_word' id='word_1_698' title='bbox 667 2293 749 2319; x_wconf 88' lang='lat' dir='ltr'><strong>etiam</strong></span> <span class='ocrx_word' id='word_1_699' title='bbox 768 2292 934 2321; x_wconf 53' lang='lat' dir='ltr'><strong>declaranda;</strong></span> <span class='ocrx_word' id='word_1_700' title='bbox 953 2301 1015 2328; x_wconf 82' lang='lat' dir='ltr'><strong>gra-</strong></span> 
     </span>
    </p>
   </div>
   <div class='ocr_carea' id='block_1_93' title="bbox 233 2335 1014 2371">
    <p class='ocr_par' dir='ltr' id='par_1_93' title="bbox 233 2335 1014 2371">
     <span class='ocr_line' id='line_1_93' title="bbox 233 2335 1014 2371; baseline 0.004 -9"><span class='ocrx_word' id='word_1_701' title='bbox 233 2336 280 2367; x_wconf 83' lang='lat' dir='ltr'><strong>tia,</strong></span> <span class='ocrx_word' id='word_1_702' title='bbox 298 2335 401 2370; x_wconf 88' lang='lat' dir='ltr'><strong>aliquot</strong></span> <span class='ocrx_word' id='word_1_703' title='bbox 413 2336 486 2363; x_wconf 87' lang='lat' dir='ltr'><strong>addit</strong></span> <span class='ocrx_word' id='word_1_704' title='bbox 504 2335 630 2364; x_wconf 80' lang='lat' dir='ltr'><strong>Petavius</strong></span> <span class='ocrx_word' id='word_1_705' title='bbox 645 2337 703 2371; x_wconf 86' lang='lat' dir='ltr'><strong>ejus</strong></span> <span class='ocrx_word' id='word_1_706' title='bbox 723 2338 875 2365; x_wconf 87' lang='lat' dir='ltr'><strong>testimonia</strong></span> <span class='ocrx_word' id='word_1_707' title='bbox 892 2345 926 2365; x_wconf 79' lang='lat' dir='ltr'><strong>ex</strong></span> <span class='ocrx_word' id='word_1_708' title='bbox 940 2338 1014 2366; x_wconf 91' lang='lat' dir='ltr'><strong>hom.</strong></span> 
     </span>
    </p>
   </div>
   <div class='ocr_carea' id='block_1_94' title="bbox 230 2381 1014 2418">
    <p class='ocr_par' dir='ltr' id='par_1_94' title="bbox 230 2381 1014 2418">
     <span class='ocr_line' id='line_1_94' title="bbox 230 2381 1014 2418; baseline 0.001 -8"><span class='ocrx_word' id='word_1_709' title='bbox 230 2382 266 2410; x_wconf 76' lang='lat'><strong>9.0</strong></span> <span class='ocrx_word' id='word_1_710' title='bbox 283 2383 309 2408; x_wconf 84' lang='lat' dir='ltr'><strong>in</strong></span> <span class='ocrx_word' id='word_1_711' title='bbox 323 2381 416 2413; x_wconf 84' lang='lat' dir='ltr'><strong>Num.,</strong></span> <span class='ocrx_word' id='word_1_712' title='bbox 434 2382 530 2416; x_wconf 89' lang='lat' dir='ltr'><strong>quibus</strong></span> <span class='ocrx_word' id='word_1_713' title='bbox 545 2387 658 2410; x_wconf 87' lang='lat' dir='ltr'><strong>vocante</strong></span> <span class='ocrx_word' id='word_1_714' title='bbox 674 2383 735 2411; x_wconf 84' lang='lat' dir='ltr'><strong>licet</strong></span> <span class='ocrx_word' id='word_1_715' title='bbox 757 2388 785 2410; x_wconf 91' lang='lat' dir='ltr'><strong>et</strong></span> <span class='ocrx_word' id='word_1_716' title='bbox 803 2384 955 2418; x_wconf 78' lang='lat' dir='ltr'><strong>pelliciente</strong></span> <span class='ocrx_word' id='word_1_717' title='bbox 972 2384 1014 2411; x_wconf 92' lang='lat' dir='ltr'><strong>in-</strong></span> 
     </span>
    </p>
   </div>
   <div class='ocr_carea' id='block_1_95' title="bbox 232 2428 1014 2463">
    <p class='ocr_par' dir='ltr' id='par_1_95' title="bbox 232 2428 1014 2463">
     <span class='ocr_line' id='line_1_95' title="bbox 232 2428 1014 2463; baseline 0.005 -9"><span class='ocrx_word' id='word_1_718' title='bbox 232 2429 332 2455; x_wconf 89' lang='lat' dir='ltr'><strong>teriore</strong></span> <span class='ocrx_word' id='word_1_719' title='bbox 347 2429 433 2463; x_wconf 86' lang='lat' dir='ltr'><strong>gratia</strong></span> <span class='ocrx_word' id='word_1_720' title='bbox 460 2428 559 2456; x_wconf 90' lang='lat' dir='ltr'><strong>nullam</strong></span> <span class='ocrx_word' id='word_1_721' title='bbox 578 2429 655 2456; x_wconf 85' lang='lat' dir='ltr'><strong>nobis</strong></span> <span class='ocrx_word' id='word_1_722' title='bbox 679 2430 780 2463; x_wconf 90' lang='lat' dir='ltr'><strong>imponi</strong></span> <span class='ocrx_word' id='word_1_723' title='bbox 807 2431 1014 2463; x_wconf 85' lang='lat' dir='ltr'><strong>necessitatem,</strong></span> 
     </span>
    </p>
   </div>
   <div class='ocr_carea' id='block_1_96' title="bbox 230 2475 1017 2511">
    <p class='ocr_par' dir='ltr' id='par_1_96' title="bbox 230 2475 1017 2511">
     <span class='ocr_line' id='line_1_96' title="bbox 230 2475 1017 2511; baseline 0.003 -10"><span class='ocrx_word' id='word_1_724' title='bbox 230 2475 277 2502; x_wconf 86' lang='lat' dir='ltr'><strong>sed</strong></span> <span class='ocrx_word' id='word_1_725' title='bbox 304 2475 329 2502; x_wconf 93' lang='lat' dir='ltr'><strong>in</strong></span> <span class='ocrx_word' id='word_1_726' title='bbox 358 2476 498 2502; x_wconf 88' lang='lat' dir='ltr'><strong>contraria</strong></span> <span class='ocrx_word' id='word_1_727' title='bbox 523 2475 588 2502; x_wconf 88' lang='lat' dir='ltr'><strong>ferri</strong></span> <span class='ocrx_word' id='word_1_728' title='bbox 615 2475 784 2503; x_wconf 84' lang='lat' dir='ltr'><strong>voluntatem</strong></span> <span class='ocrx_word' id='word_1_729' title='bbox 812 2483 893 2510; x_wconf 88' lang='lat' dir='ltr'><strong>posse</strong></span> <span class='ocrx_word' id='word_1_730' title='bbox 914 2476 1017 2511; x_wconf 83' lang='lat' dir='ltr'><strong>perspi-</strong></span> 
     </span>
    </p>
   </div>
   <div class='ocr_carea' id='block_1_97' title="bbox 263 2533 824 2566">
    <p class='ocr_par' dir='ltr' id='par_1_97' title="bbox 263 2533 824 2566">
     <span class='ocr_line' id='line_1_97' title="bbox 263 2533 824 2566; baseline 0.002 -6"><span class='ocrx_word' id='word_1_731' title='bbox 263 2533 286 2550; x_wconf 82' lang='lat'><strong>&quot;</strong></span> <span class='ocrx_word' id='word_1_732' title='bbox 305 2533 381 2561; x_wconf 86' lang='lat' dir='ltr'><strong>Rom.</strong></span> <span class='ocrx_word' id='word_1_733' title='bbox 401 2541 439 2565; x_wconf 76' lang='lat' dir='ltr'><strong>vr,</strong></span> <span class='ocrx_word' id='word_1_734' title='bbox 450 2533 493 2561; x_wconf 80' lang='grc'><strong>16.</strong></span> <span class='ocrx_word' id='word_1_735' title='bbox 531 2533 553 2549; x_wconf 83' lang='grc'><strong>⁸³</strong></span> <span class='ocrx_word' id='word_1_736' title='bbox 569 2533 651 2561; x_wconf 87' lang='lat' dir='ltr'><strong>Eccli.</strong></span> <span class='ocrx_word' id='word_1_737' title='bbox 666 2541 709 2566; x_wconf 80' lang='lat' dir='ltr'><strong>xv,</strong></span> <span class='ocrx_word' id='word_1_738' title='bbox 725 2534 767 2565; x_wconf 83' lang='lat' dir='ltr'><strong>l7,</strong></span> <span class='ocrx_word' id='word_1_739' title='bbox 781 2533 824 2561; x_wconf 82' lang='grc'><strong>18.</strong></span> 
     </span>
    </p>
   </div>
   <div class='ocr_carea' id='block_1_98' title="bbox 267 2591 1018 2627">
    <p class='ocr_par' dir='ltr' id='par_1_98' title="bbox 267 2591 1018 2627">
     <span class='ocr_line' id='line_1_98' title="bbox 267 2591 1018 2627; baseline 0.001 -9"><span class='ocrx_word' id='word_1_740' title='bbox 267 2591 322 2626; x_wconf 68' lang='grc'><strong>(40)</strong></span> <span class='ocrx_word' id='word_1_741' title='bbox 348 2592 468 2618; x_wconf 77' lang='lat' dir='ltr'><strong>Attamen</strong></span> <span class='ocrx_word' id='word_1_742' title='bbox 494 2593 516 2619; x_wconf 79' lang='lat' dir='ltr'><strong>si</strong></span> <span class='ocrx_word' id='word_1_743' title='bbox 543 2593 687 2627; x_wconf 78' lang='lat' dir='ltr'><strong>perfricare</strong></span> <span class='ocrx_word' id='word_1_744' title='bbox 715 2592 822 2619; x_wconf 70' lang='lat' dir='ltr'><strong>velimus</strong></span> <span class='ocrx_word' id='word_1_745' title='bbox 844 2592 968 2627; x_wconf 77' lang='lat' dir='ltr'><strong>frontem,</strong></span> <span class='ocrx_word' id='word_1_746' title='bbox 994 2597 1018 2619; x_wconf 85' lang='lat' dir='ltr'><strong>et</strong></span> 
     </span>
    </p>
   </div>
   <div class='ocr_carea' id='block_1_99' title="bbox 233 2625 1019 2662">
    <p class='ocr_par' dir='ltr' id='par_1_99' title="bbox 233 2625 1019 2662">
     <span class='ocr_line' id='line_1_99' title="bbox 233 2625 1019 2662; baseline 0 -9"><span class='ocrx_word' id='word_1_747' title='bbox 233 2625 371 2661; x_wconf 68' lang='lat' dir='ltr'><strong>Origene»:</strong></span> <span class='ocrx_word' id='word_1_748' title='bbox 393 2628 482 2661; x_wconf 80' lang='lat' dir='ltr'><strong>quot-is</strong></span> <span class='ocrx_word' id='word_1_749' title='bbox 500 2625 615 2659; x_wconf 76' lang='lat' dir='ltr'><strong>periculo</strong></span> <span class='ocrx_word' id='word_1_750' title='bbox 630 2627 768 2662; x_wconf 66' lang='lat' dir='ltr'><strong>defendere</strong></span> <span class='ocrx_word' id='word_1_751' title='bbox 781 2646 788 2658; x_wconf 90' lang='lat'><strong>,</strong></span> <span class='ocrx_word' id='word_1_752' title='bbox 808 2625 876 2654; x_wconf 72' lang='lat' dir='ltr'><strong>hunc</strong></span> <span class='ocrx_word' id='word_1_753' title='bbox 895 2628 1019 2654; x_wconf 77' lang='lat' dir='ltr'><strong>adhibere</strong></span> 
     </span>
    </p>
   </div>
   <div class='ocr_carea' id='block_1_100' title="bbox 232 2661 1019 2696">
    <p class='ocr_par' dir='ltr' id='par_1_100' title="bbox 232 2661 1019 2696">
     <span class='ocr_line' id='line_1_100' title="bbox 232 2661 1019 2696; baseline 0.001 -9"><span class='ocrx_word' id='word_1_754' title='bbox 232 2663 373 2694; x_wconf 74' lang='lat' dir='ltr'><strong>poterimus</strong></span> <span class='ocrx_word' id='word_1_755' title='bbox 403 2663 593 2695; x_wconf 69' lang='lat' dir='ltr'><strong>erce/itionem,</strong></span> <span class='ocrx_word' id='word_1_756' title='bbox 615 2667 667 2689; x_wconf 87' lang='lat' dir='ltr'><strong>etc.</strong></span> <span class='ocrx_word' id='word_1_757' title='bbox 694 2661 752 2689; x_wconf 81' lang='lat' dir='ltr'><strong>Non</strong></span> <span class='ocrx_word' id='word_1_758' title='bbox 778 2669 941 2696; x_wconf 76' lang='lat' dir='ltr'><strong>magnopere</strong></span> <span class='ocrx_word' id='word_1_759' title='bbox 967 2662 1019 2688; x_wconf 84' lang='lat' dir='ltr'><strong>sibi</strong></span> 
     </span>
    </p>
   </div>
   <div class='ocr_carea' id='block_1_101' title="bbox 234 2696 1020 2731">
    <p class='ocr_par' dir='ltr' id='par_1_101' title="bbox 234 2696 1020 2731">
     <span class='ocr_line' id='line_1_101' title="bbox 234 2696 1020 2731; baseline 0.003 -10"><span class='ocrx_word' id='word_1_760' title='bbox 234 2697 404 2731; x_wconf 81' lang='lat' dir='ltr'><strong>perfricanda</strong></span> <span class='ocrx_word' id='word_1_761' title='bbox 425 2696 500 2724; x_wconf 84' lang='lat' dir='ltr'><strong>frons</strong></span> <span class='ocrx_word' id='word_1_762' title='bbox 514 2703 552 2723; x_wconf 83' lang='lat' dir='ltr'><strong>est</strong></span> <span class='ocrx_word' id='word_1_763' title='bbox 567 2706 574 2723; x_wconf 91' lang='lat'><strong>:</strong></span> <span class='ocrx_word' id='word_1_764' title='bbox 598 2697 654 2731; x_wconf 78' lang='lat' dir='ltr'><strong>ipse</strong></span> <span class='ocrx_word' id='word_1_765' title='bbox 669 2697 739 2722; x_wconf 90' lang='lat' dir='ltr'><strong>enim</strong></span> <span class='ocrx_word' id='word_1_766' title='bbox 760 2696 894 2730; x_wconf 81' lang='lat' dir='ltr'><strong>Origenes</strong></span> <span class='ocrx_word' id='word_1_767' title='bbox 909 2704 1020 2730; x_wconf 76' lang='lat' dir='ltr'><strong>expres-</strong></span> 
     </span>
    </p>
   </div>
   <div class='ocr_carea' id='block_1_102' title="bbox 234 2730 1020 2764">
    <p class='ocr_par' dir='ltr' id='par_1_102' title="bbox 234 2730 1020 2764">
     <span class='ocr_line' id='line_1_102' title="bbox 234 2730 1020 2764; baseline 0.001 -9"><span class='ocrx_word' id='word_1_768' title='bbox 234 2730 272 2764; x_wconf 77' lang='lat' dir='ltr'><strong>sis</strong></span> <span class='ocrx_word' id='word_1_769' title='bbox 294 2731 384 2757; x_wconf 84' lang='lat' dir='ltr'><strong>verbis</strong></span> <span class='ocrx_word' id='word_1_770' title='bbox 407 2732 591 2764; x_wconf 80' lang='lat' dir='ltr'><strong>exceptionem</strong></span> <span class='ocrx_word' id='word_1_771' title='bbox 608 2730 690 2758; x_wconf 38' lang='lat' dir='ltr'><strong>&#39;hanc</strong></span> <span class='ocrx_word' id='word_1_772' title='bbox 711 2732 823 2758; x_wconf 83' lang='lat' dir='ltr'><strong>adhibet</strong></span> <span class='ocrx_word' id='word_1_773' title='bbox 850 2731 897 2758; x_wconf 89' lang='lat' dir='ltr'><strong>lib.</strong></span> <span class='ocrx_word' id='word_1_774' title='bbox 924 2740 969 2763; x_wconf 80' lang='grc' dir='ltr'>ιιι,</span> <span class='ocrx_word' id='word_1_775' title='bbox 993 2731 1020 2757; x_wconf 81' lang='lat' dir='ltr'><strong>in</strong></span> 
     </span>
    </p>
   </div>
   <div class='ocr_carea' id='block_1_103' title="bbox 236 2763 1021 2800">
    <p class='ocr_par' dir='ltr' id='par_1_103' title="bbox 236 2763 1021 2800">
     <span class='ocr_line' id='line_1_103' title="bbox 236 2763 1021 2800; baseline 0.004 -11"><span class='ocrx_word' id='word_1_776' title='bbox 236 2763 320 2800; x_wconf 66' lang='lat' dir='ltr'><strong>Epist.</strong></span> <span class='ocrx_word' id='word_1_777' title='bbox 337 2766 372 2791; x_wconf 84' lang='lat' dir='ltr'><strong>ud</strong></span> <span class='ocrx_word' id='word_1_778' title='bbox 392 2763 479 2796; x_wconf 57' lang='lat' dir='ltr'><strong>Hann,</strong></span> <span class='ocrx_word' id='word_1_779' title='bbox 494 2774 554 2800; x_wconf 84' lang='lat' dir='ltr'><strong>cap.</strong></span> <span class='ocrx_word' id='word_1_780' title='bbox 572 2766 600 2797; x_wconf 77' lang='lat'><strong>3,</strong></span> <span class='ocrx_word' id='word_1_781' title='bbox 613 2767 645 2792; x_wconf 89' lang='lat' dir='ltr'><strong>ad</strong></span> <span class='ocrx_word' id='word_1_782' title='bbox 665 2767 720 2793; x_wconf 64' lang='lat' dir='ltr'><strong>haec</strong></span> <span class='ocrx_word' id='word_1_783' title='bbox 737 2768 817 2792; x_wconf 79' lang='lat' dir='ltr'><strong>verba</strong></span> <span class='ocrx_word' id='word_1_784' title='bbox 831 2774 838 2793; x_wconf 92' lang='lat'>:</span> <span class='ocrx_word' id='word_1_785' title='bbox 865 2766 959 2793; x_wconf 73' lang='lat' dir='ltr'><strong>Omnes</strong></span> <span class='ocrx_word' id='word_1_786' title='bbox 976 2766 1021 2792; x_wconf 85' lang='lat' dir='ltr'><strong>de-</strong></span> 
     </span>
    </p>
   </div>
   <div class='ocr_carea' id='block_1_104' title="bbox 236 2799 1018 2836">
    <p class='ocr_par' dir='ltr' id='par_1_104' title="bbox 236 2799 1018 2836">
     <span class='ocr_line' id='line_1_104' title="bbox 236 2799 1018 2836; baseline 0.005 -13"><span class='ocrx_word' id='word_1_787' title='bbox 236 2799 413 2836; x_wconf 59' lang='lat' dir='ltr'><strong>clinarerunt,</strong></span> <span class='ocrx_word' id='word_1_788' title='bbox 433 2800 511 2836; x_wconf 72' lang='lat' dir='ltr'><strong>simul</strong></span> <span class='ocrx_word' id='word_1_789' title='bbox 530 2800 636 2827; x_wconf 72' lang='lat' dir='ltr'><strong>inutiles</strong></span> <span class='ocrx_word' id='word_1_790' title='bbox 657 2801 720 2834; x_wconf 79' lang='lat' dir='ltr'><strong>{acti</strong></span> <span class='ocrx_word' id='word_1_791' title='bbox 744 2805 804 2827; x_wconf 80' lang='lat' dir='ltr'><strong>sunt</strong></span> <span class='ocrx_word' id='word_1_792' title='bbox 841 2800 935 2836; x_wconf 70' lang='lat' dir='ltr'><strong>(Paul.</strong></span> <span class='ocrx_word' id='word_1_793' title='bbox 959 2808 1018 2833; x_wconf 80' lang='lat' dir='ltr'><strong>xm,</strong></span> 
     </span>
    </p>
   </div>
   <div class='ocr_carea' id='block_1_105' title="bbox 234 2831 1020 2869">
    <p class='ocr_par' dir='ltr' id='par_1_105' title="bbox 234 2831 1020 2869">
     <span class='ocr_line' id='line_1_105' title="bbox 234 2831 1020 2869; baseline 0.006 -11"><span class='ocrx_word' id='word_1_794' title='bbox 234 2831 275 2866; x_wconf 66' lang='grc' dir='ltr'><strong>ὃ).</strong></span> <span class='ocrx_word' id='word_1_795' title='bbox 303 2842 312 2858; x_wconf 83' lang='grc' dir='ltr'><strong>ι</strong></span> <span class='ocrx_word' id='word_1_796' title='bbox 337 2834 400 2861; x_wconf 77' lang='lat' dir='ltr'><strong>Mihi</strong></span> <span class='ocrx_word' id='word_1_797' title='bbox 418 2835 539 2869; x_wconf 88' lang='lat' dir='ltr'><strong>_videtur,</strong></span> <span class='ocrx_word' id='word_1_798' title='bbox 563 2831 665 2868; x_wconf 72' lang='lat' dir='ltr'><strong>inquit,</strong></span> <span class='ocrx_word' id='word_1_799' title='bbox 691 2836 760 2869; x_wconf 88' lang='lat' dir='ltr'><strong>quod</strong></span> <span class='ocrx_word' id='word_1_800' title='bbox 781 2831 957 2863; x_wconf 61' lang='lat' dir='ltr'><strong>nou&#39;dicitur</strong></span> <span class='ocrx_word' id='word_1_801' title='bbox 973 2831 1020 2863; x_wconf 54' lang='lat' dir='ltr'><strong>de;</strong></span> 
     </span>
    </p>
   </div>
   <div class='ocr_carea' id='block_1_106' title="bbox 1070 2246 1839 2283">
    <p class='ocr_par' dir='ltr' id='par_1_106' title="bbox 1070 2246 1839 2283">
     <span class='ocr_line' id='line_1_106' title="bbox 1070 2246 1839 2283; baseline -0.004 -8"><span class='ocrx_word' id='word_1_802' title='bbox 1070 2249 1117 2281; x_wconf 88' lang='lat' dir='ltr'><strong>tia,</strong></span> <span class='ocrx_word' id='word_1_803' title='bbox 1136 2248 1279 2283; x_wconf 86' lang='lat' dir='ltr'><strong>sapientia,</strong></span> <span class='ocrx_word' id='word_1_804' title='bbox 1295 2248 1410 2282; x_wconf 85' lang='lat' dir='ltr'><strong>aliisque</strong></span> <span class='ocrx_word' id='word_1_805' title='bbox 1429 2247 1589 2276; x_wconf 85' lang='lat' dir='ltr'><strong>instructum</strong></span> <span class='ocrx_word' id='word_1_806' title='bbox 1614 2248 1742 2280; x_wconf 86' lang='lat' dir='ltr'><strong>dotibus,</strong></span> <span class='ocrx_word' id='word_1_807' title='bbox 1764 2246 1839 2281; x_wconf 86' lang='lat' dir='ltr'><strong>qualis</strong></span> 
     </span>
    </p>
   </div>
   <div class='ocr_carea' id='block_1_107' title="bbox 1067 2292 1839 2328">
    <p class='ocr_par' dir='ltr' id='par_1_107' title="bbox 1067 2292 1839 2328">
     <span class='ocr_line' id='line_1_107' title="bbox 1067 2292 1839 2328; baseline -0.003 -8"><span class='ocrx_word' id='word_1_808' title='bbox 1067 2300 1082 2320; x_wconf 91' lang='lat' dir='ltr'><strong>a</strong></span> <span class='ocrx_word' id='word_1_809' title='bbox 1103 2293 1156 2320; x_wconf 87' lang='lat' dir='ltr'><strong>Deo</strong></span> <span class='ocrx_word' id='word_1_810' title='bbox 1168 2293 1291 2321; x_wconf 90' lang='lat' dir='ltr'><strong>conditus</strong></span> <span class='ocrx_word' id='word_1_811' title='bbox 1310 2293 1360 2320; x_wconf 90' lang='lat' dir='ltr'><strong>fuit</strong></span> <span class='ocrx_word' id='word_1_812' title='bbox 1376 2292 1506 2323; x_wconf 83' lang='lat' dir='ltr'><strong>Adamus.</strong></span> <span class='ocrx_word' id='word_1_813' title='bbox 1532 2292 1587 2328; x_wconf 75' lang='lat'><strong>(40)</strong></span> <span class='ocrx_word' id='word_1_814' title='bbox 1607 2293 1733 2320; x_wconf 83' lang='lat' dir='ltr'><strong>Attamen</strong></span> <span class='ocrx_word' id='word_1_815' title='bbox 1753 2293 1772 2320; x_wconf 86' lang='lat' dir='ltr'><strong>si</strong></span> <span class='ocrx_word' id='word_1_816' title='bbox 1788 2299 1839 2326; x_wconf 83' lang='lat' dir='ltr'><strong>per-</strong></span> 
     </span>
    </p>
   </div>
   <div class='ocr_carea' id='block_1_108' title="bbox 1067 2335 1838 2372">
    <p class='ocr_par' dir='ltr' id='par_1_108' title="bbox 1067 2335 1838 2372">
     <span class='ocr_line' id='line_1_108' title="bbox 1067 2335 1838 2372; baseline -0.005 -7"><span class='ocrx_word' id='word_1_817' title='bbox 1067 2337 1165 2366; x_wconf 87' lang='lat' dir='ltr'><strong>fricare</strong></span> <span class='ocrx_word' id='word_1_818' title='bbox 1195 2338 1308 2365; x_wconf 87' lang='lat' dir='ltr'><strong>velimus</strong></span> <span class='ocrx_word' id='word_1_819' title='bbox 1328 2337 1462 2369; x_wconf 81' lang='lat' dir='ltr'><strong>frontem,</strong></span> <span class='ocrx_word' id='word_1_820' title='bbox 1494 2342 1522 2365; x_wconf 87' lang='lat' dir='ltr'><strong>et</strong></span> <span class='ocrx_word' id='word_1_821' title='bbox 1544 2337 1690 2372; x_wconf 85' lang='lat' dir='ltr'><strong>Origenem</strong></span> <span class='ocrx_word' id='word_1_822' title='bbox 1734 2335 1838 2372; x_wconf 75' lang='lat' dir='ltr'><strong>perieulo</strong></span> 
     </span>
    </p>
   </div>
   <div class='ocr_carea' id='block_1_109' title="bbox 1066 2382 1837 2419">
    <p class='ocr_par' dir='ltr' id='par_1_109' title="bbox 1066 2382 1837 2419">
     <span class='ocr_line' id='line_1_109' title="bbox 1066 2382 1837 2419; baseline -0.003 -8"><span class='ocrx_word' id='word_1_823' title='bbox 1066 2384 1162 2419; x_wconf 87' lang='lat' dir='ltr'><strong>quovis</strong></span> <span class='ocrx_word' id='word_1_824' title='bbox 1178 2383 1332 2415; x_wconf 90' lang='lat' dir='ltr'><strong>defendere,</strong></span> <span class='ocrx_word' id='word_1_825' title='bbox 1364 2384 1432 2410; x_wconf 86' lang='lat' dir='ltr'><strong>hanc</strong></span> <span class='ocrx_word' id='word_1_826' title='bbox 1460 2382 1588 2410; x_wconf 86' lang='lat' dir='ltr'><strong>adhibere</strong></span> <span class='ocrx_word' id='word_1_827' title='bbox 1619 2383 1767 2417; x_wconf 89' lang='lat' dir='ltr'><strong>poterimus</strong></span> <span class='ocrx_word' id='word_1_828' title='bbox 1797 2389 1837 2408; x_wconf 78' lang='lat' dir='ltr'><strong>ex-</strong></span> 
     </span>
    </p>
   </div>
   <div class='ocr_carea' id='block_1_110' title="bbox 1068 2426 1838 2463">
    <p class='ocr_par' dir='ltr' id='par_1_110' title="bbox 1068 2426 1838 2463">
     <span class='ocr_line' id='line_1_110' title="bbox 1068 2426 1838 2463; baseline -0.008 -7"><span class='ocrx_word' id='word_1_829' title='bbox 1068 2429 1235 2463; x_wconf 81' lang='lat' dir='ltr'><strong>ceptionem;</strong></span> <span class='ocrx_word' id='word_1_830' title='bbox 1258 2428 1380 2462; x_wconf 88' lang='lat' dir='ltr'><strong>quamvis</strong></span> <span class='ocrx_word' id='word_1_831' title='bbox 1400 2427 1529 2454; x_wconf 72' lang='lat' dir='ltr'><strong>humana:-</strong></span> <span class='ocrx_word' id='word_1_832' title='bbox 1543 2426 1612 2454; x_wconf 84' lang='lat' dir='ltr'><strong>vires</strong></span> <span class='ocrx_word' id='word_1_833' title='bbox 1640 2427 1774 2453; x_wconf 85' lang='lat' dir='ltr'><strong>libertatis</strong></span> <span class='ocrx_word' id='word_1_834' title='bbox 1797 2432 1838 2460; x_wconf 86' lang='lat' dir='ltr'><strong>per</strong></span> 
     </span>
    </p>
   </div>
   <div class='ocr_carea' id='block_1_111' title="bbox 1069 2472 1836 2508">
    <p class='ocr_par' dir='ltr' id='par_1_111' title="bbox 1069 2472 1836 2508">
     <span class='ocr_line' id='line_1_111' title="bbox 1069 2472 1836 2508; baseline -0.004 -7"><span class='ocrx_word' id='word_1_835' title='bbox 1069 2474 1164 2502; x_wconf 83' lang='lat' dir='ltr'><strong>Adami</strong></span> <span class='ocrx_word' id='word_1_836' title='bbox 1179 2474 1282 2508; x_wconf 86' lang='lat' dir='ltr'><strong>lapsum</strong></span> <span class='ocrx_word' id='word_1_837' title='bbox 1309 2473 1432 2500; x_wconf 64' lang='lat' dir='ltr'><strong>infracta:</strong></span> <span class='ocrx_word' id='word_1_838' title='bbox 1456 2480 1489 2500; x_wconf 89' lang='lat' dir='ltr'><strong>ac</strong></span> <span class='ocrx_word' id='word_1_839' title='bbox 1509 2472 1659 2500; x_wconf 68' lang='lat' dir='ltr'><strong>debilitata:</strong></span> <span class='ocrx_word' id='word_1_840' title='bbox 1679 2473 1746 2505; x_wconf 83' lang='lat' dir='ltr'><strong>sint,</strong></span> <span class='ocrx_word' id='word_1_841' title='bbox 1769 2477 1836 2499; x_wconf 86' lang='lat' dir='ltr'><strong>natu-</strong></span> 
     </span>
    </p>
   </div>
   <div class='ocr_carea' id='block_1_112' title="bbox 1071 2586 1834 2623">
    <p class='ocr_par' dir='ltr' id='par_1_112' title="bbox 1071 2586 1834 2623">
     <span class='ocr_line' id='line_1_112' title="bbox 1071 2586 1834 2623; baseline -0.008 -6"><span class='ocrx_word' id='word_1_842' title='bbox 1071 2591 1200 2622; x_wconf 85' lang='lat' dir='ltr'><strong>clinasse,</strong></span> <span class='ocrx_word' id='word_1_843' title='bbox 1218 2590 1268 2617; x_wconf 84' lang='lat' dir='ltr'><strong>nisi</strong></span> <span class='ocrx_word' id='word_1_844' title='bbox 1292 2590 1315 2617; x_wconf 85' lang='lat' dir='ltr'><strong>is</strong></span> <span class='ocrx_word' id='word_1_845' title='bbox 1330 2589 1375 2622; x_wconf 89' lang='lat' dir='ltr'><strong>qui</strong></span> <span class='ocrx_word' id='word_1_846' title='bbox 1390 2589 1536 2623; x_wconf 84' lang='lat' dir='ltr'><strong>aliquando</strong></span> <span class='ocrx_word' id='word_1_847' title='bbox 1559 2589 1584 2616; x_wconf 90' lang='lat' dir='ltr'><strong>in</strong></span> <span class='ocrx_word' id='word_1_848' title='bbox 1604 2589 1646 2615; x_wconf 87' lang='lat' dir='ltr'><strong>via</strong></span> <span class='ocrx_word' id='word_1_849' title='bbox 1670 2592 1741 2615; x_wconf 87' lang='lat' dir='ltr'><strong>recta</strong></span> <span class='ocrx_word' id='word_1_850' title='bbox 1762 2586 1834 2623; x_wconf 68' lang='lat' dir='ltr'><strong>stt-tit&#39;</strong></span> 
     </span>
    </p>
   </div>
   <div class='ocr_carea' id='block_1_113' title="bbox 1073 2620 1834 2660">
    <p class='ocr_par' dir='ltr' id='par_1_113' title="bbox 1073 2620 1834 2660">
     <span class='ocr_line' id='line_1_113' title="bbox 1073 2620 1834 2660; baseline -0.011 -7"><span class='ocrx_word' id='word_1_851' title='bbox 1073 2625 1150 2653; x_wconf 87' lang='lat' dir='ltr'><strong>Unde</strong></span> <span class='ocrx_word' id='word_1_852' title='bbox 1183 2620 1294 2660; x_wconf 77' lang='lat' dir='ltr'><strong>apparet</strong></span> <span class='ocrx_word' id='word_1_853' title='bbox 1319 2620 1443 2660; x_wconf 53' lang='lat' dir='ltr'><strong>prinitun&#39;</strong></span> <span class='ocrx_word' id='word_1_854' title='bbox 1461 2624 1524 2650; x_wconf 90' lang='lat' dir='ltr'><strong>illud</strong></span> <span class='ocrx_word' id='word_1_855' title='bbox 1545 2628 1652 2660; x_wconf 63' lang='lat' dir='ltr'><strong>natura</strong></span> <span class='ocrx_word' id='word_1_856' title='bbox 1682 2620 1834 2660; x_wconf 76' lang='lat' dir='ltr'><strong>rationabilis</strong></span> 
     </span>
    </p>
   </div>
   <div class='ocr_carea' id='block_1_114' title="bbox 1072 2658 1832 2695">
    <p class='ocr_par' dir='ltr' id='par_1_114' title="bbox 1072 2658 1832 2695">
     <span class='ocr_line' id='line_1_114' title="bbox 1072 2658 1832 2695; baseline -0.008 -9"><span class='ocrx_word' id='word_1_857' title='bbox 1072 2668 1150 2695; x_wconf 87' lang='lat' dir='ltr'><strong>opus,</strong></span> <span class='ocrx_word' id='word_1_858' title='bbox 1165 2658 1235 2694; x_wconf 79' lang='lat' dir='ltr'><strong>quod</strong></span> <span class='ocrx_word' id='word_1_859' title='bbox 1253 2668 1266 2686; x_wconf 91' lang='lat' dir='ltr'><strong>a</strong></span> <span class='ocrx_word' id='word_1_860' title='bbox 1286 2658 1339 2687; x_wconf 82' lang='lat' dir='ltr'><strong>Deo</strong></span> <span class='ocrx_word' id='word_1_861' title='bbox 1357 2659 1458 2695; x_wconf 87' lang='lat' dir='ltr'><strong>factum</strong></span> <span class='ocrx_word' id='word_1_862' title='bbox 1472 2663 1524 2689; x_wconf 81' lang='lat' dir='ltr'><strong>est,</strong></span> <span class='ocrx_word' id='word_1_863' title='bbox 1541 2658 1758 2695; x_wconf 61' lang='lat' dir='ltr'><strong>fuisset-cetum,</strong></span> <span class='ocrx_word' id='word_1_864' title='bbox 1775 2658 1832 2695; x_wconf 63' lang='lat' dir='ltr'><strong>etin</strong></span> 
     </span>
    </p>
   </div>
   <div class='ocr_carea' id='block_1_115' title="bbox 1073 2689 1832 2729">
    <p class='ocr_par' dir='ltr' id='par_1_115' title="bbox 1073 2689 1832 2729">
     <span class='ocr_line' id='line_1_115' title="bbox 1073 2689 1832 2729; baseline -0.007 -7"><span class='ocrx_word' id='word_1_865' title='bbox 1073 2689 1114 2722; x_wconf 80' lang='lat' dir='ltr'><strong>via</strong></span> <span class='ocrx_word' id='word_1_866' title='bbox 1131 2689 1201 2722; x_wconf 72' lang='lat' dir='ltr'><strong>recta</strong></span> <span class='ocrx_word' id='word_1_867' title='bbox 1220 2695 1356 2722; x_wconf 87' lang='lat' dir='ltr'><strong>Creatoris</strong></span> <span class='ocrx_word' id='word_1_868' title='bbox 1372 2694 1455 2728; x_wconf 86' lang='lat' dir='ltr'><strong>ipsius</strong></span> <span class='ocrx_word' id='word_1_869' title='bbox 1472 2701 1582 2720; x_wconf 81' lang='lat' dir='ltr'><strong>munere</strong></span> <span class='ocrx_word' id='word_1_870' title='bbox 1599 2689 1769 2729; x_wconf 85' lang='lat' dir='ltr'><strong>collocatum.</strong></span> <span class='ocrx_word' id='word_1_871' title='bbox 1789 2689 1832 2729; x_wconf 66' lang='lat' dir='ltr'><strong>scd</strong></span> 
     </span>
    </p>
   </div>
   <div class='ocr_carea' id='block_1_116' title="bbox 1072 2728 1832 2766">
    <p class='ocr_par' dir='ltr' id='par_1_116' title="bbox 1072 2728 1832 2766">
     <span class='ocr_line' id='line_1_116' title="bbox 1072 2728 1832 2766; baseline -0.005 -10"><span class='ocrx_word' id='word_1_872' title='bbox 1072 2730 1136 2764; x_wconf 87' lang='lat' dir='ltr'><strong>quia</strong></span> <span class='ocrx_word' id='word_1_873' title='bbox 1150 2730 1184 2766; x_wconf 85' lang='lat' dir='ltr'><strong>ab</strong></span> <span class='ocrx_word' id='word_1_874' title='bbox 1198 2730 1248 2757; x_wconf 87' lang='lat' dir='ltr'><strong>hac</strong></span> <span class='ocrx_word' id='word_1_875' title='bbox 1265 2730 1298 2766; x_wconf 84' lang='lat' dir='ltr'><strong>ad</strong></span> <span class='ocrx_word' id='word_1_876' title='bbox 1319 2729 1410 2766; x_wconf 57' lang='lat' dir='ltr'><strong>laevam</strong></span> <span class='ocrx_word' id='word_1_877' title='bbox 1428 2729 1529 2762; x_wconf 87' lang='lat' dir='ltr'><strong>peccati</strong></span> <span class='ocrx_word' id='word_1_878' title='bbox 1548 2729 1598 2754; x_wconf 88' lang='lat' dir='ltr'><strong>iter</strong></span> <span class='ocrx_word' id='word_1_879' title='bbox 1611 2728 1735 2766; x_wconf 80' lang='lat' dir='ltr'><strong>detorsit,</strong></span> <span class='ocrx_word' id='word_1_880' title='bbox 1750 2728 1832 2766; x_wconf 61' lang='lat' dir='ltr'><strong>merito</strong></span> 
     </span>
    </p>
   </div>
   <div class='ocr_carea' id='block_1_117' title="bbox 1073 2763 1832 2796">
    <p class='ocr_par' dir='ltr' id='par_1_117' title="bbox 1073 2763 1832 2796">
     <span class='ocr_line' id='line_1_117' title="bbox 1073 2763 1832 2796; baseline -0.009 -5"><span class='ocrx_word' id='word_1_881' title='bbox 1073 2763 1143 2792; x_wconf 82' lang='lat' dir='ltr'><strong>nunc</strong></span> <span class='ocrx_word' id='word_1_882' title='bbox 1160 2765 1259 2791; x_wconf 89' lang='lat' dir='ltr'><strong>dicitur</strong></span> <span class='ocrx_word' id='word_1_883' title='bbox 1273 2764 1439 2791; x_wconf 86' lang='lat' dir='ltr'><strong>declinasse:</strong></span> <span class='ocrx_word' id='word_1_884' title='bbox 1458 2765 1529 2790; x_wconf 85' lang='lat' dir='ltr'><strong>sicut</strong></span> <span class='ocrx_word' id='word_1_885' title='bbox 1546 2763 1668 2796; x_wconf 79' lang='lat' dir='ltr'><strong>exemplo</strong></span> <span class='ocrx_word' id='word_1_886' title='bbox 1688 2768 1727 2788; x_wconf 81' lang='lat' dir='ltr'><strong>est</strong></span> <span class='ocrx_word' id='word_1_887' title='bbox 1744 2763 1832 2794; x_wconf 84' lang='lat' dir='ltr'><strong>primus</strong></span> 
     </span>
    </p>
   </div>
   <div class='ocr_carea' id='block_1_118' title="bbox 1074 2798 1831 2832">
    <p class='ocr_par' dir='ltr' id='par_1_118' title="bbox 1074 2798 1831 2832">
     <span class='ocr_line' id='line_1_118' title="bbox 1074 2798 1831 2832; baseline -0.009 -7"><span class='ocrx_word' id='word_1_888' title='bbox 1074 2799 1153 2826; x_wconf 88' lang='lat' dir='ltr'><strong>homo</strong></span> <span class='ocrx_word' id='word_1_889' title='bbox 1172 2800 1264 2830; x_wconf 83' lang='lat' dir='ltr'><strong>Adam,</strong></span> <span class='ocrx_word' id='word_1_890' title='bbox 1282 2799 1326 2832; x_wconf 88' lang='lat' dir='ltr'><strong>qui</strong></span> <span class='ocrx_word' id='word_1_891' title='bbox 1342 2800 1374 2824; x_wconf 87' lang='lat' dir='ltr'><strong>dc</strong></span> <span class='ocrx_word' id='word_1_892' title='bbox 1388 2798 1504 2831; x_wconf 85' lang='lat' dir='ltr'><strong>paradisi</strong></span> <span class='ocrx_word' id='word_1_893' title='bbox 1519 2798 1560 2824; x_wconf 88' lang='lat' dir='ltr'><strong>via</strong></span> <span class='ocrx_word' id='word_1_894' title='bbox 1580 2803 1650 2824; x_wconf 82' lang='lat' dir='ltr'><strong>recta</strong></span> <span class='ocrx_word' id='word_1_895' title='bbox 1669 2798 1735 2823; x_wconf 85' lang='lat' dir='ltr'><strong>male</strong></span> <span class='ocrx_word' id='word_1_896' title='bbox 1749 2799 1831 2832; x_wconf 65' lang='lat' dir='ltr'><strong>suasua</strong></span> 
     </span>
    </p>
   </div>
   <div class='ocr_carea' id='block_1_119' title="bbox 1074 2829 1830 2868">
    <p class='ocr_par' dir='ltr' id='par_1_119' title="bbox 1074 2829 1830 2868">
     <span class='ocr_line' id='line_1_119' title="bbox 1074 2829 1830 2868; baseline -0.004 -7"><span class='ocrx_word' id='word_1_897' title='bbox 1074 2833 1166 2862; x_wconf 79' lang='lat' dir='ltr'><strong>fraudc</strong></span> <span class='ocrx_word' id='word_1_898' title='bbox 1185 2829 1320 2868; x_wconf 82' lang='lat' dir='ltr'><strong>serpentis</strong></span> <span class='ocrx_word' id='word_1_899' title='bbox 1342 2829 1497 2868; x_wconf 39' lang='lat' dir='ltr'><strong>ad‘pravas</strong></span> <span class='ocrx_word' id='word_1_900' title='bbox 1520 2837 1547 2861; x_wconf 90' lang='lat' dir='ltr'><strong>et</strong></span> <span class='ocrx_word' id='word_1_901' title='bbox 1571 2837 1707 2860; x_wconf 72' lang='lat' dir='ltr'><strong>tortuosos</strong></span> <span class='ocrx_word' id='word_1_902' title='bbox 1724 2829 1830 2859; x_wconf 71' lang='lat' dir='ltr'><strong>mortalis</strong></span> 
     </span>
    </p>
   </div>
  </div>
