1912 3079
53 131 103 160 925

460 133 749 163 ORIGENIANORUM
769 136 834 163 Ll'B.
852 135 884 168 ll,
904 135 980 163 CAP.
1000 135 1033 168 ll,
1055 134 1192 169 QUEST.
1213 134 1268 163 VII.

1620 137 1674 166 925

53 199 110 218 ram
133 195 231 218 tamen
261 190 346 226 ipsam
370 191 502 220 libertatis
528 193 600 221 illius
617 201 692 221 suam
715 201 840 222 servasse
854 198 877 227 Α
891 193 951 226 bus,
968 193 1011 221 vel
1027 194 1061 221 ad
1081 194 1165 221 bonos
1191 200 1220 221 se
1244 193 1340 229 erigit,
1360 193 1454 228 gratias
1476 195 1572 222 divinae
1596 198 1658 231 adju

52 236 254 271 integritatem;
280 243 329 263 nec
346 236 427 263 ullam
446 238 560 272 proinde
580 239 713 273 signatam
731 247 792 268 esse
806 240 839 267 ab

51 281 166 315 Origene
181 282 388 309 distinctionem
404 282 474 310 inter
493 283 644 312 libertatem
667 293 727 321 quae
744 286 838 314 Atlami

52 326 190 362 praecessit
208 327 327 362 lapsum,
346 333 372 354 et
390 336 450 362 quae
463 335 608 358 consecuta
630 337 689 364 est,
713 332 783 367 quod
806 334 839 360 ad

51 380 144 406 puram
173 373 325 406 respiceret
349 373 482 402 libertatis
502 380 644 410 naturam,
665 384 718 403 non
740 377 774 404 ad
796 385 840 404 ro-

51 419 100 445 bur
121 417 209 452 ipsius
228 423 257 445 et
277 423 449 453 potestatem.

85 464 116 491 γ.
135 464 176 491 Ex
195 464 251 491 hac
265 465 390 499 Origenis
406 466 540 493 sententia
557 467 590 494 de
606 467 772 496 indiﬂerenti
788 469 837 496 ho-

50 510 129 538 minis
148 511 181 537 ad
201 510 305 538 bonum
322 511 363 538 vel
378 511 478 538 malum
503 514 683 547 propensione
699 520 790 549 aptum
806 515 839 542 il-

50 557 92 584 lud
108 562 150 584 est.
163 561 191 583 et
204 563 387 592 consequens,
406 559 541 586 hominem
557 560 608 587 hac
625 559 784 588 instructum
799 561 838 588 l‘a-

50 602 162 634 cultate,
189 605 291 637 gratiae
318 603 400 630 modo
425 609 542 638 ponatur
573 605 722 638 auxilium,
749 607 838 640 pravis

50 647 245 682 cupiditatibus
264 656 344 682 posse
360 649 506 682 obsistere,
527 650 569 678 vel
585 658 691 685 parere,
710 657 738 679 et
752 652 838 679 virtu-

50 698 100 721 tem
116 693 159 721 vel
183 701 336 728 respuere,
356 695 398 722 vel
423 695 559 730 amplecti.
587 705 596 721 ι
616 697 732 724 Evidcns
757 698 838 733 igitur

50 739 116 766 ratio
131 743 182 772 est,
200 748 211 765 ι
229 739 319 774 inquit
331 740 378 767 lib.
395 748 427 767 ιιι
438 741 508 775 Περὶ
521 741 631 776 ἀρχῶν,
644 750 704 776 cap.
717 743 745 776 2,
762 751 836 770 num.

49 786 78 822 2,
98 795 110 817 ε
129 786 194 825 quia
217 786 290 813 sicut
307 786 332 813 in
349 786 427 814 bonis
442 788 521 814 rebus
545 788 691 816 humanum
713 790 837 824 proposi-

49 841 100 864 tum
119 837 209 864 solum
233 844 284 872 per
298 834 420 872 seipsum
441 833 631 871 imperfectum
650 841 693 863 est
717 837 751 863 ad
772 844 836 863 cou-

890 240 989 267 mentis
1007 240 1145 267 roborata.
1169 239 1266 268 Utrum
1281 247 1345 268 vero
1359 241 1475 268 senserit
1491 241 1632 277 Origenes,
1649 244 1672 271 si

889 285 949 320 quis
966 293 1000 313 ex
1015 293 1058 312 me
1075 289 1188 321 quaerat,
1206 284 1276 311 bona
1301 284 1353 312 fide
1374 287 1558 320 responderim
1579 288 1674 322 gratia:

889 331 1021 358 auxilium
1038 331 1180 358 admisisse
1198 330 1285 362 illum,
1305 338 1357 356 non
1380 338 1443 357 vero
1462 331 1588 364 prmium
1605 332 1674 358 inci-

889 378 1052 407 tamentum,
1067 379 1097 402 ut
1113 374 1237 409 pluribus
1255 374 1324 401 inl‘ra
1340 375 1490 402 disseram:
1512 384 1522 400 ι
1546 376 1573 403 ln
1593 378 1672 404 rebus

887 419 976 452 hortis,
994 419 1092 454 inquit,
1110 420 1258 446 humanum
1276 420 1442 454 propositum
1464 421 1549 447 solum
1567 429 1616 456 per
1630 430 1675 450 se-

888 466 975 500 ipstun
992 464 1179 500 imperfectum
1198 470 1240 492 est
1253 465 1286 492 ad
1307 467 1566 494 consummationem
1587 468 1668 501 boui;

888 510 1024 544 adiutorio
1046 518 1162 544 namque
1181 511 1271 537 divino
1295 511 1327 537 ad
1342 511 1458 545 perlecta
1476 520 1587 547 quisque
1612 522 1672 547 per-

889 557 1007 585 ducitur.
1029 566 1038 583 l
1057 556 1222 587 Addidisset.
1240 562 1264 583 et
1282 557 1424 589 excitatur,
1441 557 1508 584 bene
1532 566 1574 585 res
1588 559 1671 586 babe-

889 607 950 629 ret:
976 609 1036 628 cum
1056 608 1089 628 ex
1114 601 1219 635 liquido
1245 603 1338 636 synodi
1367 602 1532 630 Tridentinte
1554 605 1675 638 decreto,

888 655 956 675 sess.
973 647 998 680 6,
1016 654 1076 681 cap.
1092 647 1118 679 5,
1133 654 1160 674 et
1176 656 1236 675 catt.
1254 647 1282 680 4,
1298 652 1384 674 ratum
1399 649 1433 675 sit
1449 649 1576 676 excitanti
1592 655 1674 684 atque

889 692 1024 727 adjuvanti
1051 694 1144 727 gratiae
1173 693 1217 719 Dei
1246 692 1330 719 libere
1353 692 1488 720 hominem
1507 695 1630 722 assentiri
1646 701 1673 722 et

888 737 1041 771 cooperari,
1061 744 1110 764 nec
1135 736 1223 771 ipsum
1242 737 1309 764 nihil
1323 745 1413 772 agere,
1433 745 1493 765 cum
1519 739 1673 774 inspiratio-

889 788 950 809 uem
978 781 1050 808 illatn
1086 781 1200 817 recipit,
1227 782 1325 816 quippe
1349 783 1395 816 qui
1419 782 1491 810 illam
1512 788 1539 810 et
1555 784 1673 819 abjicere

891 826 982 861 possit.

49 867 260 910 sumtnat‘ionein
286 867 366 915 boni;
394 867 527 917 adjutorio
555 889 674 916 namque
696 882 787 909 divino
802 883 835 909 ad
852 867 874 897 Β
926 871 967 898 Vl-
983 871 1076 906 capite
1092 878 1198 906 ί1¹¹⁰ί1¹¹θ
1213 872 1307 906 quinm
1328 871 1387 900 “bri
1403 874 1512 900 secum“
1529 873 1566 901 De
1583 874 1672 909 Pelag-

48 928 163 962 perfccta
186 935 305 963 quaeque
320 928 495 963 perducitur:
519 928 558 955 ita
575 925 658 955 etiam
679 926 706 953 in
729 932 835 954 contra~

50 974 93 1001 riis
109 974 184 1001 initia
200 975 338 1009 quaedam,
357 978 384 1000 et
408 973 483 1001 velut
499 974 621 1008 quaedam
644 973 749 1001 semina
772 980 836 1008 pcc-

52 1024 166 1047 calorum
187 1019 283 1045 abhis
301 1018 383 1046 rebus
405 1025 464 1053 qua:
484 1019 511 1045 in
532 1026 581 1045 usu
603 1018 766 1046 naturaliter
788 1017 835 1044 ha-

52 1063 150 1096 bentur,
169 1063 339 1097 accipimus,
358 1072 367 1089 ι
393 1067 448 1091 etc.
471 1062 540 1090 Tum
567 1063 617 1090 sub
632 1063 712 1090 linem
738 1063 834 1098 capitis

52 1117 119 1136 Itum.
132 1108 164 1136 ιε
184 1118 193 1134 ‹
214 1108 288 1136 Nihil
303 1109 374 1135 aliud
388 1109 535 1143 putandum
554 1113 596 1136 est
610 1109 735 1136 accidere
754 1109 832 1136 nobis

52 1163 81 1182 cx
99 1155 162 1189 ipsis
187 1163 249 1190 quze
268 1155 342 1182 cordi
370 1160 463 1182 nostro
481 1160 664 1189 suggeruntur
688 1155 766 1182 bonis
792 1155 834 1181 vel

51 1200 134 1232 malis,
151 1200 203 1226 nisi
230 1199 440 1226 commotionem
463 1200 559 1232 solam,
581 1204 607 1226 et
630 1200 834 1226 incitamentum

53 1253 196 1280 provocans
217 1253 268 1273 nos
291 1245 334 1272 vel
356 1247 388 1272 ad
405 1246 474 1272 bona
490 1245 531 1272 vel
550 1245 583 1272 ad
607 1245 686 1272 mala.
704 1244 835 1272 Possihile

52 1296 135 1318 autem
153 1291 239 1318 nobls‘
256 1294 314 1322 cst,
334 1297 393 1317 cum
419 1289 536 1324 maligna
566 1290 651 1317 virtus
675 1297 723 1317 nos
745 1297 834 1324 cmpe-

53 1337 85 1364 rit
98 1337 129 1362 ad
147 1336 248 1364 malum
267 1336 393 1367 incitare,
407 1334 524 1368 alijicere
539 1343 552 1361 a
569 1335 647 1362 nobis
659 1343 758 1370 pravas
770 1344 833 1370 sug-

53 1383 191 1416 gestiones,
205 1388 233 1410 et
250 1382 381 1409 resistere
400 1381 575 1408 suasionibus
599 1381 734 1416 pessimis,
752 1386 779 1407 et
794 1381 834 1407 iii-

54 1429 87 1455 hil
100 1436 209 1462 prorsus
225 1428 396 1463 culpabiliter
411 1434 517 1462 gerere.
533 1427 566 1454 Et.
583 1435 691 1454 rursum
707 1427 834 1462 possibile

54 1481 100 1507 est,
115 1480 143 1502 ut
165 1483 226 1502 cum
245 1483 296 1503 nos
315 1475 404 1502 divina
421 1475 508 1501 virtus
523 1475 556 1501 ad
577 1474 686 1501 meliora
703 1481 833 1509 provoca-

55 1522 134 1554 vcrit,
155 1530 207 1549 non
230 1529 392 1556 sequamur,
420 1521 497 1548 liberi
523 1521 629 1548 arbitrii
650 1526 784 1556 potestate
805 1521 831 1548 iu

55 1573 160 1602 utraque
185 1568 266 1595 nobis
291 1572 408 1595 servata.
428 1577 438 1593 ι
467 1567 493 1594 In
517 1567 575 1594 haec
598 1567 698 1594 acriter
720 1567 835 1601 insurgit

56 1611 177 1647 Yprensis
206 1613 322 1640 antistes
338 1613 385 1639 lib.
399 1621 416 1639 ιι
431 1613 468 1639 De
484 1611 576 1646 Pelag.
593 1613 671 1644 licem,
686 1619 746 1646 cap.
766 1612 794 1644 4,
808 1616 836 1638 et

56 1658 97 1686 lib.
116 1667 151 1692 tv,
166 1667 226 1693 cap.
254 1660 280 1691 7,
296 1665 323 1686 et
337 1659 383 1686 lib.
402 1667 438 1691 vi,
454 1666 515 1693 cap.
536 1658 563 1690 6,
579 1658 622 1685 ubi
638 1659 760 1693 queritur
773 1665 834 1685 cen-

57 1705 136 1732 suisse
156 1705 302 1739 Origenem
319 1715 329 1731 ι
354 1705 436 1732 animi
459 1705 575 1732 motibus
593 1705 626 1732 ad
650 1705 749 1732 bonum
776 1713 834 1732 ma-

57 1750 137 1779 lmnve
149 1760 197 1779 nos
215 1752 418 1780 concitantibus
436 1755 504 1778 nutu
526 1750 640 1777 rationis
663 1758 713 1778 nos
737 1752 834 1777 adver-

59 1798 118 1828 sari,
132 1803 211 1832 atque
227 1806 276 1825 eos
291 1798 323 1825 ad
338 1798 405 1824 bona
423 1797 463 1823 vel
488 1797 558 1823 mala
576 1797 734 1831 gubernari,
753 1806 762 1822 ι
779 1804 835 1823 me-

61 1849 166 1877 rumque
189 1844 228 1870 ait
252 1843 402 1876 doctrinam
427 1843 497 1869 banc
519 1849 579 1868 esse
596 1841 833 1876 Pelagianismum.

61 1886 85 1914 Si
97 1888 135 1915 vel
147 1889 266 1916 animum
282 1896 362 1924 posse
377 1889 409 1914 ad
425 1888 524 1914 bonum
539 1894 586 1920 per
600 1893 629 1913 se
644 1887 756 1918 moveri,
771 1886 835 1913 abs-

59 1941 106 1968 que
126 1936 223 1969 przevio
256 1935 350 1970 gratiae
373 1934 418 1961 Dei
451 1934 642 1965 incitamento;
677 1932 719 1959 vel
742 1932 835 1966 impel-

61 1978 118 2006 lenti
133 1988 179 2007 nos
197 1981 230 2008 ad
247 1980 345 2007 malum
364 1980 467 2007 libidini
482 1987 530 2015 per
550 1986 579 2006 se
599 1986 677 2013 posse
693 1979 834 2012 obsistere,

60 2025 134 2052 etiam
150 2028 242 2060 gratia:
261 2027 380 2060 juvantis
404 2034 454 2060 ope
476 2027 632 2053 destituttun
647 2025 730 2052 voluit
743 2024 837 2060 Orige-

61 2077 124 2098 nes:
154 2073 323 2100 damnandus
344 2073 453 2107 quidem
473 2080 551 2100 crror
569 2072 613 2098 ille
634 2078 684 2100 est.
710 2071 756 2099 Sin
773 2079 836 2099 vero

61 2119 146 2150 gratiae
167 2119 312 2154 impulsum
337 2119 460 2154 adjunin
482 2122 509 2146 et
532 2119 673 2152 auxilium,
693 2117 837 2152 utrobique

61 2163 130 2198 culpa
148 2172 239 2198 caret;
258 2174 318 2193 nam
332 2166 358 2192 in
378 2171 465 2193 motus
479 2166 560 2193 animi
583 2166 678 2198 malos,
692 2172 759 2200 quos
775 2171 837 2190 con-

886 918 964 950 hwr.,
975 919 1030 946 haec
1044 918 1168 952 Origenis
1181 917 1245 944 lib.t
1262 919 1287 945 in
1301 918 1384 952 Epist.
1395 920 1428 946 ad
1438 919 1524 952 Rom.,
1538 929 1612 948 nttnt.
1628 922 1671 953 l8.

887 964 1026 999 impugnat
1042 964 1187 992 Jauseuius
1202 972 1210 992 :
1231 975 1239 990 ι
1255 965 1422 1000 Frequenter
1437 966 1462 993 in
1476 965 1623 1002 Scripturis
1635 969 1673 994 iii-

887 1012 1019 1043 vcuimus,
1035 1015 1062 1038 et
1077 1018 1091 1037 a
1109 1011 1185 1038 nobis
1200 1018 1271 1046 saepe
1286 1013 1429 1039 dissertum
1445 1019 1496 1044 est,
1511 1014 1580 1047 quod
1593 1014 1676 1042 homo

886 1057 1007 1090 spiritus,
1025 1060 1053 1083 et
1071 1064 1178 1090 corpus,
1200 1062 1226 1084 et
1241 1059 1331 1084 anima
1349 1065 1409 1085 esse
1430 1059 1536 1086 dicatur
1552 1067 1559 1085 :
1579 1068 1672 1086 verum

885 1108 946 1128 cum
969 1101 1067 1128 dicitur
1080 1101 1141 1136 quia
1156 1111 1217 1128 cara
1230 1104 1388 1137 concupiscit
1405 1104 1527 1130 adversus
1540 1105 1671 1138 spiritum,

885 1147 992 1182 spiritus
1006 1152 1095 1174 autem
1108 1148 1229 1175 adversus
1238 1157 1342 1175 cuiatem
1350 1149 1384 1182 °°,
1403 1150 1490 1176 inedia
1510 1150 1604 1184 procul
1623 1151 1672 1176 du—

885 1193 929 1220 bio
950 1193 1058 1227 poaitur
1087 1194 1198 1227 anima,
1221 1202 1283 1229 quae
1320 1194 1361 1221 vel
1393 1195 1535 1222 desideriis
1562 1195 1673 1230 spiritus

885 1239 1060 1273 acquiescat,
1079 1240 1122 1266 vel
1138 1241 1171 1266 ad
1197 1241 1288 1268 carnis
1310 1241 1543 1275 concupiscentias
1563 1241 1674 1268 incline-

887 1288 939 1312 tur.
960 1294 969 1312 ›
992 1284 1070 1312 Dolet
1085 1284 1214 1313 Jansenio
1231 1286 1302 1321 quod
1325 1286 1450 1321 spiritum
1469 1285 1560 1319 illmn,
1577 1287 1673 1314 adver-

885 1338 932 1358 BUS
948 1337 1027 1366 quem
1048 1331 1217 1365 concupiscit
1236 1338 1313 1361 Cill‘O.
1332 1340 1342 1356 1
1361 1336 1456 1364 vocet,
1471 1338 1523 1358 11011
1540 1339 1614 1358 more
1628 1340 1674 1358 Cil-

890 1376 988 1403 tliolico
1004 1377 1136 1411 Spiritum
1155 1382 1290 1410 sanctum,
1307 1378 1353 1404 sed
1364 1377 1510 1412 Pelagiana
1524 1377 1608 1412 legem
1623 1372 1672 1404 ua:

892 1426 968 1454 turze,
984 1430 1064 1456 quam
1085 1423 1221 1450 mentibus
1242 1422 1343 1457 Spiritu
1363 1423 1409 1450 Dei
1428 1424 1480 1450 vivi
1504 1431 1537 1450 ex
1566 1424 1675 1450 institu-

891 1470 972 1502 tione,
1003 1475 1031 1497 ut
1057 1470 1114 1505 ipse
1134 1470 1206 1505 loqui
1235 1471 1316 1502 solet,
1345 1470 1482 1498 Creatoris
1516 1471 1672 1505 impressam

891 1516 1009 1550 gerimus
1027 1525 1037 1542 ι
1052 1516 1143 1550 (verba
1158 1517 1240 1551 ipsius
1260 1517 1332 1551 sunt)
1351 1526 1360 1542 ε
1387 1522 1413 1544 et
1430 1525 1488 1552 qua:
1502 1516 1594 1552 (verba
1611 1522 1674 1545 sunt

886 1561 1013 1596 Origeuis
1039 1562 1085 1590 lib.
1104 1570 1123 1589 ιι
1147 1562 1175 1588 in
1193 1562 1281 1597 Epist.
1306 1562 1340 1588 ad
1371 1562 1459 1595 Rom.,
1485 1571 1559 1591 num.
1591 1563 1618 1595 9,
1648 1567 1675 1590 et

885 1607 931 1634 lib.
948 1615 985 1640 v1,
1002 1615 1076 1634 num.
1095 1608 1123 1642 8)
1141 1607 1167 1634 in
1193 1608 1331 1635 hominum
1357 1608 1483 1636 cordibus
1504 1609 1604 1643 scripta
1621 1615 1673 1640 εει,

887 1663 940 1683 non
962 1659 1124 1687 atramento,
1146 1655 1192 1682 sed
1219 1655 1322 1690 Spiritu
1349 1655 1396 1683 Dei
1417 1656 1488 1688 vivi;
1513 1663 1572 1690 quae
1597 1656 1675 1683 docet

886 1707 1105 1734 unumquemque
1119 1700 1184 1734 quid
1205 1700 1338 1735 agendum
1361 1700 1406 1731 sit,
1423 1699 1486 1734 qttid
1510 1700 1673 1731 cavendum,

884 1751 912 1773 et
926 1754 974 1781 per
988 1754 1069 1781 quam
1080 1746 1219 1781 cognoscit
1239 1746 1319 1773 homo
1332 1750 1473 1780 peccatum
1491 1752 1568 1772 suurn
1580 1753 1587 1777 ;
1601 1752 1674 1779 qua--

885 1800 938 1827 que
952 1793 1109 1820 hominibus
1124 1793 1219 1820 suadet
1233 1814 1240 1826 ,
1255 1801 1288 1821 ne
1305 1792 1480 1820 homicidium
1490 1812 1497 1824 ,
1520 1799 1553 1818 ne
1567 1790 1674 1817 adulte-

886 1839 955 1865 rium
973 1838 1091 1872 l‘aciant,
1109 1846 1142 1866 ne
1161 1839 1299 1872 furentur,
1320 1846 1353 1865 ne
1370 1838 1465 1866 falsum
1489 1837 1673 1864 testimonium

886 1886 996 1919 dicant,
1015 1889 1044 1912 ut
1060 1886 1195 1913 honorent
1214 1891 1317 1920 patrem
1333 1889 1359 1912 et
1388 1890 1519 1917 matrem,
1535 1887 1562 1910 ct
1577 1883 1672 1910 borum

887 1931 1001 1966 similia;
1021 1931 1147 1958 fortassis
1171 1937 1199 1959 et
1224 1931 1295 1966 quod
1326 1931 1396 1957 Deus
1416 1938 1486 1957 unus
1509 1935 1617 1956 creator
1639 1929 1675 1955 sit

885 1978 1025 2011 omnium;
1041 1987 1049 2003 ι
1065 1978 1142 2013 juxta
1155 1978 1218 2006 illud
1233 1977 1307 2004 Pauli
1324 1976 1403 2004 Rom.
1417 1982 1447 2009 ιι,
1463 1977 1505 2010 14,
1517 1976 1566 2003 15ε
1579 1985 1588 2001 ι
1608 1975 1674 2002 Cum

886 2024 957 2050 enim
985 2029 1078 2058 gentes
1103 2032 1162 2059 quae
1183 2025 1268 2059 legem
1293 2032 1345 2050 non
1372 2024 1489 2056 habent,
1513 2022 1674 2050 naturaliter

885 2077 945 2105 quae
970 2070 1036 2105 legis
1064 2074 1127 2098 sunt
1149 2070 1268 2102 l'aciuut,
1289 2071 1316 2097 hi
1342 2070 1428 2104 legent
1454 2077 1505 2096 non
1532 2069 1674 2100 habentes,

887 2116 939 2150 ipsi
955 2116 1082 2144 sibisqu
1098 2116 1141 2143 lex
1166 2125 1173 2143 :
1195 2117 1240 2151 qui
1263 2117 1411 2143 ostendunt
1427 2123 1494 2150 opus
1519 2114 1586 2149 legis
1609 2114 1676 2141 scri-

888 2167 964 2196 ptum
981 2163 1007 2190 in
1025 2163 1152 2190 cordibus
1165 2162 1239 2195 suis,
1257 2162 1440 2190 testimoniutn
1465 2161 1593 2189 reddente
1620 2160 1673 2187 illis

63 2209 218 2243 Cllpiscentia
239 2212 336 2246 gignit,
356 2215 384 2237 et
409 2212 504 2243 bonos,
529 2218 596 2245 quos
622 2210 712 2236 educit
735 2209 832 2243 gratia,
851 2215 873 2242 ι)
888 2208 1055 2236 conscientia
1076 2209 1206 2244 ipsorum,
1222 2214 1249 2236 et
1265 2210 1335 2236 inter
1351 2216 1381 2236 se
1394 2208 1509 2235 invicem
1531 2206 1674 2242 cogitatio-

61 2253 193 2289 imperium
215 2263 288 2284 tenet
314 2257 399 2284 libera
420 2256 556 2289 voluntas,
580 2261 606 2284 et
630 2256 673 2282 vel
693 2255 769 2282 malis
785 2255 833 2282 ob-

62 2301 191 2334 ιειιιιιετειι,
217 2302 333 2337 propriis
353 2302 415 2329 illuc
439 2307 465 2329 et
489 2301 586 2329 nativis
613 2300 741 2327 inclinata
762 2299 834 2327 nuti-

91 2347 111 2362 '°
126 2347 209 2376 Galat.
221 2358 247 2383 v,
263 2351 305 2377 l7.

61 2393 116 2432 vitge
131 2397 240 2424 semitas
259 2397 413 2424 declinavit.
438 2397 642 2432 Consequenter
656 2404 721 2430 ergo
739 2403 839 2423 omnes

62 2430 101 2466 qui
124 2438 153 2457 ex
182 2433 264 2466 ipsius
294 2433 465 2459 successione
488 2433 514 2459 in
535 2430 615 2460 thnc
639 2433 767 2458 mundum
795 2439 839 2458 ve-

63 2464 148 2501 niunt,
165 2464 386 2498 dccliuaveruut,
407 2473 433 2494 et
460 2467 538 2494 simul
561 2476 621 2494 cum
640 2467 699 2501 ipso
727 2466 838 2493 inutiles

63 2500 119 2525 tacti
142 2507 210 2530 sttttl.
231 2513 240 2528 ι
261 2503 338 2529 Vides
359 2507 459 2529 slattnn
484 2508 587 2529 natura:
604 2502 715 2537 integras
731 2509 746 2528 a
769 2505 838 2528 statu

64 2539 158 2571 patum
175 2537 256 2571 lapsae
274 2543 401 2564 accurate
416 2537 584 2564 distinctum.
602 2537 776 2563 Luculentior
792 2537 839 2562 ad-

65 2566 112 2594 lutc
127 2566 211 2598 exstat
225 2572 301 2599 locus
315 2572 383 2599 alter
401 2573 426 2597 itt
448 2573 493 2599 lib.
512 2580 537 2599 tv
552 2571 697 2599 Comment.
714 2573 740 2597 in
758 2571 837 2598 Cant.

64 2605 191 2641 cautium,
209 2615 268 2641 pag.
290 2607 336 2638 88,
362 2608 394 2633 ad
407 2607 462 2633 lucc
487 2608 588 2634 verba:
618 2606 704 2633 Vincat
719 2607 840 2641 ﬂorentes

65 2637 180 2666 dederunt
200 2637 305 2669 odorem
329 2637 424 2674 suum;
439 2642 533 2673 (Cant.
547 2650 576 2673 ιι,
591 2642 651 2671 15).
678 2651 686 2667 ι
708 2637 763 2668 Non
781 2641 840 2669 sine

66 2678 147 2710 (ξθυεη,
162 2675 258 2710 inquit,
277 2682 341 2710 puto
360 2678 430 2710 quod
457 2685 508 2704 non
524 2678 640 2704 dixerit:
660 2676 773 2703 Odorem
797 2678 842 2702 de-

66 2706 150 2746 derunt
168 2718 177 2736 :
189 2706 256 2742 s'ed,'
269 2706 375 2738 odorant
403 2720 501 2744 suum;
525 2718 554 2738 ut
571 2713 727 2739 ostenderet
752 2712 842 2737 inesse

67 2746 154 2781 cuique
175 2746 270 2773 animm
289 2748 342 2773 vim
367 2747 556 2781 possibilitatis
578 2752 604 2773 et
631 2747 737 2772 arbitrii
759 2746 841 2772 liber-

68 2778 226 2816 !3“?m._qua
252 2782 334 2815 possit
361 2778 442 2816 agere
468 2789 548 2808 omne
573 2782 642 2815 quod
660 2782 758 2808 bonum
786 2785 838 2808 est.

70 2809 117 2850 Sed
131 2809 191 2846 quia
217 2809 267 2843 hoc
289 2809 394 2843 natura;
415 2817 516 2843 bonum
540 2809 772 2850 privaricationis
796 2823 838 2843 oc-

70 2851 168 2875 U'SIOIIC
187 2850 353 2886 deccrptutn,
380 2851 420 2879 vcl
436 2851 469 2879 ad
492 2851 677 2886 ignominiam,
696 2851 737 2878 vel
756 2850 836 2878 lasci-

888 2254 967 2281 nibus
983 2254 1186 2288 accusantibus,
1204 2255 1344 2282 autetiam
1360 2253 1579 2281 defendentihus.
1595 2261 1605 2279 ι
1622 2252 1673 2279 Se-

889 2301 961 2327 mina
988 2307 1117 2336 praztcrea
1150 2301 1195 2329 illa
1226 2301 1357 2329 bonitatis
1373 2308 1388 2327 a
1410 2304 1508 2327 natura
1534 2299 1675 2326 hominum

892 2395 961 2421 viain
982 2394 1068 2421 fuerat
1085 2394 1210 2422 inﬂexum
1223 2415 1230 2426 ,
1248 2394 1293 2421 ubi
1319 2402 1366 2429 per
1380 2394 1496 2429 gratiam
1519 2396 1674 2429 reparatur,

892 2435 917 2456 et
935 2437 983 2464 per
997 2431 1148 2457 doctrinam
1168 2430 1246 2457 Verbi
1262 2430 1307 2456 Dei
1320 2426 1485 2461 restituitur,
1498 2426 1679 2464 odorem_red-

891 2461 1002 2501 dit-siue
1025 2465 1116 2501 dubio?
1129 2465 1203 2491 illurn
1229 2472 1308 2501 quem
1329 2466 1434 2501 primus
1457 2463 1582 2490 conditor
1596 2461 1678 2501 __Deus

893 2500 1025 2526 indiderat
1038 2519 1046 2531 ,
1071 2500 1119 2526 sed
1134 2495 1246 2534 peccati
1262 2495 1338 2533 culpa
1358 2499 1540 2535 subtraxerat.
1560 2505 1569 2522 ι
1596 2495 1677 2535 Eant:

892 2536 952 2561 dem
975 2542 1039 2568 ergo
1068 2533 1141 2562 aute,
1159 2539 1186 2561 et
1212 2539 1273 2569 post
1301 2534 1397 2561 Adami
1426 2533 1530 2569 lapsum
1555 2533 1678 2569 agnoscit

892 2565 1024 2603 Origenes
1039 2569 1115 2596 liberi
1142 2565 1247 2596 arbitrii
1275 2575 1411 2600 naturam,
1425 2565 1472 2594 sed
1499 2574 1549 2604 non
1568 2565 1676 2604 easdem

894 2599 967 2631 vires
987 2612 1036 2631 nec
1058 2612 1107 2634 par
1125 2605 1208 2631 robur
1223 2605 1255 2631 ad
1272 2605 1369 2639 bonum
1382 2602 1590 2639 assequendum.
1608 2599 1677 2639 Hinc

897 2640 1018 2675 sequitur
1047 2639 1132 2675 ipsum
1158 2640 1284 2675 hominis?
1300 2638 1365 2675 lapsi
1392 2637 1619 2675 libertatemmun
1650 2637 1677 2675 in

897 2668 1063 2701 indiliercnti
1078 2675 1111 2700 ad
1129 2675 1226 2700 bonum
1243 2674 1286 2700 vel
1307 2668 1405 2700 malum
1430 2669 1606 2708 propensione
1621 2668 1678 2708 col:

896 2709 1010 2741 locasse,
1027 2709 1073 2744 sed
1087 2708 1122 2744 Vin
1147 2708 1309 2736 indiﬂ'crenti
1333 2709 1400 2744 bene
1423 2703 1464 2744 vel
1479 2703 1558 2732 'male
1571 2703 1677 2744 _ageudi

894 2749 1040 2779 potestate.
1062 2743 1140 2779 Aliud
1155 2748 1195 2770 est
1209 2748 1333 2777 potestas,
1360 2742 1436 2779 aliud
1457 2742 1612 2779 propeasio;
1628 2745 1677 2779 ea-_-

894 2773 954 2806 (tum
971 2784 1011 2805 est
1027 2779 1054 2805 in
1071 2778 1190 2812 quolibet
1209 2773 1285 2806 'statu
1300 2773 1376 2811 juxta
1392 2773 1534 2811 Origenem
1549 2775 1618 2801 bene
1634 2773 1678 2812 vel

893 2815 962 2840 male
987 2807 1231 2848 agciidipolestas,
1256 2807 1308 2842 sed
1320 2821 1372 2841 non
1397 2807 1489 2840 eadem
1517 2816 1618 2845 parque
1643 2807 1680 2835 ad

892 2850 989 2876 bonum
1011 2848 1165 2883 propensio.
