  <div class='ocr_page' id='page_1' title='image "/cluster/home/n/w/nwhite01/storage/ocr_20150623/17/njp.32101010944583/637.png"; bbox 0 0 1912 3079; ppageno 0'>
   <div class='ocr_carea' id='block_1_1' title="bbox 220 115 273 144">
    <p class='ocr_par' dir='ltr' id='par_1_1' title="bbox 220 115 273 144">
     <span class='ocr_line' id='line_1_1' title="bbox 220 115 273 144; baseline -0.057 0"><span class='ocrx_word' id='word_1_1' title='bbox 220 115 273 144; x_wconf 69' lang='grc' dir='ltr'><strong>9ξῖ</strong></span> 
     </span>
    </p>
   </div>
   <div class='ocr_carea' id='block_1_2' title="bbox 866 106 1205 138">
    <p class='ocr_par' dir='ltr' id='par_1_2' title="bbox 866 106 1205 138">
     <span class='ocr_line' id='line_1_2' title="bbox 866 106 1205 138; baseline -0.012 0"><span class='ocrx_word' id='word_1_2' title='bbox 866 110 897 138; x_wconf 87' lang='lat' dir='ltr'><strong>P.</strong></span> <span class='ocrx_word' id='word_1_3' title='bbox 915 107 1072 137; x_wconf 79' lang='lat' dir='ltr'><strong>DANIELIS</strong></span> <span class='ocrx_word' id='word_1_4' title='bbox 1088 106 1205 136; x_wconf 80' lang='lat' dir='ltr'><strong>HUETH</strong></span> 
     </span>
    </p>
   </div>
   <div class='ocr_carea' id='block_1_3' title="bbox 1799 98 1857 126">
    <p class='ocr_par' dir='ltr' id='par_1_3' title="bbox 1799 98 1857 126">
     <span class='ocr_line' id='line_1_3' title="bbox 1799 98 1857 126; baseline 0 0"><span class='ocrx_word' id='word_1_5' title='bbox 1799 98 1857 126; x_wconf 71' lang='lat'><strong>928</strong></span> 
     </span>
    </p>
   </div>
   <div class='ocr_carea' id='block_1_4' title="bbox 221 159 1853 208">
    <p class='ocr_par' dir='ltr' id='par_1_4' title="bbox 221 159 1853 208">
     <span class='ocr_line' id='line_1_4' title="bbox 221 159 1853 208; baseline -0.012 -5"><span class='ocrx_word' id='word_1_6' title='bbox 221 174 359 204; x_wconf 86' lang='lat' dir='ltr'><strong>mentibus</strong></span> <span class='ocrx_word' id='word_1_7' title='bbox 385 174 475 206; x_wconf 84' lang='lat' dir='ltr'><strong>insita,</strong></span> <span class='ocrx_word' id='word_1_8' title='bbox 497 181 557 208; x_wconf 79' lang='lat' dir='ltr'><strong>quas</strong></span> <span class='ocrx_word' id='word_1_9' title='bbox 577 172 700 207; x_wconf 84' lang='lat' dir='ltr'><strong>proxime</strong></span> <span class='ocrx_word' id='word_1_10' title='bbox 723 171 812 199; x_wconf 84' lang='lat' dir='ltr'><strong>allatis</strong></span> <span class='ocrx_word' id='word_1_11' title='bbox 836 171 935 198; x_wconf 87' lang='lat' dir='ltr'><strong>astruit</strong></span> <span class='ocrx_word' id='word_1_12' title='bbox 962 176 1004 197; x_wconf 56' lang='lat' dir='ltr'><strong>te-</strong></span> <span class='ocrx_word' id='word_1_13' title='bbox 1020 173 1040 201; x_wconf 86' lang='grc' dir='ltr'><strong>Α</strong></span> <span class='ocrx_word' id='word_1_14' title='bbox 1057 174 1099 196; x_wconf 92' lang='grc' dir='ltr'>ιοι·</span> <span class='ocrx_word' id='word_1_15' title='bbox 1113 167 1310 202; x_wconf 76' lang='lat' dir='ltr'><strong>cogitatiOnum</strong></span> <span class='ocrx_word' id='word_1_16' title='bbox 1331 169 1358 193; x_wconf 91' lang='lat' dir='ltr'><strong>et</strong></span> <span class='ocrx_word' id='word_1_17' title='bbox 1374 163 1553 192; x_wconf 81' lang='lat' dir='ltr'><strong>intentiouum</strong></span> <span class='ocrx_word' id='word_1_18' title='bbox 1566 161 1670 189; x_wconf 80' lang='lat' dir='ltr'><strong>cordis.</strong></span> <span class='ocrx_word' id='word_1_19' title='bbox 1691 170 1702 186; x_wconf 84' lang='lat' dir='ltr'><strong>I</strong></span> <span class='ocrx_word' id='word_1_20' title='bbox 1726 159 1761 186; x_wconf 87' lang='lat' dir='ltr'><strong>In</strong></span> <span class='ocrx_word' id='word_1_21' title='bbox 1787 160 1853 193; x_wconf 80' lang='lat' dir='ltr'><strong>qui-</strong></span> 
     </span>
    </p>
   </div>
   <div class='ocr_carea' id='block_1_5' title="bbox 219 217 1003 255">
    <p class='ocr_par' dir='ltr' id='par_1_5' title="bbox 219 217 1003 255">
     <span class='ocr_line' id='line_1_5' title="bbox 219 217 1003 255; baseline -0.009 -5"><span class='ocrx_word' id='word_1_22' title='bbox 219 221 356 250; x_wconf 86' lang='lat' dir='ltr'><strong>stimoniis</strong></span> <span class='ocrx_word' id='word_1_23' title='bbox 377 220 525 254; x_wconf 83' lang='lat' dir='ltr'><strong>Origenes,</strong></span> <span class='ocrx_word' id='word_1_24' title='bbox 550 219 628 255; x_wconf 87' lang='lat' dir='ltr'><strong>plane</strong></span> <span class='ocrx_word' id='word_1_25' title='bbox 655 218 743 253; x_wconf 86' lang='lat' dir='ltr'><strong>reiicit</strong></span> <span class='ocrx_word' id='word_1_26' title='bbox 769 217 913 245; x_wconf 81' lang='lat' dir='ltr'><strong>Jansenius</strong></span> <span class='ocrx_word' id='word_1_27' title='bbox 936 217 1003 244; x_wconf 88' lang='lat' dir='ltr'><strong>locis</strong></span> 
     </span>
    </p>
   </div>
   <div class='ocr_carea' id='block_1_6' title="bbox 220 263 1003 304">
    <p class='ocr_par' dir='ltr' id='par_1_6' title="bbox 220 263 1003 304">
     <span class='ocr_line' id='line_1_6' title="bbox 220 263 1003 304; baseline -0.006 -9"><span class='ocrx_word' id='word_1_28' title='bbox 220 275 300 304; x_wconf 83' lang='lat' dir='ltr'><strong>supra</strong></span> <span class='ocrx_word' id='word_1_29' title='bbox 325 266 468 299; x_wconf 74' lang='lat' dir='ltr'><strong>indicatis,</strong></span> <span class='ocrx_word' id='word_1_30' title='bbox 494 265 542 293; x_wconf 89' lang='lat' dir='ltr'><strong>sed</strong></span> <span class='ocrx_word' id='word_1_31' title='bbox 570 265 706 300; x_wconf 68' lang='lat' dir='ltr'><strong>praicipue</strong></span> <span class='ocrx_word' id='word_1_32' title='bbox 742 268 808 292; x_wconf 79' lang='lat' dir='ltr'><strong>toni.</strong></span> <span class='ocrx_word' id='word_1_33' title='bbox 835 263 864 297; x_wconf 92' lang='lat' dir='ltr'><strong>l,</strong></span> <span class='ocrx_word' id='word_1_34' title='bbox 891 263 940 291; x_wconf 87' lang='lat' dir='ltr'><strong>lib.</strong></span> <span class='ocrx_word' id='word_1_35' title='bbox 965 270 1003 296; x_wconf 82' lang='lat' dir='ltr'><strong>tv,</strong></span> 
     </span>
    </p>
   </div>
   <div class='ocr_carea' id='block_1_7' title="bbox 221 313 324 349">
    <p class='ocr_par' dir='ltr' id='par_1_7' title="bbox 221 313 324 349">
     <span class='ocr_line' id='line_1_7' title="bbox 221 313 324 349; baseline -0.01 -8"><span class='ocrx_word' id='word_1_36' title='bbox 221 322 280 349; x_wconf 78' lang='lat' dir='ltr'><strong>cap.</strong></span> <span class='ocrx_word' id='word_1_37' title='bbox 298 313 324 340; x_wconf 88' lang='lat'><strong>7.</strong></span> 
     </span>
    </p>
   </div>
   <div class='ocr_carea' id='block_1_8' title="bbox 256 354 1005 388">
    <p class='ocr_par' dir='ltr' id='par_1_8' title="bbox 256 354 1005 388">
     <span class='ocr_line' id='line_1_8' title="bbox 256 354 1005 388; baseline -0.007 -2"><span class='ocrx_word' id='word_1_38' title='bbox 256 358 365 386; x_wconf 88' lang='lat' dir='ltr'><strong>Certum</strong></span> <span class='ocrx_word' id='word_1_39' title='bbox 388 362 431 385; x_wconf 90' lang='lat' dir='ltr'><strong>est</strong></span> <span class='ocrx_word' id='word_1_40' title='bbox 451 358 509 385; x_wconf 62' lang='lat' dir='ltr'><strong>hac</strong></span> <span class='ocrx_word' id='word_1_41' title='bbox 532 357 609 385; x_wconf 80' lang='lat' dir='ltr'><strong>Pauli</strong></span> <span class='ocrx_word' id='word_1_42' title='bbox 634 357 716 384; x_wconf 84' lang='lat' dir='ltr'><strong>verba</strong></span> <span class='ocrx_word' id='word_1_43' title='bbox 733 355 793 384; x_wconf 88' lang='lat' dir='ltr'><strong>Gal.</strong></span> <span class='ocrx_word' id='word_1_44' title='bbox 806 363 835 388; x_wconf 87' lang='lat' dir='ltr'><strong>v,</strong></span> <span class='ocrx_word' id='word_1_45' title='bbox 850 355 892 387; x_wconf 81' lang='grc' dir='ltr'>Π,</span> <span class='ocrx_word' id='word_1_46' title='bbox 910 364 920 382; x_wconf 85' lang='grc'><strong><em>‹</em></strong></span> <span class='ocrx_word' id='word_1_47' title='bbox 934 354 1005 382; x_wconf 87' lang='lat' dir='ltr'><strong>Caro</strong></span> 
     </span>
    </p>
   </div>
   <div class='ocr_carea' id='block_1_9' title="bbox 220 401 1005 438">
    <p class='ocr_par' dir='ltr' id='par_1_9' title="bbox 220 401 1005 438">
     <span class='ocr_line' id='line_1_9' title="bbox 220 401 1005 438; baseline -0.006 -8"><span class='ocrx_word' id='word_1_48' title='bbox 220 404 291 431; x_wconf 91' lang='lat' dir='ltr'><strong>enim</strong></span> <span class='ocrx_word' id='word_1_49' title='bbox 303 403 473 438; x_wconf 89' lang='lat' dir='ltr'><strong>concupiscit</strong></span> <span class='ocrx_word' id='word_1_50' title='bbox 488 403 619 431; x_wconf 82' lang='lat' dir='ltr'><strong>adversus</strong></span> <span class='ocrx_word' id='word_1_51' title='bbox 631 403 756 438; x_wconf 73' lang='lat' dir='ltr'><strong>spiritum</strong></span> <span class='ocrx_word' id='word_1_52' title='bbox 768 410 776 434; x_wconf 82' lang='lat'><strong>;</strong></span> <span class='ocrx_word' id='word_1_53' title='bbox 791 401 904 436; x_wconf 77' lang='lat' dir='ltr'><strong>spiritus</strong></span> <span class='ocrx_word' id='word_1_54' title='bbox 914 404 1005 426; x_wconf 88' lang='lat' dir='ltr'><strong>autem</strong></span> 
     </span>
    </p>
   </div>
   <div class='ocr_carea' id='block_1_10' title="bbox 222 444 1006 483">
    <p class='ocr_par' dir='ltr' id='par_1_10' title="bbox 222 444 1006 483">
     <span class='ocr_line' id='line_1_10' title="bbox 222 444 1006 483; baseline -0.006 -7"><span class='ocrx_word' id='word_1_55' title='bbox 222 450 352 476; x_wconf 85' lang='lat' dir='ltr'><strong>adversus</strong></span> <span class='ocrx_word' id='word_1_56' title='bbox 369 456 490 480; x_wconf 77' lang='lat' dir='ltr'><strong>carnem,</strong></span> <span class='ocrx_word' id='word_1_57' title='bbox 504 457 514 474; x_wconf 80' lang='grc' dir='ltr'><strong>ι</strong></span> <span class='ocrx_word' id='word_1_58' title='bbox 529 448 562 475; x_wconf 90' lang='lat' dir='ltr'><strong>ad</strong></span> <span class='ocrx_word' id='word_1_59' title='bbox 578 448 708 483; x_wconf 87' lang='lat' dir='ltr'><strong>Spiritum</strong></span> <span class='ocrx_word' id='word_1_60' title='bbox 731 451 854 475; x_wconf 86' lang='lat' dir='ltr'><strong>sanctum</strong></span> <span class='ocrx_word' id='word_1_61' title='bbox 877 454 893 473; x_wconf 89' lang='lat' dir='ltr'><strong>a</strong></span> <span class='ocrx_word' id='word_1_62' title='bbox 915 444 1006 472; x_wconf 84' lang='lat' dir='ltr'><strong>Patri-</strong></span> 
     </span>
    </p>
   </div>
   <div class='ocr_carea' id='block_1_11' title="bbox 221 489 1006 528">
    <p class='ocr_par' dir='ltr' id='par_1_11' title="bbox 221 489 1006 528">
     <span class='ocr_line' id='line_1_11' title="bbox 221 489 1006 528; baseline -0.005 -8"><span class='ocrx_word' id='word_1_63' title='bbox 221 494 272 521; x_wconf 88' lang='lat' dir='ltr'><strong>hus</strong></span> <span class='ocrx_word' id='word_1_64' title='bbox 285 493 424 528; x_wconf 86' lang='lat' dir='ltr'><strong>plerisque</strong></span> <span class='ocrx_word' id='word_1_65' title='bbox 438 492 552 524; x_wconf 90' lang='lat' dir='ltr'><strong>referri;</strong></span> <span class='ocrx_word' id='word_1_66' title='bbox 568 497 596 518; x_wconf 92' lang='lat' dir='ltr'><strong>at</strong></span> <span class='ocrx_word' id='word_1_67' title='bbox 610 496 713 519; x_wconf 88' lang='lat' dir='ltr'><strong>certum</strong></span> <span class='ocrx_word' id='word_1_68' title='bbox 727 498 838 526; x_wconf 87' lang='lat' dir='ltr'><strong>quoque</strong></span> <span class='ocrx_word' id='word_1_69' title='bbox 859 495 900 518; x_wconf 90' lang='lat' dir='ltr'><strong>est</strong></span> <span class='ocrx_word' id='word_1_70' title='bbox 915 489 1006 525; x_wconf 83' lang='lat' dir='ltr'><strong>plures</strong></span> 
     </span>
    </p>
   </div>
   <div class='ocr_carea' id='block_1_12' title="bbox 220 535 1007 572">
    <p class='ocr_par' dir='ltr' id='par_1_12' title="bbox 220 535 1007 572">
     <span class='ocr_line' id='line_1_12' title="bbox 220 535 1007 572; baseline -0.006 -7"><span class='ocrx_word' id='word_1_71' title='bbox 220 538 304 566; x_wconf 88' lang='lat' dir='ltr'><strong>etiam</strong></span> <span class='ocrx_word' id='word_1_72' title='bbox 319 537 490 572; x_wconf 77' lang='lat' dir='ltr'><strong>superiorem</strong></span> <span class='ocrx_word' id='word_1_73' title='bbox 507 537 578 564; x_wconf 92' lang='lat' dir='ltr'><strong>illam</strong></span> <span class='ocrx_word' id='word_1_74' title='bbox 601 536 698 563; x_wconf 75' lang='lat' dir='ltr'><strong>anima:</strong></span> <span class='ocrx_word' id='word_1_75' title='bbox 715 541 830 570; x_wconf 86' lang='lat' dir='ltr'><strong>partem,</strong></span> <span class='ocrx_word' id='word_1_76' title='bbox 851 542 931 570; x_wconf 91' lang='lat' dir='ltr'><strong>quam</strong></span> <span class='ocrx_word' id='word_1_77' title='bbox 946 535 1007 570; x_wconf 74' lang='grc' dir='ltr'><strong>ἠγε-</strong></span> 
     </span>
    </p>
   </div>
   <div class='ocr_carea' id='block_1_13' title="bbox 221 580 1006 620">
    <p class='ocr_par' dir='ltr' id='par_1_13' title="bbox 221 580 1006 620">
     <span class='ocr_line' id='line_1_13' title="bbox 221 580 1006 620; baseline -0.006 -9"><span class='ocrx_word' id='word_1_78' title='bbox 221 583 332 620; x_wconf 81' lang='grc' dir='ltr'><strong>μονικόν</strong></span> <span class='ocrx_word' id='word_1_79' title='bbox 345 583 489 618; x_wconf 86' lang='lat' dir='ltr'><strong>appellant,</strong></span> <span class='ocrx_word' id='word_1_80' title='bbox 505 583 617 616; x_wconf 84' lang='lat' dir='ltr'><strong>spiritus</strong></span> <span class='ocrx_word' id='word_1_81' title='bbox 637 581 817 616; x_wconf 82' lang='lat' dir='ltr'><strong>appellatione</strong></span> <span class='ocrx_word' id='word_1_82' title='bbox 836 581 880 608; x_wconf 89' lang='lat' dir='ltr'><strong>hic</strong></span> <span class='ocrx_word' id='word_1_83' title='bbox 903 580 1006 615; x_wconf 83' lang='lat' dir='ltr'><strong>signifi-</strong></span> 
     </span>
    </p>
   </div>
   <div class='ocr_carea' id='block_1_14' title="bbox 221 626 1008 662">
    <p class='ocr_par' dir='ltr' id='par_1_14' title="bbox 221 626 1008 662">
     <span class='ocr_line' id='line_1_14' title="bbox 221 626 1008 662; baseline -0.008 -5"><span class='ocrx_word' id='word_1_84' title='bbox 221 635 309 657; x_wconf 88' lang='lat' dir='ltr'><strong>catam</strong></span> <span class='ocrx_word' id='word_1_85' title='bbox 327 629 455 657; x_wconf 85' lang='lat' dir='ltr'><strong>voluisse.</strong></span> <span class='ocrx_word' id='word_1_86' title='bbox 476 628 573 656; x_wconf 79' lang='lat' dir='ltr'><strong>Multos</strong></span> <span class='ocrx_word' id='word_1_87' title='bbox 593 626 761 662; x_wconf 80' lang='lat' dir='ltr'><strong>proferrem,</strong></span> <span class='ocrx_word' id='word_1_88' title='bbox 775 627 797 654; x_wconf 89' lang='lat' dir='ltr'><strong>si</strong></span> <span class='ocrx_word' id='word_1_89' title='bbox 822 632 934 653; x_wconf 89' lang='lat' dir='ltr'><strong>numero</strong></span> <span class='ocrx_word' id='word_1_90' title='bbox 957 632 1008 660; x_wconf 84' lang='lat' dir='ltr'><strong>pu-</strong></span> 
     </span>
    </p>
   </div>
   <div class='ocr_carea' id='block_1_15' title="bbox 221 671 1007 710">
    <p class='ocr_par' dir='ltr' id='par_1_15' title="bbox 221 671 1007 710">
     <span class='ocr_line' id='line_1_15' title="bbox 221 671 1007 710; baseline -0.006 -8"><span class='ocrx_word' id='word_1_91' title='bbox 221 676 357 710; x_wconf 83' lang='lat' dir='ltr'><strong>gnandum</strong></span> <span class='ocrx_word' id='word_1_92' title='bbox 375 679 464 707; x_wconf 89' lang='lat' dir='ltr'><strong>esset,</strong></span> <span class='ocrx_word' id='word_1_93' title='bbox 479 674 525 702; x_wconf 85' lang='lat' dir='ltr'><strong>sed</strong></span> <span class='ocrx_word' id='word_1_94' title='bbox 543 681 612 701; x_wconf 88' lang='lat' dir='ltr'><strong>unus</strong></span> <span class='ocrx_word' id='word_1_95' title='bbox 633 672 707 700; x_wconf 88' lang='lat' dir='ltr'><strong>omni</strong></span> <span class='ocrx_word' id='word_1_96' title='bbox 731 671 894 706; x_wconf 91' lang='lat' dir='ltr'><strong>exceptione</strong></span> <span class='ocrx_word' id='word_1_97' title='bbox 919 672 1007 705; x_wconf 84' lang='lat' dir='ltr'><strong>major</strong></span> 
     </span>
    </p>
   </div>
   <div class='ocr_carea' id='block_1_16' title="bbox 221 716 1007 756">
    <p class='ocr_par' dir='ltr' id='par_1_16' title="bbox 221 716 1007 756">
     <span class='ocr_line' id='line_1_16' title="bbox 221 716 1007 756; baseline -0.004 -10"><span class='ocrx_word' id='word_1_98' title='bbox 221 721 373 748; x_wconf 79' lang='lat' dir='ltr'><strong>adducetur</strong></span> <span class='ocrx_word' id='word_1_99' title='bbox 388 721 565 756; x_wconf 83' lang='lat' dir='ltr'><strong>Augustinus.</strong></span> <span class='ocrx_word' id='word_1_100' title='bbox 595 719 619 746; x_wconf 87' lang='lat' dir='ltr'><strong>ls</strong></span> <span class='ocrx_word' id='word_1_101' title='bbox 637 719 686 746; x_wconf 88' lang='lat' dir='ltr'><strong>lib.</strong></span> <span class='ocrx_word' id='word_1_102' title='bbox 703 726 722 746; x_wconf 93' lang='lat' dir='ltr'><strong>ll</strong></span> <span class='ocrx_word' id='word_1_103' title='bbox 739 718 778 745; x_wconf 78' lang='lat' dir='ltr'><strong>De</strong></span> <span class='ocrx_word' id='word_1_104' title='bbox 800 716 894 745; x_wconf 76' lang='lat' dir='ltr'><strong>Genui</strong></span> <span class='ocrx_word' id='word_1_105' title='bbox 915 721 1007 744; x_wconf 74' lang='lat' dir='ltr'><strong>contra</strong></span> 
     </span>
    </p>
   </div>
   <div class='ocr_carea' id='block_1_17' title="bbox 222 763 1007 801">
    <p class='ocr_par' dir='ltr' id='par_1_17' title="bbox 222 763 1007 801">
     <span class='ocr_line' id='line_1_17' title="bbox 222 763 1007 801; baseline -0.005 -8"><span class='ocrx_word' id='word_1_106' title='bbox 222 766 394 799; x_wconf 63' lang='lat' dir='ltr'><strong>Manichaee,</strong></span> <span class='ocrx_word' id='word_1_107' title='bbox 411 774 472 801; x_wconf 86' lang='lat' dir='ltr'><strong>cap.</strong></span> <span class='ocrx_word' id='word_1_108' title='bbox 489 767 533 798; x_wconf 78' lang='lat' dir='ltr'><strong>il,</strong></span> <span class='ocrx_word' id='word_1_109' title='bbox 548 764 700 800; x_wconf 90' lang='lat' dir='ltr'><strong>coniugium</strong></span> <span class='ocrx_word' id='word_1_110' title='bbox 717 764 810 792; x_wconf 85' lang='lat' dir='ltr'><strong>Adami</strong></span> <span class='ocrx_word' id='word_1_111' title='bbox 822 769 849 791; x_wconf 91' lang='lat' dir='ltr'><strong>et</strong></span> <span class='ocrx_word' id='word_1_112' title='bbox 864 763 926 791; x_wconf 71' lang='lat' dir='ltr'><strong>Erat</strong></span> <span class='ocrx_word' id='word_1_113' title='bbox 940 764 1007 790; x_wconf 86' lang='lat' dir='ltr'><strong>ima-</strong></span> 
     </span>
    </p>
   </div>
   <div class='ocr_carea' id='block_1_18' title="bbox 222 809 1007 847">
    <p class='ocr_par' dir='ltr' id='par_1_18' title="bbox 222 809 1007 847">
     <span class='ocr_line' id='line_1_18' title="bbox 222 809 1007 847; baseline -0.006 -8"><span class='ocrx_word' id='word_1_114' title='bbox 222 814 312 847; x_wconf 87' lang='lat' dir='ltr'><strong>ginem</strong></span> <span class='ocrx_word' id='word_1_115' title='bbox 327 820 389 839; x_wconf 86' lang='lat' dir='ltr'><strong>csse</strong></span> <span class='ocrx_word' id='word_1_116' title='bbox 401 813 470 840; x_wconf 88' lang='lat' dir='ltr'><strong>dicit</strong></span> <span class='ocrx_word' id='word_1_117' title='bbox 486 812 636 846; x_wconf 86' lang='lat' dir='ltr'><strong>spiritualis</strong></span> <span class='ocrx_word' id='word_1_118' title='bbox 651 811 723 838; x_wconf 90' lang='lat' dir='ltr'><strong>illius</strong></span> <span class='ocrx_word' id='word_1_119' title='bbox 733 810 862 845; x_wconf 81' lang='lat' dir='ltr'><strong>coniugii,</strong></span> <span class='ocrx_word' id='word_1_120' title='bbox 878 809 948 844; x_wconf 79' lang='lat' dir='ltr'><strong>quod</strong></span> <span class='ocrx_word' id='word_1_121' title='bbox 964 815 1007 835; x_wconf 87' lang='lat' dir='ltr'><strong>ra-</strong></span> 
     </span>
    </p>
   </div>
   <div class='ocr_carea' id='block_1_19' title="bbox 223 854 1004 892">
    <p class='ocr_par' dir='ltr' id='par_1_19' title="bbox 223 854 1004 892">
     <span class='ocr_line' id='line_1_19' title="bbox 223 854 1004 892; baseline -0.006 -8"><span class='ocrx_word' id='word_1_122' title='bbox 223 857 350 884; x_wconf 90' lang='lat' dir='ltr'><strong>tionalem</strong></span> <span class='ocrx_word' id='word_1_123' title='bbox 365 856 482 884; x_wconf 87' lang='lat' dir='ltr'><strong>hominis</strong></span> <span class='ocrx_word' id='word_1_124' title='bbox 497 861 600 892; x_wconf 81' lang='lat' dir='ltr'><strong>partem</strong></span> <span class='ocrx_word' id='word_1_125' title='bbox 614 855 723 883; x_wconf 80' lang='lat' dir='ltr'><strong>animali</strong></span> <span class='ocrx_word' id='word_1_126' title='bbox 739 855 864 889; x_wconf 86' lang='lat' dir='ltr'><strong>colligat;</strong></span> <span class='ocrx_word' id='word_1_127' title='bbox 883 858 937 881; x_wconf 93' lang='lat' dir='ltr'><strong>tum</strong></span> <span class='ocrx_word' id='word_1_128' title='bbox 951 854 1004 880; x_wconf 86' lang='lat' dir='ltr'><strong>ait:</strong></span> 
     </span>
    </p>
   </div>
   <div class='ocr_carea' id='block_1_20' title="bbox 226 899 1008 937">
    <p class='ocr_par' dir='ltr' id='par_1_20' title="bbox 226 899 1008 937">
     <span class='ocr_line' id='line_1_20' title="bbox 226 899 1008 937; baseline -0.004 -8"><span class='ocrx_word' id='word_1_129' title='bbox 226 912 236 929; x_wconf 80' lang='grc' dir='ltr'><strong>ι</strong></span> <span class='ocrx_word' id='word_1_130' title='bbox 254 903 353 930; x_wconf 90' lang='lat' dir='ltr'><strong>Deinde</strong></span> <span class='ocrx_word' id='word_1_131' title='bbox 367 907 394 929; x_wconf 90' lang='lat' dir='ltr'><strong>ut</strong></span> <span class='ocrx_word' id='word_1_132' title='bbox 409 903 524 937; x_wconf 85' lang='lat' dir='ltr'><strong>quisque</strong></span> <span class='ocrx_word' id='word_1_133' title='bbox 537 902 598 929; x_wconf 90' lang='lat' dir='ltr'><strong>huic</strong></span> <span class='ocrx_word' id='word_1_134' title='bbox 615 909 671 930; x_wconf 75' lang='lat' dir='ltr'><strong>sine</strong></span> <span class='ocrx_word' id='word_1_135' title='bbox 690 900 760 936; x_wconf 83' lang='lat' dir='ltr'><strong>parti</strong></span> <span class='ocrx_word' id='word_1_136' title='bbox 787 904 862 928; x_wconf 84' lang='lat' dir='ltr'><strong>recte</strong></span> <span class='ocrx_word' id='word_1_137' title='bbox 887 899 1008 926; x_wconf 89' lang='lat' dir='ltr'><strong>domine-</strong></span> 
     </span>
    </p>
   </div>
   <div class='ocr_carea' id='block_1_21' title="bbox 223 945 1007 982">
    <p class='ocr_par' dir='ltr' id='par_1_21' title="bbox 223 945 1007 982">
     <span class='ocr_line' id='line_1_21' title="bbox 223 945 1007 982; baseline -0.004 -9"><span class='ocrx_word' id='word_1_138' title='bbox 223 951 285 979; x_wconf 86' lang='lat' dir='ltr'><strong>tur,</strong></span> <span class='ocrx_word' id='word_1_139' title='bbox 306 951 334 974; x_wconf 86' lang='lat' dir='ltr'><strong>et</strong></span> <span class='ocrx_word' id='word_1_140' title='bbox 351 946 398 973; x_wconf 85' lang='lat' dir='ltr'><strong>fiat</strong></span> <span class='ocrx_word' id='word_1_141' title='bbox 410 947 489 982; x_wconf 87' lang='lat' dir='ltr'><strong>quasi</strong></span> <span class='ocrx_word' id='word_1_142' title='bbox 503 945 652 981; x_wconf 74' lang='lat' dir='ltr'><strong>coniugalis</strong></span> <span class='ocrx_word' id='word_1_143' title='bbox 669 946 696 972; x_wconf 93' lang='lat' dir='ltr'><strong>in</strong></span> <span class='ocrx_word' id='word_1_144' title='bbox 711 945 812 979; x_wconf 87' lang='lat' dir='ltr'><strong>seipso,</strong></span> <span class='ocrx_word' id='word_1_145' title='bbox 828 949 859 971; x_wconf 88' lang='lat' dir='ltr'><strong>ut</strong></span> <span class='ocrx_word' id='word_1_146' title='bbox 873 951 939 971; x_wconf 85' lang='lat' dir='ltr'><strong>caro</strong></span> <span class='ocrx_word' id='word_1_147' title='bbox 955 951 1007 970; x_wconf 89' lang='lat' dir='ltr'><strong>non</strong></span> 
     </span>
    </p>
   </div>
   <div class='ocr_carea' id='block_1_22' title="bbox 224 990 1007 1028">
    <p class='ocr_par' dir='ltr' id='par_1_22' title="bbox 224 990 1007 1028">
     <span class='ocr_line' id='line_1_22' title="bbox 224 990 1007 1028; baseline -0.003 -9"><span class='ocrx_word' id='word_1_148' title='bbox 224 992 402 1026; x_wconf 81' lang='lat' dir='ltr'><strong>concupiscat</strong></span> <span class='ocrx_word' id='word_1_149' title='bbox 419 992 550 1020; x_wconf 74' lang='lat' dir='ltr'><strong>adversus</strong></span> <span class='ocrx_word' id='word_1_150' title='bbox 561 992 704 1028; x_wconf 78' lang='lat' dir='ltr'><strong>spiritum,</strong></span> <span class='ocrx_word' id='word_1_151' title='bbox 720 992 765 1020; x_wconf 84' lang='lat' dir='ltr'><strong>sed</strong></span> <span class='ocrx_word' id='word_1_152' title='bbox 782 990 890 1026; x_wconf 79' lang='lat' dir='ltr'><strong>spiritui</strong></span> <span class='ocrx_word' id='word_1_153' title='bbox 915 990 1007 1024; x_wconf 86' lang='lat' dir='ltr'><strong>subju-</strong></span> 
     </span>
    </p>
   </div>
   <div class='ocr_carea' id='block_1_23' title="bbox 224 1035 1008 1072">
    <p class='ocr_par' dir='ltr' id='par_1_23' title="bbox 224 1035 1008 1072">
     <span class='ocr_line' id='line_1_23' title="bbox 224 1035 1008 1072; baseline -0.004 -8"><span class='ocrx_word' id='word_1_154' title='bbox 224 1041 315 1072; x_wconf 87' lang='lat' dir='ltr'><strong>getur,</strong></span> <span class='ocrx_word' id='word_1_155' title='bbox 332 1036 357 1064; x_wconf 89' lang='lat' dir='ltr'><strong>id</strong></span> <span class='ocrx_word' id='word_1_156' title='bbox 371 1041 425 1069; x_wconf 86' lang='lat' dir='ltr'><strong>est,</strong></span> <span class='ocrx_word' id='word_1_157' title='bbox 442 1037 660 1072; x_wconf 87' lang='lat' dir='ltr'><strong>concupiscentia</strong></span> <span class='ocrx_word' id='word_1_158' title='bbox 675 1036 797 1064; x_wconf 80' lang='lat' dir='ltr'><strong>carnalis</strong></span> <span class='ocrx_word' id='word_1_159' title='bbox 808 1043 861 1062; x_wconf 92' lang='lat' dir='ltr'><strong>non</strong></span> <span class='ocrx_word' id='word_1_160' title='bbox 881 1035 1008 1062; x_wconf 85' lang='lat' dir='ltr'><strong>adverse-</strong></span> 
     </span>
    </p>
   </div>
   <div class='ocr_carea' id='block_1_24' title="bbox 226 1080 1010 1115">
    <p class='ocr_par' dir='ltr' id='par_1_24' title="bbox 226 1080 1010 1115">
     <span class='ocr_line' id='line_1_24' title="bbox 226 1080 1010 1115; baseline -0.001 -8"><span class='ocrx_word' id='word_1_161' title='bbox 226 1086 270 1107; x_wconf 90' lang='lat' dir='ltr'><strong>tur</strong></span> <span class='ocrx_word' id='word_1_162' title='bbox 283 1080 393 1113; x_wconf 85' lang='lat' dir='ltr'><strong>rationi,</strong></span> <span class='ocrx_word' id='word_1_163' title='bbox 409 1081 456 1108; x_wconf 86' lang='lat' dir='ltr'><strong>sed</strong></span> <span class='ocrx_word' id='word_1_164' title='bbox 473 1083 562 1115; x_wconf 77' lang='lat' dir='ltr'><strong>potius</strong></span> <span class='ocrx_word' id='word_1_165' title='bbox 584 1081 798 1115; x_wconf 84' lang='lat' dir='ltr'><strong>obtentperando</strong></span> <span class='ocrx_word' id='word_1_166' title='bbox 821 1080 926 1107; x_wconf 77' lang='lat' dir='ltr'><strong>desinat</strong></span> <span class='ocrx_word' id='word_1_167' title='bbox 948 1086 1010 1106; x_wconf 83' lang='lat' dir='ltr'><strong>esse</strong></span> 
     </span>
    </p>
   </div>
   <div class='ocr_carea' id='block_1_25' title="bbox 225 1124 1011 1161">
    <p class='ocr_par' dir='ltr' id='par_1_25' title="bbox 225 1124 1011 1161">
     <span class='ocr_line' id='line_1_25' title="bbox 225 1124 1011 1161; baseline -0.001 -9"><span class='ocrx_word' id='word_1_168' title='bbox 225 1127 355 1159; x_wconf 82' lang='lat' dir='ltr'><strong>carnalis,</strong></span> <span class='ocrx_word' id='word_1_169' title='bbox 382 1134 450 1161; x_wconf 88' lang='lat' dir='ltr'><strong>opus</strong></span> <span class='ocrx_word' id='word_1_170' title='bbox 473 1127 556 1154; x_wconf 83' lang='lat' dir='ltr'><strong>habet</strong></span> <span class='ocrx_word' id='word_1_171' title='bbox 581 1125 699 1161; x_wconf 87' lang='lat' dir='ltr'><strong>perfecta</strong></span> <span class='ocrx_word' id='word_1_172' title='bbox 717 1125 860 1160; x_wconf 82' lang='lat' dir='ltr'><strong>sapientia.</strong></span> <span class='ocrx_word' id='word_1_173' title='bbox 883 1134 892 1150; x_wconf 81' lang='grc' dir='ltr'><strong>ι</strong></span> <span class='ocrx_word' id='word_1_174' title='bbox 916 1124 1011 1151; x_wconf 86' lang='lat' dir='ltr'><strong>Trahit</strong></span> 
     </span>
    </p>
   </div>
   <div class='ocr_carea' id='block_1_26' title="bbox 227 1169 1009 1202">
    <p class='ocr_par' dir='ltr' id='par_1_26' title="bbox 227 1169 1009 1202">
     <span class='ocr_line' id='line_1_26' title="bbox 227 1169 1009 1202; baseline -0.005 -2"><span class='ocrx_word' id='word_1_175' title='bbox 227 1173 283 1200; x_wconf 68' lang='lat' dir='ltr'><strong>haec</strong></span> <span class='ocrx_word' id='word_1_176' title='bbox 302 1173 327 1199; x_wconf 95' lang='lat' dir='ltr'><strong>in</strong></span> <span class='ocrx_word' id='word_1_177' title='bbox 345 1173 469 1200; x_wconf 87' lang='lat' dir='ltr'><strong>eutndem</strong></span> <span class='ocrx_word' id='word_1_178' title='bbox 483 1180 591 1200; x_wconf 87' lang='lat' dir='ltr'><strong>sensum</strong></span> <span class='ocrx_word' id='word_1_179' title='bbox 606 1172 653 1199; x_wconf 91' lang='lat' dir='ltr'><strong>lib.</strong></span> <span class='ocrx_word' id='word_1_180' title='bbox 669 1180 678 1199; x_wconf 96' lang='grc' dir='ltr'><strong>ι</strong></span> <span class='ocrx_word' id='word_1_181' title='bbox 701 1171 739 1198; x_wconf 83' lang='lat' dir='ltr'><strong>De</strong></span> <span class='ocrx_word' id='word_1_182' title='bbox 763 1171 885 1198; x_wconf 80' lang='lat' dir='ltr'><strong>doctrina</strong></span> <span class='ocrx_word' id='word_1_183' title='bbox 902 1169 1009 1202; x_wconf 80' lang='lat' dir='ltr'><strong>Christi,</strong></span> 
     </span>
    </p>
   </div>
   <div class='ocr_carea' id='block_1_27' title="bbox 226 1215 1008 1254">
    <p class='ocr_par' dir='ltr' id='par_1_27' title="bbox 226 1215 1008 1254">
     <span class='ocr_line' id='line_1_27' title="bbox 226 1215 1008 1254; baseline -0.005 -8"><span class='ocrx_word' id='word_1_184' title='bbox 226 1226 288 1254; x_wconf 85' lang='lat' dir='ltr'><strong>cap.</strong></span> <span class='ocrx_word' id='word_1_185' title='bbox 305 1219 351 1250; x_wconf 67' lang='grc'><strong>24,</strong></span> <span class='ocrx_word' id='word_1_186' title='bbox 367 1223 394 1246; x_wconf 83' lang='lat' dir='ltr'><strong>et</strong></span> <span class='ocrx_word' id='word_1_187' title='bbox 414 1218 462 1246; x_wconf 88' lang='lat' dir='ltr'><strong>lib.</strong></span> <span class='ocrx_word' id='word_1_188' title='bbox 478 1226 495 1246; x_wconf 88' lang='lat' dir='ltr'><strong>x</strong></span> <span class='ocrx_word' id='word_1_189' title='bbox 521 1218 560 1245; x_wconf 74' lang='lat' dir='ltr'><strong>Da</strong></span> <span class='ocrx_word' id='word_1_190' title='bbox 579 1217 672 1245; x_wconf 78' lang='lat' dir='ltr'><strong>Genesi</strong></span> <span class='ocrx_word' id='word_1_191' title='bbox 700 1219 735 1244; x_wconf 79' lang='lat' dir='ltr'><strong>ad</strong></span> <span class='ocrx_word' id='word_1_192' title='bbox 760 1217 853 1248; x_wconf 78' lang='lat' dir='ltr'><strong>litter.,</strong></span> <span class='ocrx_word' id='word_1_193' title='bbox 880 1223 941 1250; x_wconf 87' lang='lat' dir='ltr'><strong>cap.</strong></span> <span class='ocrx_word' id='word_1_194' title='bbox 964 1215 1008 1243; x_wconf 73' lang='grc' dir='ltr'><strong>η.</strong></span> 
     </span>
    </p>
   </div>
   <div class='ocr_carea' id='block_1_28' title="bbox 227 1261 1011 1298">
    <p class='ocr_par' dir='ltr' id='par_1_28' title="bbox 227 1261 1011 1298">
     <span class='ocr_line' id='line_1_28' title="bbox 227 1261 1011 1298; baseline -0.001 -10"><span class='ocrx_word' id='word_1_195' title='bbox 227 1263 316 1291; x_wconf 83' lang='lat' dir='ltr'><strong>Verba</strong></span> <span class='ocrx_word' id='word_1_196' title='bbox 343 1267 454 1298; x_wconf 89' lang='lat' dir='ltr'><strong>propter</strong></span> <span class='ocrx_word' id='word_1_197' title='bbox 479 1263 663 1298; x_wconf 77' lang='lat' dir='ltr'><strong>prolixitatem</strong></span> <span class='ocrx_word' id='word_1_198' title='bbox 690 1269 744 1289; x_wconf 89' lang='lat' dir='ltr'><strong>non</strong></span> <span class='ocrx_word' id='word_1_199' title='bbox 769 1265 872 1296; x_wconf 80' lang='lat' dir='ltr'><strong>repeto.</strong></span> <span class='ocrx_word' id='word_1_200' title='bbox 895 1261 1011 1288; x_wconf 82' lang='lat' dir='ltr'><strong>Prorsus</strong></span> 
     </span>
    </p>
   </div>
   <div class='ocr_carea' id='block_1_29' title="bbox 228 1306 1010 1345">
    <p class='ocr_par' dir='ltr' id='par_1_29' title="bbox 228 1306 1010 1345">
     <span class='ocr_line' id='line_1_29' title="bbox 228 1306 1010 1345; baseline -0.005 -10"><span class='ocrx_word' id='word_1_201' title='bbox 228 1317 292 1336; x_wconf 90' lang='lat' dir='ltr'><strong>vero</strong></span> <span class='ocrx_word' id='word_1_202' title='bbox 312 1309 496 1345; x_wconf 80' lang='grc' dir='ltr'><strong>Ὡριγενικῶς,</strong></span> <span class='ocrx_word' id='word_1_203' title='bbox 510 1310 536 1336; x_wconf 93' lang='lat' dir='ltr'><strong>in</strong></span> <span class='ocrx_word' id='word_1_204' title='bbox 547 1317 651 1337; x_wconf 77' lang='lat' dir='ltr'><strong>Lxxxm</strong></span> <span class='ocrx_word' id='word_1_205' title='bbox 665 1307 843 1343; x_wconf 75' lang='lat' dir='ltr'><strong>qum!iom&#39;b.,</strong></span> <span class='ocrx_word' id='word_1_206' title='bbox 854 1311 949 1341; x_wconf 58' lang='lat' dir='ltr'><strong>quaest.</strong></span> <span class='ocrx_word' id='word_1_207' title='bbox 961 1306 1010 1331; x_wconf 86' lang='lat'><strong>70:</strong></span> 
     </span>
    </p>
   </div>
   <div class='ocr_carea' id='block_1_30' title="bbox 230 1352 1012 1389">
    <p class='ocr_par' dir='ltr' id='par_1_30' title="bbox 230 1352 1012 1389">
     <span class='ocr_line' id='line_1_30' title="bbox 230 1352 1012 1389; baseline -0.001 -9"><span class='ocrx_word' id='word_1_208' title='bbox 230 1359 243 1380; x_wconf 71' lang='grc' dir='ltr'><strong><em>ο</em></strong></span> <span class='ocrx_word' id='word_1_209' title='bbox 257 1353 327 1381; x_wconf 90' lang='lat' dir='ltr'><strong>Caro</strong></span> <span class='ocrx_word' id='word_1_210' title='bbox 352 1355 520 1389; x_wconf 85' lang='lat' dir='ltr'><strong>concupiscit</strong></span> <span class='ocrx_word' id='word_1_211' title='bbox 541 1355 673 1381; x_wconf 86' lang='lat' dir='ltr'><strong>adversus</strong></span> <span class='ocrx_word' id='word_1_212' title='bbox 694 1354 834 1388; x_wconf 87' lang='lat' dir='ltr'><strong>spiritum,</strong></span> <span class='ocrx_word' id='word_1_213' title='bbox 851 1357 879 1380; x_wconf 88' lang='lat' dir='ltr'><strong>et</strong></span> <span class='ocrx_word' id='word_1_214' title='bbox 902 1352 1012 1385; x_wconf 83' lang='lat' dir='ltr'><strong>spiritus</strong></span> 
     </span>
    </p>
   </div>
   <div class='ocr_carea' id='block_1_31' title="bbox 228 1396 1014 1426">
    <p class='ocr_par' dir='ltr' id='par_1_31' title="bbox 228 1396 1014 1426">
     <span class='ocr_line' id='line_1_31' title="bbox 228 1396 1014 1426; baseline -0.001 -2"><span class='ocrx_word' id='word_1_215' title='bbox 228 1398 361 1425; x_wconf 83' lang='lat' dir='ltr'><strong>adversus</strong></span> <span class='ocrx_word' id='word_1_216' title='bbox 373 1405 496 1426; x_wconf 89' lang='lat' dir='ltr'><strong>carnem.</strong></span> <span class='ocrx_word' id='word_1_217' title='bbox 513 1397 576 1425; x_wconf 69' lang='lat' dir='ltr'><strong>Ilaec</strong></span> <span class='ocrx_word' id='word_1_218' title='bbox 595 1399 667 1425; x_wconf 88' lang='lat' dir='ltr'><strong>enim</strong></span> <span class='ocrx_word' id='word_1_219' title='bbox 683 1398 796 1424; x_wconf 87' lang='lat' dir='ltr'><strong>invicem</strong></span> <span class='ocrx_word' id='word_1_220' title='bbox 812 1397 862 1424; x_wconf 89' lang='lat' dir='ltr'><strong>sibi</strong></span> <span class='ocrx_word' id='word_1_221' title='bbox 884 1396 1014 1424; x_wconf 88' lang='lat' dir='ltr'><strong>resistunt</strong></span> 
     </span>
    </p>
   </div>
   <div class='ocr_carea' id='block_1_32' title="bbox 229 1441 1012 1478">
    <p class='ocr_par' dir='ltr' id='par_1_32' title="bbox 229 1441 1012 1478">
     <span class='ocr_line' id='line_1_32' title="bbox 229 1441 1012 1478; baseline -0.005 -7"><span class='ocrx_word' id='word_1_222' title='bbox 229 1450 257 1471; x_wconf 87' lang='lat' dir='ltr'><strong>et</strong></span> <span class='ocrx_word' id='word_1_223' title='bbox 274 1444 464 1475; x_wconf 88' lang='lat' dir='ltr'><strong>adversantur,</strong></span> <span class='ocrx_word' id='word_1_224' title='bbox 481 1449 510 1471; x_wconf 92' lang='lat' dir='ltr'><strong>ut</strong></span> <span class='ocrx_word' id='word_1_225' title='bbox 527 1451 580 1470; x_wconf 89' lang='lat' dir='ltr'><strong>non</strong></span> <span class='ocrx_word' id='word_1_226' title='bbox 597 1450 764 1478; x_wconf 71' lang='lat' dir='ltr'><strong>quaecunque</strong></span> <span class='ocrx_word' id='word_1_227' title='bbox 787 1442 868 1469; x_wconf 80' lang='lat' dir='ltr'><strong>vultis</strong></span> <span class='ocrx_word' id='word_1_228' title='bbox 879 1461 888 1474; x_wconf 92' lang='lat'><strong>,</strong></span> <span class='ocrx_word' id='word_1_229' title='bbox 912 1441 955 1468; x_wconf 90' lang='lat' dir='ltr'><strong>illa</strong></span> <span class='ocrx_word' id='word_1_230' title='bbox 972 1441 1012 1468; x_wconf 80' lang='lat' dir='ltr'><strong>fa-</strong></span> 
     </span>
    </p>
   </div>
   <div class='ocr_carea' id='block_1_33' title="bbox 228 1486 1012 1524">
    <p class='ocr_par' dir='ltr' id='par_1_33' title="bbox 228 1486 1012 1524">
     <span class='ocr_line' id='line_1_33' title="bbox 228 1486 1012 1524; baseline -0.005 -8"><span class='ocrx_word' id='word_1_231' title='bbox 228 1489 319 1517; x_wconf 87' lang='lat' dir='ltr'><strong>ciatis.</strong></span> <span class='ocrx_word' id='word_1_232' title='bbox 346 1489 391 1516; x_wconf 86' lang='lat' dir='ltr'><strong>Fit</strong></span> <span class='ocrx_word' id='word_1_233' title='bbox 413 1496 479 1524; x_wconf 84' lang='lat' dir='ltr'><strong>ergo</strong></span> <span class='ocrx_word' id='word_1_234' title='bbox 504 1496 553 1523; x_wconf 88' lang='lat' dir='ltr'><strong>per</strong></span> <span class='ocrx_word' id='word_1_235' title='bbox 579 1488 823 1516; x_wconf 83' lang='lat' dir='ltr'><strong>sanctificationem</strong></span> <span class='ocrx_word' id='word_1_236' title='bbox 852 1486 1012 1521; x_wconf 86' lang='lat' dir='ltr'><strong>perfectam,</strong></span> 
     </span>
    </p>
   </div>
   <div class='ocr_carea' id='block_1_34' title="bbox 230 1531 1012 1569">
    <p class='ocr_par' dir='ltr' id='par_1_34' title="bbox 230 1531 1012 1569">
     <span class='ocr_line' id='line_1_34' title="bbox 230 1531 1012 1569; baseline -0.004 -8"><span class='ocrx_word' id='word_1_237' title='bbox 230 1540 258 1562; x_wconf 92' lang='lat' dir='ltr'><strong>ut</strong></span> <span class='ocrx_word' id='word_1_238' title='bbox 272 1535 363 1563; x_wconf 87' lang='lat' dir='ltr'><strong>omnis</strong></span> <span class='ocrx_word' id='word_1_239' title='bbox 374 1534 493 1563; x_wconf 84' lang='lat' dir='ltr'><strong>carnalis</strong></span> <span class='ocrx_word' id='word_1_240' title='bbox 508 1535 643 1569; x_wconf 85' lang='lat' dir='ltr'><strong>appetitus</strong></span> <span class='ocrx_word' id='word_1_241' title='bbox 661 1532 766 1569; x_wconf 83' lang='lat' dir='ltr'><strong>spiritui</strong></span> <span class='ocrx_word' id='word_1_242' title='bbox 795 1537 889 1559; x_wconf 88' lang='lat' dir='ltr'><strong>nostro</strong></span> <span class='ocrx_word' id='word_1_243' title='bbox 912 1531 1012 1559; x_wconf 89' lang='lat' dir='ltr'><strong>illumi-</strong></span> 
     </span>
    </p>
   </div>
   <div class='ocr_carea' id='block_1_35' title="bbox 230 1577 1012 1614">
    <p class='ocr_par' dir='ltr' id='par_1_35' title="bbox 230 1577 1012 1614">
     <span class='ocr_line' id='line_1_35' title="bbox 230 1577 1012 1614; baseline -0.004 -6"><span class='ocrx_word' id='word_1_244' title='bbox 230 1586 296 1608; x_wconf 90' lang='lat' dir='ltr'><strong>nato</strong></span> <span class='ocrx_word' id='word_1_245' title='bbox 322 1586 349 1608; x_wconf 91' lang='lat' dir='ltr'><strong>et</strong></span> <span class='ocrx_word' id='word_1_246' title='bbox 366 1581 511 1614; x_wconf 82' lang='lat' dir='ltr'><strong>viviticato,</strong></span> <span class='ocrx_word' id='word_1_247' title='bbox 532 1581 559 1608; x_wconf 91' lang='lat' dir='ltr'><strong>id</strong></span> <span class='ocrx_word' id='word_1_248' title='bbox 577 1585 630 1613; x_wconf 87' lang='lat' dir='ltr'><strong>est,</strong></span> <span class='ocrx_word' id='word_1_249' title='bbox 644 1580 721 1608; x_wconf 72' lang='lat' dir='ltr'><strong>bona:</strong></span> <span class='ocrx_word' id='word_1_250' title='bbox 736 1578 868 1606; x_wconf 84' lang='lat' dir='ltr'><strong>voluntati</strong></span> <span class='ocrx_word' id='word_1_251' title='bbox 884 1577 1012 1613; x_wconf 81' lang='lat' dir='ltr'><strong>subiicia-</strong></span> 
     </span>
    </p>
   </div>
   <div class='ocr_carea' id='block_1_36' title="bbox 230 1631 316 1654">
    <p class='ocr_par' dir='ltr' id='par_1_36' title="bbox 230 1631 316 1654">
     <span class='ocr_line' id='line_1_36' title="bbox 230 1631 316 1654; baseline -0.012 0"><span class='ocrx_word' id='word_1_252' title='bbox 230 1631 285 1654; x_wconf 77' lang='lat' dir='ltr'><strong>tur.</strong></span> <span class='ocrx_word' id='word_1_253' title='bbox 306 1636 316 1653; x_wconf 83' lang='lat' dir='ltr'><strong>s</strong></span> 
     </span>
    </p>
   </div>
   <div class='ocr_carea' id='block_1_37' title="bbox 265 1671 1014 1709">
    <p class='ocr_par' dir='ltr' id='par_1_37' title="bbox 265 1671 1014 1709">
     <span class='ocr_line' id='line_1_37' title="bbox 265 1671 1014 1709; baseline -0.003 -7"><span class='ocrx_word' id='word_1_254' title='bbox 265 1674 319 1702; x_wconf 90' lang='lat' dir='ltr'><strong>Sed</strong></span> <span class='ocrx_word' id='word_1_255' title='bbox 336 1673 400 1709; x_wconf 90' lang='lat' dir='ltr'><strong>quid</strong></span> <span class='ocrx_word' id='word_1_256' title='bbox 415 1673 558 1709; x_wconf 79' lang='lat' dir='ltr'><strong>Augustini</strong></span> <span class='ocrx_word' id='word_1_257' title='bbox 577 1675 767 1702; x_wconf 88' lang='lat' dir='ltr'><strong>auctoritatem</strong></span> <span class='ocrx_word' id='word_1_258' title='bbox 783 1671 971 1708; x_wconf 61' lang='lat' dir='ltr'><strong>praeteximus,</strong></span> <span class='ocrx_word' id='word_1_259' title='bbox 983 1677 1014 1700; x_wconf 91' lang='lat' dir='ltr'><strong>ut</strong></span> 
     </span>
    </p>
   </div>
   <div class='ocr_carea' id='block_1_38' title="bbox 229 1718 1014 1754">
    <p class='ocr_par' dir='ltr' id='par_1_38' title="bbox 229 1718 1014 1754">
     <span class='ocr_line' id='line_1_38' title="bbox 229 1718 1014 1754; baseline -0.001 -9"><span class='ocrx_word' id='word_1_260' title='bbox 229 1719 356 1753; x_wconf 88' lang='lat' dir='ltr'><strong>spiritum</strong></span> <span class='ocrx_word' id='word_1_261' title='bbox 372 1718 447 1745; x_wconf 87' lang='lat' dir='ltr'><strong>illum</strong></span> <span class='ocrx_word' id='word_1_262' title='bbox 459 1718 552 1746; x_wconf 86' lang='lat' dir='ltr'><strong>carnis</strong></span> <span class='ocrx_word' id='word_1_263' title='bbox 566 1718 751 1746; x_wconf 85' lang='lat' dir='ltr'><strong>adversarium</strong></span> <span class='ocrx_word' id='word_1_264' title='bbox 771 1726 842 1754; x_wconf 57' lang='lat' dir='ltr'><strong>saepe</strong></span> <span class='ocrx_word' id='word_1_265' title='bbox 856 1727 905 1754; x_wconf 88' lang='lat' dir='ltr'><strong>pro</strong></span> <span class='ocrx_word' id='word_1_266' title='bbox 918 1719 1014 1745; x_wconf 67' lang='lat' dir='ltr'><strong>animas</strong></span> 
     </span>
    </p>
   </div>
   <div class='ocr_carea' id='block_1_39' title="bbox 229 1764 1013 1800">
    <p class='ocr_par' dir='ltr' id='par_1_39' title="bbox 229 1764 1013 1800">
     <span class='ocr_line' id='line_1_39' title="bbox 229 1764 1013 1800; baseline 0.003 -9"><span class='ocrx_word' id='word_1_267' title='bbox 229 1764 395 1800; x_wconf 80' lang='grc' dir='ltr'><strong>ἡγεμονικῷ,</strong></span> <span class='ocrx_word' id='word_1_268' title='bbox 412 1764 452 1791; x_wconf 88' lang='lat' dir='ltr'><strong>vel</strong></span> <span class='ocrx_word' id='word_1_269' title='bbox 467 1764 525 1799; x_wconf 90' lang='lat' dir='ltr'><strong>ipsa</strong></span> <span class='ocrx_word' id='word_1_270' title='bbox 544 1769 618 1792; x_wconf 90' lang='lat' dir='ltr'><strong>certe</strong></span> <span class='ocrx_word' id='word_1_271' title='bbox 645 1764 736 1792; x_wconf 89' lang='lat' dir='ltr'><strong>anima</strong></span> <span class='ocrx_word' id='word_1_272' title='bbox 760 1766 831 1792; x_wconf 85' lang='lat' dir='ltr'><strong>sumi</strong></span> <span class='ocrx_word' id='word_1_273' title='bbox 857 1767 1013 1800; x_wconf 79' lang='lat' dir='ltr'><strong>probemus.</strong></span> 
     </span>
    </p>
   </div>
   <div class='ocr_carea' id='block_1_40' title="bbox 230 1810 1014 1846">
    <p class='ocr_par' dir='ltr' id='par_1_40' title="bbox 230 1810 1014 1846">
     <span class='ocr_line' id='line_1_40' title="bbox 230 1810 1014 1846; baseline 0.003 -10"><span class='ocrx_word' id='word_1_274' title='bbox 230 1818 290 1836; x_wconf 75' lang='lat' dir='ltr'><strong>cum</strong></span> <span class='ocrx_word' id='word_1_275' title='bbox 308 1810 332 1837; x_wconf 91' lang='lat' dir='ltr'><strong>id</strong></span> <span class='ocrx_word' id='word_1_276' title='bbox 350 1815 388 1837; x_wconf 92' lang='lat' dir='ltr'><strong>tot</strong></span> <span class='ocrx_word' id='word_1_277' title='bbox 407 1810 558 1845; x_wconf 74' lang='lat' dir='ltr'><strong>Scriptura:</strong></span> <span class='ocrx_word' id='word_1_278' title='bbox 572 1810 638 1837; x_wconf 90' lang='lat' dir='ltr'><strong>locis</strong></span> <span class='ocrx_word' id='word_1_279' title='bbox 649 1810 744 1838; x_wconf 88' lang='lat' dir='ltr'><strong>confici</strong></span> <span class='ocrx_word' id='word_1_280' title='bbox 760 1811 864 1846; x_wconf 78' lang='lat' dir='ltr'><strong>possit!</strong></span> <span class='ocrx_word' id='word_1_281' title='bbox 882 1812 956 1839; x_wconf 87' lang='lat' dir='ltr'><strong>velut</strong></span> <span class='ocrx_word' id='word_1_282' title='bbox 969 1811 1014 1838; x_wconf 91' lang='lat' dir='ltr'><strong>illo</strong></span> 
     </span>
    </p>
   </div>
   <div class='ocr_carea' id='block_1_41' title="bbox 231 1855 1015 1892">
    <p class='ocr_par' dir='ltr' id='par_1_41' title="bbox 231 1855 1015 1892">
     <span class='ocr_line' id='line_1_41' title="bbox 231 1855 1015 1892; baseline 0.003 -10"><span class='ocrx_word' id='word_1_283' title='bbox 231 1855 326 1883; x_wconf 81' lang='lat' dir='ltr'><strong>Matth.</strong></span> <span class='ocrx_word' id='word_1_284' title='bbox 343 1863 417 1890; x_wconf 76' lang='lat' dir='ltr'><strong>xxvr,</strong></span> <span class='ocrx_word' id='word_1_285' title='bbox 433 1856 464 1883; x_wconf 78' lang='grc' dir='ltr'><strong><em>Μ</em></strong></span> <span class='ocrx_word' id='word_1_286' title='bbox 480 1864 488 1883; x_wconf 88' lang='lat'><strong>:</strong></span> <span class='ocrx_word' id='word_1_287' title='bbox 508 1865 517 1881; x_wconf 72' lang='grc' dir='ltr'><strong>ι</strong></span> <span class='ocrx_word' id='word_1_288' title='bbox 535 1856 653 1891; x_wconf 83' lang='lat' dir='ltr'><strong>Spiritus</strong></span> <span class='ocrx_word' id='word_1_289' title='bbox 667 1857 778 1890; x_wconf 83' lang='lat' dir='ltr'><strong>quidem</strong></span> <span class='ocrx_word' id='word_1_290' title='bbox 804 1863 945 1892; x_wconf 82' lang='lat' dir='ltr'><strong>promptus</strong></span> <span class='ocrx_word' id='word_1_291' title='bbox 961 1862 1015 1889; x_wconf 90' lang='lat' dir='ltr'><strong>est,</strong></span> 
     </span>
    </p>
   </div>
   <div class='ocr_carea' id='block_1_42' title="bbox 230 1901 1016 1938">
    <p class='ocr_par' dir='ltr' id='par_1_42' title="bbox 230 1901 1016 1938">
     <span class='ocr_line' id='line_1_42' title="bbox 230 1901 1016 1938; baseline 0.004 -11"><span class='ocrx_word' id='word_1_292' title='bbox 230 1908 294 1928; x_wconf 89' lang='lat' dir='ltr'><strong>caro</strong></span> <span class='ocrx_word' id='word_1_293' title='bbox 315 1906 405 1929; x_wconf 88' lang='lat' dir='ltr'><strong>autem</strong></span> <span class='ocrx_word' id='word_1_294' title='bbox 426 1902 551 1933; x_wconf 82' lang='lat' dir='ltr'><strong>infirma;</strong></span> <span class='ocrx_word' id='word_1_295' title='bbox 569 1910 579 1928; x_wconf 81' lang='grc' dir='ltr'><strong>ι</strong></span> <span class='ocrx_word' id='word_1_296' title='bbox 602 1906 629 1928; x_wconf 87' lang='lat' dir='ltr'><strong>et</strong></span> <span class='ocrx_word' id='word_1_297' title='bbox 647 1902 693 1928; x_wconf 92' lang='lat' dir='ltr'><strong>illo</strong></span> <span class='ocrx_word' id='word_1_298' title='bbox 715 1901 802 1931; x_wconf 87' lang='lat' dir='ltr'><strong>lCor.</strong></span> <span class='ocrx_word' id='word_1_299' title='bbox 819 1910 848 1935; x_wconf 96' lang='lat' dir='ltr'><strong>v,</strong></span> <span class='ocrx_word' id='word_1_300' title='bbox 861 1903 878 1930; x_wconf 75' lang='lat'><strong>5</strong></span> <span class='ocrx_word' id='word_1_301' title='bbox 895 1910 902 1929; x_wconf 93' lang='lat'><strong>:</strong></span> <span class='ocrx_word' id='word_1_302' title='bbox 932 1912 942 1929; x_wconf 84' lang='grc'><strong><em>‹</em></strong></span> <span class='ocrx_word' id='word_1_303' title='bbox 961 1903 1016 1938; x_wconf 85' lang='lat' dir='ltr'><strong>Ego</strong></span> 
     </span>
    </p>
   </div>
   <div class='ocr_carea' id='block_1_43' title="bbox 229 1946 1016 1981">
    <p class='ocr_par' dir='ltr' id='par_1_43' title="bbox 229 1946 1016 1981">
     <span class='ocr_line' id='line_1_43' title="bbox 229 1946 1016 1981; baseline 0.004 -9"><span class='ocrx_word' id='word_1_304' title='bbox 229 1946 350 1981; x_wconf 80' lang='lat' dir='ltr'><strong>iudicavi</strong></span> <span class='ocrx_word' id='word_1_305' title='bbox 377 1947 487 1974; x_wconf 84' lang='lat' dir='ltr'><strong>tradere</strong></span> <span class='ocrx_word' id='word_1_306' title='bbox 510 1947 665 1981; x_wconf 81' lang='lat' dir='ltr'><strong>huiusmodi</strong></span> <span class='ocrx_word' id='word_1_307' title='bbox 694 1948 802 1975; x_wconf 55' lang='lat' dir='ltr'><strong>Satanas</strong></span> <span class='ocrx_word' id='word_1_308' title='bbox 824 1949 850 1975; x_wconf 92' lang='lat' dir='ltr'><strong>iu</strong></span> <span class='ocrx_word' id='word_1_309' title='bbox 879 1949 1016 1976; x_wconf 86' lang='lat' dir='ltr'><strong>interitum</strong></span> 
     </span>
    </p>
   </div>
   <div class='ocr_carea' id='block_1_44' title="bbox 231 1991 1017 2026">
    <p class='ocr_par' dir='ltr' id='par_1_44' title="bbox 231 1991 1017 2026">
     <span class='ocr_line' id='line_1_44' title="bbox 231 1991 1017 2026; baseline 0.003 -8"><span class='ocrx_word' id='word_1_310' title='bbox 231 1991 334 2023; x_wconf 81' lang='lat' dir='ltr'><strong>carnis,</strong></span> <span class='ocrx_word' id='word_1_311' title='bbox 351 1996 381 2018; x_wconf 92' lang='lat' dir='ltr'><strong>ut</strong></span> <span class='ocrx_word' id='word_1_312' title='bbox 397 1991 510 2026; x_wconf 84' lang='lat' dir='ltr'><strong>spiritus</strong></span> <span class='ocrx_word' id='word_1_313' title='bbox 525 1991 616 2018; x_wconf 80' lang='lat' dir='ltr'><strong>salvus</strong></span> <span class='ocrx_word' id='word_1_314' title='bbox 638 1993 673 2019; x_wconf 85' lang='lat' dir='ltr'><strong>sit</strong></span> <span class='ocrx_word' id='word_1_315' title='bbox 697 1993 724 2019; x_wconf 93' lang='lat' dir='ltr'><strong>in</strong></span> <span class='ocrx_word' id='word_1_316' title='bbox 740 1993 782 2020; x_wconf 91' lang='lat' dir='ltr'><strong>die</strong></span> <span class='ocrx_word' id='word_1_317' title='bbox 799 1993 905 2020; x_wconf 85' lang='lat' dir='ltr'><strong>Domini</strong></span> <span class='ocrx_word' id='word_1_318' title='bbox 930 1993 1017 2021; x_wconf 86' lang='lat' dir='ltr'><strong>nostri</strong></span> 
     </span>
    </p>
   </div>
   <div class='ocr_carea' id='block_1_45' title="bbox 231 2036 1019 2071">
    <p class='ocr_par' dir='ltr' id='par_1_45' title="bbox 231 2036 1019 2071">
     <span class='ocr_line' id='line_1_45' title="bbox 231 2036 1019 2071; baseline 0.004 -7"><span class='ocrx_word' id='word_1_319' title='bbox 231 2036 294 2064; x_wconf 85' lang='lat' dir='ltr'><strong>Jesu</strong></span> <span class='ocrx_word' id='word_1_320' title='bbox 305 2037 425 2070; x_wconf 79' lang='lat' dir='ltr'><strong>Christi;</strong></span> <span class='ocrx_word' id='word_1_321' title='bbox 445 2047 454 2063; x_wconf 82' lang='grc' dir='ltr'><strong>ι</strong></span> <span class='ocrx_word' id='word_1_322' title='bbox 478 2042 506 2064; x_wconf 90' lang='lat' dir='ltr'><strong>et</strong></span> <span class='ocrx_word' id='word_1_323' title='bbox 522 2038 566 2064; x_wconf 90' lang='lat' dir='ltr'><strong>illo</strong></span> <span class='ocrx_word' id='word_1_324' title='bbox 580 2038 599 2065; x_wconf 96' lang='lat' dir='ltr'><strong>Il</strong></span> <span class='ocrx_word' id='word_1_325' title='bbox 620 2037 683 2065; x_wconf 92' lang='lat' dir='ltr'><strong>Cor.</strong></span> <span class='ocrx_word' id='word_1_326' title='bbox 707 2046 754 2071; x_wconf 77' lang='lat' dir='ltr'><strong>vn,</strong></span> <span class='ocrx_word' id='word_1_327' title='bbox 778 2039 811 2067; x_wconf 78' lang='grc' dir='ltr'>ιε</span> <span class='ocrx_word' id='word_1_328' title='bbox 834 2048 843 2065; x_wconf 80' lang='grc' dir='ltr'><strong>ι</strong></span> <span class='ocrx_word' id='word_1_329' title='bbox 860 2039 1019 2067; x_wconf 79' lang='lat' dir='ltr'><strong>Mundeutus</strong></span> 
     </span>
    </p>
   </div>
   <div class='ocr_carea' id='block_1_46' title="bbox 232 2083 1020 2119">
    <p class='ocr_par' dir='ltr' id='par_1_46' title="bbox 232 2083 1020 2119">
     <span class='ocr_line' id='line_1_46' title="bbox 232 2083 1020 2119; baseline 0.004 -10"><span class='ocrx_word' id='word_1_330' title='bbox 232 2083 331 2114; x_wconf 80' lang='lat' dir='ltr'><strong>nosah</strong></span> <span class='ocrx_word' id='word_1_331' title='bbox 347 2083 421 2110; x_wconf 84' lang='lat' dir='ltr'><strong>muni</strong></span> <span class='ocrx_word' id='word_1_332' title='bbox 443 2083 648 2117; x_wconf 88' lang='lat' dir='ltr'><strong>inquinamento</strong></span> <span class='ocrx_word' id='word_1_333' title='bbox 662 2084 754 2111; x_wconf 89' lang='lat' dir='ltr'><strong>carnis</strong></span> <span class='ocrx_word' id='word_1_334' title='bbox 773 2089 801 2111; x_wconf 90' lang='lat' dir='ltr'><strong>et</strong></span> <span class='ocrx_word' id='word_1_335' title='bbox 815 2084 943 2119; x_wconf 84' lang='lat' dir='ltr'><strong>spiritus;</strong></span> <span class='ocrx_word' id='word_1_336' title='bbox 962 2093 972 2110; x_wconf 75' lang='grc' dir='ltr'><strong>ι</strong></span> <span class='ocrx_word' id='word_1_337' title='bbox 992 2089 1020 2112; x_wconf 87' lang='lat' dir='ltr'><strong>et</strong></span> 
     </span>
    </p>
   </div>
   <div class='ocr_carea' id='block_1_47' title="bbox 232 2128 1020 2163">
    <p class='ocr_par' dir='ltr' id='par_1_47' title="bbox 232 2128 1020 2163">
     <span class='ocr_line' id='line_1_47' title="bbox 232 2128 1020 2163; baseline 0 -7"><span class='ocrx_word' id='word_1_338' title='bbox 232 2129 279 2156; x_wconf 89' lang='lat' dir='ltr'><strong>illo</strong></span> <span class='ocrx_word' id='word_1_339' title='bbox 290 2129 390 2163; x_wconf 87' lang='lat' dir='ltr'><strong>Epltcs.</strong></span> <span class='ocrx_word' id='word_1_340' title='bbox 402 2136 438 2161; x_wconf 90' lang='lat' dir='ltr'><strong>tv,</strong></span> <span class='ocrx_word' id='word_1_341' title='bbox 454 2128 540 2156; x_wconf 74' lang='lat'><strong>20-23</strong></span> <span class='ocrx_word' id='word_1_342' title='bbox 554 2138 560 2155; x_wconf 88' lang='lat'>:</span> <span class='ocrx_word' id='word_1_343' title='bbox 578 2138 587 2154; x_wconf 78' lang='grc' dir='ltr'><strong>ι</strong></span> <span class='ocrx_word' id='word_1_344' title='bbox 603 2128 657 2156; x_wconf 85' lang='lat' dir='ltr'><strong>Vos</strong></span> <span class='ocrx_word' id='word_1_345' title='bbox 669 2134 759 2156; x_wconf 92' lang='lat' dir='ltr'><strong>autem</strong></span> <span class='ocrx_word' id='word_1_346' title='bbox 771 2137 823 2156; x_wconf 92' lang='lat' dir='ltr'><strong>non</strong></span> <span class='ocrx_word' id='word_1_347' title='bbox 837 2130 873 2156; x_wconf 89' lang='lat' dir='ltr'><strong>ita</strong></span> <span class='ocrx_word' id='word_1_348' title='bbox 885 2129 1020 2157; x_wconf 86' lang='lat' dir='ltr'><strong>didicistis</strong></span> 
     </span>
    </p>
   </div>
   <div class='ocr_carea' id='block_1_48' title="bbox 1055 211 1854 245">
    <p class='ocr_par' dir='ltr' id='par_1_48' title="bbox 1055 211 1854 245">
     <span class='ocr_line' id='line_1_48' title="bbox 1055 211 1854 245; baseline -0.011 -3"><span class='ocrx_word' id='word_1_349' title='bbox 1055 215 1104 242; x_wconf 90' lang='lat' dir='ltr'><strong>bus</strong></span> <span class='ocrx_word' id='word_1_350' title='bbox 1141 222 1193 241; x_wconf 91' lang='lat' dir='ltr'><strong>non</strong></span> <span class='ocrx_word' id='word_1_351' title='bbox 1222 213 1300 240; x_wconf 86' lang='lat' dir='ltr'><strong>aliter</strong></span> <span class='ocrx_word' id='word_1_352' title='bbox 1317 212 1386 239; x_wconf 88' lang='lat' dir='ltr'><strong>sumi</strong></span> <span class='ocrx_word' id='word_1_353' title='bbox 1411 211 1523 245; x_wconf 84' lang='lat' dir='ltr'><strong>spiritus</strong></span> <span class='ocrx_word' id='word_1_354' title='bbox 1550 212 1655 244; x_wconf 84' lang='lat' dir='ltr'><strong>potest,</strong></span> <span class='ocrx_word' id='word_1_355' title='bbox 1678 214 1769 241; x_wconf 82' lang='lat' dir='ltr'><strong>quam</strong></span> <span class='ocrx_word' id='word_1_356' title='bbox 1800 213 1854 240; x_wconf 86' lang='lat' dir='ltr'><strong>pro</strong></span> 
     </span>
    </p>
   </div>
   <div class='ocr_carea' id='block_1_49' title="bbox 1054 252 1854 293">
    <p class='ocr_par' dir='ltr' id='par_1_49' title="bbox 1054 252 1854 293">
     <span class='ocr_line' id='line_1_49' title="bbox 1054 252 1854 293; baseline -0.01 -6"><span class='ocrx_word' id='word_1_357' title='bbox 1054 260 1157 292; x_wconf 87' lang='lat' dir='ltr'><strong>anima,</strong></span> <span class='ocrx_word' id='word_1_358' title='bbox 1173 259 1215 287; x_wconf 86' lang='lat' dir='ltr'><strong>vel</strong></span> <span class='ocrx_word' id='word_1_359' title='bbox 1228 259 1326 286; x_wconf 65' lang='lat' dir='ltr'><strong>anima:</strong></span> <span class='ocrx_word' id='word_1_360' title='bbox 1341 258 1506 293; x_wconf 76' lang='grc' dir='ltr'><strong>ἡγεμονικῳ,</strong></span> <span class='ocrx_word' id='word_1_361' title='bbox 1526 263 1579 289; x_wconf 84' lang='lat' dir='ltr'><strong>quo</strong></span> <span class='ocrx_word' id='word_1_362' title='bbox 1600 253 1682 281; x_wconf 87' lang='lat' dir='ltr'><strong>modo</strong></span> <span class='ocrx_word' id='word_1_363' title='bbox 1709 252 1854 287; x_wconf 75' lang='lat' dir='ltr'><strong>Origenes</strong></span> 
     </span>
    </p>
   </div>
   <div class='ocr_carea' id='block_1_50' title="bbox 1055 304 1199 332">
    <p class='ocr_par' dir='ltr' id='par_1_50' title="bbox 1055 304 1199 332">
     <span class='ocr_line' id='line_1_50' title="bbox 1055 304 1199 332; baseline 0 0"><span class='ocrx_word' id='word_1_364' title='bbox 1055 304 1199 332; x_wconf 88' lang='lat' dir='ltr'><strong>intellexit.</strong></span> 
     </span>
    </p>
   </div>
   <div class='ocr_carea' id='block_1_51' title="bbox 1095 345 1851 379">
    <p class='ocr_par' dir='ltr' id='par_1_51' title="bbox 1095 345 1851 379">
     <span class='ocr_line' id='line_1_51' title="bbox 1095 345 1851 379; baseline -0.015 0"><span class='ocrx_word' id='word_1_365' title='bbox 1095 351 1150 379; x_wconf 84' lang='lat' dir='ltr'><strong>Vli.</strong></span> <span class='ocrx_word' id='word_1_366' title='bbox 1163 351 1201 378; x_wconf 86' lang='lat' dir='ltr'><strong>Ex</strong></span> <span class='ocrx_word' id='word_1_367' title='bbox 1219 350 1262 378; x_wconf 87' lang='lat' dir='ltr'><strong>his</strong></span> <span class='ocrx_word' id='word_1_368' title='bbox 1285 348 1398 376; x_wconf 71' lang='lat' dir='ltr'><strong>edicitur</strong></span> <span class='ocrx_word' id='word_1_369' title='bbox 1415 347 1567 376; x_wconf 89' lang='lat' dir='ltr'><strong>inferiorem</strong></span> <span class='ocrx_word' id='word_1_370' title='bbox 1596 345 1697 372; x_wconf 73' lang='lat' dir='ltr'><strong>anim</strong></span> <span class='ocrx_word' id='word_1_371' title='bbox 1721 348 1851 378; x_wconf 84' lang='lat' dir='ltr'><strong>partem.</strong></span> 
     </span>
    </p>
   </div>
   <div class='ocr_carea' id='block_1_52' title="bbox 1056 389 1850 432">
    <p class='ocr_par' dir='ltr' id='par_1_52' title="bbox 1056 389 1850 432">
     <span class='ocr_line' id='line_1_52' title="bbox 1056 389 1850 432; baseline -0.014 -7"><span class='ocrx_word' id='word_1_372' title='bbox 1056 405 1116 432; x_wconf 76' lang='lat' dir='ltr'><strong>qtue</strong></span> <span class='ocrx_word' id='word_1_373' title='bbox 1149 397 1238 424; x_wconf 90' lang='lat' dir='ltr'><strong>anima</strong></span> <span class='ocrx_word' id='word_1_374' title='bbox 1266 395 1428 431; x_wconf 80' lang='lat' dir='ltr'><strong>simpliciter</strong></span> <span class='ocrx_word' id='word_1_375' title='bbox 1454 393 1605 428; x_wconf 88' lang='lat' dir='ltr'><strong>appellatur</strong></span> <span class='ocrx_word' id='word_1_376' title='bbox 1632 391 1674 426; x_wconf 88' lang='lat' dir='ltr'><strong>(ut</strong></span> <span class='ocrx_word' id='word_1_377' title='bbox 1702 389 1850 424; x_wconf 77' lang='lat' dir='ltr'><strong>superior,</strong></span> 
     </span>
    </p>
   </div>
   <div class='ocr_carea' id='block_1_53' title="bbox 1055 435 1853 478">
    <p class='ocr_par' dir='ltr' id='par_1_53' title="bbox 1055 435 1853 478">
     <span class='ocr_line' id='line_1_53' title="bbox 1055 435 1853 478; baseline -0.011 -8"><span class='ocrx_word' id='word_1_378' title='bbox 1055 442 1188 478; x_wconf 83' lang='lat' dir='ltr'><strong>spiritus),</strong></span> <span class='ocrx_word' id='word_1_379' title='bbox 1206 442 1322 469; x_wconf 86' lang='lat' dir='ltr'><strong>mediam</strong></span> <span class='ocrx_word' id='word_1_380' title='bbox 1335 448 1395 468; x_wconf 88' lang='lat' dir='ltr'><strong>esse</strong></span> <span class='ocrx_word' id='word_1_381' title='bbox 1404 439 1602 474; x_wconf 85' lang='lat' dir='ltr'><strong>quodammodo</strong></span> <span class='ocrx_word' id='word_1_382' title='bbox 1624 436 1759 471; x_wconf 87' lang='lat' dir='ltr'><strong>spiritum</strong></span> <span class='ocrx_word' id='word_1_383' title='bbox 1776 435 1853 461; x_wconf 71' lang='lat' dir='ltr'><strong>inter</strong></span> 
     </span>
    </p>
   </div>
   <div class='ocr_carea' id='block_1_54' title="bbox 1055 483 1851 520">
    <p class='ocr_par' dir='ltr' id='par_1_54' title="bbox 1055 483 1851 520">
     <span class='ocr_line' id='line_1_54' title="bbox 1055 483 1851 520; baseline -0.014 -4"><span class='ocrx_word' id='word_1_384' title='bbox 1055 494 1082 516; x_wconf 91' lang='lat' dir='ltr'><strong>et</strong></span> <span class='ocrx_word' id='word_1_385' title='bbox 1097 495 1207 516; x_wconf 88' lang='lat' dir='ltr'><strong>carnem</strong></span> <span class='ocrx_word' id='word_1_386' title='bbox 1220 496 1228 520; x_wconf 85' lang='lat'><strong>;</strong></span> <span class='ocrx_word' id='word_1_387' title='bbox 1243 487 1295 514; x_wconf 92' lang='lat' dir='ltr'><strong>hoc</strong></span> <span class='ocrx_word' id='word_1_388' title='bbox 1311 491 1349 513; x_wconf 87' lang='lat' dir='ltr'><strong>est</strong></span> <span class='ocrx_word' id='word_1_389' title='bbox 1361 485 1472 519; x_wconf 84' lang='lat' dir='ltr'><strong>spiritus</strong></span> <span class='ocrx_word' id='word_1_390' title='bbox 1487 485 1557 511; x_wconf 88' lang='lat' dir='ltr'><strong>inter</strong></span> <span class='ocrx_word' id='word_1_391' title='bbox 1569 483 1724 511; x_wconf 87' lang='lat' dir='ltr'><strong>suasiones.</strong></span> <span class='ocrx_word' id='word_1_392' title='bbox 1742 484 1773 506; x_wconf 84' lang='lat' dir='ltr'><strong>et</strong></span> <span class='ocrx_word' id='word_1_393' title='bbox 1787 486 1851 506; x_wconf 83' lang='lat' dir='ltr'><strong>ear-</strong></span> 
     </span>
    </p>
   </div>
   <div class='ocr_carea' id='block_1_55' title="bbox 1056 527 1853 563">
    <p class='ocr_par' dir='ltr' id='par_1_55' title="bbox 1056 527 1853 563">
     <span class='ocr_line' id='line_1_55' title="bbox 1056 527 1853 563; baseline -0.008 -4"><span class='ocrx_word' id='word_1_394' title='bbox 1056 533 1099 560; x_wconf 87' lang='lat' dir='ltr'><strong>nis</strong></span> <span class='ocrx_word' id='word_1_395' title='bbox 1124 532 1270 559; x_wconf 78' lang='lat' dir='ltr'><strong>incentiva.</strong></span> <span class='ocrx_word' id='word_1_396' title='bbox 1301 540 1310 556; x_wconf 78' lang='grc' dir='ltr'><strong>ι</strong></span> <span class='ocrx_word' id='word_1_397' title='bbox 1327 531 1394 558; x_wconf 87' lang='lat' dir='ltr'><strong>Cum</strong></span> <span class='ocrx_word' id='word_1_398' title='bbox 1418 530 1537 562; x_wconf 87' lang='lat' dir='ltr'><strong>dicitttr,</strong></span> <span class='ocrx_word' id='word_1_399' title='bbox 1567 537 1576 554; x_wconf 81' lang='grc' dir='ltr'><strong>ι</strong></span> <span class='ocrx_word' id='word_1_400' title='bbox 1603 528 1693 563; x_wconf 89' lang='lat' dir='ltr'><strong>inquit</strong></span> <span class='ocrx_word' id='word_1_401' title='bbox 1708 527 1853 562; x_wconf 66' lang='lat' dir='ltr'><strong>Origenes</strong></span> 
     </span>
    </p>
   </div>
   <div class='ocr_carea' id='block_1_56' title="bbox 1056 574 1852 611">
    <p class='ocr_par' dir='ltr' id='par_1_56' title="bbox 1056 574 1852 611">
     <span class='ocr_line' id='line_1_56' title="bbox 1056 574 1852 611; baseline -0.008 -7"><span class='ocrx_word' id='word_1_402' title='bbox 1056 578 1104 606; x_wconf 88' lang='lat' dir='ltr'><strong>lib.</strong></span> <span class='ocrx_word' id='word_1_403' title='bbox 1122 587 1130 606; x_wconf 92' lang='grc' dir='ltr'><strong>ι</strong></span> <span class='ocrx_word' id='word_1_404' title='bbox 1145 578 1173 604; x_wconf 80' lang='lat' dir='ltr'><strong>in</strong></span> <span class='ocrx_word' id='word_1_405' title='bbox 1187 576 1273 611; x_wconf 76' lang='lat' dir='ltr'><strong>Epist.</strong></span> <span class='ocrx_word' id='word_1_406' title='bbox 1289 576 1323 603; x_wconf 79' lang='lat' dir='ltr'><strong>ad</strong></span> <span class='ocrx_word' id='word_1_407' title='bbox 1340 575 1431 608; x_wconf 84' lang='lat' dir='ltr'><strong>Rom.,</strong></span> <span class='ocrx_word' id='word_1_408' title='bbox 1448 582 1522 602; x_wconf 89' lang='lat' dir='ltr'><strong>num.</strong></span> <span class='ocrx_word' id='word_1_409' title='bbox 1536 574 1579 605; x_wconf 82' lang='lat' dir='ltr'><strong>i8,</strong></span> <span class='ocrx_word' id='word_1_410' title='bbox 1600 584 1610 600; x_wconf 73' lang='grc' dir='ltr'><strong>ι</strong></span> <span class='ocrx_word' id='word_1_411' title='bbox 1627 574 1691 608; x_wconf 87' lang='lat' dir='ltr'><strong>quia</strong></span> <span class='ocrx_word' id='word_1_412' title='bbox 1706 581 1776 600; x_wconf 78' lang='lat' dir='ltr'><strong>curo</strong></span> <span class='ocrx_word' id='word_1_413' title='bbox 1785 580 1852 599; x_wconf 71' lang='lat' dir='ltr'><strong>con-</strong></span> 
     </span>
    </p>
   </div>
   <div class='ocr_carea' id='block_1_57' title="bbox 1056 618 1851 658">
    <p class='ocr_par' dir='ltr' id='par_1_57' title="bbox 1056 618 1851 658">
     <span class='ocr_line' id='line_1_57' title="bbox 1056 618 1851 658; baseline -0.01 -7"><span class='ocrx_word' id='word_1_414' title='bbox 1056 623 1166 658; x_wconf 78' lang='lat' dir='ltr'><strong>cupiscit</strong></span> <span class='ocrx_word' id='word_1_415' title='bbox 1181 622 1307 649; x_wconf 75' lang='lat' dir='ltr'><strong>adversm</strong></span> <span class='ocrx_word' id='word_1_416' title='bbox 1321 621 1460 654; x_wconf 75' lang='lat' dir='ltr'><strong>spiritum,</strong></span> <span class='ocrx_word' id='word_1_417' title='bbox 1475 619 1583 653; x_wconf 75' lang='lat' dir='ltr'><strong>spiritus</strong></span> <span class='ocrx_word' id='word_1_418' title='bbox 1605 624 1694 645; x_wconf 77' lang='lat' dir='ltr'><strong>autem</strong></span> <span class='ocrx_word' id='word_1_419' title='bbox 1715 618 1851 644; x_wconf 69' lang='lat' dir='ltr'><strong>adversus</strong></span> 
     </span>
    </p>
   </div>
   <div class='ocr_carea' id='block_1_58' title="bbox 1056 665 1852 702">
    <p class='ocr_par' dir='ltr' id='par_1_58' title="bbox 1056 665 1852 702">
     <span class='ocr_line' id='line_1_58' title="bbox 1056 665 1852 702; baseline -0.009 -5"><span class='ocrx_word' id='word_1_420' title='bbox 1056 677 1161 697; x_wconf 80' lang='lat' dir='ltr'><strong>carnem</strong></span> <span class='ocrx_word' id='word_1_421' title='bbox 1177 669 1211 701; x_wconf 80' lang='lat'><strong>“,</strong></span> <span class='ocrx_word' id='word_1_422' title='bbox 1228 668 1315 696; x_wconf 89' lang='lat' dir='ltr'><strong>media</strong></span> <span class='ocrx_word' id='word_1_423' title='bbox 1331 666 1422 702; x_wconf 86' lang='lat' dir='ltr'><strong>procul</strong></span> <span class='ocrx_word' id='word_1_424' title='bbox 1438 667 1520 694; x_wconf 89' lang='lat' dir='ltr'><strong>dubio</strong></span> <span class='ocrx_word' id='word_1_425' title='bbox 1534 666 1646 700; x_wconf 90' lang='lat' dir='ltr'><strong>ponitur</strong></span> <span class='ocrx_word' id='word_1_426' title='bbox 1660 665 1755 692; x_wconf 83' lang='lat' dir='ltr'><strong>anima</strong></span> <span class='ocrx_word' id='word_1_427' title='bbox 1765 685 1773 697; x_wconf 90' lang='lat'><strong>,</strong></span> <span class='ocrx_word' id='word_1_428' title='bbox 1788 673 1852 699; x_wconf 64' lang='lat' dir='ltr'><strong>qua</strong></span> 
     </span>
    </p>
   </div>
   <div class='ocr_carea' id='block_1_59' title="bbox 1056 710 1852 748">
    <p class='ocr_par' dir='ltr' id='par_1_59' title="bbox 1056 710 1852 748">
     <span class='ocr_line' id='line_1_59' title="bbox 1056 710 1852 748; baseline -0.009 -6"><span class='ocrx_word' id='word_1_429' title='bbox 1056 715 1098 742; x_wconf 88' lang='lat' dir='ltr'><strong>vel</strong></span> <span class='ocrx_word' id='word_1_430' title='bbox 1122 714 1265 742; x_wconf 85' lang='lat' dir='ltr'><strong>desideriis</strong></span> <span class='ocrx_word' id='word_1_431' title='bbox 1289 713 1403 748; x_wconf 83' lang='lat' dir='ltr'><strong>spiritus</strong></span> <span class='ocrx_word' id='word_1_432' title='bbox 1424 711 1598 746; x_wconf 84' lang='lat' dir='ltr'><strong>acquiescat,</strong></span> <span class='ocrx_word' id='word_1_433' title='bbox 1622 710 1667 738; x_wconf 86' lang='lat' dir='ltr'><strong>vel</strong></span> <span class='ocrx_word' id='word_1_434' title='bbox 1692 710 1726 737; x_wconf 80' lang='lat' dir='ltr'><strong>ad</strong></span> <span class='ocrx_word' id='word_1_435' title='bbox 1754 710 1852 738; x_wconf 87' lang='lat' dir='ltr'><strong>carnis</strong></span> 
     </span>
    </p>
   </div>
   <div class='ocr_carea' id='block_1_60' title="bbox 1057 755 1853 794">
    <p class='ocr_par' dir='ltr' id='par_1_60' title="bbox 1057 755 1853 794">
     <span class='ocr_line' id='line_1_60' title="bbox 1057 755 1853 794; baseline -0.005 -9"><span class='ocrx_word' id='word_1_436' title='bbox 1057 758 1290 792; x_wconf 83' lang='lat' dir='ltr'><strong>concupiscentias</strong></span> <span class='ocrx_word' id='word_1_437' title='bbox 1307 757 1461 794; x_wconf 85' lang='lat' dir='ltr'><strong>inclinetur.</strong></span> <span class='ocrx_word' id='word_1_438' title='bbox 1482 766 1492 783; x_wconf 80' lang='grc' dir='ltr'><strong>ι</strong></span> <span class='ocrx_word' id='word_1_439' title='bbox 1507 756 1610 790; x_wconf 84' lang='lat' dir='ltr'><strong>Quibus</strong></span> <span class='ocrx_word' id='word_1_440' title='bbox 1624 755 1699 782; x_wconf 82' lang='lat' dir='ltr'><strong>addit</strong></span> <span class='ocrx_word' id='word_1_441' title='bbox 1715 775 1723 788; x_wconf 89' lang='lat'><strong>,</strong></span> <span class='ocrx_word' id='word_1_442' title='bbox 1744 762 1780 782; x_wconf 88' lang='lat' dir='ltr'><strong>ac</strong></span> <span class='ocrx_word' id='word_1_443' title='bbox 1801 763 1853 781; x_wconf 83' lang='lat' dir='ltr'><strong>va-</strong></span> 
     </span>
    </p>
   </div>
   <div class='ocr_carea' id='block_1_61' title="bbox 1058 803 1850 839">
    <p class='ocr_par' dir='ltr' id='par_1_61' title="bbox 1058 803 1850 839">
     <span class='ocr_line' id='line_1_61' title="bbox 1058 803 1850 839; baseline -0.004 -8"><span class='ocrx_word' id='word_1_444' title='bbox 1058 805 1106 832; x_wconf 89' lang='lat' dir='ltr'><strong>riis</strong></span> <span class='ocrx_word' id='word_1_445' title='bbox 1131 804 1279 839; x_wconf 62' lang='lat' dir='ltr'><strong>Scriptura:</strong></span> <span class='ocrx_word' id='word_1_446' title='bbox 1301 804 1368 832; x_wconf 84' lang='lat' dir='ltr'><strong>locis</strong></span> <span class='ocrx_word' id='word_1_447' title='bbox 1387 804 1500 839; x_wconf 89' lang='lat' dir='ltr'><strong>probat,</strong></span> <span class='ocrx_word' id='word_1_448' title='bbox 1523 803 1667 837; x_wconf 88' lang='lat' dir='ltr'><strong>utriusque</strong></span> <span class='ocrx_word' id='word_1_449' title='bbox 1690 803 1763 833; x_wconf 68' lang='lat' dir='ltr'><strong>via,</strong></span> <span class='ocrx_word' id='word_1_450' title='bbox 1791 807 1850 829; x_wconf 86' lang='lat' dir='ltr'><strong>tum</strong></span> 
     </span>
    </p>
   </div>
   <div class='ocr_carea' id='block_1_62' title="bbox 1058 848 1850 886">
    <p class='ocr_par' dir='ltr' id='par_1_62' title="bbox 1058 848 1850 886">
     <span class='ocr_line' id='line_1_62' title="bbox 1058 848 1850 886; baseline -0.005 -9"><span class='ocrx_word' id='word_1_451' title='bbox 1058 851 1115 885; x_wconf 84' lang='lat' dir='ltr'><strong>eius</strong></span> <span class='ocrx_word' id='word_1_452' title='bbox 1127 858 1186 886; x_wconf 64' lang='lat' dir='ltr'><strong>quae</strong></span> <span class='ocrx_word' id='word_1_453' title='bbox 1201 851 1290 878; x_wconf 89' lang='lat' dir='ltr'><strong>carnis</strong></span> <span class='ocrx_word' id='word_1_454' title='bbox 1306 855 1358 883; x_wconf 80' lang='lat' dir='ltr'><strong>est,</strong></span> <span class='ocrx_word' id='word_1_455' title='bbox 1373 855 1428 878; x_wconf 92' lang='lat' dir='ltr'><strong>tum</strong></span> <span class='ocrx_word' id='word_1_456' title='bbox 1445 849 1503 882; x_wconf 81' lang='lat' dir='ltr'><strong>eius</strong></span> <span class='ocrx_word' id='word_1_457' title='bbox 1526 857 1586 884; x_wconf 66' lang='lat' dir='ltr'><strong>qua;</strong></span> <span class='ocrx_word' id='word_1_458' title='bbox 1607 848 1738 884; x_wconf 86' lang='lat' dir='ltr'><strong>spiritus,</strong></span> <span class='ocrx_word' id='word_1_459' title='bbox 1768 855 1850 874; x_wconf 80' lang='grc' dir='ltr'>πιοιι-</span> 
     </span>
    </p>
   </div>
   <div class='ocr_carea' id='block_1_63' title="bbox 1057 893 1850 930">
    <p class='ocr_par' dir='ltr' id='par_1_63' title="bbox 1057 893 1850 930">
     <span class='ocr_line' id='line_1_63' title="bbox 1057 893 1850 930; baseline -0.005 -6"><span class='ocrx_word' id='word_1_460' title='bbox 1057 901 1189 924; x_wconf 86' lang='lat' dir='ltr'><strong>slratores</strong></span> <span class='ocrx_word' id='word_1_461' title='bbox 1211 901 1239 923; x_wconf 92' lang='lat' dir='ltr'><strong>et</strong></span> <span class='ocrx_word' id='word_1_462' title='bbox 1256 895 1378 923; x_wconf 78' lang='lat' dir='ltr'><strong>fautores</strong></span> <span class='ocrx_word' id='word_1_463' title='bbox 1401 895 1512 930; x_wconf 85' lang='lat' dir='ltr'><strong>angelos</strong></span> <span class='ocrx_word' id='word_1_464' title='bbox 1527 895 1657 922; x_wconf 82' lang='lat' dir='ltr'><strong>assistere</strong></span> <span class='ocrx_word' id='word_1_465' title='bbox 1675 893 1850 926; x_wconf 76' lang='lat' dir='ltr'><strong>hominibus,</strong></span> 
     </span>
    </p>
   </div>
   <div class='ocr_carea' id='block_1_64' title="bbox 1058 940 1849 976">
    <p class='ocr_par' dir='ltr' id='par_1_64' title="bbox 1058 940 1849 976">
     <span class='ocr_line' id='line_1_64' title="bbox 1058 940 1849 976; baseline -0.003 -8"><span class='ocrx_word' id='word_1_466' title='bbox 1058 941 1252 976; x_wconf 80' lang='lat' dir='ltr'><strong>Christumque</strong></span> <span class='ocrx_word' id='word_1_467' title='bbox 1268 941 1355 974; x_wconf 87' lang='lat' dir='ltr'><strong>ipsum</strong></span> <span class='ocrx_word' id='word_1_468' title='bbox 1369 941 1439 967; x_wconf 93' lang='lat' dir='ltr'><strong>viam</strong></span> <span class='ocrx_word' id='word_1_469' title='bbox 1453 940 1565 974; x_wconf 87' lang='lat' dir='ltr'><strong>spiritus</strong></span> <span class='ocrx_word' id='word_1_470' title='bbox 1586 940 1745 967; x_wconf 81' lang='lat' dir='ltr'><strong>hominibus</strong></span> <span class='ocrx_word' id='word_1_471' title='bbox 1768 940 1849 974; x_wconf 80' lang='lat' dir='ltr'><strong>quasi</strong></span> 
     </span>
    </p>
   </div>
   <div class='ocr_carea' id='block_1_65' title="bbox 1058 985 1850 1019">
    <p class='ocr_par' dir='ltr' id='par_1_65' title="bbox 1058 985 1850 1019">
     <span class='ocr_line' id='line_1_65' title="bbox 1058 985 1850 1019; baseline -0.004 -6"><span class='ocrx_word' id='word_1_472' title='bbox 1058 993 1181 1014; x_wconf 86' lang='lat' dir='ltr'><strong>sternere</strong></span> <span class='ocrx_word' id='word_1_473' title='bbox 1201 994 1208 1012; x_wconf 88' lang='lat'><strong>:</strong></span> <span class='ocrx_word' id='word_1_474' title='bbox 1232 995 1241 1012; x_wconf 75' lang='grc' dir='ltr'><strong>ι</strong></span> <span class='ocrx_word' id='word_1_475' title='bbox 1259 985 1341 1013; x_wconf 81' lang='lat' dir='ltr'><strong>Favet</strong></span> <span class='ocrx_word' id='word_1_476' title='bbox 1353 990 1380 1013; x_wconf 88' lang='lat' dir='ltr'><strong>et</strong></span> <span class='ocrx_word' id='word_1_477' title='bbox 1392 985 1449 1018; x_wconf 86' lang='lat' dir='ltr'><strong>ipse</strong></span> <span class='ocrx_word' id='word_1_478' title='bbox 1469 985 1615 1017; x_wconf 86' lang='lat' dir='ltr'><strong>Dominus,</strong></span> <span class='ocrx_word' id='word_1_479' title='bbox 1632 985 1732 1019; x_wconf 84' lang='lat' dir='ltr'><strong>inquit,</strong></span> <span class='ocrx_word' id='word_1_480' title='bbox 1747 985 1850 1019; x_wconf 85' lang='lat' dir='ltr'><strong>quippe</strong></span> 
     </span>
    </p>
   </div>
   <div class='ocr_carea' id='block_1_66' title="bbox 1059 1030 1850 1068">
    <p class='ocr_par' dir='ltr' id='par_1_66' title="bbox 1059 1030 1850 1068">
     <span class='ocr_line' id='line_1_66' title="bbox 1059 1030 1850 1068; baseline -0.004 -8"><span class='ocrx_word' id='word_1_481' title='bbox 1059 1033 1104 1068; x_wconf 89' lang='lat' dir='ltr'><strong>qui</strong></span> <span class='ocrx_word' id='word_1_482' title='bbox 1118 1034 1199 1060; x_wconf 85' lang='lat' dir='ltr'><strong>etiam</strong></span> <span class='ocrx_word' id='word_1_483' title='bbox 1214 1033 1332 1060; x_wconf 88' lang='lat' dir='ltr'><strong>animam</strong></span> <span class='ocrx_word' id='word_1_484' title='bbox 1349 1039 1424 1058; x_wconf 90' lang='lat' dir='ltr'><strong>suam</strong></span> <span class='ocrx_word' id='word_1_485' title='bbox 1440 1031 1517 1065; x_wconf 90' lang='lat' dir='ltr'><strong>ponit</strong></span> <span class='ocrx_word' id='word_1_486' title='bbox 1529 1039 1578 1066; x_wconf 92' lang='lat' dir='ltr'><strong>pro</strong></span> <span class='ocrx_word' id='word_1_487' title='bbox 1596 1031 1694 1059; x_wconf 88' lang='lat' dir='ltr'><strong>ovibus</strong></span> <span class='ocrx_word' id='word_1_488' title='bbox 1708 1031 1780 1057; x_wconf 91' lang='lat' dir='ltr'><strong>suis.</strong></span> <span class='ocrx_word' id='word_1_489' title='bbox 1795 1030 1850 1057; x_wconf 77' lang='lat' dir='ltr'><strong>Sed</strong></span> 
     </span>
    </p>
   </div>
   <div class='ocr_carea' id='block_1_67' title="bbox 1058 1074 1850 1112">
    <p class='ocr_par' dir='ltr' id='par_1_67' title="bbox 1058 1074 1850 1112">
     <span class='ocr_line' id='line_1_67' title="bbox 1058 1074 1850 1112; baseline -0.004 -8"><span class='ocrx_word' id='word_1_490' title='bbox 1058 1085 1090 1104; x_wconf 86' lang='lat' dir='ltr'><strong>ex</strong></span> <span class='ocrx_word' id='word_1_491' title='bbox 1107 1082 1221 1112; x_wconf 90' lang='lat' dir='ltr'><strong>utraque</strong></span> <span class='ocrx_word' id='word_1_492' title='bbox 1244 1080 1322 1111; x_wconf 87' lang='lat' dir='ltr'><strong>parte</strong></span> <span class='ocrx_word' id='word_1_493' title='bbox 1340 1076 1441 1103; x_wconf 82' lang='lat' dir='ltr'><strong>favoris</strong></span> <span class='ocrx_word' id='word_1_494' title='bbox 1458 1075 1599 1110; x_wconf 88' lang='lat' dir='ltr'><strong>disciplina</strong></span> <span class='ocrx_word' id='word_1_495' title='bbox 1623 1080 1765 1102; x_wconf 86' lang='lat' dir='ltr'><strong>servatur.</strong></span> <span class='ocrx_word' id='word_1_496' title='bbox 1791 1074 1850 1102; x_wconf 82' lang='lat' dir='ltr'><strong>Non</strong></span> 
     </span>
    </p>
   </div>
   <div class='ocr_carea' id='block_1_68' title="bbox 1059 1120 1850 1157">
    <p class='ocr_par' dir='ltr' id='par_1_68' title="bbox 1059 1120 1850 1157">
     <span class='ocr_line' id='line_1_68' title="bbox 1059 1120 1850 1157; baseline -0.005 -7"><span class='ocrx_word' id='word_1_497' title='bbox 1059 1123 1132 1150; x_wconf 87' lang='lat' dir='ltr'><strong>enim</strong></span> <span class='ocrx_word' id='word_1_498' title='bbox 1157 1123 1182 1150; x_wconf 94' lang='lat' dir='ltr'><strong>vi</strong></span> <span class='ocrx_word' id='word_1_499' title='bbox 1203 1130 1248 1150; x_wconf 91' lang='lat' dir='ltr'><strong>res</strong></span> <span class='ocrx_word' id='word_1_500' title='bbox 1265 1123 1366 1157; x_wconf 80' lang='lat' dir='ltr'><strong>agitur,</strong></span> <span class='ocrx_word' id='word_1_501' title='bbox 1393 1129 1482 1156; x_wconf 84' lang='lat' dir='ltr'><strong>neque</strong></span> <span class='ocrx_word' id='word_1_502' title='bbox 1505 1121 1668 1149; x_wconf 83' lang='lat' dir='ltr'><strong>necessitate</strong></span> <span class='ocrx_word' id='word_1_503' title='bbox 1691 1121 1718 1148; x_wconf 92' lang='lat' dir='ltr'><strong>in</strong></span> <span class='ocrx_word' id='word_1_504' title='bbox 1733 1120 1850 1148; x_wconf 81' lang='lat' dir='ltr'><strong>alteram</strong></span> 
     </span>
    </p>
   </div>
   <div class='ocr_carea' id='block_1_69' title="bbox 1060 1165 1850 1203">
    <p class='ocr_par' dir='ltr' id='par_1_69' title="bbox 1060 1165 1850 1203">
     <span class='ocr_line' id='line_1_69' title="bbox 1060 1165 1850 1203; baseline -0.004 -8"><span class='ocrx_word' id='word_1_505' title='bbox 1060 1173 1164 1203; x_wconf 87' lang='lat' dir='ltr'><strong>partem</strong></span> <span class='ocrx_word' id='word_1_506' title='bbox 1191 1167 1280 1194; x_wconf 89' lang='lat' dir='ltr'><strong>anima</strong></span> <span class='ocrx_word' id='word_1_507' title='bbox 1298 1167 1474 1194; x_wconf 87' lang='lat' dir='ltr'><strong>declinatur:</strong></span> <span class='ocrx_word' id='word_1_508' title='bbox 1493 1166 1611 1200; x_wconf 87' lang='lat' dir='ltr'><strong>alioquin</strong></span> <span class='ocrx_word' id='word_1_509' title='bbox 1632 1173 1682 1193; x_wconf 90' lang='lat' dir='ltr'><strong>nec</strong></span> <span class='ocrx_word' id='word_1_510' title='bbox 1706 1165 1789 1200; x_wconf 89' lang='lat' dir='ltr'><strong>culpa</strong></span> <span class='ocrx_word' id='word_1_511' title='bbox 1811 1165 1850 1197; x_wconf 86' lang='lat' dir='ltr'><strong>ei,</strong></span> 
     </span>
    </p>
   </div>
   <div class='ocr_carea' id='block_1_70' title="bbox 1066 1211 1849 1249">
    <p class='ocr_par' dir='ltr' id='par_1_70' title="bbox 1066 1211 1849 1249">
     <span class='ocr_line' id='line_1_70' title="bbox 1066 1211 1849 1249; baseline -0.004 -8"><span class='ocrx_word' id='word_1_512' title='bbox 1066 1221 1115 1241; x_wconf 91' lang='lat' dir='ltr'><strong>nec</strong></span> <span class='ocrx_word' id='word_1_513' title='bbox 1138 1214 1225 1241; x_wconf 82' lang='lat' dir='ltr'><strong>virtus</strong></span> <span class='ocrx_word' id='word_1_514' title='bbox 1241 1217 1333 1249; x_wconf 85' lang='lat' dir='ltr'><strong>posset</strong></span> <span class='ocrx_word' id='word_1_515' title='bbox 1354 1212 1474 1244; x_wconf 83' lang='lat' dir='ltr'><strong>ascribi;</strong></span> <span class='ocrx_word' id='word_1_516' title='bbox 1499 1219 1549 1239; x_wconf 88' lang='lat' dir='ltr'><strong>nec</strong></span> <span class='ocrx_word' id='word_1_517' title='bbox 1561 1212 1624 1239; x_wconf 85' lang='lat' dir='ltr'><strong>boni</strong></span> <span class='ocrx_word' id='word_1_518' title='bbox 1652 1211 1752 1239; x_wconf 87' lang='lat' dir='ltr'><strong>electio</strong></span> <span class='ocrx_word' id='word_1_519' title='bbox 1775 1219 1849 1246; x_wconf 68' lang='lat' dir='ltr'><strong>pra-</strong></span> 
     </span>
    </p>
   </div>
   <div class='ocr_carea' id='block_1_71' title="bbox 1063 1258 1849 1294">
    <p class='ocr_par' dir='ltr' id='par_1_71' title="bbox 1063 1258 1849 1294">
     <span class='ocr_line' id='line_1_71' title="bbox 1063 1258 1849 1294; baseline -0.005 -7"><span class='ocrx_word' id='word_1_520' title='bbox 1063 1260 1145 1287; x_wconf 90' lang='lat' dir='ltr'><strong>tuium</strong></span> <span class='ocrx_word' id='word_1_521' title='bbox 1160 1279 1167 1291; x_wconf 95' lang='lat'><strong>,</strong></span> <span class='ocrx_word' id='word_1_522' title='bbox 1185 1266 1236 1287; x_wconf 87' lang='lat' dir='ltr'><strong>nec</strong></span> <span class='ocrx_word' id='word_1_523' title='bbox 1262 1259 1406 1286; x_wconf 89' lang='lat' dir='ltr'><strong>declinatio</strong></span> <span class='ocrx_word' id='word_1_524' title='bbox 1418 1258 1479 1285; x_wconf 82' lang='lat' dir='ltr'><strong>ntali</strong></span> <span class='ocrx_word' id='word_1_525' title='bbox 1493 1258 1653 1294; x_wconf 87' lang='lat' dir='ltr'><strong>supplicium</strong></span> <span class='ocrx_word' id='word_1_526' title='bbox 1673 1262 1849 1289; x_wconf 83' lang='lat' dir='ltr'><strong>mereretur;</strong></span> 
     </span>
    </p>
   </div>
   <div class='ocr_carea' id='block_1_72' title="bbox 1061 1303 1850 1339">
    <p class='ocr_par' dir='ltr' id='par_1_72' title="bbox 1061 1303 1850 1339">
     <span class='ocr_line' id='line_1_72' title="bbox 1061 1303 1850 1339; baseline -0.005 -6"><span class='ocrx_word' id='word_1_527' title='bbox 1061 1306 1107 1333; x_wconf 82' lang='lat' dir='ltr'><strong>sed</strong></span> <span class='ocrx_word' id='word_1_528' title='bbox 1127 1310 1252 1333; x_wconf 87' lang='lat' dir='ltr'><strong>servatur</strong></span> <span class='ocrx_word' id='word_1_529' title='bbox 1270 1305 1294 1332; x_wconf 90' lang='lat' dir='ltr'><strong>ei</strong></span> <span class='ocrx_word' id='word_1_530' title='bbox 1310 1305 1336 1332; x_wconf 94' lang='lat' dir='ltr'><strong>in</strong></span> <span class='ocrx_word' id='word_1_531' title='bbox 1351 1305 1476 1332; x_wconf 88' lang='lat' dir='ltr'><strong>omnibus</strong></span> <span class='ocrx_word' id='word_1_532' title='bbox 1492 1304 1604 1331; x_wconf 88' lang='lat' dir='ltr'><strong>libertas</strong></span> <span class='ocrx_word' id='word_1_533' title='bbox 1617 1303 1743 1339; x_wconf 78' lang='lat' dir='ltr'><strong>arbitrii,</strong></span> <span class='ocrx_word' id='word_1_534' title='bbox 1769 1308 1799 1330; x_wconf 91' lang='lat' dir='ltr'><strong>ut</strong></span> <span class='ocrx_word' id='word_1_535' title='bbox 1822 1303 1850 1329; x_wconf 87' lang='lat' dir='ltr'><strong>in</strong></span> 
     </span>
    </p>
   </div>
   <div class='ocr_carea' id='block_1_73' title="bbox 1063 1350 1850 1386">
    <p class='ocr_par' dir='ltr' id='par_1_73' title="bbox 1063 1350 1850 1386">
     <span class='ocr_line' id='line_1_73' title="bbox 1063 1350 1850 1386; baseline 0 -9"><span class='ocrx_word' id='word_1_536' title='bbox 1063 1353 1135 1385; x_wconf 90' lang='lat' dir='ltr'><strong>quod</strong></span> <span class='ocrx_word' id='word_1_537' title='bbox 1150 1351 1266 1379; x_wconf 83' lang='lat' dir='ltr'><strong>voluerit</strong></span> <span class='ocrx_word' id='word_1_538' title='bbox 1280 1351 1337 1386; x_wconf 82' lang='lat' dir='ltr'><strong>ipsa</strong></span> <span class='ocrx_word' id='word_1_539' title='bbox 1353 1351 1482 1383; x_wconf 82' lang='lat' dir='ltr'><strong>declinet.</strong></span> <span class='ocrx_word' id='word_1_540' title='bbox 1496 1351 1568 1378; x_wconf 87' lang='lat' dir='ltr'><strong>sicut</strong></span> <span class='ocrx_word' id='word_1_541' title='bbox 1586 1351 1721 1385; x_wconf 88' lang='lat' dir='ltr'><strong>scriptum</strong></span> <span class='ocrx_word' id='word_1_542' title='bbox 1743 1356 1787 1378; x_wconf 88' lang='lat' dir='ltr'><strong>cst</strong></span> <span class='ocrx_word' id='word_1_543' title='bbox 1801 1350 1826 1366; x_wconf 77' lang='grc'><strong>⁶¹</strong></span> <span class='ocrx_word' id='word_1_544' title='bbox 1842 1359 1850 1377; x_wconf 84' lang='grc'><strong>;</strong></span> 
     </span>
    </p>
   </div>
   <div class='ocr_carea' id='block_1_74' title="bbox 1063 1397 1853 1432">
    <p class='ocr_par' dir='ltr' id='par_1_74' title="bbox 1063 1397 1853 1432">
     <span class='ocr_line' id='line_1_74' title="bbox 1063 1397 1853 1432; baseline -0.001 -8"><span class='ocrx_word' id='word_1_545' title='bbox 1063 1397 1134 1425; x_wconf 89' lang='lat' dir='ltr'><strong>Ecce</strong></span> <span class='ocrx_word' id='word_1_546' title='bbox 1147 1397 1223 1432; x_wconf 91' lang='lat' dir='ltr'><strong>posui</strong></span> <span class='ocrx_word' id='word_1_547' title='bbox 1244 1402 1307 1424; x_wconf 86' lang='lat' dir='ltr'><strong>ante</strong></span> <span class='ocrx_word' id='word_1_548' title='bbox 1319 1397 1417 1424; x_wconf 85' lang='lat' dir='ltr'><strong>faciem</strong></span> <span class='ocrx_word' id='word_1_549' title='bbox 1433 1401 1506 1424; x_wconf 89' lang='lat' dir='ltr'><strong>tuam</strong></span> <span class='ocrx_word' id='word_1_550' title='bbox 1526 1397 1611 1424; x_wconf 87' lang='lat' dir='ltr'><strong>vitam</strong></span> <span class='ocrx_word' id='word_1_551' title='bbox 1631 1401 1656 1424; x_wconf 83' lang='lat' dir='ltr'><strong>et</strong></span> <span class='ocrx_word' id='word_1_552' title='bbox 1673 1401 1806 1428; x_wconf 88' lang='lat' dir='ltr'><strong>mortem,</strong></span> <span class='ocrx_word' id='word_1_553' title='bbox 1823 1401 1853 1424; x_wconf 89' lang='lat' dir='ltr'><strong>et</strong></span> 
     </span>
    </p>
   </div>
   <div class='ocr_carea' id='block_1_75' title="bbox 1063 1443 1853 1479">
    <p class='ocr_par' dir='ltr' id='par_1_75' title="bbox 1063 1443 1853 1479">
     <span class='ocr_line' id='line_1_75' title="bbox 1063 1443 1853 1479; baseline -0.001 -9"><span class='ocrx_word' id='word_1_554' title='bbox 1063 1444 1153 1479; x_wconf 76' lang='lat' dir='ltr'><strong>ignem</strong></span> <span class='ocrx_word' id='word_1_555' title='bbox 1170 1448 1197 1471; x_wconf 89' lang='lat' dir='ltr'><strong>et</strong></span> <span class='ocrx_word' id='word_1_556' title='bbox 1211 1451 1323 1478; x_wconf 85' lang='lat' dir='ltr'><strong>aquam.</strong></span> <span class='ocrx_word' id='word_1_557' title='bbox 1345 1452 1355 1469; x_wconf 75' lang='grc' dir='ltr'><strong>ι</strong></span> <span class='ocrx_word' id='word_1_558' title='bbox 1374 1443 1429 1470; x_wconf 74' lang='lat' dir='ltr'><strong>Nec</strong></span> <span class='ocrx_word' id='word_1_559' title='bbox 1444 1443 1533 1469; x_wconf 90' lang='lat' dir='ltr'><strong>minus</strong></span> <span class='ocrx_word' id='word_1_560' title='bbox 1548 1443 1621 1470; x_wconf 87' lang='lat' dir='ltr'><strong>clare</strong></span> <span class='ocrx_word' id='word_1_561' title='bbox 1635 1443 1706 1470; x_wconf 87' lang='lat' dir='ltr'><strong>idem</strong></span> <span class='ocrx_word' id='word_1_562' title='bbox 1721 1443 1853 1478; x_wconf 79' lang='lat' dir='ltr'><strong>exprimit</strong></span> 
     </span>
    </p>
   </div>
   <div class='ocr_carea' id='block_1_76' title="bbox 1068 1489 1617 1524">
    <p class='ocr_par' dir='ltr' id='par_1_76' title="bbox 1068 1489 1617 1524">
     <span class='ocr_line' id='line_1_76' title="bbox 1068 1489 1617 1524; baseline 0 -8"><span class='ocrx_word' id='word_1_563' title='bbox 1068 1489 1115 1517; x_wconf 86' lang='lat' dir='ltr'><strong>lib.</strong></span> <span class='ocrx_word' id='word_1_564' title='bbox 1130 1497 1159 1516; x_wconf 92' lang='grc' dir='ltr'><strong>ιιι</strong></span> <span class='ocrx_word' id='word_1_565' title='bbox 1173 1489 1242 1524; x_wconf 72' lang='grc' dir='ltr'><em>Περὶ</em></span> <span class='ocrx_word' id='word_1_566' title='bbox 1256 1489 1368 1524; x_wconf 77' lang='grc' dir='ltr'><strong>ἀρχῶν,</strong></span> <span class='ocrx_word' id='word_1_567' title='bbox 1384 1496 1445 1523; x_wconf 85' lang='lat' dir='ltr'><strong>cap.</strong></span> <span class='ocrx_word' id='word_1_568' title='bbox 1460 1489 1489 1522; x_wconf 71' lang='grc' dir='ltr'><strong>ι,</strong></span> <span class='ocrx_word' id='word_1_569' title='bbox 1502 1497 1576 1515; x_wconf 90' lang='grc' dir='ltr'>ιιιιιιι.</span> <span class='ocrx_word' id='word_1_570' title='bbox 1588 1489 1617 1516; x_wconf 79' lang='grc'><strong>2.</strong></span> 
     </span>
    </p>
   </div>
   <div class='ocr_carea' id='block_1_77' title="bbox 1098 1533 1850 1570">
    <p class='ocr_par' dir='ltr' id='par_1_77' title="bbox 1098 1533 1850 1570">
     <span class='ocr_line' id='line_1_77' title="bbox 1098 1533 1850 1570; baseline -0.001 -8"><span class='ocrx_word' id='word_1_571' title='bbox 1098 1535 1195 1570; x_wconf 87' lang='lat' dir='ltr'><strong>Arguit</strong></span> <span class='ocrx_word' id='word_1_572' title='bbox 1221 1535 1277 1562; x_wconf 73' lang='lat' dir='ltr'><strong>haec</strong></span> <span class='ocrx_word' id='word_1_573' title='bbox 1300 1541 1407 1569; x_wconf 87' lang='lat' dir='ltr'><strong>quoquc</strong></span> <span class='ocrx_word' id='word_1_574' title='bbox 1430 1533 1532 1561; x_wconf 88' lang='lat' dir='ltr'><strong>erroris</strong></span> <span class='ocrx_word' id='word_1_575' title='bbox 1556 1533 1703 1561; x_wconf 82' lang='lat' dir='ltr'><strong>Jansenius</strong></span> <span class='ocrx_word' id='word_1_576' title='bbox 1733 1538 1801 1561; x_wconf 83' lang='lat' dir='ltr'><strong>tom.</strong></span> <span class='ocrx_word' id='word_1_577' title='bbox 1830 1533 1850 1565; x_wconf 85' lang='grc' dir='ltr'>Ι,</span> 
     </span>
    </p>
   </div>
   <div class='ocr_carea' id='block_1_78' title="bbox 1066 1579 1853 1615">
    <p class='ocr_par' dir='ltr' id='par_1_78' title="bbox 1066 1579 1853 1615">
     <span class='ocr_line' id='line_1_78' title="bbox 1066 1579 1853 1615; baseline -0.001 -7"><span class='ocrx_word' id='word_1_578' title='bbox 1066 1581 1113 1608; x_wconf 89' lang='lat' dir='ltr'><strong>lib.</strong></span> <span class='ocrx_word' id='word_1_579' title='bbox 1125 1589 1155 1613; x_wconf 83' lang='lat' dir='ltr'><strong>it,</strong></span> <span class='ocrx_word' id='word_1_580' title='bbox 1171 1588 1231 1615; x_wconf 90' lang='lat' dir='ltr'><strong>cap.</strong></span> <span class='ocrx_word' id='word_1_581' title='bbox 1248 1581 1265 1608; x_wconf 85' lang='lat'><strong>5</strong></span> <span class='ocrx_word' id='word_1_582' title='bbox 1281 1589 1288 1608; x_wconf 91' lang='lat'>:</span> <span class='ocrx_word' id='word_1_583' title='bbox 1305 1590 1314 1607; x_wconf 76' lang='grc' dir='ltr'><strong>ι</strong></span> <span class='ocrx_word' id='word_1_584' title='bbox 1333 1580 1424 1615; x_wconf 81' lang='lat' dir='ltr'><strong>Neque</strong></span> <span class='ocrx_word' id='word_1_585' title='bbox 1443 1587 1521 1611; x_wconf 89' lang='lat' dir='ltr'><strong>vero,</strong></span> <span class='ocrx_word' id='word_1_586' title='bbox 1543 1579 1639 1614; x_wconf 86' lang='lat' dir='ltr'><strong>inquit,</strong></span> <span class='ocrx_word' id='word_1_587' title='bbox 1657 1580 1760 1614; x_wconf 80' lang='lat' dir='ltr'><strong>Pelagii</strong></span> <span class='ocrx_word' id='word_1_588' title='bbox 1789 1585 1853 1607; x_wconf 85' lang='lat' dir='ltr'><strong>tan-</strong></span> 
     </span>
    </p>
   </div>
   <div class='ocr_carea' id='block_1_79' title="bbox 1063 1624 1854 1662">
    <p class='ocr_par' dir='ltr' id='par_1_79' title="bbox 1063 1624 1854 1662">
     <span class='ocr_line' id='line_1_79' title="bbox 1063 1624 1854 1662; baseline -0.001 -9"><span class='ocrx_word' id='word_1_589' title='bbox 1063 1631 1131 1660; x_wconf 90' lang='lat' dir='ltr'><strong>tum,</strong></span> <span class='ocrx_word' id='word_1_590' title='bbox 1148 1625 1271 1654; x_wconf 84' lang='lat' dir='ltr'><strong>Cassiani</strong></span> <span class='ocrx_word' id='word_1_591' title='bbox 1296 1632 1377 1662; x_wconf 78' lang='lat' dir='ltr'><strong>atque</strong></span> <span class='ocrx_word' id='word_1_592' title='bbox 1389 1626 1516 1661; x_wconf 84' lang='lat' dir='ltr'><strong>Origenis</strong></span> <span class='ocrx_word' id='word_1_593' title='bbox 1532 1627 1584 1653; x_wconf 89' lang='lat' dir='ltr'><strong>fuit</strong></span> <span class='ocrx_word' id='word_1_594' title='bbox 1596 1626 1648 1653; x_wconf 87' lang='lat' dir='ltr'><strong>ista</strong></span> <span class='ocrx_word' id='word_1_595' title='bbox 1662 1626 1695 1653; x_wconf 90' lang='lat' dir='ltr'><strong>de</strong></span> <span class='ocrx_word' id='word_1_596' title='bbox 1709 1624 1854 1653; x_wconf 70' lang='lat' dir='ltr'><strong>aﬂectibns</strong></span> 
     </span>
    </p>
   </div>
   <div class='ocr_carea' id='block_1_80' title="bbox 1063 1672 1854 1708">
    <p class='ocr_par' dir='ltr' id='par_1_80' title="bbox 1063 1672 1854 1708">
     <span class='ocr_line' id='line_1_80' title="bbox 1063 1672 1854 1708; baseline -0.001 -9"><span class='ocrx_word' id='word_1_597' title='bbox 1063 1672 1234 1700; x_wconf 88' lang='lat' dir='ltr'><strong>naturalibus</strong></span> <span class='ocrx_word' id='word_1_598' title='bbox 1246 1672 1325 1700; x_wconf 89' lang='lat' dir='ltr'><strong>bonis</strong></span> <span class='ocrx_word' id='word_1_599' title='bbox 1342 1681 1374 1701; x_wconf 88' lang='lat' dir='ltr'><strong>ac</strong></span> <span class='ocrx_word' id='word_1_600' title='bbox 1393 1673 1470 1700; x_wconf 86' lang='lat' dir='ltr'><strong>malis</strong></span> <span class='ocrx_word' id='word_1_601' title='bbox 1488 1680 1521 1700; x_wconf 84' lang='lat' dir='ltr'><strong>ex</strong></span> <span class='ocrx_word' id='word_1_602' title='bbox 1544 1672 1604 1708; x_wconf 85' lang='lat' dir='ltr'><strong>lege</strong></span> <span class='ocrx_word' id='word_1_603' title='bbox 1628 1673 1745 1700; x_wconf 87' lang='lat' dir='ltr'><strong>naturali</strong></span> <span class='ocrx_word' id='word_1_604' title='bbox 1770 1676 1854 1706; x_wconf 89' lang='lat' dir='ltr'><strong>atque</strong></span> 
     </span>
    </p>
   </div>
   <div class='ocr_carea' id='block_1_81' title="bbox 1064 1719 1853 1753">
    <p class='ocr_par' dir='ltr' id='par_1_81' title="bbox 1064 1719 1853 1753">
     <span class='ocr_line' id='line_1_81' title="bbox 1064 1719 1853 1753; baseline -0.003 -7"><span class='ocrx_word' id='word_1_605' title='bbox 1064 1726 1146 1746; x_wconf 86' lang='lat' dir='ltr'><strong>carne</strong></span> <span class='ocrx_word' id='word_1_606' title='bbox 1159 1719 1418 1753; x_wconf 86' lang='lat' dir='ltr'><strong>prodeuntibus,ac</strong></span> <span class='ocrx_word' id='word_1_607' title='bbox 1446 1719 1479 1746; x_wconf 90' lang='lat' dir='ltr'><strong>de</strong></span> <span class='ocrx_word' id='word_1_608' title='bbox 1506 1719 1597 1746; x_wconf 88' lang='lat' dir='ltr'><strong>anitna</strong></span> <span class='ocrx_word' id='word_1_609' title='bbox 1624 1719 1695 1746; x_wconf 89' lang='lat' dir='ltr'><strong>inter</strong></span> <span class='ocrx_word' id='word_1_610' title='bbox 1719 1723 1853 1752; x_wconf 85' lang='lat' dir='ltr'><strong>utrosque</strong></span> 
     </span>
    </p>
   </div>
   <div class='ocr_carea' id='block_1_82' title="bbox 1064 1765 1852 1799">
    <p class='ocr_par' dir='ltr' id='par_1_82' title="bbox 1064 1765 1852 1799">
     <span class='ocr_line' id='line_1_82' title="bbox 1064 1765 1852 1799; baseline -0.001 -7"><span class='ocrx_word' id='word_1_611' title='bbox 1064 1765 1151 1792; x_wconf 88' lang='lat' dir='ltr'><strong>media</strong></span> <span class='ocrx_word' id='word_1_612' title='bbox 1164 1765 1241 1793; x_wconf 82' lang='lat' dir='ltr'><strong>istius</strong></span> <span class='ocrx_word' id='word_1_613' title='bbox 1260 1765 1400 1799; x_wconf 85' lang='lat' dir='ltr'><strong>apostolici</strong></span> <span class='ocrx_word' id='word_1_614' title='bbox 1424 1765 1477 1792; x_wconf 93' lang='lat' dir='ltr'><strong>loci</strong></span> <span class='ocrx_word' id='word_1_615' title='bbox 1494 1765 1628 1799; x_wconf 89' lang='lat' dir='ltr'><strong>expositio</strong></span> <span class='ocrx_word' id='word_1_616' title='bbox 1641 1785 1649 1797; x_wconf 94' lang='lat'><strong>,</strong></span> <span class='ocrx_word' id='word_1_617' title='bbox 1667 1765 1714 1792; x_wconf 87' lang='lat' dir='ltr'><strong>sed</strong></span> <span class='ocrx_word' id='word_1_618' title='bbox 1729 1765 1852 1792; x_wconf 89' lang='lat' dir='ltr'><strong>omnium</strong></span> 
     </span>
    </p>
   </div>
   <div class='ocr_carea' id='block_1_83' title="bbox 1064 1810 1853 1846">
    <p class='ocr_par' dir='ltr' id='par_1_83' title="bbox 1064 1810 1853 1846">
     <span class='ocr_line' id='line_1_83' title="bbox 1064 1810 1853 1846; baseline -0.003 -8"><span class='ocrx_word' id='word_1_619' title='bbox 1064 1811 1175 1838; x_wconf 88' lang='lat' dir='ltr'><strong>omnino</strong></span> <span class='ocrx_word' id='word_1_620' title='bbox 1191 1811 1396 1846; x_wconf 83' lang='lat' dir='ltr'><strong>Pelagianorum</strong></span> <span class='ocrx_word' id='word_1_621' title='bbox 1408 1831 1415 1845; x_wconf 92' lang='lat'><strong>,</strong></span> <span class='ocrx_word' id='word_1_622' title='bbox 1431 1818 1547 1845; x_wconf 89' lang='lat' dir='ltr'><strong>quorum</strong></span> <span class='ocrx_word' id='word_1_623' title='bbox 1565 1811 1665 1845; x_wconf 87' lang='lat' dir='ltr'><strong>scripta</strong></span> <span class='ocrx_word' id='word_1_624' title='bbox 1686 1810 1780 1837; x_wconf 91' lang='lat' dir='ltr'><strong>videre</strong></span> <span class='ocrx_word' id='word_1_625' title='bbox 1801 1818 1853 1845; x_wconf 89' lang='lat' dir='ltr'><strong>po-</strong></span> 
     </span>
    </p>
   </div>
   <div class='ocr_carea' id='block_1_84' title="bbox 1068 1854 1853 1891">
    <p class='ocr_par' dir='ltr' id='par_1_84' title="bbox 1068 1854 1853 1891">
     <span class='ocr_line' id='line_1_84' title="bbox 1068 1854 1853 1891; baseline -0.001 -9"><span class='ocrx_word' id='word_1_626' title='bbox 1068 1857 1115 1883; x_wconf 92' lang='lat' dir='ltr'><strong>tui.</strong></span> <span class='ocrx_word' id='word_1_627' title='bbox 1137 1866 1146 1882; x_wconf 83' lang='grc' dir='ltr'><strong>ι</strong></span> <span class='ocrx_word' id='word_1_628' title='bbox 1168 1857 1213 1884; x_wconf 89' lang='lat' dir='ltr'><strong>Sic</strong></span> <span class='ocrx_word' id='word_1_629' title='bbox 1231 1862 1319 1884; x_wconf 89' lang='lat' dir='ltr'><strong>tamen</strong></span> <span class='ocrx_word' id='word_1_630' title='bbox 1343 1856 1521 1891; x_wconf 78' lang='lat' dir='ltr'><strong>Hieronymus</strong></span> <span class='ocrx_word' id='word_1_631' title='bbox 1539 1857 1565 1883; x_wconf 86' lang='lat' dir='ltr'><strong>in</strong></span> <span class='ocrx_word' id='word_1_632' title='bbox 1582 1855 1666 1889; x_wconf 79' lang='lat' dir='ltr'><strong>Epist.</strong></span> <span class='ocrx_word' id='word_1_633' title='bbox 1688 1856 1723 1882; x_wconf 82' lang='lat' dir='ltr'><strong>nd</strong></span> <span class='ocrx_word' id='word_1_634' title='bbox 1745 1854 1805 1882; x_wconf 84' lang='lat' dir='ltr'><strong>Gal.</strong></span> <span class='ocrx_word' id='word_1_635' title='bbox 1823 1862 1853 1887; x_wconf 88' lang='lat' dir='ltr'><strong>v,</strong></span> 
     </span>
    </p>
   </div>
   <div class='ocr_carea' id='block_1_85' title="bbox 1068 1900 1850 1937">
    <p class='ocr_par' dir='ltr' id='par_1_85' title="bbox 1068 1900 1850 1937">
     <span class='ocr_line' id='line_1_85' title="bbox 1068 1900 1850 1937; baseline -0.001 -8"><span class='ocrx_word' id='word_1_636' title='bbox 1068 1902 1099 1929; x_wconf 81' lang='grc' dir='ltr'><strong><em>Π</em></strong></span> <span class='ocrx_word' id='word_1_637' title='bbox 1118 1911 1126 1929; x_wconf 89' lang='lat'><strong>:</strong></span> <span class='ocrx_word' id='word_1_638' title='bbox 1150 1911 1158 1928; x_wconf 82' lang='grc' dir='ltr'><strong>ι</strong></span> <span class='ocrx_word' id='word_1_639' title='bbox 1177 1902 1247 1929; x_wconf 82' lang='lat' dir='ltr'><strong>Caro</strong></span> <span class='ocrx_word' id='word_1_640' title='bbox 1268 1902 1449 1937; x_wconf 67' lang='lat' dir='ltr'><strong>praesentibus</strong></span> <span class='ocrx_word' id='word_1_641' title='bbox 1477 1902 1630 1929; x_wconf 87' lang='lat' dir='ltr'><strong>delectatur</strong></span> <span class='ocrx_word' id='word_1_642' title='bbox 1656 1906 1684 1928; x_wconf 90' lang='lat' dir='ltr'><strong>et</strong></span> <span class='ocrx_word' id='word_1_643' title='bbox 1708 1900 1850 1933; x_wconf 83' lang='lat' dir='ltr'><strong>brevibus;</strong></span> 
     </span>
    </p>
   </div>
   <div class='ocr_carea' id='block_1_86' title="bbox 1068 1946 1852 1983">
    <p class='ocr_par' dir='ltr' id='par_1_86' title="bbox 1068 1946 1852 1983">
     <span class='ocr_line' id='line_1_86' title="bbox 1068 1946 1852 1983; baseline -0.003 -8"><span class='ocrx_word' id='word_1_644' title='bbox 1068 1948 1180 1982; x_wconf 84' lang='lat' dir='ltr'><strong>spiritus</strong></span> <span class='ocrx_word' id='word_1_645' title='bbox 1194 1948 1332 1983; x_wconf 83' lang='lat' dir='ltr'><strong>perpetuis</strong></span> <span class='ocrx_word' id='word_1_646' title='bbox 1346 1952 1373 1974; x_wconf 87' lang='lat' dir='ltr'><strong>et</strong></span> <span class='ocrx_word' id='word_1_647' title='bbox 1385 1947 1495 1974; x_wconf 86' lang='lat' dir='ltr'><strong>futuris.</strong></span> <span class='ocrx_word' id='word_1_648' title='bbox 1510 1946 1583 1974; x_wconf 87' lang='lat' dir='ltr'><strong>Inter</strong></span> <span class='ocrx_word' id='word_1_649' title='bbox 1597 1947 1648 1974; x_wconf 88' lang='lat' dir='ltr'><strong>hoc</strong></span> <span class='ocrx_word' id='word_1_650' title='bbox 1661 1946 1782 1981; x_wconf 84' lang='lat' dir='ltr'><strong>iurgium</strong></span> <span class='ocrx_word' id='word_1_651' title='bbox 1795 1954 1852 1974; x_wconf 88' lang='lat' dir='ltr'><strong>me-</strong></span> 
     </span>
    </p>
   </div>
   <div class='ocr_carea' id='block_1_87' title="bbox 1069 1992 1852 2028">
    <p class='ocr_par' dir='ltr' id='par_1_87' title="bbox 1069 1992 1852 2028">
     <span class='ocr_line' id='line_1_87' title="bbox 1069 1992 1852 2028; baseline -0.001 -9"><span class='ocrx_word' id='word_1_652' title='bbox 1069 1993 1112 2020; x_wconf 91' lang='lat' dir='ltr'><strong>dia</strong></span> <span class='ocrx_word' id='word_1_653' title='bbox 1130 1993 1219 2020; x_wconf 88' lang='lat' dir='ltr'><strong>anima</strong></span> <span class='ocrx_word' id='word_1_654' title='bbox 1234 1993 1368 2024; x_wconf 83' lang='lat' dir='ltr'><strong>consistit,</strong></span> <span class='ocrx_word' id='word_1_655' title='bbox 1383 1993 1487 2020; x_wconf 86' lang='lat' dir='ltr'><strong>habens</strong></span> <span class='ocrx_word' id='word_1_656' title='bbox 1498 1992 1606 2028; x_wconf 84' lang='lat' dir='ltr'><strong>quidem</strong></span> <span class='ocrx_word' id='word_1_657' title='bbox 1619 1992 1645 2019; x_wconf 93' lang='lat' dir='ltr'><strong>in</strong></span> <span class='ocrx_word' id='word_1_658' title='bbox 1659 1999 1708 2019; x_wconf 91' lang='lat' dir='ltr'><strong>sua</strong></span> <span class='ocrx_word' id='word_1_659' title='bbox 1721 1996 1852 2025; x_wconf 86' lang='lat' dir='ltr'><strong>potestate</strong></span> 
     </span>
    </p>
   </div>
   <div class='ocr_carea' id='block_1_88' title="bbox 1069 2038 1850 2073">
    <p class='ocr_par' dir='ltr' id='par_1_88' title="bbox 1069 2038 1850 2073">
     <span class='ocr_line' id='line_1_88' title="bbox 1069 2038 1850 2073; baseline -0.004 -7"><span class='ocrx_word' id='word_1_660' title='bbox 1069 2039 1169 2067; x_wconf 87' lang='lat' dir='ltr'><strong>bonum</strong></span> <span class='ocrx_word' id='word_1_661' title='bbox 1183 2043 1211 2066; x_wconf 88' lang='lat' dir='ltr'><strong>et</strong></span> <span class='ocrx_word' id='word_1_662' title='bbox 1224 2039 1339 2073; x_wconf 79' lang='lat' dir='ltr'><strong>malum;</strong></span> <span class='ocrx_word' id='word_1_663' title='bbox 1358 2039 1426 2067; x_wconf 90' lang='lat' dir='ltr'><strong>velle</strong></span> <span class='ocrx_word' id='word_1_664' title='bbox 1441 2043 1468 2066; x_wconf 87' lang='lat' dir='ltr'><strong>et</strong></span> <span class='ocrx_word' id='word_1_665' title='bbox 1488 2039 1576 2072; x_wconf 88' lang='lat' dir='ltr'><strong>nolle;</strong></span> <span class='ocrx_word' id='word_1_666' title='bbox 1595 2048 1605 2064; x_wconf 81' lang='grc' dir='ltr'><strong>ι</strong></span> <span class='ocrx_word' id='word_1_667' title='bbox 1627 2043 1654 2065; x_wconf 89' lang='lat' dir='ltr'><strong>et</strong></span> <span class='ocrx_word' id='word_1_668' title='bbox 1667 2038 1748 2073; x_wconf 90' lang='lat' dir='ltr'><strong>paulo</strong></span> <span class='ocrx_word' id='word_1_669' title='bbox 1771 2043 1850 2073; x_wconf 85' lang='lat' dir='ltr'><strong>post:</strong></span> 
     </span>
    </p>
   </div>
   <div class='ocr_carea' id='block_1_89' title="bbox 1073 2085 1852 2119">
    <p class='ocr_par' dir='ltr' id='par_1_89' title="bbox 1073 2085 1852 2119">
     <span class='ocr_line' id='line_1_89' title="bbox 1073 2085 1852 2119; baseline -0.001 -7"><span class='ocrx_word' id='word_1_670' title='bbox 1073 2094 1083 2111; x_wconf 74' lang='grc' dir='ltr'><strong>ι</strong></span> <span class='ocrx_word' id='word_1_671' title='bbox 1100 2085 1176 2118; x_wconf 76' lang='lat' dir='ltr'><strong>Quod</strong></span> <span class='ocrx_word' id='word_1_672' title='bbox 1191 2089 1220 2112; x_wconf 87' lang='lat' dir='ltr'><strong>ut</strong></span> <span class='ocrx_word' id='word_1_673' title='bbox 1234 2085 1403 2112; x_wconf 82' lang='lat' dir='ltr'><strong>manifestius</strong></span> <span class='ocrx_word' id='word_1_674' title='bbox 1417 2085 1473 2118; x_wconf 84' lang='lat' dir='ltr'><strong>fiat,</strong></span> <span class='ocrx_word' id='word_1_675' title='bbox 1489 2085 1597 2119; x_wconf 89' lang='lat' dir='ltr'><strong>aliquod</strong></span> <span class='ocrx_word' id='word_1_676' title='bbox 1612 2092 1752 2112; x_wconf 87' lang='lat' dir='ltr'><strong>sumamus</strong></span> <span class='ocrx_word' id='word_1_677' title='bbox 1763 2091 1852 2112; x_wconf 82' lang='lat' dir='ltr'><strong>exem-</strong></span> 
     </span>
    </p>
   </div>
   <div class='ocr_carea' id='block_1_90' title="bbox 1071 2130 1853 2166">
    <p class='ocr_par' dir='ltr' id='par_1_90' title="bbox 1071 2130 1853 2166">
     <span class='ocr_line' id='line_1_90' title="bbox 1071 2130 1853 2166; baseline 0 -8"><span class='ocrx_word' id='word_1_678' title='bbox 1071 2131 1143 2166; x_wconf 91' lang='lat' dir='ltr'><strong>plum</strong></span> <span class='ocrx_word' id='word_1_679' title='bbox 1162 2140 1169 2158; x_wconf 90' lang='lat'><strong>:</strong></span> <span class='ocrx_word' id='word_1_680' title='bbox 1184 2139 1265 2163; x_wconf 85' lang='lat' dir='ltr'><strong>caro,</strong></span> <span class='ocrx_word' id='word_1_681' title='bbox 1281 2136 1370 2164; x_wconf 88' lang='lat' dir='ltr'><strong>terra;</strong></span> <span class='ocrx_word' id='word_1_682' title='bbox 1384 2131 1484 2164; x_wconf 89' lang='lat' dir='ltr'><strong>anima,</strong></span> <span class='ocrx_word' id='word_1_683' title='bbox 1501 2139 1613 2163; x_wconf 85' lang='lat' dir='ltr'><strong>aurum;</strong></span> <span class='ocrx_word' id='word_1_684' title='bbox 1631 2130 1747 2165; x_wconf 81' lang='lat' dir='ltr'><strong>spiritus</strong></span> <span class='ocrx_word' id='word_1_685' title='bbox 1758 2151 1767 2162; x_wconf 91' lang='lat'><strong>,</strong></span> <span class='ocrx_word' id='word_1_686' title='bbox 1786 2130 1853 2165; x_wconf 79' lang='lat' dir='ltr'><strong>ignis</strong></span> 
     </span>
    </p>
   </div>
   <div class='ocr_carea' id='block_1_91' title="bbox 231 2173 1851 2212">
    <p class='ocr_par' dir='ltr' id='par_1_91' title="bbox 231 2173 1851 2212">
     <span class='ocr_line' id='line_1_91' title="bbox 231 2173 1851 2212; baseline 0.002 -12"><span class='ocrx_word' id='word_1_687' title='bbox 231 2173 382 2206; x_wconf 85' lang='lat' dir='ltr'><strong>Christum,</strong></span> <span class='ocrx_word' id='word_1_688' title='bbox 401 2174 422 2201; x_wconf 89' lang='lat' dir='ltr'><strong>si</strong></span> <span class='ocrx_word' id='word_1_689' title='bbox 439 2179 528 2201; x_wconf 90' lang='lat' dir='ltr'><strong>tamen</strong></span> <span class='ocrx_word' id='word_1_690' title='bbox 544 2174 617 2201; x_wconf 92' lang='lat' dir='ltr'><strong>illum</strong></span> <span class='ocrx_word' id='word_1_691' title='bbox 630 2174 753 2208; x_wconf 87' lang='lat' dir='ltr'><strong>audistis,</strong></span> <span class='ocrx_word' id='word_1_692' title='bbox 775 2179 803 2201; x_wconf 92' lang='lat' dir='ltr'><strong>et</strong></span> <span class='ocrx_word' id='word_1_693' title='bbox 816 2174 841 2201; x_wconf 94' lang='lat' dir='ltr'><strong>iu</strong></span> <span class='ocrx_word' id='word_1_694' title='bbox 857 2174 916 2210; x_wconf 92' lang='lat' dir='ltr'><strong>ipso</strong></span> <span class='ocrx_word' id='word_1_695' title='bbox 931 2174 1018 2202; x_wconf 85' lang='lat' dir='ltr'><strong>edocti</strong></span> <span class='ocrx_word' id='word_1_696' title='bbox 1035 2185 1057 2212; x_wconf 79' lang='grc' dir='ltr'>ι)</span> <span class='ocrx_word' id='word_1_697' title='bbox 1072 2182 1192 2206; x_wconf 89' lang='lat' dir='ltr'><strong>vocetur.</strong></span> <span class='ocrx_word' id='word_1_698' title='bbox 1209 2177 1332 2211; x_wconf 86' lang='lat' dir='ltr'><strong>Quandiu</strong></span> <span class='ocrx_word' id='word_1_699' title='bbox 1349 2185 1445 2204; x_wconf 84' lang='lat' dir='ltr'><strong>aurum</strong></span> <span class='ocrx_word' id='word_1_700' title='bbox 1461 2177 1543 2204; x_wconf 85' lang='lat' dir='ltr'><strong>fuerit</strong></span> <span class='ocrx_word' id='word_1_701' title='bbox 1557 2178 1584 2204; x_wconf 94' lang='lat' dir='ltr'><strong>in</strong></span> <span class='ocrx_word' id='word_1_702' title='bbox 1604 2182 1676 2204; x_wconf 86' lang='lat' dir='ltr'><strong>terra</strong></span> <span class='ocrx_word' id='word_1_703' title='bbox 1691 2177 1780 2212; x_wconf 84' lang='lat' dir='ltr'><strong>perdit</strong></span> <span class='ocrx_word' id='word_1_704' title='bbox 1804 2184 1851 2203; x_wconf 83' lang='lat' dir='ltr'><strong>vo-</strong></span> 
     </span>
    </p>
   </div>
   <div class='ocr_carea' id='block_1_92' title="bbox 231 2219 1019 2256">
    <p class='ocr_par' dir='ltr' id='par_1_92' title="bbox 231 2219 1019 2256">
     <span class='ocr_line' id='line_1_92' title="bbox 231 2219 1019 2256; baseline 0.003 -10"><span class='ocrx_word' id='word_1_705' title='bbox 231 2220 312 2254; x_wconf 86' lang='lat' dir='ltr'><strong>estis,</strong></span> <span class='ocrx_word' id='word_1_706' title='bbox 330 2221 401 2247; x_wconf 89' lang='lat' dir='ltr'><strong>sicut</strong></span> <span class='ocrx_word' id='word_1_707' title='bbox 414 2225 456 2247; x_wconf 91' lang='lat' dir='ltr'><strong>est</strong></span> <span class='ocrx_word' id='word_1_708' title='bbox 467 2220 569 2247; x_wconf 85' lang='lat' dir='ltr'><strong>veritas</strong></span> <span class='ocrx_word' id='word_1_709' title='bbox 585 2219 611 2247; x_wconf 91' lang='lat' dir='ltr'><strong>in</strong></span> <span class='ocrx_word' id='word_1_710' title='bbox 635 2219 710 2247; x_wconf 88' lang='lat' dir='ltr'><strong>.lesu.</strong></span> <span class='ocrx_word' id='word_1_711' title='bbox 736 2220 877 2256; x_wconf 89' lang='lat' dir='ltr'><strong>Deponere</strong></span> <span class='ocrx_word' id='word_1_712' title='bbox 902 2228 949 2248; x_wconf 90' lang='lat' dir='ltr'><strong>vos</strong></span> <span class='ocrx_word' id='word_1_713' title='bbox 974 2228 1019 2248; x_wconf 87' lang='lat' dir='ltr'><strong>se-</strong></span> 
     </span>
    </p>
   </div>
   <div class='ocr_carea' id='block_1_93' title="bbox 234 2265 1018 2300">
    <p class='ocr_par' dir='ltr' id='par_1_93' title="bbox 234 2265 1018 2300">
     <span class='ocr_line' id='line_1_93' title="bbox 234 2265 1018 2300; baseline 0.003 -8"><span class='ocrx_word' id='word_1_714' title='bbox 234 2265 351 2292; x_wconf 82' lang='lat' dir='ltr'><strong>cundant</strong></span> <span class='ocrx_word' id='word_1_715' title='bbox 364 2265 508 2300; x_wconf 83' lang='lat' dir='ltr'><strong>pristinam</strong></span> <span class='ocrx_word' id='word_1_716' title='bbox 526 2266 763 2293; x_wconf 84' lang='lat' dir='ltr'><strong>conversationem</strong></span> <span class='ocrx_word' id='word_1_717' title='bbox 785 2271 905 2294; x_wconf 87' lang='lat' dir='ltr'><strong>veterem</strong></span> <span class='ocrx_word' id='word_1_718' title='bbox 929 2267 1018 2294; x_wconf 80' lang='lat' dir='ltr'><strong>homi-</strong></span> 
     </span>
    </p>
   </div>
   <div class='ocr_carea' id='block_1_94' title="bbox 236 2311 1017 2345">
    <p class='ocr_par' dir='ltr' id='par_1_94' title="bbox 236 2311 1017 2345">
     <span class='ocr_line' id='line_1_94' title="bbox 236 2311 1017 2345; baseline 0.004 -8"><span class='ocrx_word' id='word_1_719' title='bbox 236 2318 309 2341; x_wconf 88' lang='lat' dir='ltr'><strong>nem,</strong></span> <span class='ocrx_word' id='word_1_720' title='bbox 321 2311 366 2344; x_wconf 85' lang='lat' dir='ltr'><strong>qui</strong></span> <span class='ocrx_word' id='word_1_721' title='bbox 382 2311 567 2345; x_wconf 87' lang='lat' dir='ltr'><strong>corrumpitur</strong></span> <span class='ocrx_word' id='word_1_722' title='bbox 584 2311 733 2339; x_wconf 89' lang='lat' dir='ltr'><strong>secundum</strong></span> <span class='ocrx_word' id='word_1_723' title='bbox 748 2311 883 2339; x_wconf 88' lang='lat' dir='ltr'><strong>desideria</strong></span> <span class='ocrx_word' id='word_1_724' title='bbox 905 2313 1017 2340; x_wconf 86' lang='lat' dir='ltr'><strong>erroris.</strong></span> 
     </span>
    </p>
   </div>
   <div class='ocr_carea' id='block_1_95' title="bbox 236 2354 1020 2391">
    <p class='ocr_par' dir='ltr' id='par_1_95' title="bbox 236 2354 1020 2391">
     <span class='ocr_line' id='line_1_95' title="bbox 236 2354 1020 2391; baseline 0.005 -9"><span class='ocrx_word' id='word_1_725' title='bbox 236 2354 414 2382; x_wconf 79' lang='lat' dir='ltr'><strong>Renovamini</strong></span> <span class='ocrx_word' id='word_1_726' title='bbox 426 2361 515 2382; x_wconf 89' lang='lat' dir='ltr'><strong>autem</strong></span> <span class='ocrx_word' id='word_1_727' title='bbox 529 2357 624 2391; x_wconf 90' lang='lat' dir='ltr'><strong>spiritu</strong></span> <span class='ocrx_word' id='word_1_728' title='bbox 641 2357 739 2384; x_wconf 85' lang='lat' dir='ltr'><strong>mentis</strong></span> <span class='ocrx_word' id='word_1_729' title='bbox 750 2362 857 2390; x_wconf 67' lang='lat' dir='ltr'><strong>vestrae,</strong></span> <span class='ocrx_word' id='word_1_730' title='bbox 874 2364 902 2385; x_wconf 89' lang='lat' dir='ltr'><strong>et</strong></span> <span class='ocrx_word' id='word_1_731' title='bbox 917 2359 1020 2386; x_wconf 89' lang='lat' dir='ltr'><strong>induite</strong></span> 
     </span>
    </p>
   </div>
   <div class='ocr_carea' id='block_1_96' title="bbox 236 2401 1021 2438">
    <p class='ocr_par' dir='ltr' id='par_1_96' title="bbox 236 2401 1021 2438">
     <span class='ocr_line' id='line_1_96' title="bbox 236 2401 1021 2438; baseline 0.003 -10"><span class='ocrx_word' id='word_1_732' title='bbox 236 2408 337 2429; x_wconf 90' lang='lat' dir='ltr'><strong>novum</strong></span> <span class='ocrx_word' id='word_1_733' title='bbox 355 2401 509 2434; x_wconf 88' lang='lat' dir='ltr'><strong>hominem;</strong></span> <span class='ocrx_word' id='word_1_734' title='bbox 529 2411 538 2427; x_wconf 80' lang='grc' dir='ltr'><strong>ι</strong></span> <span class='ocrx_word' id='word_1_735' title='bbox 556 2406 583 2428; x_wconf 89' lang='lat' dir='ltr'><strong>et</strong></span> <span class='ocrx_word' id='word_1_736' title='bbox 599 2402 645 2428; x_wconf 89' lang='lat' dir='ltr'><strong>illo</strong></span> <span class='ocrx_word' id='word_1_737' title='bbox 665 2401 675 2429; x_wconf 99' lang='grc'><strong>1</strong></span> <span class='ocrx_word' id='word_1_738' title='bbox 691 2402 847 2435; x_wconf 88' lang='lat' dir='ltr'><strong>Tltessal.v,</strong></span> <span class='ocrx_word' id='word_1_739' title='bbox 862 2403 912 2430; x_wconf 78' lang='lat'><strong>9.5:</strong></span> <span class='ocrx_word' id='word_1_740' title='bbox 925 2412 934 2429; x_wconf 71' lang='grc' dir='ltr'><strong>ε</strong></span> <span class='ocrx_word' id='word_1_741' title='bbox 962 2403 1021 2438; x_wconf 86' lang='lat' dir='ltr'><strong>Ipse</strong></span> 
     </span>
    </p>
   </div>
   <div class='ocr_carea' id='block_1_97' title="bbox 237 2446 1022 2483">
    <p class='ocr_par' dir='ltr' id='par_1_97' title="bbox 237 2446 1022 2483">
     <span class='ocr_line' id='line_1_97' title="bbox 237 2446 1022 2483; baseline 0.004 -10"><span class='ocrx_word' id='word_1_742' title='bbox 237 2451 328 2474; x_wconf 84' lang='lat' dir='ltr'><strong>autent</strong></span> <span class='ocrx_word' id='word_1_743' title='bbox 341 2446 412 2474; x_wconf 87' lang='lat' dir='ltr'><strong>Deus</strong></span> <span class='ocrx_word' id='word_1_744' title='bbox 426 2447 500 2482; x_wconf 78' lang='lat' dir='ltr'><strong>pacis</strong></span> <span class='ocrx_word' id='word_1_745' title='bbox 513 2448 667 2475; x_wconf 86' lang='lat' dir='ltr'><strong>sanctitlcet</strong></span> <span class='ocrx_word' id='word_1_746' title='bbox 680 2455 728 2476; x_wconf 91' lang='lat' dir='ltr'><strong>vos</strong></span> <span class='ocrx_word' id='word_1_747' title='bbox 741 2456 790 2483; x_wconf 89' lang='lat' dir='ltr'><strong>per</strong></span> <span class='ocrx_word' id='word_1_748' title='bbox 803 2449 895 2476; x_wconf 86' lang='lat' dir='ltr'><strong>omnia</strong></span> <span class='ocrx_word' id='word_1_749' title='bbox 913 2460 918 2477; x_wconf 92' lang='lat'>:</span> <span class='ocrx_word' id='word_1_750' title='bbox 936 2455 964 2476; x_wconf 91' lang='lat' dir='ltr'><strong>ut</strong></span> <span class='ocrx_word' id='word_1_751' title='bbox 980 2450 1022 2476; x_wconf 91' lang='lat' dir='ltr'><strong>iu-</strong></span> 
     </span>
    </p>
   </div>
   <div class='ocr_carea' id='block_1_98' title="bbox 235 2493 1023 2530">
    <p class='ocr_par' dir='ltr' id='par_1_98' title="bbox 235 2493 1023 2530">
     <span class='ocr_line' id='line_1_98' title="bbox 235 2493 1023 2530; baseline 0.004 -11"><span class='ocrx_word' id='word_1_752' title='bbox 235 2497 314 2528; x_wconf 82' lang='lat' dir='ltr'><strong>teger</strong></span> <span class='ocrx_word' id='word_1_753' title='bbox 329 2493 443 2528; x_wconf 87' lang='lat' dir='ltr'><strong>spiritus</strong></span> <span class='ocrx_word' id='word_1_754' title='bbox 460 2499 560 2526; x_wconf 87' lang='lat' dir='ltr'><strong>vester,</strong></span> <span class='ocrx_word' id='word_1_755' title='bbox 574 2498 600 2521; x_wconf 94' lang='lat' dir='ltr'><strong>et</strong></span> <span class='ocrx_word' id='word_1_756' title='bbox 615 2494 716 2527; x_wconf 88' lang='lat' dir='ltr'><strong>anima,</strong></span> <span class='ocrx_word' id='word_1_757' title='bbox 733 2499 760 2521; x_wconf 91' lang='lat' dir='ltr'><strong>et</strong></span> <span class='ocrx_word' id='word_1_758' title='bbox 773 2502 871 2529; x_wconf 89' lang='lat' dir='ltr'><strong>corpus</strong></span> <span class='ocrx_word' id='word_1_759' title='bbox 885 2495 945 2522; x_wconf 86' lang='lat' dir='ltr'><strong>sine</strong></span> <span class='ocrx_word' id='word_1_760' title='bbox 959 2503 1023 2530; x_wconf 81' lang='lat' dir='ltr'><strong>que-</strong></span> 
     </span>
    </p>
   </div>
   <div class='ocr_carea' id='block_1_99' title="bbox 237 2538 1021 2569">
    <p class='ocr_par' dir='ltr' id='par_1_99' title="bbox 237 2538 1021 2569">
     <span class='ocr_line' id='line_1_99' title="bbox 237 2538 1021 2569; baseline 0.003 -3"><span class='ocrx_word' id='word_1_761' title='bbox 237 2539 294 2566; x_wconf 80' lang='lat' dir='ltr'><strong>rela</strong></span> <span class='ocrx_word' id='word_1_762' title='bbox 311 2538 337 2565; x_wconf 91' lang='lat' dir='ltr'><strong>in</strong></span> <span class='ocrx_word' id='word_1_763' title='bbox 353 2539 470 2566; x_wconf 88' lang='lat' dir='ltr'><strong>adventu</strong></span> <span class='ocrx_word' id='word_1_764' title='bbox 485 2539 591 2566; x_wconf 88' lang='lat' dir='ltr'><strong>Domini</strong></span> <span class='ocrx_word' id='word_1_765' title='bbox 604 2539 690 2566; x_wconf 87' lang='lat' dir='ltr'><strong>nostri</strong></span> <span class='ocrx_word' id='word_1_766' title='bbox 714 2539 777 2567; x_wconf 89' lang='lat' dir='ltr'><strong>.lesu</strong></span> <span class='ocrx_word' id='word_1_767' title='bbox 803 2540 903 2568; x_wconf 83' lang='lat' dir='ltr'><strong>Christi</strong></span> <span class='ocrx_word' id='word_1_768' title='bbox 929 2548 1021 2569; x_wconf 85' lang='lat' dir='ltr'><strong>serve-</strong></span> 
     </span>
    </p>
   </div>
   <div class='ocr_carea' id='block_1_100' title="bbox 238 2584 1026 2616">
    <p class='ocr_par' dir='ltr' id='par_1_100' title="bbox 238 2584 1026 2616">
     <span class='ocr_line' id='line_1_100' title="bbox 238 2584 1026 2616; baseline 0.004 -6"><span class='ocrx_word' id='word_1_769' title='bbox 238 2589 298 2614; x_wconf 82' lang='lat' dir='ltr'><strong>tur;</strong></span> <span class='ocrx_word' id='word_1_770' title='bbox 311 2593 321 2611; x_wconf 83' lang='grc' dir='ltr'><strong>ι</strong></span> <span class='ocrx_word' id='word_1_771' title='bbox 341 2589 368 2612; x_wconf 92' lang='lat' dir='ltr'><strong>et</strong></span> <span class='ocrx_word' id='word_1_772' title='bbox 381 2585 427 2612; x_wconf 93' lang='lat' dir='ltr'><strong>illo</strong></span> <span class='ocrx_word' id='word_1_773' title='bbox 443 2584 525 2612; x_wconf 88' lang='lat' dir='ltr'><strong>Hebr.</strong></span> <span class='ocrx_word' id='word_1_774' title='bbox 543 2593 581 2616; x_wconf 81' lang='lat' dir='ltr'><strong>Iv.</strong></span> <span class='ocrx_word' id='word_1_775' title='bbox 598 2585 631 2612; x_wconf 76' lang='grc'>12</span> <span class='ocrx_word' id='word_1_776' title='bbox 647 2593 653 2611; x_wconf 93' lang='lat'>:</span> <span class='ocrx_word' id='word_1_777' title='bbox 673 2593 684 2610; x_wconf 69' lang='grc' dir='ltr'>ε</span> <span class='ocrx_word' id='word_1_778' title='bbox 697 2585 779 2612; x_wconf 82' lang='lat' dir='ltr'><strong>Vivus</strong></span> <span class='ocrx_word' id='word_1_779' title='bbox 797 2591 840 2613; x_wconf 88' lang='lat' dir='ltr'><strong>est</strong></span> <span class='ocrx_word' id='word_1_780' title='bbox 850 2586 922 2613; x_wconf 93' lang='lat' dir='ltr'><strong>enim</strong></span> <span class='ocrx_word' id='word_1_781' title='bbox 935 2593 1026 2613; x_wconf 87' lang='lat' dir='ltr'><strong>sermo</strong></span> 
     </span>
    </p>
   </div>
   <div class='ocr_carea' id='block_1_101' title="bbox 240 2629 1022 2665">
    <p class='ocr_par' dir='ltr' id='par_1_101' title="bbox 240 2629 1022 2665">
     <span class='ocr_line' id='line_1_101' title="bbox 240 2629 1022 2665; baseline 0.003 -9"><span class='ocrx_word' id='word_1_782' title='bbox 240 2630 289 2657; x_wconf 83' lang='lat' dir='ltr'><strong>Dei</strong></span> <span class='ocrx_word' id='word_1_783' title='bbox 303 2634 330 2657; x_wconf 89' lang='lat' dir='ltr'><strong>et</strong></span> <span class='ocrx_word' id='word_1_784' title='bbox 340 2629 445 2662; x_wconf 74' lang='lat' dir='ltr'><strong>efﬁcax,</strong></span> <span class='ocrx_word' id='word_1_785' title='bbox 458 2634 485 2657; x_wconf 87' lang='lat' dir='ltr'><strong>et</strong></span> <span class='ocrx_word' id='word_1_786' title='bbox 495 2630 692 2665; x_wconf 86' lang='lat' dir='ltr'><strong>penetrabilior</strong></span> <span class='ocrx_word' id='word_1_787' title='bbox 701 2630 774 2657; x_wconf 91' lang='lat' dir='ltr'><strong>omni</strong></span> <span class='ocrx_word' id='word_1_788' title='bbox 789 2631 879 2665; x_wconf 85' lang='lat' dir='ltr'><strong>gladio</strong></span> <span class='ocrx_word' id='word_1_789' title='bbox 890 2631 1002 2665; x_wconf 87' lang='lat' dir='ltr'><strong>ancipiti</strong></span> <span class='ocrx_word' id='word_1_790' title='bbox 1015 2639 1022 2658; x_wconf 92' lang='lat'><strong>:</strong></span> 
     </span>
    </p>
   </div>
   <div class='ocr_carea' id='block_1_102' title="bbox 240 2676 1026 2712">
    <p class='ocr_par' dir='ltr' id='par_1_102' title="bbox 240 2676 1026 2712">
     <span class='ocr_line' id='line_1_102' title="bbox 240 2676 1026 2712; baseline 0 -8"><span class='ocrx_word' id='word_1_791' title='bbox 240 2681 269 2704; x_wconf 91' lang='lat' dir='ltr'><strong>et</strong></span> <span class='ocrx_word' id='word_1_792' title='bbox 283 2677 441 2712; x_wconf 88' lang='lat' dir='ltr'><strong>pertingens</strong></span> <span class='ocrx_word' id='word_1_793' title='bbox 455 2684 540 2712; x_wconf 84' lang='lat' dir='ltr'><strong>usque</strong></span> <span class='ocrx_word' id='word_1_794' title='bbox 553 2677 587 2704; x_wconf 89' lang='lat' dir='ltr'><strong>ad</strong></span> <span class='ocrx_word' id='word_1_795' title='bbox 602 2676 765 2704; x_wconf 88' lang='lat' dir='ltr'><strong>divisionem</strong></span> <span class='ocrx_word' id='word_1_796' title='bbox 783 2677 880 2704; x_wconf 65' lang='lat' dir='ltr'><strong>animae</strong></span> <span class='ocrx_word' id='word_1_797' title='bbox 894 2681 922 2705; x_wconf 88' lang='lat' dir='ltr'><strong>et</strong></span> <span class='ocrx_word' id='word_1_798' title='bbox 943 2677 1026 2712; x_wconf 88' lang='lat' dir='ltr'><strong>spiri-</strong></span> 
     </span>
    </p>
   </div>
   <div class='ocr_carea' id='block_1_103' title="bbox 241 2723 1025 2758">
    <p class='ocr_par' dir='ltr' id='par_1_103' title="bbox 241 2723 1025 2758">
     <span class='ocr_line' id='line_1_103' title="bbox 241 2723 1025 2758; baseline 0.003 -8"><span class='ocrx_word' id='word_1_799' title='bbox 241 2727 297 2756; x_wconf 88' lang='lat' dir='ltr'><strong>tus,</strong></span> <span class='ocrx_word' id='word_1_800' title='bbox 314 2730 474 2758; x_wconf 85' lang='lat' dir='ltr'><strong>compagum</strong></span> <span class='ocrx_word' id='word_1_801' title='bbox 487 2730 595 2758; x_wconf 86' lang='lat' dir='ltr'><strong>quoque</strong></span> <span class='ocrx_word' id='word_1_802' title='bbox 606 2731 639 2751; x_wconf 85' lang='lat' dir='ltr'><strong>ac</strong></span> <span class='ocrx_word' id='word_1_803' title='bbox 655 2723 852 2758; x_wconf 82' lang='lat' dir='ltr'><strong>medullarum.</strong></span> <span class='ocrx_word' id='word_1_804' title='bbox 878 2728 905 2752; x_wconf 84' lang='lat' dir='ltr'><strong>et</strong></span> <span class='ocrx_word' id='word_1_805' title='bbox 920 2723 1025 2752; x_wconf 85' lang='lat' dir='ltr'><strong>discre-</strong></span> 
     </span>
    </p>
   </div>
   <div class='ocr_carea' id='block_1_104' title="bbox 297 2812 792 2847">
    <p class='ocr_par' dir='ltr' id='par_1_104' title="bbox 297 2812 792 2847">
     <span class='ocr_line' id='line_1_104' title="bbox 297 2812 792 2847; baseline 0 -6"><span class='ocrx_word' id='word_1_806' title='bbox 297 2812 319 2829; x_wconf 82' lang='lat'><strong>&quot;</strong></span> <span class='ocrx_word' id='word_1_807' title='bbox 332 2812 421 2841; x_wconf 84' lang='lat' dir='ltr'><strong>Galat.</strong></span> <span class='ocrx_word' id='word_1_808' title='bbox 438 2820 464 2846; x_wconf 75' lang='grc' dir='ltr'>ν,</span> <span class='ocrx_word' id='word_1_809' title='bbox 479 2814 522 2842; x_wconf 85' lang='lat' dir='ltr'><strong>l7.</strong></span> <span class='ocrx_word' id='word_1_810' title='bbox 559 2815 580 2831; x_wconf 79' lang='grc'><strong>⁶¹</strong></span> <span class='ocrx_word' id='word_1_811' title='bbox 592 2813 674 2843; x_wconf 84' lang='lat' dir='ltr'><strong>Eceli-</strong></span> <span class='ocrx_word' id='word_1_812' title='bbox 690 2821 734 2847; x_wconf 87' lang='lat' dir='ltr'><strong>xv,</strong></span> <span class='ocrx_word' id='word_1_813' title='bbox 750 2813 792 2841; x_wconf 87' lang='lat' dir='ltr'><strong>l7.</strong></span> 
     </span>
    </p>
   </div>
   <div class='ocr_carea' id='block_1_105' title="bbox 1071 2223 1852 2257">
    <p class='ocr_par' dir='ltr' id='par_1_105' title="bbox 1071 2223 1852 2257">
     <span class='ocr_line' id='line_1_105' title="bbox 1071 2223 1852 2257; baseline -0.003 -7"><span class='ocrx_word' id='word_1_814' title='bbox 1071 2223 1196 2250; x_wconf 89' lang='lat' dir='ltr'><strong>cabulnm</strong></span> <span class='ocrx_word' id='word_1_815' title='bbox 1211 2231 1301 2255; x_wconf 88' lang='lat' dir='ltr'><strong>suttm,</strong></span> <span class='ocrx_word' id='word_1_816' title='bbox 1318 2228 1346 2250; x_wconf 91' lang='lat' dir='ltr'><strong>et</strong></span> <span class='ocrx_word' id='word_1_817' title='bbox 1362 2230 1377 2250; x_wconf 88' lang='lat' dir='ltr'><strong>a</strong></span> <span class='ocrx_word' id='word_1_818' title='bbox 1395 2228 1467 2250; x_wconf 89' lang='lat' dir='ltr'><strong>terra</strong></span> <span class='ocrx_word' id='word_1_819' title='bbox 1483 2223 1526 2250; x_wconf 88' lang='lat' dir='ltr'><strong>ctti</strong></span> <span class='ocrx_word' id='word_1_820' title='bbox 1546 2223 1719 2250; x_wconf 85' lang='lat' dir='ltr'><strong>commistum</strong></span> <span class='ocrx_word' id='word_1_821' title='bbox 1732 2227 1792 2253; x_wconf 84' lang='lat' dir='ltr'><strong>est,</strong></span> <span class='ocrx_word' id='word_1_822' title='bbox 1807 2229 1852 2257; x_wconf 90' lang='lat' dir='ltr'><strong>ap-</strong></span> 
     </span>
    </p>
   </div>
   <div class='ocr_carea' id='block_1_106' title="bbox 1071 2267 1852 2303">
    <p class='ocr_par' dir='ltr' id='par_1_106' title="bbox 1071 2267 1852 2303">
     <span class='ocr_line' id='line_1_106' title="bbox 1071 2267 1852 2303; baseline -0.004 -8"><span class='ocrx_word' id='word_1_823' title='bbox 1071 2268 1195 2303; x_wconf 87' lang='lat' dir='ltr'><strong>pellatur.</strong></span> <span class='ocrx_word' id='word_1_824' title='bbox 1219 2268 1286 2295; x_wconf 84' lang='lat' dir='ltr'><strong>Cnnt</strong></span> <span class='ocrx_word' id='word_1_825' title='bbox 1311 2275 1376 2295; x_wconf 80' lang='lat' dir='ltr'><strong>vero</strong></span> <span class='ocrx_word' id='word_1_826' title='bbox 1402 2272 1556 2302; x_wconf 85' lang='lat' dir='ltr'><strong>separatum</strong></span> <span class='ocrx_word' id='word_1_827' title='bbox 1584 2268 1617 2294; x_wconf 88' lang='lat' dir='ltr'><strong>ab</strong></span> <span class='ocrx_word' id='word_1_828' title='bbox 1641 2267 1743 2298; x_wconf 90' lang='lat' dir='ltr'><strong>humo,</strong></span> <span class='ocrx_word' id='word_1_829' title='bbox 1758 2267 1813 2294; x_wconf 87' lang='lat' dir='ltr'><strong>auri</strong></span> <span class='ocrx_word' id='word_1_830' title='bbox 1827 2273 1852 2293; x_wconf 84' lang='lat' dir='ltr'><strong>et</strong></span> 
     </span>
    </p>
   </div>
   <div class='ocr_carea' id='block_1_107' title="bbox 1071 2311 1850 2347">
    <p class='ocr_par' dir='ltr' id='par_1_107' title="bbox 1071 2311 1850 2347">
     <span class='ocr_line' id='line_1_107' title="bbox 1071 2311 1850 2347; baseline -0.004 -7"><span class='ocrx_word' id='word_1_831' title='bbox 1071 2313 1187 2347; x_wconf 88' lang='lat' dir='ltr'><strong>spccient</strong></span> <span class='ocrx_word' id='word_1_832' title='bbox 1204 2318 1231 2340; x_wconf 89' lang='lat' dir='ltr'><strong>et</strong></span> <span class='ocrx_word' id='word_1_833' title='bbox 1243 2320 1338 2341; x_wconf 88' lang='lat' dir='ltr'><strong>nomen</strong></span> <span class='ocrx_word' id='word_1_834' title='bbox 1355 2312 1501 2347; x_wconf 87' lang='lat' dir='ltr'><strong>acceperit,</strong></span> <span class='ocrx_word' id='word_1_835' title='bbox 1517 2319 1611 2338; x_wconf 89' lang='lat' dir='ltr'><strong>aurum</strong></span> <span class='ocrx_word' id='word_1_836' title='bbox 1624 2311 1735 2346; x_wconf 89' lang='lat' dir='ltr'><strong>quidem</strong></span> <span class='ocrx_word' id='word_1_837' title='bbox 1749 2312 1850 2342; x_wconf 86' lang='lat' dir='ltr'><strong>dicitur.</strong></span> 
     </span>
    </p>
   </div>
   <div class='ocr_carea' id='block_1_108' title="bbox 1072 2357 1852 2393">
    <p class='ocr_par' dir='ltr' id='par_1_108' title="bbox 1072 2357 1852 2393">
     <span class='ocr_line' id='line_1_108' title="bbox 1072 2357 1852 2393; baseline -0.005 -6"><span class='ocrx_word' id='word_1_838' title='bbox 1072 2360 1119 2387; x_wconf 83' lang='lat' dir='ltr'><strong>sed</strong></span> <span class='ocrx_word' id='word_1_839' title='bbox 1139 2360 1252 2387; x_wconf 86' lang='lat' dir='ltr'><strong>necdum</strong></span> <span class='ocrx_word' id='word_1_840' title='bbox 1275 2359 1429 2393; x_wconf 90' lang='lat' dir='ltr'><strong>probatum.</strong></span> <span class='ocrx_word' id='word_1_841' title='bbox 1451 2358 1480 2385; x_wconf 89' lang='lat' dir='ltr'><strong>Si</strong></span> <span class='ocrx_word' id='word_1_842' title='bbox 1507 2363 1597 2385; x_wconf 88' lang='lat' dir='ltr'><strong>autem</strong></span> <span class='ocrx_word' id='word_1_843' title='bbox 1624 2364 1673 2390; x_wconf 88' lang='lat' dir='ltr'><strong>per</strong></span> <span class='ocrx_word' id='word_1_844' title='bbox 1700 2357 1788 2390; x_wconf 77' lang='lat' dir='ltr'><strong>ignem</strong></span> <span class='ocrx_word' id='word_1_845' title='bbox 1809 2364 1852 2384; x_wconf 91' lang='lat' dir='ltr'><strong>ex-</strong></span> 
     </span>
    </p>
   </div>
   <div class='ocr_carea' id='block_1_109' title="bbox 1072 2401 1850 2438">
    <p class='ocr_par' dir='ltr' id='par_1_109' title="bbox 1072 2401 1850 2438">
     <span class='ocr_line' id='line_1_109' title="bbox 1072 2401 1850 2438; baseline -0.005 -7"><span class='ocrx_word' id='word_1_846' title='bbox 1072 2409 1180 2432; x_wconf 92' lang='lat' dir='ltr'><strong>coctum</strong></span> <span class='ocrx_word' id='word_1_847' title='bbox 1203 2404 1323 2431; x_wconf 85' lang='lat' dir='ltr'><strong>fueritet</strong></span> <span class='ocrx_word' id='word_1_848' title='bbox 1336 2404 1477 2438; x_wconf 88' lang='lat' dir='ltr'><strong>probatum</strong></span> <span class='ocrx_word' id='word_1_849' title='bbox 1489 2423 1497 2435; x_wconf 96' lang='lat'><strong>,</strong></span> <span class='ocrx_word' id='word_1_850' title='bbox 1511 2407 1575 2429; x_wconf 80' lang='lat' dir='ltr'><strong>tunc</strong></span> <span class='ocrx_word' id='word_1_851' title='bbox 1594 2401 1653 2428; x_wconf 87' lang='lat' dir='ltr'><strong>auri</strong></span> <span class='ocrx_word' id='word_1_852' title='bbox 1674 2402 1850 2436; x_wconf 86' lang='lat' dir='ltr'><strong>splendorem,</strong></span> 
     </span>
    </p>
   </div>
   <div class='ocr_carea' id='block_1_110' title="bbox 1073 2447 1851 2484">
    <p class='ocr_par' dir='ltr' id='par_1_110' title="bbox 1073 2447 1851 2484">
     <span class='ocr_line' id='line_1_110' title="bbox 1073 2447 1851 2484; baseline -0.005 -7"><span class='ocrx_word' id='word_1_853' title='bbox 1073 2456 1100 2477; x_wconf 86' lang='lat' dir='ltr'><strong>et</strong></span> <span class='ocrx_word' id='word_1_854' title='bbox 1114 2455 1229 2478; x_wconf 89' lang='lat' dir='ltr'><strong>ornatus</strong></span> <span class='ocrx_word' id='word_1_855' title='bbox 1248 2450 1289 2477; x_wconf 87' lang='lat' dir='ltr'><strong>sui</strong></span> <span class='ocrx_word' id='word_1_856' title='bbox 1307 2449 1406 2484; x_wconf 87' lang='lat' dir='ltr'><strong>accipit</strong></span> <span class='ocrx_word' id='word_1_857' title='bbox 1424 2449 1594 2484; x_wconf 83' lang='lat' dir='ltr'><strong>dignitatem.</strong></span> <span class='ocrx_word' id='word_1_858' title='bbox 1613 2447 1652 2474; x_wconf 88' lang='lat' dir='ltr'><strong>lla</strong></span> <span class='ocrx_word' id='word_1_859' title='bbox 1669 2452 1698 2474; x_wconf 90' lang='lat' dir='ltr'><strong>et</strong></span> <span class='ocrx_word' id='word_1_860' title='bbox 1713 2448 1803 2474; x_wconf 88' lang='lat' dir='ltr'><strong>anima</strong></span> <span class='ocrx_word' id='word_1_861' title='bbox 1815 2447 1851 2474; x_wconf 82' lang='lat' dir='ltr'><strong>in-</strong></span> 
     </span>
    </p>
   </div>
   <div class='ocr_carea' id='block_1_111' title="bbox 1075 2493 1852 2529">
    <p class='ocr_par' dir='ltr' id='par_1_111' title="bbox 1075 2493 1852 2529">
     <span class='ocr_line' id='line_1_111' title="bbox 1075 2493 1852 2529; baseline -0.004 -7"><span class='ocrx_word' id='word_1_862' title='bbox 1075 2500 1116 2523; x_wconf 89' lang='lat' dir='ltr'><strong>ter</strong></span> <span class='ocrx_word' id='word_1_863' title='bbox 1131 2495 1277 2523; x_wconf 85' lang='lat' dir='ltr'><strong>humanum</strong></span> <span class='ocrx_word' id='word_1_864' title='bbox 1296 2500 1325 2522; x_wconf 89' lang='lat' dir='ltr'><strong>et</strong></span> <span class='ocrx_word' id='word_1_865' title='bbox 1342 2495 1442 2529; x_wconf 82' lang='lat' dir='ltr'><strong>ignem,</strong></span> <span class='ocrx_word' id='word_1_866' title='bbox 1458 2494 1509 2521; x_wconf 89' lang='lat' dir='ltr'><strong>hoc</strong></span> <span class='ocrx_word' id='word_1_867' title='bbox 1522 2498 1564 2521; x_wconf 89' lang='lat' dir='ltr'><strong>est</strong></span> <span class='ocrx_word' id='word_1_868' title='bbox 1579 2494 1649 2520; x_wconf 88' lang='lat' dir='ltr'><strong>inter</strong></span> <span class='ocrx_word' id='word_1_869' title='bbox 1676 2501 1787 2520; x_wconf 89' lang='lat' dir='ltr'><strong>carnem</strong></span> <span class='ocrx_word' id='word_1_870' title='bbox 1803 2493 1852 2526; x_wconf 84' lang='lat' dir='ltr'><strong>spi-</strong></span> 
     </span>
    </p>
   </div>
   <div class='ocr_carea' id='block_1_112' title="bbox 1075 2537 1850 2575">
    <p class='ocr_par' dir='ltr' id='par_1_112' title="bbox 1075 2537 1850 2575">
     <span class='ocr_line' id='line_1_112' title="bbox 1075 2537 1850 2575; baseline -0.005 -8"><span class='ocrx_word' id='word_1_871' title='bbox 1075 2539 1212 2575; x_wconf 89' lang='lat' dir='ltr'><strong>ritumque</strong></span> <span class='ocrx_word' id='word_1_872' title='bbox 1235 2540 1404 2572; x_wconf 82' lang='lat' dir='ltr'><strong>consistens,</strong></span> <span class='ocrx_word' id='word_1_873' title='bbox 1424 2539 1533 2574; x_wconf 92' lang='lat' dir='ltr'><strong>quando</strong></span> <span class='ocrx_word' id='word_1_874' title='bbox 1555 2545 1584 2566; x_wconf 89' lang='lat' dir='ltr'><strong>se</strong></span> <span class='ocrx_word' id='word_1_875' title='bbox 1609 2538 1754 2565; x_wconf 87' lang='lat' dir='ltr'><strong>tradiderit</strong></span> <span class='ocrx_word' id='word_1_876' title='bbox 1774 2537 1850 2569; x_wconf 85' lang='lat' dir='ltr'><strong>carui,</strong></span> 
     </span>
    </p>
   </div>
   <div class='ocr_carea' id='block_1_113' title="bbox 1076 2584 1848 2621">
    <p class='ocr_par' dir='ltr' id='par_1_113' title="bbox 1076 2584 1848 2621">
     <span class='ocr_line' id='line_1_113' title="bbox 1076 2584 1848 2621; baseline -0.005 -8"><span class='ocrx_word' id='word_1_877' title='bbox 1076 2594 1141 2614; x_wconf 89' lang='lat' dir='ltr'><strong>caro</strong></span> <span class='ocrx_word' id='word_1_878' title='bbox 1154 2587 1253 2614; x_wconf 88' lang='lat' dir='ltr'><strong>dicitur</strong></span> <span class='ocrx_word' id='word_1_879' title='bbox 1265 2595 1273 2619; x_wconf 89' lang='lat'><strong>;</strong></span> <span class='ocrx_word' id='word_1_880' title='bbox 1288 2586 1397 2621; x_wconf 89' lang='lat' dir='ltr'><strong>quando</strong></span> <span class='ocrx_word' id='word_1_881' title='bbox 1411 2585 1530 2620; x_wconf 86' lang='lat' dir='ltr'><strong>spiritui,</strong></span> <span class='ocrx_word' id='word_1_882' title='bbox 1546 2584 1660 2618; x_wconf 86' lang='lat' dir='ltr'><strong>spiritus</strong></span> <span class='ocrx_word' id='word_1_883' title='bbox 1672 2584 1825 2619; x_wconf 87' lang='lat' dir='ltr'><strong>appellatur.</strong></span> <span class='ocrx_word' id='word_1_884' title='bbox 1839 2592 1848 2608; x_wconf 88' lang='grc' dir='ltr'><strong>ι</strong></span> 
     </span>
    </p>
   </div>
   <div class='ocr_carea' id='block_1_114' title="bbox 1077 2628 1849 2667">
    <p class='ocr_par' dir='ltr' id='par_1_114' title="bbox 1077 2628 1849 2667">
     <span class='ocr_line' id='line_1_114' title="bbox 1077 2628 1849 2667; baseline -0.005 -9"><span class='ocrx_word' id='word_1_885' title='bbox 1077 2631 1123 2659; x_wconf 82' lang='lat' dir='ltr'><strong>Sic</strong></span> <span class='ocrx_word' id='word_1_886' title='bbox 1149 2637 1176 2659; x_wconf 86' lang='lat' dir='ltr'><strong>et</strong></span> <span class='ocrx_word' id='word_1_887' title='bbox 1215 2632 1381 2667; x_wconf 76' lang='lat' dir='ltr'><strong>Augustinus</strong></span> <span class='ocrx_word' id='word_1_888' title='bbox 1410 2631 1457 2659; x_wconf 90' lang='lat' dir='ltr'><strong>lib.</strong></span> <span class='ocrx_word' id='word_1_889' title='bbox 1480 2638 1497 2658; x_wconf 89' lang='lat' dir='ltr'><strong>x</strong></span> <span class='ocrx_word' id='word_1_890' title='bbox 1521 2629 1560 2656; x_wconf 82' lang='lat' dir='ltr'><strong>De</strong></span> <span class='ocrx_word' id='word_1_891' title='bbox 1587 2628 1681 2656; x_wconf 81' lang='lat' dir='ltr'><strong>Gener.</strong></span> <span class='ocrx_word' id='word_1_892' title='bbox 1707 2629 1742 2656; x_wconf 81' lang='lat' dir='ltr'><strong>ad</strong></span> <span class='ocrx_word' id='word_1_893' title='bbox 1770 2628 1849 2660; x_wconf 67' lang='lat' dir='ltr'><strong>lium,</strong></span> 
     </span>
    </p>
   </div>
   <div class='ocr_carea' id='block_1_115' title="bbox 1077 2675 1849 2712">
    <p class='ocr_par' dir='ltr' id='par_1_115' title="bbox 1077 2675 1849 2712">
     <span class='ocr_line' id='line_1_115' title="bbox 1077 2675 1849 2712; baseline -0.005 -7"><span class='ocrx_word' id='word_1_894' title='bbox 1077 2685 1138 2712; x_wconf 87' lang='lat' dir='ltr'><strong>cap.</strong></span> <span class='ocrx_word' id='word_1_895' title='bbox 1158 2677 1202 2710; x_wconf 71' lang='lat' dir='ltr'><strong>l2,</strong></span> <span class='ocrx_word' id='word_1_896' title='bbox 1218 2679 1335 2705; x_wconf 87' lang='lat' dir='ltr'><strong>animam</strong></span> <span class='ocrx_word' id='word_1_897' title='bbox 1352 2682 1476 2712; x_wconf 86' lang='lat' dir='ltr'><strong>tanquam</strong></span> <span class='ocrx_word' id='word_1_898' title='bbox 1495 2677 1521 2704; x_wconf 94' lang='lat' dir='ltr'><strong>iu</strong></span> <span class='ocrx_word' id='word_1_899' title='bbox 1542 2675 1628 2703; x_wconf 85' lang='lat' dir='ltr'><strong>medio</strong></span> <span class='ocrx_word' id='word_1_900' title='bbox 1641 2675 1777 2711; x_wconf 84' lang='lat' dir='ltr'><strong>pOsitam,</strong></span> <span class='ocrx_word' id='word_1_901' title='bbox 1792 2681 1849 2701; x_wconf 89' lang='lat' dir='ltr'><strong>uou-</strong></span> 
     </span>
    </p>
   </div>
   <div class='ocr_carea' id='block_1_116' title="bbox 1078 2721 1850 2758">
    <p class='ocr_par' dir='ltr' id='par_1_116' title="bbox 1078 2721 1850 2758">
     <span class='ocr_line' id='line_1_116' title="bbox 1078 2721 1850 2758; baseline -0.004 -7"><span class='ocrx_word' id='word_1_902' title='bbox 1078 2731 1216 2758; x_wconf 83' lang='lat' dir='ltr'><strong>nunquam</strong></span> <span class='ocrx_word' id='word_1_903' title='bbox 1234 2731 1248 2751; x_wconf 87' lang='lat' dir='ltr'><strong>a</strong></span> <span class='ocrx_word' id='word_1_904' title='bbox 1264 2731 1345 2752; x_wconf 88' lang='lat' dir='ltr'><strong>carne</strong></span> <span class='ocrx_word' id='word_1_905' title='bbox 1364 2724 1397 2751; x_wconf 82' lang='lat' dir='ltr'><strong>ad</strong></span> <span class='ocrx_word' id='word_1_906' title='bbox 1412 2724 1477 2751; x_wconf 86' lang='lat' dir='ltr'><strong>vitia</strong></span> <span class='ocrx_word' id='word_1_907' title='bbox 1493 2721 1623 2758; x_wconf 86' lang='lat' dir='ltr'><strong>deprimi,</strong></span> <span class='ocrx_word' id='word_1_908' title='bbox 1641 2725 1850 2756; x_wconf 64' lang='lat' dir='ltr'><strong>nonnunquam:</strong></span> 
     </span>
    </p>
   </div>
  </div>
