1912 3079
57 113 106 142 929

461 111 749 141 ORIGENIANORUM
770 111 835 140 LIB.
857 111 890 144 ll,
910 110 989 140 CAP.
1010 109 1042 143 ll,
1062 109 1201 144 QUEST.
1221 108 1278 137 VII.

1624 109 1677 138 950

58 173 153 209 spiritu
176 172 210 200 ad
230 173 355 201 virtutem
380 173 449 208 erigi
474 173 578 202 scribit.
604 173 680 202 Sicut
697 177 787 201 autem
806 172 839 199 ad
854 174 876 203 Α
891 172 963 199 disse
978 171 1079 199 homini
1096 179 1192 199 omnes
1209 171 1333 205 allectus,
1346 177 1497 206 omnesque
1513 175 1602 198 motus
1615 172 1680 206 qui-

59 223 199 253 utratnque
211 223 315 253 partem
327 238 335 251 ,
350 219 480 245 virtutem
494 223 522 246 et
537 219 649 252 vitium,
667 219 777 247 allicere
792 226 841 246 nos

57 265 139 294 bonos
169 272 200 292 ac
227 265 313 293 malos
342 265 453 301 angelos
479 265 546 292 dixit
569 265 701 301 Origenes
728 266 774 293 lib.
791 274 798 293 ι
814 266 842 293 in

58 310 140 345 Epist.
160 312 195 338 ad
217 311 308 344 Rom.,
326 319 400 339 num.
417 312 462 345 18,
478 312 550 339 hunc
565 313 746 347 interpretans
766 312 841 340 Pauli

56 353 141 382 locum
155 355 201 389 qui
219 355 410 384 ltabetanal.
428 364 456 389 v,
473 357 517 389 l7,
538 357 575 384 ita
592 363 731 392 postquam
755 358 781 384 in
797 365 842 384 ea-

55 402 113 429 dem
125 401 199 428 Pauli
213 403 295 429 verba
309 403 476 437 Augustinus
490 411 522 430 ea
535 404 663 431 disseruit
679 411 739 438 qum
759 411 840 438 supra

55 447 190 476 attulimus
203 456 219 476 e
233 456 335 476 Lxmu
355 448 568 482 Qumtionibus,
584 455 680 485 quaest.
696 450 742 482 το,
766 449 842 478 addit

56 494 149 521 deinde
166 502 173 521 :
198 503 208 520 ι
227 493 304 522 Nunc
320 495 438 530 quandiu
456 501 498 523 est
513 496 539 523 in
551 496 629 524 nobis
639 497 710 531 quod
732 497 841 524 resistat

57 540 128 567 boum
141 539 274 567 voluntati
288 560 296 573 ,
311 541 412 568 auxilio
429 541 476 569 Dei
500 549 548 576 per
570 542 655 570 bonos
672 542 794 570 homines
816 546 842 570 et

56 587 135 615 bonos
150 587 263 622 angelos
277 587 442 622 indigemus,
460 593 490 614 ιιι.
503 589 589 615 donec
611 593 722 616 sanetur
744 588 842 616 vulnus

57 638 185 666 nostrum,
204 641 258 661 non
275 634 310 660 ita
321 634 453 667 molestet,
472 639 502 661 ιιι
515 635 630 670 perimat
643 634 726 662 etiam
740 634 840 661 bonam

57 679 229 707 voluntatem.
250 689 260 706 ι
278 679 367 714 Atque
378 681 437 708 haec
454 685 507 707 tam
532 680 634 708 diserte
653 680 723 715 apud
751 681 842 716 Augu-

56 727 151 754 stinum
171 734 301 761 expressa
313 734 363 754 cur
380 727 405 754 in
425 725 543 761 Origene
565 725 755 762 Pelagianismi
773 727 841 754 insi-

57 772 194 800 mulaverit
206 772 363 804 Jansenius,
377 776 416 800 tot
427 779 513 800 annos
528 771 554 800 in
567 771 712 809 Augustini
725 772 842 799 lectione

58 823 195 850 tractatus,
213 818 312 845 mirum
327 825 393 845 sane
408 822 461 845 est.

90 862 154 891 Vlll.
172 863 251 891 Nunc
266 871 330 891 vero
347 868 456 898 propter
477 867 596 891 assertos
620 863 733 891 aifectus
756 863 841 891 bonos
857 857 877 886 Β

58 914 82 936 et
94 911 178 937 malos
190 917 224 937 ex
249 916 331 938 carne
356 909 517 937 naturaliter
541 910 723 944 prodeuntes.
743 910 840 945 jurene

59 958 157 984 venerit
183 957 211 984 in
244 957 347 984 crimen
365 955 509 992 Origenes,
534 957 720 991 anquiramus.
745 957 784 984 Ac
807 957 841 984 de

58 1002 130 1029 malis
154 1001 265 1036 quidem
291 1002 478 1029 contrOversia
504 1001 578 1029 nulla
608 1006 666 1034 est;
699 1002 733 1030 de
762 1003 840 1030 bonis

59 1052 156 1074 tantum
167 1047 350 1075 contenditur.
372 1047 448 1081 Quod
463 1052 609 1082 antequam
633 1048 772 1083 disputare
795 1055 841 1075 or-

58 1091 167 1124 diamur,
191 1091 336 1118 dicendum
353 1097 395 1119 est
419 1090 589 1125 Jansenium,
613 1099 666 1119 non
687 1093 737 1120 hoc
752 1093 839 1120 solttm

59 1135 112 1164 loco
127 1144 206 1171 quem
227 1137 367 1168 diximus.
393 1137 441 1164 sed
465 1138 617 1173 signantius
638 1139 720 1166 etiam
736 1142 802 1166 tom.
817 1138 838 1172 Ι,

59 1181 100 1209 lib.
114 1190 150 1214 vt,
164 1190 224 1217 cap.
242 1182 285 1215 Η,
300 1183 354 1210 vim
378 1183 463 1214 illam.
488 1184 546 1210 sive
572 1189 601 1211 ut
629 1183 684 1219 ipse
708 1184 838 1220 loquitur,

59 1226 242 1255 sufﬁcientiam
263 1227 332 1263 legis
351 1229 484 1256 naturalis
506 1229 686 1264 impugnare;
705 1236 786 1264 quam
811 1235 840 1257 ut

60 1273 89 1300 ab
100 1273 214 1309 Orlgene
229 1275 360 1302 creditam
375 1280 402 1301 et
417 1274 555 1302 defensam
572 1275 655 1302 fuisse
667 1275 767 1303 clarius
778 1284 840 1310 pro-

59 1318 108 1351 bet,
117 1319 171 1347 haec
179 1320 239 1354 ejus
249 1321 331 1347 verba
348 1320 469 1348 recitate
479 1321 525 1348 lib.
542 1329 559 1348 ιι
570 1321 597 1348 in
609 1320 695 1356 Epist.
704 1323 738 1349 ad
751 1322 838 1355 Rom,

60 1373 127 1392 num.
142 1367 174 1399 7,
194 1375 257 1402 pag.
278 1367 331 1395 484
352 1376 359 1395 :
383 1376 393 1393 ι
413 1367 506 1402 Potest
521 1367 597 1401 lieri,
623 1373 652 1395 ut
677 1369 719 1396 vel
738 1377 769 1396 ex
797 1369 840 1397 his

60 1409 100 1443 qui
118 1409 142 1436 in
159 1410 217 1446 lege
229 1416 305 1444 sunt,
325 1411 348 1438 si
360 1411 422 1446 quis
440 1412 614 1446 persuasione
634 1413 742 1447 quidem
763 1421 839 1440 com-

62 1456 128 1483 muni
143 1456 251 1485 Christo
268 1465 321 1484 nou
338 1457 436 1490 credit,
451 1463 578 1492 operetur
593 1463 682 1486 tamen
700 1460 770 1494 quod
793 1460 839 1486 bo-

61 1507 118 1527 num
131 1506 183 1534 est,
198 1501 334 1537 justitiam
353 1507 460 1536 teneat,
492 1503 706 1531 misericordiam
733 1504 835 1539 diligat,

62 1547 206 1574 castitatem
222 1552 251 1575 et
265 1548 463 1575 continentiam
476 1553 576 1580 servet,
593 1549 752 1576 modestiam
768 1537 834 1576 letti-
852 1537 873 1566 θ

60 1594 189 1627 talemque
206 1593 353 1624 custodiat,
369 1598 451 1628 atque
463 1601 544 1620 omne
567 1601 635 1628 opus
657 1593 755 1621 bonum
773 1602 839 1629 ope-

61 1641 144 1670 retur;
175 1638 239 1670 hic,
271 1637 378 1665 etiamsi
405 1638 485 1665 vitam
509 1646 563 1666 non
586 1639 669 1666 habet
690 1643 838 1672 :eternam,

61 1683 117 1716 quia
130 1684 243 1711 credens
258 1684 308 1711 soli
324 1691 386 1711 vero
404 1684 457 1712 Deo
468 1704 476 1716 ,
501 1692 554 1711 non
582 1683 696 1711 credidit
720 1689 748 1712 et
771 1684 840 1712 Filio

61 1728 113 1762 eius
125 1728 185 1757 .lesu
205 1730 325 1762 Christo,
346 1737 426 1764 quem
442 1730 531 1762 misit;
553 1735 643 1758 tamen
664 1730 750 1766 gloria
775 1737 840 1765 ope.

62 1781 113 1802 rum
134 1776 201 1811 ejus,
227 1782 257 1804 et
280 1784 332 1811 pax
354 1781 381 1803 et
402 1776 488 1804 hortor
513 1776 612 1811 poterit
632 1784 685 1804 non
706 1777 805 1811 perire.
825 1786 834 1803 ι

63 1820 141 1856 Atque
153 1830 183 1849 ea
198 1830 265 1851 sane
285 1823 407 1858 nuspiatn
419 1823 452 1849 ad
466 1830 514 1850 eos
531 1823 694 1855 referuntur,
713 1823 759 1858 qui
776 1827 840 1851 sunt

64 1869 107 1893 sub
130 1868 184 1903 lege
211 1875 331 1902 naturae,
359 1869 405 1896 sed
430 1869 463 1896 ad
475 1868 581 1896 .ludazos
601 1869 647 1904 qui
673 1870 840 1904 regebantur

64 1913 178 1942 Mosaicis
191 1915 313 1950 legibus,
328 1923 343 1942 a
359 1916 458 1950 quibus
480 1916 701 1942 absterrebautur
724 1923 738 1942 a
756 1915 838 1950 vitiis,

63 1959 92 1984 ad
101 1960 222 1988 virtutem
233 1961 456 1988 incendebantur.
465 1959 612 1995 Sequentia
628 1967 695 1987 vero
708 1961 740 1987 ad
751 1961 840 1988 ethni-

63 2011 105 2032 cos
117 2012 216 2034 natura:
231 2007 316 2034 solum
333 2007 417 2042 legem
433 2011 573 2034 servantes
587 2006 739 2041 pertinent:
758 2015 767 2032 ι
786 2006 838 2033 Sed

64 2049 211 2084 etGrzecus,
223 2052 248 2079 id
261 2056 303 2079 est
327 2052 444 2086 gentilis,
456 2051 478 2079 si
493 2059 553 2078 cum
566 2051 650 2086 legem
666 2059 718 2078 non
731 2051 840 2084 habeat,

65 2095 115 2130 ipse
128 2098 175 2124 sibi
190 2103 232 2126 est
254 2098 307 2130 lex,
327 2098 474 2126 ostendens
490 2105 557 2132 opus
574 2097 640 2133 legis
654 2097 679 2124 iu
692 2098 772 2125 corde
789 2105 841 2125 suo

65 2146 86 2168 et
97 2144 206 2171 naturali
227 2145 333 2172 ratione
347 2145 486 2177 immotus,
503 2145 572 2171 sicut
585 2144 707 2171 videmus
727 2143 841 2171 nonnul-

66 2187 99 2216 los
109 2197 133 2216 ιιι
146 2191 286 2225 gentibus,
306 2190 347 2218 vel
360 2190 494 2225 justitiam
510 2193 612 2222 teneat,
632 2188 673 2216 vel
685 2189 839 2216 castitatem

65 2241 160 2269 servet,
178 2238 218 2263 vel
234 2237 414 2272 prudentiam,
433 2235 651 2270 temperantiam,
666 2235 841 2262 modestiam-

66 2287 110 2313 que
132 2283 283 2316 custodiat;
310 2283 362 2310 iste
387 2282 450 2309 hcet
479 2281 584 2309 alienus
601 2288 615 2307 a
639 2281 692 2307 vita
718 2281 841 2307 videatur

66 2329 167 2359 eterna,
182 2329 245 2363 quia
259 2336 312 2355 non
325 2328 413 2354 credit
424 2326 545 2359 Christo,
559 2331 586 2353 et
597 2326 699 2352 intrare
713 2332 764 2352 non
777 2332 840 2359 pos-

66 2371 97 2397 sit
116 2372 141 2399 in
167 2381 279 2408 regnum
302 2374 433 2401 ctelorum
452 2372 513 2407 quia
541 2376 650 2399 renatus
668 2379 720 2397 non
744 2376 785 2397 est
806 2378 839 2397 ex

67 2422 128 2450 aqua
141 2423 168 2446 et
183 2420 291 2455 spiritu.
309 2420 416 2446 videtur
435 2424 522 2446 tatnen
548 2417 618 2452 quod
636 2424 683 2451 per
703 2417 759 2444 haec
779 2423 840 2451 quae

67 2462 182 2492 dicuntur
195 2467 230 2494 ab
246 2465 391 2501 Aposwlo,
415 2465 547 2492 bonorum
572 2470 687 2498 operum
714 2462 840 2496 gloriam,

68 2514 89 2534 et
103 2509 239 2544 honorem,
254 2518 280 2539 et
295 2519 388 2546 pacem
403 2512 516 2546 perdere
529 2510 635 2545 penitus
647 2516 699 2535 non
712 2509 807 2543 possit.
824 2517 835 2535 ι

69 2551 181 2585 Pluribus
197 2558 295 2585 deinde
309 2561 497 2592 argumentum
511 2556 580 2582 idem
595 2555 733 2589 expendit.
751 2553 842 2581 Refel-

70 2598 95 2626 lit
117 2609 218 2638 quoque
242 2603 385 2631 .lausenius
418 2609 479 2629 cutn
511 2601 695 2636 superioribus
725 2600 840 2627 alterum

70 2643 147 2674 locum
176 2650 346 2681 Adamantii,
376 2649 422 2684 qui
457 2656 509 2676 non
537 2648 598 2675 sine
630 2647 755 2674 cautione
776 2653 842 2674 sane

71 2695 215 2723 tractandus
231 2701 281 2724 est.
300 2705 310 2722 ι
324 2696 477 2723 Invenietur
493 2695 602 2730 quidem
615 2688 703 2727 Deus,
721 2703 730 2719 ι
753 2694 843 2729 inquit

71 2736 189 2775 Origenes
206 2742 251 2770 lib.
265 2750 293 2770 ιιι
311 2743 337 2769 in
361 2741 445 2778 Epist.
461 2741 494 2768 ad
512 2740 587 2769 Rom.
601 2760 609 2775 ,
624 2748 700 2768 num.
718 2739 744 2774 6,
764 2749 773 2766 ι
792 2741 841 2768 de-

100 2829 121 2845 "
133 2831 208 2861 Rem.
220 2841 252 2867 ιι,
265 2833 307 2862 15.

856 2219 879 2248 D

893 217 942 244 bus
956 217 989 243 ad
1008 217 1134 244 virtutem
1164 217 1213 244 nili
1239 216 1324 251 possit
1348 220 1375 244 et
1400 217 1524 251 progredi
1542 225 1549 244 :
1566 217 1680 252 insuper

891 262 972 289 etiam
991 262 1044 289 vim
1059 261 1171 289 rationis
1190 262 1354 295 inseruisse,
1367 269 1419 297 qua
1437 267 1599 297 agnosceret
1613 262 1677 298 quid

892 308 1001 336 deberet
1029 315 1119 344 agere,
1146 308 1210 343 quid
1233 316 1341 336 cavere.
1371 308 1433 336 ﬂxae
1458 316 1523 344 ergo
1539 309 1679 338 invenitur

892 353 964 381 Dens
978 354 1159 381 communiter
1178 354 1305 381 omnibus
1329 353 1486 381 hominibus
1507 354 1679 389 praestitisse.

892 399 945 427 Sed
960 400 982 427 si
999 400 1041 427 his
1061 400 1180 434 acceptis
1205 399 1286 426 homo
1313 400 1465 433 neglexerit
1490 400 1541 428 iter
1568 400 1680 427 virtutis

892 446 1032 478 incedere,
1059 447 1103 474 cui
1126 454 1159 473 ex
1177 446 1230 473 Deo
1260 446 1325 472 nihil
1344 446 1445 478 deluit,
1468 446 1605 474 invenitur
1621 447 1679 481 ipse

892 493 1009 520 defuisse
1028 492 1061 520 iis
1077 500 1136 528 qua1
1152 500 1165 520 a
1183 493 1238 525 Deo
1250 492 1311 519 data
1328 497 1391 519 sunt
1402 493 1464 520 sibi.
1481 502 1491 518 ι
1509 492 1570 520 llaec
1584 501 1680 528 quam-

893 540 932 566 vis
952 539 1179 574 Pelagianismum
1199 539 1316 574 sapiant,
1332 539 1476 574 genuinam
1490 544 1579 567 tamen
1593 548 1678 574 expo-

892 586 1036 617 sitionem,
1063 592 1177 620 eautque
1200 585 1377 612 orthodoxam
1408 584 1528 619 recipere
1554 589 1677 619 possunt.

892 631 933 658 vel
948 630 1127 666 intelligendo
1143 631 1258 666 gratiam
1273 630 1374 658 homini
1390 631 1480 658 datam
1493 638 1508 658 a
1525 631 1597 664 Deo,
1618 639 1676 666 qua

892 676 977 712 gratia
992 677 1026 704 ad
1041 676 1154 704 salutetu
1171 676 1372 711 adipiscendam
1388 675 1519 710 sulliciat;
1537 677 1579 704 Vel
1595 677 1676 704 intel-

892 722 999 757 ligendo
1023 722 1107 758 legem
1123 727 1238 755 naturae,
1259 721 1338 756 cujus
1358 729 1409 756 ope
1422 722 1504 750 etiam
1527 722 1627 750 ethnici
1642 723 1677 750 ad

891 770 1004 797 virtutes
1024 769 1214 809 morales'niti
1250 773 1383 803 possunt;
1408 777 1462 796 non
1482 769 1516 796 ad
1542 776 1589 796 eas
1617 777 1678 804 quae

892 816 1037 851 quidquam
1054 816 1198 843 conferant
1211 815 1243 842 ad
1265 815 1379 843 salutetur
1397 822 1405 842 :
1425 815 1469 843 hic
1491 815 1564 843 enim
1587 816 1679 850 gravis

891 867 962 890 esset
975 870 1062 895 error,
1077 863 1120 890 cui
1149 862 1209 890 sine
1229 862 1347 890 crimine
1371 862 1541 902 patrocinari
1562 869 1616 890 non
1643 862 1677 890 li-

890 914 975 937 ceret.

925 955 971 982 IX.
989 954 1068 982 Certe
1086 954 1192 990 aliquod
1205 954 1268 982 boni
1284 961 1368 990 genus
1383 962 1417 982 ex
1441 955 1467 981 vi
1484 959 1589 982 natura;
1610 955 1677 983 oriri

890 994 969 1035 posse
981 1005 1136 1027 sanctorum
1153 1000 1263 1027 Patrum
1286 1008 1382 1035 magna
1405 1008 1468 1035 pars
1492 1001 1601 1035 opinata
1623 1007 1676 1035 est,

890 1046 936 1073 sed
952 1046 1115 1080 Augustinus
1129 1046 1290 1080 praesertim,
1303 1045 1381 1079 cujus
1394 1046 1420 1072 in
1433 1045 1587 1080 hujusmodi
1602 1054 1676 1080 qure-

890 1091 1023 1118 stionibus
1041 1091 1178 1126 pra-cipua
1197 1091 1347 1118 auctoritas
1362 1097 1413 1118 est.
1429 1091 1475 1118 Sic
1495 1091 1540 1118 ille
1552 1091 1622 1118 libro
1639 1091 1679 1118 Dc

890 1137 983 1171 spiritu
1001 1143 1023 1164 et
1038 1137 1144 1170 littera,
1160 1145 1222 1172 cap.
1235 1137 1270 1164 27
1287 1146 1293 1165 :
1313 1146 1322 1163 ι
1344 1136 1372 1165 Si
1386 1143 1475 1165 autem
1496 1138 1522 1165 hi
1538 1138 1582 1173 qui
1597 1143 1676 1165 natu-

890 1182 985 1211 raliter
994 1190 1055 1218 qute
1065 1183 1133 1218 legis
1147 1189 1209 1210 sum
1222 1182 1338 1215 faciunt,
1352 1184 1472 1210 nondum
1484 1188 1548 1210 sunt
1559 1183 1676 1211 habendi

890 1230 917 1257 in
934 1236 1048 1257 numero
1063 1237 1157 1257 eorum
1173 1237 1241 1264 quos
1254 1230 1356 1257 Christi
1369 1229 1501 1265 justiticat
1514 1230 1610 1265 gratia,
1629 1230 1677 1257 sed

891 1276 916 1303 in
932 1283 1026 1303 eorum
1043 1275 1148 1310 potius,
1181 1282 1297 1310 quorum
1328 1275 1411 1302 etiam
1435 1275 1601 1309 impiorum,
1627 1283 1678 1302 nec

891 1322 974 1349 Deum
997 1329 1089 1349 verum
1102 1322 1236 1349 veraciter
1245 1321 1372 1357 justeque
1383 1321 1539 1353 colentium,
1551 1321 1675 1356 quaedam

891 1373 980 1395 tamen
997 1367 1067 1396 facta
1081 1367 1123 1395 vel
1139 1367 1261 1404 legimus,
1274 1367 1317 1394 vel
1334 1367 1469 1400 novimus,
1482 1370 1523 1395 vel
1542 1368 1679 1399 audimus.

889 1421 950 1449 quae
971 1413 1118 1441 secundum
1137 1413 1250 1446 iustitiae
1273 1412 1394 1447 regulam
1420 1420 1473 1440 non
1499 1412 1585 1440 solum
1605 1412 1678 1440 vitu-

890 1468 986 1496 perare
1009 1468 1062 1488 non
1077 1467 1230 1494 possumus.
1247 1466 1341 1486 verum
1365 1459 1449 1486 etiam
1467 1459 1567 1486 merito
1593 1464 1681 1487 recte-

890 1514 943 1540 que
964 1506 1104 1533 laudamus
1121 1514 1129 1532 :
1146 1513 1301 1540 quanquam
1322 1505 1344 1532 si
1371 1505 1530 1532 discutiatur
1549 1513 1603 1540 quo
1626 1505 1681 1533 the

892 1553 968 1584 tlant,
987 1552 1032 1583 _vix
1046 1551 1232 1584 inveniuntur,
1247 1559 1306 1586 quae
1318 1550 1432 1585 iustitia:
1444 1550 1560 1578 debitam
1572 1550 1679 1578 laudern

889 1597 1109 1625 defensiouemve
1126 1601 1292 1626 mereantur.
1309 1605 1318 1623 ι
1337 1597 1432 1631 Capite
1443 1597 1540 1624 deinde
1554 1596 1678 1632 sequenti

889 1643 984 1670 scribit
997 1651 1050 1671 non
1068 1651 1154 1677 usque
1167 1644 1234 1670 adeo
1247 1647 1415 1670 terrenormn
1430 1642 1574 1670 aﬂ'ectuum
1591 1642 1677 1670 labem

889 1688 987 1715 animae
999 1688 1125 1715 humanae
1141 1687 1305 1719 incubuisse,
1320 1692 1350 1714 ut
1365 1694 1419 1714 non
1434 1687 1566 1722 impressa
1580 1693 1676 1721 supr-r-

889 1733 943 1760 sint
961 1733 1088 1767 imaginis
1107 1732 1153 1760 Dei
1171 1732 1283 1767 vestigia
1295 1752 1302 1765 ,
1329 1732 1401 1758 unde
1424 1736 1557 1766 praecepta
1587 1731 1678 1766 aliqua

889 1778 955 1813 legis
969 1777 994 1804 in
1007 1778 1063 1812 ipsa
1078 1778 1159 1804 etiam
1172 1777 1307 1810 impietate
1317 1777 1432 1810 exsequi
1451 1779 1492 1803 vet
1507 1783 1604 1811 sapere
1618 1783 1675 1803 me-

890 1823 941 1850 rito
959 1822 1010 1849 dici
1025 1822 1118 1856 possit.
1133 1821 1215 1848 Addit
1227 1824 1321 1856 postea
1337 1820 1423 1855 legem
1441 1820 1489 1848 Dei
1506 1828 1558 1847 non
1572 1820 1680 1855 penitus

889 1876 938 1904 per
950 1873 1087 1904 peccatum
1107 1875 1122 1894 e
1135 1867 1264 1894 cordibus
1281 1867 1383 1894 nostris
1399 1874 1505 1894 erasam
1516 1886 1524 1898 .
1543 1866 1671 1893 renovari

890 1922 937 1950 per
952 1914 1077 1949 gratiam.
1097 1913 1130 1941 Et
1148 1913 1341 1947 postmodum:
1356 1920 1365 1937 ι
1381 1911 1449 1938 Nam
1461 1915 1488 1938 et
1503 1911 1553 1946 ipsi
1571 1910 1678 1946 (ludati)

890 1961 1014 1988 homines
1039 1964 1133 1992 erant,
1149 1964 1177 1987 et
1201 1959 1241 1986 vis
1259 1959 1303 1986 illa
1327 1963 1430 1986 naturae
1452 1958 1541 1985 iuerat
1554 1958 1612 1990 eis,
1625 1965 1678 1993 qua

890 2007 1039 2042 legitimum
1053 2005 1155 2040 aliquid
1173 2005 1263 2032 anima
1281 2003 1423 2031 rationalis
1442 2007 1471 2030 et
1493 2003 1576 2030 sentit
1592 2007 1619 2030 et
1639 2002 1681 2029 l'a-

890 2054 937 2081 cit.
955 2063 964 2080 ι
982 2053 1050 2080 Τιιιιι
1072 2051 1150 2087 paulo
1162 2055 1238 2087 post,
1266 2051 1303 2078 ait
1333 2057 1428 2085 parum
1455 2049 1627 2085 profuturum
1652 2049 1679 2075 in

891 2100 1036 2135 diejudicii
1052 2099 1094 2126 his
1113 2102 1215 2125 natura:
1240 2096 1343 2132 legibus
1369 2095 1506 2130 paruisse,
1534 2095 1586 2122 nisi
1612 2094 1680 2121 forte

891 2146 924 2173 ad
941 2144 1088 2181 mitiganda
1105 2143 1234 2179 supplicia
1252 2151 1281 2169 :t
1295 2141 1452 2169 Sieuteuim
1465 2148 1518 2168 non
1530 2135 1680 2175 impediunt

892 2199 906 2217 a
934 2191 988 2217 vita
1014 2195 1116 2217 :eterna
1136 2189 1237 2223 justum
1263 2188 1387 2222 quaedam
1414 2191 1525 2221 peccata
1549 2185 1678 2217 venialia,

893 2237 951 2265 sine
966 2236 1063 2270 quibus
1079 2236 1134 2263 haec
1152 2235 1204 2262 vita
1230 2241 1282 2261 non
1303 2233 1411 2260 ducitur
1429 2240 1437 2260 :
1456 2232 1495 2260 sic
1510 2231 1544 2259 ad
1565 2231 1679 2258 salutetu

892 2288 1019 2310 aeternam
1037 2282 1101 2309 nihil
1128 2285 1241 2315 prosunt
1266 2279 1348 2314 impio
1365 2278 1457 2313 aliqua
1483 2278 1555 2304 bona
1584 2285 1679 2311 opera,

893 2329 952 2356 sine
964 2328 1062 2364 quibus
1075 2327 1233 2354 dililcillitne
1252 2326 1306 2352 vita
1324 2324 1469 2360 cujuslibet
1493 2324 1604 2356 pessimi
1629 2324 1680 2351 ho-

895 2374 974 2401 minis
1001 2374 1147 2401 invenitur.
1168 2382 1178 2399 ι
1210 2372 1242 2399 Et
1275 2373 1374 2399 iterum
1392 2378 1400 2398 :
1415 2380 1424 2396 ι
1444 2369 1516 2404 Quid
1536 2376 1601 2405 ergo
1618 2368 1681 2397 hinc

893 2420 1038 2454 Apostolus
1057 2418 1163 2446 eﬂicere
1177 2419 1272 2452 voluit,
1291 2420 1362 2453 quod
1379 2416 1535 2453 jactantiam
1550 2416 1681 2443 cohibens

891 2463 1056 2497 Jutlmorum,
1077 2471 1138 2491 cum
1155 2464 1269 2491 dixisset
1284 2471 1291 2490 :
1309 2462 1372 2490 Non
1387 2462 1524 2489 auditores
1537 2461 1602 2495 legit
1611 2460 1679 2494 justi

892 2513 951 2535 sunt
963 2507 1033 2541 apud
1043 2507 1136 2540 Deum,
1153 2507 1198 2534 sed
1211 2507 1328 2542 fartores
1345 2507 1409 2542 legis
1417 2506 1635 2541 jtutiﬁcabuntur
1646 2504 1679 2535 ⁸³,

893 2553 1022 2580 continuo
1038 2552 1151 2586 subjecit
1173 2553 1205 2580 de
1224 2553 1266 2580 his
1289 2553 1335 2588 qui
1361 2553 1447 2586 legem
1472 2558 1525 2577 non
1551 2550 1681 2577 habentes

894 2597 1052 2625 naturaliter
1066 2605 1126 2633 quae
1142 2598 1208 2632 legis
1224 2603 1288 2625 sunt
1304 2598 1425 2627 faciunt,
1452 2595 1474 2623 si
1490 2603 1543 2623 non
1558 2595 1595 2622 illi
1617 2599 1681 2622 sunt

893 2644 1058 2679 intelligendi
1081 2644 1130 2679 qui
1144 2645 1280 2679 pertinent.
1307 2644 1341 2671 ad
1368 2642 1482 2679 gratiam
1508 2640 1679 2672 mediatoris,

893 2692 941 2719 sed
956 2691 993 2718 illi
1011 2691 1108 2726 potius,
1122 2691 1167 2725 qui
1184 2697 1245 2718 cum
1267 2690 1352 2719 Deum
1380 2697 1472 2716 verum
1494 2695 1557 2714 vera
1580 2686 1680 2721 pietate

893 2746 947 2766 non
961 2737 1070 2771 colant,
1095 2737 1196 2765 habent
1214 2743 1303 2765 tamen
1320 2735 1442 2771 quaedam
1465 2740 1547 2770 opera
1562 2732 1633 2760 bona
1649 2731 1678 2760 iu
