1912 3079
235 109 287 138 ’851

847 108 878 135 Ρ.
899 107 1058 136 DANIELIS
1079 108 1194 136 llUETll

1817 108 1868 135 932

241 170 297 196 vita
310 169 411 204 impia?
432 177 442 194 ι
460 167 562 201 Quibus
575 166 673 193 accinit
687 166 844 201 Fulgentius
869 167 896 194 in
916 167 964 194 lib.
981 166 1014 194 De

1068 166 1134 193 Θεοῦ
1144 187 1152 198 ,
1167 166 1214 193 καὶ
1229 165 1259 192 τὸ
1273 166 1358 192 θέλειν
1380 165 1511 200 ἐλάϐομεν
1534 164 1589 191 ἀπὺ
1611 163 1660 191 τοῦ
1676 163 1864 199 δημιουργοῦ.

241 214 419 241 incarnatione
432 218 455 239 et
470 213 557 247 gratia
581 212 690 245 Christi,
713 219 771 246 cap.
788 212 824 240 26
846 220 853 239 :
879 222 888 238 ι
903 213 978 246 Quod
995 214 1017 240 si

241 260 399 295 quibusdam
415 258 640 292 cognoscentibus
657 258 752 290 Deum,
774 266 824 286 nec
849 259 919 286 sicut
935 259 1017 286 Deum

240 305 463 341 gloriﬁcantibus,
475 304 592 339 cognitio
608 304 651 330 illa
664 304 730 331 nihil
740 303 841 338 profuit
852 304 884 331 ad
892 304 1017 336 salutem,

242 350 375 386 quomodo
389 355 532 385 potuerunt
552 350 579 378 bi
598 349 663 384 justi
681 357 741 378 esse
761 350 830 384 apud
853 351 952 382 Deum,
973 351 1018 385 qui

239 397 279 424 sic
296 397 322 423 in
338 396 394 424 suis
408 396 526 423 moribus
541 401 622 430 atque
636 396 762 431 operibus
777 396 904 424 bonitatis
917 397 1018 432 aliquid

239 447 357 474 servant,
376 447 405 469 ut
418 442 468 469 hoc
479 442 512 469 ad
529 443 608 469 linem
624 442 784 470 Christiana:
803 443 862 470 lidei
877 462 885 474 ,
902 443 1019 470 charita-

240 488 329 523 tisque
347 495 398 515 non
411 488 549 515 referant?
570 489 669 523 quibus
691 489 781 523 aliqua
807 489 914 523 quidem
936 489 1017 522 bona,

239 541 299 568 quae
321 534 355 560 ad
381 534 521 561 societatis
545 534 669 561 humana:
693 534 828 569 pertinent
852 535 1018 568 aequitatem.

240 579 330 606 inesse
346 584 476 614 possunt;
493 579 538 606 sed
554 580 616 614 quia
630 587 683 606 non
703 580 834 607 charitate
861 579 908 606 Dei
939 579 1017 612 fiunt,

239 627 367 659 prodesse
392 634 443 653 non
472 631 593 661 possunt.
617 635 626 652 ι
658 625 837 661 Hieronymus
863 633 969 661 quoque
991 627 1018 652 in

241 669 321 697 Isaia-
333 678 406 702 “tv,
427 670 455 701 5,
479 671 573 698 scribit
594 671 700 705 praemia
723 671 883 706 adepturos,
906 671 1019 705 quicun-

240 723 292 750 que
305 716 388 750 legem
405 716 556 743 naturalem
579 717 780 744 observaverint
800 722 851 744 :et
871 717 900 744 in
922 717 1016 744 Ezech.

241 771 317 794 xxix,
334 763 377 793 Π,
394 763 453 788 ait:
467 763 639 790 condemnari
651 771 699 790 nos
716 762 915 799 comparatione
930 765 1018 798 gentl-

241 808 318 840 lium,
335 809 356 835 si
371 808 407 835 illi
423 808 480 842 lege
497 808 598 835 faciant
627 809 751 841 naturali,
766 817 825 844 quas
846 817 895 836 nos
918 809 1016 844 scripta

240 855 412 891 negligiiirus.
440 864 449 880 ι
466 854 635 882 Ρτιειει-ιιιίιιί
659 862 724 882 vero
750 862 803 882 non
831 856 908 882 decet
931 855 1017 882 locum

240 901 324 933 ipsius
339 899 454 926 alterum
470 900 496 926 in
511 898 575 926 Gal.
593 907 636 930 ιιι,
650 899 678 932 2,
693 899 725 926 ad
749 899 800 927 hoc
824 905 949 934 spectans
974 907 1018 926 ar-

239 949 414 979 gumentum,
436 949 463 972 et
482 945 678 980 circumspecte
702 945 896 979 attingendum.
929 954 938 971 ι
964 945 1018 972 Nos

240 990 481 1025 respondebimus,
507 990 610 1026 inquit,
641 991 778 1026 accepisse
807 991 915 1025 quidem
953 999 1013 1018 eum

239 1036 402 1072 (Cornelium
424 1036 619 1071 centurionem)
637 1037 765 1071 Spiritum
790 1036 837 1063 sed
871 1044 904 1063 ex
925 1037 1017 1064 auditu

240 1076 300 1109 fidei
325 1087 354 1108 et
376 1082 490 1109 naturali
513 1082 580 1117 lege,
605 1089 666 1117 qua:
696 1082 817 1116 loquitur
841 1083 866 1110 in
892 1083 1017 1110 cordibus

239 1127 348 1159 nostris,
378 1128 446 1154 bona
473 1135 585 1161 quaeque
611 1127 780 1159 facienda,et
804 1128 911 1154 vitanda
935 1128 1015 1160 mala,

239 1180 287 1207 per
301 1180 379 1207 quam
391 1173 489 1200 dudttm
505 1181 613 1208 quoqtte
630 1173 782 1206 Abraham,
803 1172 893 1200 Mosen
920 1178 946 1200 et
963 1180 1016 1200 cac-

238 1222 312 1245 teros
325 1222 433 1245 sanctos
453 1218 617 1252 iustiﬁcatos
642 1219 783 1246 retulimus
798 1227 805 1245 :
823 1226 903 1252 quam
918 1226 1016 1253 augere

237 1263 365 1298 deinceps
387 1267 474 1297 potest
495 1271 606 1298 operum
629 1265 798 1297 observatio,
821 1264 887 1300 legis
909 1272 1016 1299 quoque

238 1307 353 1341 iustitia,
371 1313 529 1336 nontamen
561 1309 678 1336 carnalis
703 1309 770 1344 legis
794 1317 853 1344 qua:
875 1311 1014 1345 praeteriit,

238 1352 285 1379 sed
300 1353 457 1386 spiritualis,
473 1354 535 1387 quia
550 1355 591 1380 [ex
604 1354 749 1388 rpirituatir
762 1360 799 1381 eu
811 1354 843 1381 “.
859 1363 869 1380 ι

272 1396 307 1423 Χ.
324 1397 387 1430 Quae
397 1405 457 1424 cum
475 1398 508 1424 ita
523 1398 588 1429 sint,
603 1398 739 1426 fatendum
756 1403 797 1426 est
821 1404 908 1427 tamen
932 1400 1015 1428 nimio

237 1443 298 1477 plus
311 1443 454 1476 aliquando
473 1443 598 1471 tribuisse
623 1443 763 1479 Origenem
783 1444 834 1479 legi
855 1450 971 1477 naturar;
988 1451 1014 1474 et

236 1494 297 1522 quae
312 1487 438 1522 peculiari
462 1488 506 1514 Dei
524 1488 622 1516 auxilio
638 1488 818 1521 debebantur,
842 1489 868 1516 in
889 1491 1014 1525 generale

236 1534 367 1560 auxilium
382 1534 586 1568 transcripsisse
602 1543 609 1561 :
628 1534 698 1568 quod
713 1535 821 1562 omnino
843 1535 1012 1571 Pelagianum

237 1583 297 1604 est:
315 1578 387 1605 velut
400 1583 476 1606 actus
492 1578 611 1613 singulos
626 1579 783 1612 voluntatis,
793 1587 861 1614 quos
877 1581 1009 1608 cautiones

238 1623 374 1657 appellant
387 1623 454 1650 :ltos
466 1624 538 1650 enim
555 1623 590 1650 ita
606 1631 653 1650 nos
667 1623 766 1651 habere
780 1632 794 1651 a
811 1625 866 1652 Deo
877 1625 1012 1658 censebat,

236 1673 369 1701 quatenus
385 1669 512 1696 virtutem
526 1669 631 1696 volendi
646 1669 703 1696 sive
721 1669 875 1697 facultatem
892 1670 1014 1698 volunta-

235 1713 271 1740 tis
286 1720 301 1739 a
317 1712 373 1740 Deo
387 1712 526 1740 habemus.
542 1713 578 1740 lta
592 1714 702 1748 exponit
727 1714 790 1741 illud
805 1714 898 1747 Pauli,
913 1715 1011 1750 Philip.

235 1765 267 1791 tt.
282 1758 337 1785 45:
360 1767 369 1784 ι
389 1758 460 1785 Deus
485 1765 527 1786 est
545 1759 616 1786 enim
637 1759 681 1794 qui
701 1764 828 1794 operatur
850 1760 876 1787 in
897 1760 972 1787 vobis
987 1765 1014 1788 et

235 1803 317 1835 Velle,
332 1807 359 1831 et
373 1803 520 1838 perﬁcere,
536 1811 585 1838 pro
600 1804 668 1832 bona
690 1804 846 1832 voluntate:
867 1813 877 1831 ι
895 1812 956 1832 cum
979 1813 1013 1833 ex

235 1851 286 1878 hoc
295 1850 366 1877 enim
381 1850 440 1876 loco
454 1849 643 1877 concluderent
658 1850 777 1877 nonnulli
799 1850 884 1878 libero
901 1858 949 1877 nos
968 1858 1014 1878 ca-

235 1903 295 1923 rere
311 1894 435 1927 arbitrio,
451 1895 582 1929 siquidem
597 1903 628 1921 ex
653 1895 706 1922 Deo
725 1896 874 1930 penderent
890 1895 1013 1922 volunta-

236 1943 270 1969 tis
285 1946 384 1968 nostrze
401 1946 501 1973 motus,
528 1941 568 1968 sic
598 1942 739 1974 respondet
760 1940 891 1976 Origenes
912 1941 959 1968 lib.
983 1949 1012 1968 ιιι

234 1987 273 2014 De
285 1987 407 2021 princip.,
420 1994 479 2021 cap.
495 1987 521 2020 Ι,
539 1995 612 2014 num.
629 1988 662 2014 19
675 1987 730 2022 (41)
753 1995 760 2014 :
775 1987 830 2014 Καὶ
847 1987 914 2023 πρὸς
935 1987 1013 2014 τοῦτο

232 2032 261 2060 δὲ
277 2032 383 2060 λεκτέον
395 2033 437 2059 ὅτι
456 2033 473 2068 ἡ
497 2033 543 2059 τοῦ
564 2033 723 2060 Ἀποστόλου
740 2033 811 2066 λέξις
841 2034 871 2059 οὒ
891 2033 957 2068 φησὶ
983 2033 1013 2059 τὺ

234 2078 321 2105 θέλειν
344 2078 378 2105 τὰ
400 2078 473 2105 κακὰ
495 2079 526 2105 ἐκ
549 2078 596 2105 τοῦ
615 2078 680 2105 Θεοῦ
705 2076 784 2111 εἶναι,
798 2079 815 2114 ἢ
834 2079 865 2105 τὺ
881 2078 966 2104 θέλειν
980 2078 1014 2105 τὰ

233 2123 323 2157 ἀγαθὰ
339 2124 371 2149 ἐκ
384 2123 431 2150 τοῦ
445 2123 512 2150 Θεοῦ
526 2121 594 2150 εἶναι
604 2132 610 2138 ·
627 2124 727 2159 ὁμοίως
748 2133 778 2150 τε
801 2124 830 2150 τὸ
846 2125 964 2158 ἐνεργεῖν
979 2123 1013 2150 τὰ

233 2170 374 2205 κρείττονα
386 2169 432 2196 καὶ
448 2169 482 2195 τὰ
501 2169 610 2205 χείρονα
622 2177 628 2184 ⁸
642 2169 708 2195 ἀλλὰ
728 2169 759 2195 τὸ
782 2169 895 2195 καθόλου
917 2169 1013 2202 θέλειν,

233 2217 280 2243 καὶ
300 2216 331 2243 τὸ
355 2215 469 2242 καθόλου
489 2216 596 2251 τρέχειν
608 2224 614 2230 ·
637 2215 674 2246 ὡς
694 2215 748 2250 γὰρ
767 2215 820 2242 ἀπὸ
835 2215 902 2242 Θεοῦ
916 2215 1012 2251 ἔχομεν

232 2262 263 2288 τὸ
275 2260 342 2288 εἶναι
358 2261 424 2293 ζῶα,
441 2262 487 2288 καὶ
510 2263 540 2288 τὸ
560 2260 628 2288 εἷναι
653 2261 787 2297 ἄνθρωποι
801 2269 807 2276 ·
825 2261 895 2288 οὕτω
915 2261 962 2288 καὶ
983 2262 1013 2288 τὸ

233 2307 346 2334 καθόλου
362 2307 459 2338 θέλειν,
474 2307 512 2338 ὡς
528 2308 552 2333 εἰ
572 2307 680 2341 ἔλεγον,
696 2307 742 2334 καὶ
758 2307 787 2333 τδ
801 2306 915 2333 καθόλου
928 2308 1011 2334 κινεῖ-

234 2353 295 2379 σθαι
308 2362 314 2368 ·
331 2352 424 2388 ὥσπερ
440 2353 467 2379 δὲ
479 2353 585 2388 ἔχοντες
598 2353 627 2380 τὸ
644 2352 701 2385 ζῶα
719 2350 800 2385 εἶναι,
822 2353 852 2379 τὸ
868 2353 1010 2386 κινεῖσθαι,

232 2399 279 2425 καὶ
295 2399 354 2434 φέρ’
365 2399 451 2426 εἰπεῖν
463 2399 524 2426 τάδε
537 2398 571 2425 τὰ
588 2399 654 2434 μέλη
666 2400 760 2431 κινεῖν,
772 2400 864 2435 χεῖρας
887 2399 904 2434 ἢ
918 2399 1009 2430 πόδας.

231 2443 280 2469 οὐκ
295 2443 328 2470 ἂν
343 2444 461 2477 εὐλόγως
483 2443 606 2479 λέγοιμεν
625 2443 696 2479 ἔχειν
710 2443 762 2470 ἀπὸ
776 2443 841 2470 Θεοῦ
862 2443 892 2469 τὸ
913 2443 1010 2469 εἱδιχὺν

231 2488 299 2521 τόδε,
312 2491 371 2526 ἦτοι
388 2490 417 2516 τὸ
433 2489 564 2517 κινεῖσθαι
580 2491 648 2526 πρὸς
656 2490 686 2516 τὸ
702 2490 812 2516 τύπτειν
824 2509 831 2520 ,
845 2489 862 2524 ἢ
877 2489 1009 2524 ἀναιρεῖν,

229 2536 248 2571 ἢ
261 2535 435 2571 ἀφαιρεῖσθαι
448 2535 483 2562 τὰ
501 2534 628 2571 ἀλλότρια
638 2543 644 2550 ’
663 2534 731 2561 ἀλλὰ
745 2534 775 2560 τὸ
799 2534 846 2569 μὲν
861 2533 966 2568 γενικὸν
981 2532 1011 2559 τὸ

230 2581 362 2609 κινεῖσθαι
377 2581 508 2616 ἐλάϐομεν
519 2580 572 2607 ἀπὸ
590 2579 657 2607 Θεοῦ
669 2589 676 2596 ·
694 2580 772 2615 ἡμεῖς
790 2579 817 2606 δὲ
831 2579 959 2615 χρώμεθα
971 2577 1010 2613 τῷ

231 2627 362 2655 κινεῖσθαι
378 2627 424 2653 ἐπὶ
448 2627 493 2653 τὰτ
503 2626 623 2663 χείρονα,
636 2626 653 2662 ἢ
669 2625 715 2652 ἐπὶ
728 2624 763 2652 τὰ
786 2625 905 2660 βελτίονα
917 2633 923 2640 ’
940 2623 1010 2652 οὓτω

230 2673 261 2699 ἰδ
278 2673 326 2708 μὲν
343 2674 461 2708 ἐνεργεῖν
523 2672 581 2705 ζῶά
604 2673 704 2708 ἔσμεν,
725 2671 874 2708 εἰλήφαμεν
891 2671 944 2698 ἀπὸ
963 2670 1009 2697 τοῦ

267 2765 289 2780 ⁸⁵
305 2764 382 2791 Rom.
396 2773 443 2796 vn.
457 2764 500 2793 H.
539 2766 561 2782 "
577 2765 586 2792 l
602 2765 664 2793 Cor.
675 2774 702 2800 Σ,
715 2765 759 2794 l3.
797 2765 819 2782 θ’
833 2764 910 2793 Joan.
925 2773 949 2799 v,
964 2766 1009 2799 2|,
1025 2764 1070 2793 26.

267 2810 324 2846 (Μ)
339 2811 467 2839 ΡΙιὶΙοςαι.
488 2819 546 2848 cap.
560 2812 605 2840 20.

1074 212 1168 247 Ἡμεῖς
1184 211 1212 238 δὲ
1224 211 1261 246 τῷ
1277 211 1362 237 θέλειν
1377 211 1422 237 ἐπὶ
1434 210 1469 236 τὰ
1478 210 1618 239 κάλλιστα,
1632 210 1650 244 ἢ
1668 208 1788 235 ὲναπία
1798 209 1866 244 χρώ-

1071 258 1270 293 μεθα,ὁμοίως
1284 257 1312 284 δὲ
1332 257 1371 292 τῷ
1393 257 1522 292 ἐνεργεῖν.
1548 256 1671 288 Quorum
1694 256 1864 283 sententiam

1069 304 1134 331 satis
1148 304 1265 331 tldeliter
1280 309 1378 337 praeter
1396 310 1497 330 moretn
1511 309 1588 329 suum
1614 301 1711 328 retulit
1727 301 1872 349 Ruﬁnus“

1068 350 1129 384 quia
1145 349 1247 377 scilicet
1269 348 1410 383 Pelagiana
1438 352 1525 375 erant.
1551 347 1662 374 Notavit
1688 351 1786 374 autem
1818 347 1863 374 illa

1068 395 1098 422 S.
1116 395 1235 422 Thomas
1245 394 1292 422 ltb.
1302 401 1331 421 ιιι
1347 393 1446 421 Contra
1465 398 1635 428 gentes,cap.
1653 393 1700 425 89,
1717 397 1747 420 et
1773 393 1862 420 variis

1069 441 1216 475 Scriptum
1238 440 1304 468 locis
1325 440 1446 467 obtrivit.
1463 439 1570 467 Notavit
1589 444 1620 467 et
1644 439 1813 470 Jansenius,
1835 443 1863 466 et

1070 491 1195 521 tanquam
1211 485 1305 520 gratiae
1323 485 1424 513 Christi
1446 486 1581 512 contraria
1603 486 1703 512 merito
1725 486 1861 520 repudia-

1068 533 1116 558 vit.
1130 532 1212 565 Quem
1226 539 1290 558 vero
1303 532 1329 558 in
1340 531 1414 559 calce
1424 531 1520 558 decimi
1537 531 1608 558 tertii
1624 531 1723 566 capitis
1733 551 1741 562 ,
1758 531 1806 558 lib.
1824 539 1861 564 vr,

1069 582 1134 605 tom.
1152 578 1173 610 Ι,
1194 578 1289 605 recitat
1302 578 1402 610 locum,
1416 579 1460 612 qui
1479 578 1505 604 in
1525 577 1576 604 fine
1587 577 1686 615 capitis
1702 577 1728 609 l,
1748 577 1812 604 libri
1831 586 1860 605 ιιι

1067 623 1137 657 Περὶ
1152 623 1252 658 ἀρχῶν
1268 624 1412 658 reperitur,
1426 624 1459 650 de
1471 631 1518 651 sua
1531 623 1724 658 Pclagianismi
1748 623 1859 650 oﬂicina

1069 670 1182 704 largitus
1193 674 1234 697 est
1251 669 1382 702 Ruﬁnus;
1405 669 1431 696 in
1445 668 1541 696 Graeco
1558 668 1692 703 siquidem
1705 668 1859 703 exemplati

1070 722 1121 741 non
1138 720 1288 749 comparet.

1103 760 1232 788 Observet
1248 760 1355 788 interim
1372 760 1457 788 lector
1468 767 1572 795 aequus,
1590 760 1690 794 ecquid
1709 759 1775 787 fidei
1792 766 1858 793 pos-

1069 807 1154 834 simus
1169 805 1314 840 adjuugere
1328 810 1368 833 tot
1383 805 1449 832 locis
1464 806 1509 840 qui
1524 813 1540 833 e
1554 805 1630 832 libris
1650 812 1665 831 a
1687 804 1792 831 Ruﬁno
1804 803 1857 830 La-

1070 854 1124 880 tine
1144 853 1255 880 redditis
1269 851 1419 886 deprompti
1437 852 1565 878 adversus
1585 850 1732 885 Origenem
1756 851 1855 884 jactari

1066 895 1153 922 solent
1170 904 1177 922 :
1192 895 1340 928 cujusmodi
1359 899 1400 922 est
1426 895 1468 922 ille
1492 903 1571 930 quem
1596 895 1666 922 libro
1682 903 1720 927 vr,
1751 900 1819 922 tom.
1836 894 1855 927 Ι,

1066 949 1124 977 cap.
1140 942 1183 974 l5,
1201 942 1309 968 adducit
1330 940 1474 968 Jausenius
1490 949 1505 968 ις
1525 941 1596 968 libro
1611 949 1641 968 ut
1660 940 1854 975 Περὶάρχῶιι,

1065 993 1124 1021 cap
1138 986 1167 1018 2,
1184 994 1256 1013 ιιυιιι.
1274 986 1302 1019 5,
1317 990 1346 1013 ιιι
1359 986 1418 1020 plus
1436 994 1512 1021 aequo
1529 987 1616 1021 legem
1632 993 1739 1013 natura:
1761 987 1856 1021 Orige-

1066 1039 1126 1058 nem
1141 1032 1270 1059 extulisse
1285 1033 1398 1066 probet:
1426 1041 1436 1058 ι
1452 1031 1509 1059 Non
1521 1032 1594 1058 enim
1609 1032 1681 1058 idem
1698 1036 1741 1059 est
1757 1032 1855 1059 habere

1066 1077 1189 1104 vincendi
1206 1077 1344 1109 virtutem,
1364 1082 1391 1104 et
1409 1077 1526 1109 vincere,
1542 1077 1613 1104 sicut
1630 1077 1688 1109 ipse
1706 1077 1855 1112 Apostolus

1065 1122 1222 1149 cautissimo
1233 1130 1356 1150 sermone
1370 1123 1596 1156 signavit,dicens
1611 1123 1674 1156 quia
1692 1122 1769 1149 dabit
1788 1123 1854 1150 Deus

1065 1167 1163 1193 exitum
1185 1171 1213 1193 ut
1233 1167 1361 1194 sustinere
1386 1168 1492 1201 possitis
1505 1168 1538 1200 “,
1556 1175 1608 1195 non
1631 1173 1661 1195 ut
1682 1170 1854 1196 sustineatis.

1065 1211 1139 1239 Multi
1155 1213 1226 1239 enim
1247 1220 1298 1239 non
1314 1213 1458 1245 sustinent,
1472 1212 1518 1240 sed
1531 1213 1557 1240 in
1574 1214 1728 1240 tentatione
1742 1215 1857 1241 vincon.

1066 1263 1119 1285 tur.
1137 1258 1159 1284 Α
1178 1258 1232 1285 Deo
1244 1263 1333 1285 autem
1348 1259 1436 1290 datur,
1448 1266 1500 1286 non
1513 1263 1541 1285 ut
1560 1259 1766 1291 sustineamus;
1791 1260 1856 1286 alio-

1065 1305 1128 1339 quin
1142 1304 1242 1331 nullum
1264 1303 1320 1338 jam
1345 1304 1481 1331 videretur
1496 1311 1556 1332 esse
1578 1309 1731 1336 certamen,
1756 1305 1807 1332 sed
1829 1310 1856 1333 ut

1065 1349 1198 1377 sustinere
1220 1349 1362 1384 possimus.
1388 1349 1424 1376 Ea
1452 1355 1540 1377 autem
1563 1350 1674 1383 virtute,
1691 1357 1757 1384 qute
1779 1351 1857 1378 nobis

1065 1395 1125 1422 data
1145 1400 1185 1422 est
1202 1399 1230 1421 ut
1244 1395 1353 1422 vincere
1373 1395 1516 1429 possimus,
1540 1395 1688 1422 secundum
1714 1396 1798 1423 liberi
1813 1404 1855 1422 ar-

1065 1440 1136 1468 bitrii
1149 1440 1315 1472 facultatem,
1328 1445 1373 1467 aut
1386 1441 1517 1468 industrie
1528 1442 1638 1472 utimur.
1653 1445 1681 1468 et
1697 1441 1854 1472 vincimus;

1065 1491 1111 1512 aut
1126 1487 1255 1521 segniter.
1273 1490 1300 1514 et
1313 1493 1485 1520 superamur,
1502 1495 1512 1512 ι
1531 1491 1607 1518 etc.;
1627 1491 1655 1513 et
1682 1487 1738 1513 iste
1754 1494 1773 1514 e
1788 1487 1856 1514 libro

1065 1540 1080 1558 ιι
1094 1533 1120 1558 in
1135 1531 1219 1565 Epist.
1236 1532 1270 1558 ad
1284 1531 1370 1564 Rom,
1387 1539 1460 1558 num.
1475 1531 1508 1558 58
1529 1539 1535 1556 :
1554 1540 1563 1556 ι
1575 1531 1667 1559 Gratia
1684 1533 1734 1559 Dei
1751 1539 1779 1559 et
1795 1541 1855 1568 gra-

1066 1578 1100 1604 tia
1120 1577 1223 1604 Domini
1242 1577 1324 1604 nostri
1351 1577 1414 1604 Jesu
1432 1577 1542 1610 Christi,
1571 1585 1623 1604 una
1649 1582 1736 1611 atque
1756 1579 1852 1605 eadem

1064 1623 1150 1658 gratia
1169 1623 1323 1658 accipienda
1345 1628 1395 1650 est.
1422 1623 1494 1650 Sicut
1513 1624 1582 1650 enim
1614 1623 1696 1649 Pater
1712 1632 1786 1658 quos
1799 1624 1853 1650 vult

1064 1670 1192 1704 civiﬁrul;
1207 1674 1232 1696 et
1243 1668 1331 1696 Filius
1346 1677 1411 1702 quos
1422 1668 1486 1700 vult,
1501 1669 1613 1703 uiviﬁcnt
1623 1677 1633 1695 ε
1646 1674 1670 1695 et
1685 1669 1758 1696 sicut
1775 1669 1854 1696 Pater

1063 1715 1138 1741 habet
1155 1715 1231 1741 vitam
1243 1715 1271 1741 in
1284 1719 1357 1748 re,et
1375 1713 1447 1740 Filio
1465 1714 1533 1740 dedit
1549 1714 1643 1741 habere
1660 1714 1687 1740 in
1714 1715 1852 1748 semetipso

1063 1760 1142 1787 vitam
1162 1760 1202 1792 “;
1230 1761 1266 1787 ita
1290 1765 1316 1787 et
1331 1760 1444 1795 gratiam
1468 1767 1549 1794 quam
1567 1760 1613 1786 dat
1630 1759 1722 1791 Pater,
1743 1760 1815 1787 hanc
1827 1765 1852 1786 et

1063 1805 1146 1833 Filius
1154 1806 1209 1832 dat.
1219 1806 1362 1833 Sciendum
1371 1813 1436 1833 sane
1447 1810 1487 1832 est
1500 1805 1570 1839 quod
1579 1813 1658 1833 omne
1668 1806 1741 1839 quod
1752 1805 1851 1833 habent

1063 1851 1185 1879 homines
1194 1859 1208 1878 a
1215 1851 1280 1884 Deo,
1287 1851 1371 1884 gratia
1379 1856 1430 1884 est;
1438 1851 1504 1878 nihil
1513 1852 1584 1878 enim
1595 1859 1628 1878 ex
1638 1851 1732 1878 debito
1739 1851 1850 1878 habent.

1064 1897 1130 1930 Quis
1143 1899 1211 1925 enim
1227 1899 1299 1931 prior
1309 1898 1379 1924 dedit
1391 1898 1442 1929 illi,
1460 1902 1484 1924 et
1508 1898 1666 1924 retribuetur
1681 1899 1706 1925 ei
1721 1898 1764 1925 "’7
1784 1897 1850 1925 Gra-

1064 1944 1098 1970 tia
1113 1951 1178 1979 ergo
1198 1948 1240 1971 est
1256 1944 1385 1978 quidquid
1404 1944 1483 1970 habet
1497 1943 1520 1970 is
1537 1944 1582 1978 qui
1596 1951 1647 1970 non
1666 1943 1736 1976 fuit,
1750 1949 1780 1971 et
1798 1948 1848 1975 est.

1063 1987 1198 2022 accipiens
1212 1988 1246 2015 ab
1259 1995 1291 2015 eo
1304 1988 1349 2022 qui
1363 1995 1469 2023 semper
1480 1987 1544 2021 fuit;
1557 1997 1566 2014 ι
1584 1993 1666 2022 atque
1681 1988 1729 2016 ille
1740 1996 1757 2016 e
1769 1989 1849 2016 lib."

1063 2034 1090 2060 in
1109 2033 1193 2068 Epist.
1209 2034 1242 2059 ad
1261 2033 1348 2067 Rom.,
1366 2041 1441 2061 num.
1462 2034 1487 2067 Ι,
1505 2042 1564 2068 pag.
1585 2033 1657 2060 522:
1687 2043 1697 2059 ι
1719 2034 1775 2061 Sed
1800 2041 1849 2069 ego

1063 2086 1122 2105 cum
1137 2079 1278 2106 considero
1292 2079 1425 2106 sermonis
1438 2079 1623 2111 eminentiam,
1635 2087 1690 2114 quo
1699 2079 1770 2107 dicit
1784 2087 1848 2115 ope-

1063 2125 1133 2151 rauti
1159 2125 1305 2152 secundum
1333 2125 1451 2153 debitum
1478 2125 1565 2157 reddi,
1595 2125 1638 2152 vix
1656 2125 1725 2152 mihi
1747 2126 1848 2153 suadeo

1029 2169 1051 2197 D
1066 2169 1134 2204 quod
1153 2170 1236 2204 possit
1248 2170 1330 2197 ullum
1346 2178 1414 2205 opus
1427 2177 1498 2203 esse,
1513 2171 1583 2205 quod
1598 2178 1630 2198 ex
1643 2170 1738 2198 debito
1756 2178 1847 2198 remu-

1063 2216 1228 2242 nerationem
1255 2215 1301 2243 Dei
1320 2216 1458 2251 deposcat,
1484 2224 1544 2244 cum
1569 2217 1650 2244 etiam
1682 2217 1737 2244 hoc
1762 2217 1846 2251 ipsum

1062 2261 1132 2294 quod
1166 2268 1244 2297 agere
1263 2261 1364 2296 aliquid
1394 2269 1547 2296 possumus,
1568 2262 1610 2289 vel
1640 2262 1778 2297 cogitare,
1808 2263 1846 2289 vel

1061 2307 1195 2341 proloqui.
1209 2307 1293 2342 ipsius
1306 2308 1376 2335 dono
1394 2313 1421 2336 et
1441 2308 1586 2343 largitione
1604 2309 1750 2336 faciamus.
1772 2308 1845 2342 Quod

1060 2361 1123 2388 ergo
1138 2354 1189 2381 erit
1203 2354 1323 2387 debitum
1338 2354 1420 2386 illius,
1432 2354 1508 2388 cujus
1535 2362 1598 2390 erga
1616 2363 1665 2383 nos
1683 2355 1763 2383 fenus
1773 2349 1846 2390 prae-

1061 2399 1161 2426 cessit?
1173 2409 1182 2425 ι
1195 2404 1221 2427 et
1231 2400 1296 2427 hice
1306 2400 1378 2427 lib.v
1388 2402 1414 2427 in
1427 2401 1551 2428 eamdem
1567 2400 1720 2434 epistolam,
1734 2409 1810 2429 num.
1820 2401 1844 2434 Ι,

1060 2451 1121 2478 pag.
1139 2444 1206 2472 550:
1225 2454 1235 2471 ι
1247 2445 1323 2479 Quod
1335 2453 1398 2480 ergo
1410 2446 1485 2477 dixit,
1500 2451 1556 2480 post
1570 2446 1624 2472 dies
1631 2446 1664 2479 ",
1685 2446 1738 2473 hoc
1757 2452 1842 2474 osten-

1065 2489 1111 2521 dit,
1139 2491 1201 2524 quia
1229 2491 1323 2524 primis
1339 2491 1446 2526 quidem
1470 2491 1532 2518 vitae
1547 2499 1601 2519 sua:
1616 2491 1710 2519 diebus
1726 2497 1842 2526 paterna

1066 2535 1294 2568 praevaricationis
1318 2536 1530 2564 institutionibus
1559 2536 1701 2564 tenebatur
1729 2537 1839 2573 (Abel):

1061 2585 1121 2615 post
1138 2582 1196 2608 illos
1210 2589 1274 2610 vero
1289 2583 1347 2610 dies
1370 2583 1416 2610 ubi
1443 2583 1562 2617 resipuit.
1589 2583 1634 2610 ubi
1661 2584 1784 2617 respexit
1807 2585 1837 2611 ad

1061 2625 1157 2659 Deum,
1172 2632 1275 2655 natura:
1292 2629 1350 2663 lege
1363 2629 1552 2662 commonitus,
1569 2628 1669 2656 dicitur
1685 2633 1752 2657 tunc
1765 2630 1838 2658 obtuv

1063 2671 1125 2699 lisse
1143 2672 1256 2700 hostiam
1272 2673 1338 2702 Deo.
1356 2682 1366 2699 ι

1117 2766 1139 2782 ⁸⁷
1151 2766 1226 2795 Rom.
1241 2774 1280 2799 XI,
1300 2766 1343 2793 55.
1383 2765 1481 2794 "Gen.
1493 2773 1530 2799 tv,
1549 2765 1576 2793 ’5.
