  <div class='ocr_page' id='page_1' title='image "/cluster/home/n/w/nwhite01/storage/ocr_20150623/17/njp.32101010944583/641.png"; bbox 0 0 1912 3079; ppageno 0'>
   <div class='ocr_carea' id='block_1_1' title="bbox 232 118 1043 147">
    <p class='ocr_par' dir='ltr' id='par_1_1' title="bbox 232 118 1043 147">
     <span class='ocr_line' id='line_1_1' title="bbox 232 118 1043 147; baseline -0.001 0"><span class='ocrx_word' id='word_1_1' title='bbox 232 120 267 147; x_wconf 61' lang='grc'><strong>53</strong></span> <span class='ocrx_word' id='word_1_2' title='bbox 833 119 863 147; x_wconf 80' lang='lat' dir='ltr'><strong>P.</strong></span> <span class='ocrx_word' id='word_1_3' title='bbox 884 118 1043 147; x_wconf 72' lang='lat' dir='ltr'><strong>DANIELIS</strong></span> 
     </span>
    </p>
   </div>
   <div class='ocr_carea' id='block_1_2' title="bbox 211 176 1043 213">
    <p class='ocr_par' dir='ltr' id='par_1_2' title="bbox 211 176 1043 213">
     <span class='ocr_line' id='line_1_2' title="bbox 211 176 1043 213; baseline -0.004 -8"><span class='ocrx_word' id='word_1_4' title='bbox 211 182 366 213; x_wconf 88' lang='lat' dir='ltr'><strong>peccatum,</strong></span> <span class='ocrx_word' id='word_1_5' title='bbox 393 185 443 204; x_wconf 86' lang='lat' dir='ltr'><strong>nec</strong></span> <span class='ocrx_word' id='word_1_6' title='bbox 463 176 516 212; x_wconf 79' lang='lat' dir='ltr'><strong>legi</strong></span> <span class='ocrx_word' id='word_1_7' title='bbox 540 176 758 204; x_wconf 81' lang='lat' dir='ltr'><strong>succenturistos</strong></span> <span class='ocrx_word' id='word_1_8' title='bbox 782 177 930 212; x_wconf 79' lang='lat' dir='ltr'><strong>prophetas</strong></span> <span class='ocrx_word' id='word_1_9' title='bbox 949 176 1003 202; x_wconf 88' lang='lat' dir='ltr'><strong>vim</strong></span> <span class='ocrx_word' id='word_1_10' title='bbox 1018 177 1043 206; x_wconf 75' lang='grc' dir='ltr'>Α</span> 
     </span>
    </p>
   </div>
   <div class='ocr_carea' id='block_1_3' title="bbox 214 222 1003 258">
    <p class='ocr_par' dir='ltr' id='par_1_3' title="bbox 214 222 1003 258">
     <span class='ocr_line' id='line_1_3' title="bbox 214 222 1003 258; baseline -0.001 -7"><span class='ocrx_word' id='word_1_11' title='bbox 214 223 319 258; x_wconf 88' lang='lat' dir='ltr'><strong>peccati</strong></span> <span class='ocrx_word' id='word_1_12' title='bbox 350 223 478 251; x_wconf 87' lang='lat' dir='ltr'><strong>cohibere</strong></span> <span class='ocrx_word' id='word_1_13' title='bbox 507 222 640 256; x_wconf 82' lang='lat' dir='ltr'><strong>potuisse.</strong></span> <span class='ocrx_word' id='word_1_14' title='bbox 662 222 710 250; x_wconf 86' lang='lat' dir='ltr'><strong>sed</strong></span> <span class='ocrx_word' id='word_1_15' title='bbox 739 223 862 250; x_wconf 80' lang='lat' dir='ltr'><strong>adfuisse</strong></span> <span class='ocrx_word' id='word_1_16' title='bbox 894 223 1003 250; x_wconf 88' lang='lat' dir='ltr'><strong>tandem</strong></span> 
     </span>
    </p>
   </div>
   <div class='ocr_carea' id='block_1_4' title="bbox 210 269 1002 303">
    <p class='ocr_par' dir='ltr' id='par_1_4' title="bbox 210 269 1002 303">
     <span class='ocr_line' id='line_1_4' title="bbox 210 269 1002 303; baseline -0.003 -5"><span class='ocrx_word' id='word_1_17' title='bbox 210 269 366 301; x_wconf 78' lang='lat' dir='ltr'><strong>Christum,</strong></span> <span class='ocrx_word' id='word_1_18' title='bbox 394 276 426 295; x_wconf 91' lang='lat' dir='ltr'><strong>ac</strong></span> <span class='ocrx_word' id='word_1_19' title='bbox 453 269 488 295; x_wconf 87' lang='lat' dir='ltr'><strong>de</strong></span> <span class='ocrx_word' id='word_1_20' title='bbox 512 273 600 296; x_wconf 84' lang='lat' dir='ltr'><strong>morte</strong></span> <span class='ocrx_word' id='word_1_21' title='bbox 618 272 646 296; x_wconf 88' lang='lat' dir='ltr'><strong>et</strong></span> <span class='ocrx_word' id='word_1_22' title='bbox 676 273 788 303; x_wconf 86' lang='lat' dir='ltr'><strong>peccato</strong></span> <span class='ocrx_word' id='word_1_23' title='bbox 810 269 1002 303; x_wconf 89' lang='lat' dir='ltr'><strong>triumphasse.</strong></span> 
     </span>
    </p>
   </div>
   <div class='ocr_carea' id='block_1_5' title="bbox 213 311 1005 348">
    <p class='ocr_par' dir='ltr' id='par_1_5' title="bbox 213 311 1005 348">
     <span class='ocr_line' id='line_1_5' title="bbox 213 311 1005 348; baseline -0.003 -6"><span class='ocrx_word' id='word_1_24' title='bbox 213 314 348 342; x_wconf 74' lang='lat' dir='ltr'><strong>Praeterea</strong></span> <span class='ocrx_word' id='word_1_25' title='bbox 374 313 434 347; x_wconf 81' lang='lat' dir='ltr'><strong>lege</strong></span> <span class='ocrx_word' id='word_1_26' title='bbox 459 311 512 339; x_wconf 86' lang='lat' dir='ltr'><strong>lata</strong></span> <span class='ocrx_word' id='word_1_27' title='bbox 535 313 628 347; x_wconf 83' lang='lat' dir='ltr'><strong>aliquo</strong></span> <span class='ocrx_word' id='word_1_28' title='bbox 642 320 723 341; x_wconf 84' lang='lat' dir='ltr'><strong>sensu</strong></span> <span class='ocrx_word' id='word_1_29' title='bbox 739 321 896 348; x_wconf 89' lang='lat' dir='ltr'><strong>compressa</strong></span> <span class='ocrx_word' id='word_1_30' title='bbox 922 313 1005 341; x_wconf 73' lang='lat' dir='ltr'><strong>fuisse</strong></span> 
     </span>
    </p>
   </div>
   <div class='ocr_carea' id='block_1_6' title="bbox 213 358 1004 395">
    <p class='ocr_par' dir='ltr' id='par_1_6' title="bbox 213 358 1004 395">
     <span class='ocr_line' id='line_1_6' title="bbox 213 358 1004 395; baseline 0 -7"><span class='ocrx_word' id='word_1_31' title='bbox 213 361 267 388; x_wconf 91' lang='lat' dir='ltr'><strong>dici</strong></span> <span class='ocrx_word' id='word_1_32' title='bbox 291 363 377 394; x_wconf 89' lang='lat' dir='ltr'><strong>potest</strong></span> <span class='ocrx_word' id='word_1_33' title='bbox 399 358 503 393; x_wconf 77' lang='lat' dir='ltr'><strong>peccati</strong></span> <span class='ocrx_word' id='word_1_34' title='bbox 523 358 581 391; x_wconf 88' lang='lat' dir='ltr'><strong>vis;</strong></span> <span class='ocrx_word' id='word_1_35' title='bbox 599 367 652 386; x_wconf 92' lang='lat' dir='ltr'><strong>non</strong></span> <span class='ocrx_word' id='word_1_36' title='bbox 667 360 739 395; x_wconf 86' lang='lat' dir='ltr'><strong>quod</strong></span> <span class='ocrx_word' id='word_1_37' title='bbox 763 360 834 388; x_wconf 90' lang='lat' dir='ltr'><strong>hanc</strong></span> <span class='ocrx_word' id='word_1_38' title='bbox 852 361 942 395; x_wconf 84' lang='lat' dir='ltr'><strong>reipsa</strong></span> <span class='ocrx_word' id='word_1_39' title='bbox 961 361 1004 388; x_wconf 97' lang='lat' dir='ltr'><strong>lex</strong></span> 
     </span>
    </p>
   </div>
   <div class='ocr_carea' id='block_1_7' title="bbox 214 406 1005 442">
    <p class='ocr_par' dir='ltr' id='par_1_7' title="bbox 214 406 1005 442">
     <span class='ocr_line' id='line_1_7' title="bbox 214 406 1005 442; baseline 0 -7"><span class='ocrx_word' id='word_1_40' title='bbox 214 406 419 442; x_wconf 80' lang='lat' dir='ltr'><strong>compresserit,</strong></span> <span class='ocrx_word' id='word_1_41' title='bbox 435 406 482 433; x_wconf 84' lang='lat' dir='ltr'><strong>sed</strong></span> <span class='ocrx_word' id='word_1_42' title='bbox 494 406 564 440; x_wconf 89' lang='lat' dir='ltr'><strong>quod</strong></span> <span class='ocrx_word' id='word_1_43' title='bbox 579 406 611 433; x_wconf 89' lang='lat' dir='ltr'><strong>ad</strong></span> <span class='ocrx_word' id='word_1_44' title='bbox 631 413 689 433; x_wconf 91' lang='lat' dir='ltr'><strong>eam</strong></span> <span class='ocrx_word' id='word_1_45' title='bbox 703 407 935 441; x_wconf 81' lang='lat' dir='ltr'><strong>comprimendam</strong></span> <span class='ocrx_word' id='word_1_46' title='bbox 950 407 1005 435; x_wconf 88' lang='lat' dir='ltr'><strong>lata</strong></span> 
     </span>
    </p>
   </div>
   <div class='ocr_carea' id='block_1_8' title="bbox 213 452 1005 488">
    <p class='ocr_par' dir='ltr' id='par_1_8' title="bbox 213 452 1005 488">
     <span class='ocr_line' id='line_1_8' title="bbox 213 452 1005 488; baseline -0.001 -8"><span class='ocrx_word' id='word_1_47' title='bbox 213 454 266 485; x_wconf 79' lang='lat' dir='ltr'><strong>sit;</strong></span> <span class='ocrx_word' id='word_1_48' title='bbox 286 457 407 488; x_wconf 85' lang='lat' dir='ltr'><strong>spectato</strong></span> <span class='ocrx_word' id='word_1_49' title='bbox 422 452 549 484; x_wconf 88' lang='lat' dir='ltr'><strong>consilio,</strong></span> <span class='ocrx_word' id='word_1_50' title='bbox 563 460 616 478; x_wconf 91' lang='lat' dir='ltr'><strong>non</strong></span> <span class='ocrx_word' id='word_1_51' title='bbox 631 457 748 485; x_wconf 84' lang='lat' dir='ltr'><strong>eventu;</strong></span> <span class='ocrx_word' id='word_1_52' title='bbox 762 460 836 484; x_wconf 82' lang='lat' dir='ltr'><strong>nam,</strong></span> <span class='ocrx_word' id='word_1_53' title='bbox 855 454 1005 480; x_wconf 86' lang='lat' dir='ltr'><strong>secundum</strong></span> 
     </span>
    </p>
   </div>
   <div class='ocr_carea' id='block_1_9' title="bbox 213 497 1006 533">
    <p class='ocr_par' dir='ltr' id='par_1_9' title="bbox 213 497 1006 533">
     <span class='ocr_line' id='line_1_9' title="bbox 213 497 1006 533; baseline -0.001 -7"><span class='ocrx_word' id='word_1_54' title='bbox 213 498 397 531; x_wconf 82' lang='lat' dir='ltr'><strong>Ambrosium,</strong></span> <span class='ocrx_word' id='word_1_55' title='bbox 428 507 438 524; x_wconf 76' lang='grc' dir='ltr'><strong>ι</strong></span> <span class='ocrx_word' id='word_1_56' title='bbox 465 498 608 533; x_wconf 73' lang='lat' dir='ltr'><strong>Apostolus</strong></span> <span class='ocrx_word' id='word_1_57' title='bbox 628 497 747 525; x_wconf 85' lang='lat' dir='ltr'><strong>ostendit</strong></span> <span class='ocrx_word' id='word_1_58' title='bbox 764 497 830 532; x_wconf 87' lang='lat' dir='ltr'><strong>quid</strong></span> <span class='ocrx_word' id='word_1_59' title='bbox 846 498 1006 532; x_wconf 81' lang='lat' dir='ltr'><strong>provenerit</strong></span> 
     </span>
    </p>
   </div>
   <div class='ocr_carea' id='block_1_10' title="bbox 213 542 1002 579">
    <p class='ocr_par' dir='ltr' id='par_1_10' title="bbox 213 542 1002 579">
     <span class='ocr_line' id='line_1_10' title="bbox 213 542 1002 579; baseline -0.001 -7"><span class='ocrx_word' id='word_1_60' title='bbox 213 546 277 573; x_wconf 87' lang='lat' dir='ltr'><strong>data</strong></span> <span class='ocrx_word' id='word_1_61' title='bbox 300 544 369 579; x_wconf 82' lang='lat' dir='ltr'><strong>lege.</strong></span> <span class='ocrx_word' id='word_1_62' title='bbox 391 552 443 572; x_wconf 90' lang='lat' dir='ltr'><strong>non</strong></span> <span class='ocrx_word' id='word_1_63' title='bbox 456 544 519 579; x_wconf 93' lang='lat' dir='ltr'><strong>quid</strong></span> <span class='ocrx_word' id='word_1_64' title='bbox 536 543 577 571; x_wconf 87' lang='lat' dir='ltr'><strong>lex</strong></span> <span class='ocrx_word' id='word_1_65' title='bbox 592 542 715 571; x_wconf 64' lang='lat' dir='ltr'><strong>fecerim</strong></span> <span class='ocrx_word' id='word_1_66' title='bbox 733 556 771 564; x_wconf 93' lang='lat'><strong>-—</strong></span> <span class='ocrx_word' id='word_1_67' title='bbox 785 553 794 570; x_wconf 80' lang='grc' dir='ltr'><strong>ι</strong></span> <span class='ocrx_word' id='word_1_68' title='bbox 815 543 873 571; x_wconf 90' lang='lat' dir='ltr'><strong>Non</strong></span> <span class='ocrx_word' id='word_1_69' title='bbox 895 544 979 576; x_wconf 89' lang='lat' dir='ltr'><strong>enim,</strong></span> <span class='ocrx_word' id='word_1_70' title='bbox 993 553 1002 570; x_wconf 81' lang='grc' dir='ltr'><strong>ι</strong></span> 
     </span>
    </p>
   </div>
   <div class='ocr_carea' id='block_1_11' title="bbox 213 589 1006 622">
    <p class='ocr_par' dir='ltr' id='par_1_11' title="bbox 213 589 1006 622">
     <span class='ocr_line' id='line_1_11' title="bbox 213 589 1006 622; baseline -0.003 -4"><span class='ocrx_word' id='word_1_71' title='bbox 213 596 244 618; x_wconf 89' lang='grc' dir='ltr'><strong>ιιι</strong></span> <span class='ocrx_word' id='word_1_72' title='bbox 265 591 349 618; x_wconf 77' lang='lat' dir='ltr'><strong>habet</strong></span> <span class='ocrx_word' id='word_1_73' title='bbox 365 590 394 618; x_wconf 89' lang='lat' dir='ltr'><strong>S.</strong></span> <span class='ocrx_word' id='word_1_74' title='bbox 411 590 530 618; x_wconf 78' lang='lat' dir='ltr'><strong>Thomas</strong></span> <span class='ocrx_word' id='word_1_75' title='bbox 546 590 573 616; x_wconf 84' lang='lat' dir='ltr'><strong>in</strong></span> <span class='ocrx_word' id='word_1_76' title='bbox 590 589 666 616; x_wconf 83' lang='lat' dir='ltr'><strong>Rom.</strong></span> <span class='ocrx_word' id='word_1_77' title='bbox 681 597 707 621; x_wconf 88' lang='lat' dir='ltr'><strong>v,</strong></span> <span class='ocrx_word' id='word_1_78' title='bbox 726 589 772 622; x_wconf 80' lang='lat'><strong>‘20,</strong></span> <span class='ocrx_word' id='word_1_79' title='bbox 793 599 802 616; x_wconf 82' lang='grc' dir='ltr'><strong>ι</strong></span> <span class='ocrx_word' id='word_1_80' title='bbox 819 590 853 616; x_wconf 92' lang='lat' dir='ltr'><strong>ad</strong></span> <span class='ocrx_word' id='word_1_81' title='bbox 881 589 933 617; x_wconf 91' lang='lat' dir='ltr'><strong>hoc</strong></span> <span class='ocrx_word' id='word_1_82' title='bbox 955 589 1006 617; x_wconf 89' lang='lat' dir='ltr'><strong>fuit</strong></span> 
     </span>
    </p>
   </div>
   <div class='ocr_carea' id='block_1_12' title="bbox 214 635 1005 671">
    <p class='ocr_par' dir='ltr' id='par_1_12' title="bbox 214 635 1005 671">
     <span class='ocr_line' id='line_1_12' title="bbox 214 635 1005 671; baseline -0.001 -8"><span class='ocrx_word' id='word_1_83' title='bbox 214 637 278 663; x_wconf 89' lang='lat' dir='ltr'><strong>data</strong></span> <span class='ocrx_word' id='word_1_84' title='bbox 295 636 348 667; x_wconf 80' lang='lat' dir='ltr'><strong>lex,</strong></span> <span class='ocrx_word' id='word_1_85' title='bbox 368 640 398 663; x_wconf 93' lang='lat' dir='ltr'><strong>ut</strong></span> <span class='ocrx_word' id='word_1_86' title='bbox 417 640 561 670; x_wconf 83' lang='lat' dir='ltr'><strong>peccatum</strong></span> <span class='ocrx_word' id='word_1_87' title='bbox 583 635 751 668; x_wconf 78' lang='lat' dir='ltr'><strong>abundaret;</strong></span> <span class='ocrx_word' id='word_1_88' title='bbox 771 635 836 670; x_wconf 91' lang='lat' dir='ltr'><strong>quin</strong></span> <span class='ocrx_word' id='word_1_89' title='bbox 851 636 940 671; x_wconf 87' lang='lat' dir='ltr'><strong>potius</strong></span> <span class='ocrx_word' id='word_1_90' title='bbox 952 636 1005 668; x_wconf 87' lang='lat' dir='ltr'><strong>lex,</strong></span> 
     </span>
    </p>
   </div>
   <div class='ocr_carea' id='block_1_13' title="bbox 213 680 1004 717">
    <p class='ocr_par' dir='ltr' id='par_1_13' title="bbox 213 680 1004 717">
     <span class='ocr_line' id='line_1_13' title="bbox 213 680 1004 717; baseline 0.001 -9"><span class='ocrx_word' id='word_1_91' title='bbox 213 687 345 717; x_wconf 88' lang='lat' dir='ltr'><strong>quantum</strong></span> <span class='ocrx_word' id='word_1_92' title='bbox 367 682 393 708; x_wconf 94' lang='lat' dir='ltr'><strong>in</strong></span> <span class='ocrx_word' id='word_1_93' title='bbox 406 689 435 708; x_wconf 88' lang='lat' dir='ltr'><strong>se</strong></span> <span class='ocrx_word' id='word_1_94' title='bbox 451 681 512 714; x_wconf 89' lang='lat' dir='ltr'><strong>fuit,</strong></span> <span class='ocrx_word' id='word_1_95' title='bbox 531 686 673 714; x_wconf 89' lang='lat' dir='ltr'><strong>peccatum</strong></span> <span class='ocrx_word' id='word_1_96' title='bbox 689 680 839 716; x_wconf 86' lang='lat' dir='ltr'><strong>prohibuit,</strong></span> <span class='ocrx_word' id='word_1_97' title='bbox 856 683 1004 709; x_wconf 87' lang='lat' dir='ltr'><strong>secundum</strong></span> 
     </span>
    </p>
   </div>
   <div class='ocr_carea' id='block_1_14' title="bbox 216 726 1001 763">
    <p class='ocr_par' dir='ltr' id='par_1_14' title="bbox 216 726 1001 763">
     <span class='ocr_line' id='line_1_14' title="bbox 216 726 1001 763; baseline -0.001 -8"><span class='ocrx_word' id='word_1_98' title='bbox 216 728 279 755; x_wconf 91' lang='lat' dir='ltr'><strong>illud</strong></span> <span class='ocrx_word' id='word_1_99' title='bbox 298 727 365 762; x_wconf 79' lang='lat' dir='ltr'><strong>psal.</strong></span> <span class='ocrx_word' id='word_1_100' title='bbox 379 735 473 760; x_wconf 88' lang='lat' dir='ltr'><strong>cxvut,</strong></span> <span class='ocrx_word' id='word_1_101' title='bbox 490 727 533 759; x_wconf 78' lang='grc' dir='ltr'><strong>Η,</strong></span> <span class='ocrx_word' id='word_1_102' title='bbox 545 726 579 754; x_wconf 77' lang='lat' dir='ltr'><strong>In</strong></span> <span class='ocrx_word' id='word_1_103' title='bbox 594 727 672 754; x_wconf 72' lang='lat' dir='ltr'><strong>corde</strong></span> <span class='ocrx_word' id='word_1_104' title='bbox 686 735 742 754; x_wconf 80' lang='lat' dir='ltr'><strong>meo</strong></span> <span class='ocrx_word' id='word_1_105' title='bbox 755 726 882 754; x_wconf 79' lang='lat' dir='ltr'><strong>abscondi</strong></span> <span class='ocrx_word' id='word_1_106' title='bbox 898 727 1001 763; x_wconf 80' lang='lat' dir='ltr'><strong>eloquia</strong></span> 
     </span>
    </p>
   </div>
   <div class='ocr_carea' id='block_1_15' title="bbox 214 772 1006 809">
    <p class='ocr_par' dir='ltr' id='par_1_15' title="bbox 214 772 1006 809">
     <span class='ocr_line' id='line_1_15' title="bbox 214 772 1006 809; baseline 0 -9"><span class='ocrx_word' id='word_1_107' title='bbox 214 779 271 806; x_wconf 83' lang='lat' dir='ltr'><strong>tua,</strong></span> <span class='ocrx_word' id='word_1_108' title='bbox 288 780 314 800; x_wconf 83' lang='grc' dir='ltr'><strong>ιιι</strong></span> <span class='ocrx_word' id='word_1_109' title='bbox 331 781 382 800; x_wconf 83' lang='lat' dir='ltr'><strong>non</strong></span> <span class='ocrx_word' id='word_1_110' title='bbox 400 781 499 807; x_wconf 74' lang='lat' dir='ltr'><strong>peccem</strong></span> <span class='ocrx_word' id='word_1_111' title='bbox 515 773 574 800; x_wconf 81' lang='lat' dir='ltr'><strong>tibi.</strong></span> <span class='ocrx_word' id='word_1_112' title='bbox 592 782 601 799; x_wconf 79' lang='grc' dir='ltr'><strong>ι</strong></span> <span class='ocrx_word' id='word_1_113' title='bbox 631 772 683 800; x_wconf 89' lang='lat' dir='ltr'><strong>Sed</strong></span> <span class='ocrx_word' id='word_1_114' title='bbox 699 780 749 800; x_wconf 88' lang='lat' dir='ltr'><strong>nee</strong></span> <span class='ocrx_word' id='word_1_115' title='bbox 762 773 843 800; x_wconf 83' lang='lat' dir='ltr'><strong>aliter</strong></span> <span class='ocrx_word' id='word_1_116' title='bbox 855 780 903 808; x_wconf 85' lang='lat' dir='ltr'><strong>per</strong></span> <span class='ocrx_word' id='word_1_117' title='bbox 921 773 1006 809; x_wconf 75' lang='lat' dir='ltr'><strong>legent</strong></span> 
     </span>
    </p>
   </div>
   <div class='ocr_carea' id='block_1_16' title="bbox 215 818 1007 854">
    <p class='ocr_par' dir='ltr' id='par_1_16' title="bbox 215 818 1007 854">
     <span class='ocr_line' id='line_1_16' title="bbox 215 818 1007 854; baseline 0 -8"><span class='ocrx_word' id='word_1_118' title='bbox 215 819 412 846; x_wconf 79' lang='lat' dir='ltr'><strong>incrementum</strong></span> <span class='ocrx_word' id='word_1_119' title='bbox 443 820 583 854; x_wconf 84' lang='lat' dir='ltr'><strong>accepisse</strong></span> <span class='ocrx_word' id='word_1_120' title='bbox 605 823 747 853; x_wconf 89' lang='lat' dir='ltr'><strong>peccatum</strong></span> <span class='ocrx_word' id='word_1_121' title='bbox 776 820 886 846; x_wconf 85' lang='lat' dir='ltr'><strong>tradunt</strong></span> <span class='ocrx_word' id='word_1_122' title='bbox 910 818 1007 847; x_wconf 82' lang='lat' dir='ltr'><strong>Patres</strong></span> 
     </span>
    </p>
   </div>
   <div class='ocr_carea' id='block_1_17' title="bbox 215 864 1005 900">
    <p class='ocr_par' dir='ltr' id='par_1_17' title="bbox 215 864 1005 900">
     <span class='ocr_line' id='line_1_17' title="bbox 215 864 1005 900; baseline -0.001 -8"><span class='ocrx_word' id='word_1_123' title='bbox 215 865 348 898; x_wconf 88' lang='lat' dir='ltr'><strong>nonnulli,</strong></span> <span class='ocrx_word' id='word_1_124' title='bbox 365 872 445 899; x_wconf 90' lang='lat' dir='ltr'><strong>quam</strong></span> <span class='ocrx_word' id='word_1_125' title='bbox 461 864 525 899; x_wconf 90' lang='lat' dir='ltr'><strong>quia</strong></span> <span class='ocrx_word' id='word_1_126' title='bbox 541 873 589 900; x_wconf 89' lang='lat' dir='ltr'><strong>per</strong></span> <span class='ocrx_word' id='word_1_127' title='bbox 608 864 676 899; x_wconf 85' lang='lat' dir='ltr'><strong>legis</strong></span> <span class='ocrx_word' id='word_1_128' title='bbox 695 864 941 900; x_wconf 77' lang='lat' dir='ltr'><strong>promulgationem</strong></span> <span class='ocrx_word' id='word_1_129' title='bbox 959 873 1005 892; x_wconf 89' lang='lat' dir='ltr'><strong>co-</strong></span> 
     </span>
    </p>
   </div>
   <div class='ocr_carea' id='block_1_18' title="bbox 213 912 1005 947">
    <p class='ocr_par' dir='ltr' id='par_1_18' title="bbox 213 912 1005 947">
     <span class='ocr_line' id='line_1_18' title="bbox 213 912 1005 947; baseline 0.001 -9"><span class='ocrx_word' id='word_1_130' title='bbox 213 912 320 946; x_wconf 91' lang='lat' dir='ltr'><strong>gnitum</strong></span> <span class='ocrx_word' id='word_1_131' title='bbox 346 916 389 939; x_wconf 89' lang='lat' dir='ltr'><strong>est</strong></span> <span class='ocrx_word' id='word_1_132' title='bbox 413 912 442 938; x_wconf 87' lang='lat' dir='ltr'><strong>id</strong></span> <span class='ocrx_word' id='word_1_133' title='bbox 468 919 530 938; x_wconf 87' lang='lat' dir='ltr'><strong>esse</strong></span> <span class='ocrx_word' id='word_1_134' title='bbox 551 916 707 946; x_wconf 85' lang='lat' dir='ltr'><strong>peccatum,</strong></span> <span class='ocrx_word' id='word_1_135' title='bbox 741 912 812 945; x_wconf 90' lang='lat' dir='ltr'><strong>quod</strong></span> <span class='ocrx_word' id='word_1_136' title='bbox 828 916 906 939; x_wconf 89' lang='lat' dir='ltr'><strong>antea</strong></span> <span class='ocrx_word' id='word_1_137' title='bbox 925 912 1005 947; x_wconf 80' lang='lat' dir='ltr'><strong>vulgo</strong></span> 
     </span>
    </p>
   </div>
   <div class='ocr_carea' id='block_1_19' title="bbox 216 956 1004 992">
    <p class='ocr_par' dir='ltr' id='par_1_19' title="bbox 216 956 1004 992">
     <span class='ocr_line' id='line_1_19' title="bbox 216 956 1004 992; baseline 0 -8"><span class='ocrx_word' id='word_1_138' title='bbox 216 958 415 992; x_wconf 83' lang='lat' dir='ltr'><strong>ignorabatur;</strong></span> <span class='ocrx_word' id='word_1_139' title='bbox 442 957 513 984; x_wconf 85' lang='lat' dir='ltr'><strong>unde</strong></span> <span class='ocrx_word' id='word_1_140' title='bbox 542 956 731 991; x_wconf 68' lang='lat' dir='ltr'><strong>praevaricatio</strong></span> <span class='ocrx_word' id='word_1_141' title='bbox 759 961 789 984; x_wconf 84' lang='lat' dir='ltr'><strong>et</strong></span> <span class='ocrx_word' id='word_1_142' title='bbox 814 958 1004 991; x_wconf 79' lang='lat' dir='ltr'><strong>transgressio,</strong></span> 
     </span>
    </p>
   </div>
   <div class='ocr_carea' id='block_1_20' title="bbox 212 1001 1007 1038">
    <p class='ocr_par' dir='ltr' id='par_1_20' title="bbox 212 1001 1007 1038">
     <span class='ocr_line' id='line_1_20' title="bbox 212 1001 1007 1038; baseline 0.001 -10"><span class='ocrx_word' id='word_1_143' title='bbox 212 1003 289 1038; x_wconf 79' lang='lat' dir='ltr'><strong>juxta</strong></span> <span class='ocrx_word' id='word_1_144' title='bbox 308 1002 372 1029; x_wconf 87' lang='lat' dir='ltr'><strong>illud</strong></span> <span class='ocrx_word' id='word_1_145' title='bbox 386 1002 466 1030; x_wconf 83' lang='lat' dir='ltr'><strong>Rom.</strong></span> <span class='ocrx_word' id='word_1_146' title='bbox 482 1010 524 1032; x_wconf 85' lang='grc' dir='ltr'>ιιι.</span> <span class='ocrx_word' id='word_1_147' title='bbox 535 1001 587 1029; x_wconf 75' lang='lat'><strong>20:</strong></span> <span class='ocrx_word' id='word_1_148' title='bbox 606 1011 615 1028; x_wconf 79' lang='grc' dir='ltr'><strong>ι</strong></span> <span class='ocrx_word' id='word_1_149' title='bbox 634 1001 684 1029; x_wconf 92' lang='lat' dir='ltr'><strong>Per</strong></span> <span class='ocrx_word' id='word_1_150' title='bbox 698 1002 784 1037; x_wconf 89' lang='lat' dir='ltr'><strong>legem</strong></span> <span class='ocrx_word' id='word_1_151' title='bbox 797 1003 868 1029; x_wconf 90' lang='lat' dir='ltr'><strong>enim</strong></span> <span class='ocrx_word' id='word_1_152' title='bbox 889 1002 1007 1036; x_wconf 79' lang='lat' dir='ltr'><strong>cognitio</strong></span> 
     </span>
    </p>
   </div>
   <div class='ocr_carea' id='block_1_21' title="bbox 214 1046 1005 1082">
    <p class='ocr_par' dir='ltr' id='par_1_21' title="bbox 214 1046 1005 1082">
     <span class='ocr_line' id='line_1_21' title="bbox 214 1046 1005 1082; baseline 0.003 -9"><span class='ocrx_word' id='word_1_153' title='bbox 214 1048 329 1082; x_wconf 86' lang='lat' dir='ltr'><strong>peccati.</strong></span> <span class='ocrx_word' id='word_1_154' title='bbox 341 1057 350 1073; x_wconf 84' lang='lat' dir='ltr'><strong>I</strong></span> <span class='ocrx_word' id='word_1_155' title='bbox 365 1047 574 1082; x_wconf 81' lang='lat' dir='ltr'><strong>Cbrysoslomus</strong></span> <span class='ocrx_word' id='word_1_156' title='bbox 586 1047 758 1074; x_wconf 76' lang='lat' dir='ltr'><strong>hotnil.‘l0in</strong></span> <span class='ocrx_word' id='word_1_157' title='bbox 767 1046 854 1081; x_wconf 85' lang='lat' dir='ltr'><strong>Epist.</strong></span> <span class='ocrx_word' id='word_1_158' title='bbox 868 1049 902 1075; x_wconf 82' lang='lat' dir='ltr'><strong>ad</strong></span> <span class='ocrx_word' id='word_1_159' title='bbox 917 1048 1005 1076; x_wconf 73' lang='grc' dir='ltr'><strong>Ιίοηι.;</strong></span> 
     </span>
    </p>
   </div>
   <div class='ocr_carea' id='block_1_22' title="bbox 220 1090 1005 1128">
    <p class='ocr_par' dir='ltr' id='par_1_22' title="bbox 220 1090 1005 1128">
     <span class='ocr_line' id='line_1_22' title="bbox 220 1090 1005 1128; baseline 0.003 -9"><span class='ocrx_word' id='word_1_160' title='bbox 220 1092 328 1128; x_wconf 81' lang='grc' dir='ltr'><strong>Ἐπειδὴ</strong></span> <span class='ocrx_word' id='word_1_161' title='bbox 346 1091 399 1128; x_wconf 71' lang='grc' dir='ltr'><strong>γὰρ</strong></span> <span class='ocrx_word' id='word_1_162' title='bbox 417 1092 546 1128; x_wconf 75' lang='grc' dir='ltr'><strong>βάναυσοι</strong></span> <span class='ocrx_word' id='word_1_163' title='bbox 559 1101 632 1124; x_wconf 78' lang='grc' dir='ltr'>τινες</span> <span class='ocrx_word' id='word_1_164' title='bbox 647 1090 717 1128; x_wconf 81' lang='grc' dir='ltr'><strong>ἦσαν</strong></span> <span class='ocrx_word' id='word_1_165' title='bbox 733 1093 852 1120; x_wconf 80' lang='grc' dir='ltr'><strong>Ἰουδαῖοι</strong></span> <span class='ocrx_word' id='word_1_166' title='bbox 867 1094 915 1121; x_wconf 78' lang='grc' dir='ltr'><strong>καὶ</strong></span> <span class='ocrx_word' id='word_1_167' title='bbox 927 1095 1005 1121; x_wconf 74' lang='grc' dir='ltr'>ἐκλε-</span> 
     </span>
    </p>
   </div>
   <div class='ocr_carea' id='block_1_23' title="bbox 213 1138 1006 1176">
    <p class='ocr_par' dir='ltr' id='par_1_23' title="bbox 213 1138 1006 1176">
     <span class='ocr_line' id='line_1_23' title="bbox 213 1138 1006 1176; baseline 0.003 -10"><span class='ocrx_word' id='word_1_168' title='bbox 213 1138 335 1174; x_wconf 83' lang='grc' dir='ltr'><strong>λυμένοι,</strong></span> <span class='ocrx_word' id='word_1_169' title='bbox 365 1139 497 1175; x_wconf 73' lang='grc' dir='ltr'><strong>καὶπρὸς</strong></span> <span class='ocrx_word' id='word_1_170' title='bbox 522 1139 608 1172; x_wconf 75' lang='grc' dir='ltr'>αὑτὰς</span> <span class='ocrx_word' id='word_1_171' title='bbox 636 1140 686 1172; x_wconf 85' lang='grc' dir='ltr'><strong>τὰς</strong></span> <span class='ocrx_word' id='word_1_172' title='bbox 711 1140 816 1176; x_wconf 81' lang='grc' dir='ltr'><strong>δωρεὰς</strong></span> <span class='ocrx_word' id='word_1_173' title='bbox 843 1141 1006 1168; x_wconf 80' lang='grc' dir='ltr'><strong>ἀναπεπτω-</strong></span> 
     </span>
    </p>
   </div>
   <div class='ocr_carea' id='block_1_24' title="bbox 214 1184 1006 1222">
    <p class='ocr_par' dir='ltr' id='par_1_24' title="bbox 214 1184 1006 1222">
     <span class='ocr_line' id='line_1_24' title="bbox 214 1184 1006 1222; baseline 0.005 -12"><span class='ocrx_word' id='word_1_174' title='bbox 214 1184 293 1216; x_wconf 80' lang='grc' dir='ltr'>κότες</span> <span class='ocrx_word' id='word_1_175' title='bbox 313 1192 320 1199; x_wconf 83' lang='lat'>&#39;</span> <span class='ocrx_word' id='word_1_176' title='bbox 343 1184 438 1211; x_wconf 81' lang='grc' dir='ltr'><strong>τούτου</strong></span> <span class='ocrx_word' id='word_1_177' title='bbox 466 1185 546 1221; x_wconf 82' lang='grc' dir='ltr'>χάριν</span> <span class='ocrx_word' id='word_1_178' title='bbox 570 1186 585 1212; x_wconf 79' lang='grc' dir='ltr'><strong>ὁ</strong></span> <span class='ocrx_word' id='word_1_179' title='bbox 607 1186 690 1221; x_wconf 80' lang='grc' dir='ltr'>νόμος</span> <span class='ocrx_word' id='word_1_180' title='bbox 719 1186 807 1222; x_wconf 75' lang='grc' dir='ltr'><strong>ἐδόθη,</strong></span> <span class='ocrx_word' id='word_1_181' title='bbox 843 1186 885 1214; x_wconf 83' lang='grc' dir='ltr'><strong>ἵνα</strong></span> <span class='ocrx_word' id='word_1_182' title='bbox 907 1187 1006 1220; x_wconf 75' lang='grc' dir='ltr'><strong>αὐτοὺς</strong></span> 
     </span>
    </p>
   </div>
   <div class='ocr_carea' id='block_1_25' title="bbox 213 1230 1006 1268">
    <p class='ocr_par' dir='ltr' id='par_1_25' title="bbox 213 1230 1006 1268">
     <span class='ocr_line' id='line_1_25' title="bbox 213 1230 1006 1268; baseline 0.005 -11"><span class='ocrx_word' id='word_1_183' title='bbox 213 1230 311 1267; x_wconf 74' lang='grc' dir='ltr'><strong>ἐλέγξῃ</strong></span> <span class='ocrx_word' id='word_1_184' title='bbox 329 1230 469 1266; x_wconf 80' lang='grc' dir='ltr'>μειζόνως,</span> <span class='ocrx_word' id='word_1_185' title='bbox 490 1232 536 1258; x_wconf 78' lang='grc' dir='ltr'><strong>καὶ</strong></span> <span class='ocrx_word' id='word_1_186' title='bbox 552 1231 645 1268; x_wconf 78' lang='grc' dir='ltr'><strong>διδάξῃ</strong></span> <span class='ocrx_word' id='word_1_187' title='bbox 662 1233 756 1267; x_wconf 76' lang='grc' dir='ltr'>σαφῶς</span> <span class='ocrx_word' id='word_1_188' title='bbox 775 1234 804 1260; x_wconf 80' lang='grc' dir='ltr'>ὲν</span> <span class='ocrx_word' id='word_1_189' title='bbox 825 1231 865 1266; x_wconf 72' lang='grc' dir='ltr'><strong>οἷς</strong></span> <span class='ocrx_word' id='word_1_190' title='bbox 882 1234 945 1267; x_wconf 80' lang='grc' dir='ltr'>εισι,</span> <span class='ocrx_word' id='word_1_191' title='bbox 959 1235 1006 1262; x_wconf 74' lang='grc' dir='ltr'><strong>καὶ</strong></span> 
     </span>
    </p>
   </div>
   <div class='ocr_carea' id='block_1_26' title="bbox 213 1277 1003 1314">
    <p class='ocr_par' dir='ltr' id='par_1_26' title="bbox 213 1277 1003 1314">
     <span class='ocr_line' id='line_1_26' title="bbox 213 1277 1003 1314; baseline 0.006 -12"><span class='ocrx_word' id='word_1_192' title='bbox 213 1278 262 1313; x_wconf 80' lang='grc' dir='ltr'><strong>τὴν</strong></span> <span class='ocrx_word' id='word_1_193' title='bbox 278 1277 447 1313; x_wconf 76' lang='grc' dir='ltr'><strong>κατηγορίαν</strong></span> <span class='ocrx_word' id='word_1_194' title='bbox 464 1278 595 1314; x_wconf 78' lang='grc' dir='ltr'><strong>αὐξήσας,</strong></span> <span class='ocrx_word' id='word_1_195' title='bbox 609 1278 756 1314; x_wconf 75' lang='grc' dir='ltr'><strong>ὲπισφίγξῃ</strong></span> <span class='ocrx_word' id='word_1_196' title='bbox 771 1279 871 1314; x_wconf 75' lang='grc' dir='ltr'><strong>μᾶλλον</strong></span> <span class='ocrx_word' id='word_1_197' title='bbox 885 1279 983 1312; x_wconf 78' lang='grc' dir='ltr'><strong>αὐτούς</strong></span> <span class='ocrx_word' id='word_1_198' title='bbox 996 1301 1003 1307; x_wconf 92' lang='grc'>.</span> 
     </span>
    </p>
   </div>
   <div class='ocr_carea' id='block_1_27' title="bbox 216 1322 1004 1358">
    <p class='ocr_par' dir='ltr' id='par_1_27' title="bbox 216 1322 1004 1358">
     <span class='ocr_line' id='line_1_27' title="bbox 216 1322 1004 1358; baseline 0.006 -10"><span class='ocrx_word' id='word_1_199' title='bbox 216 1331 227 1348; x_wconf 72' lang='grc' dir='ltr'><strong>ι</strong></span> <span class='ocrx_word' id='word_1_200' title='bbox 244 1322 378 1356; x_wconf 81' lang='lat' dir='ltr'><strong>Quoniam</strong></span> <span class='ocrx_word' id='word_1_201' title='bbox 388 1323 460 1350; x_wconf 87' lang='lat' dir='ltr'><strong>enim</strong></span> <span class='ocrx_word' id='word_1_202' title='bbox 474 1323 622 1351; x_wconf 90' lang='lat' dir='ltr'><strong>illiberales</strong></span> <span class='ocrx_word' id='word_1_203' title='bbox 634 1325 817 1357; x_wconf 75' lang='lat' dir='ltr'><strong>erantJudad,</strong></span> <span class='ocrx_word' id='word_1_204' title='bbox 828 1330 855 1352; x_wconf 91' lang='lat' dir='ltr'><strong>et</strong></span> <span class='ocrx_word' id='word_1_205' title='bbox 868 1326 1004 1358; x_wconf 86' lang='lat' dir='ltr'><strong>dissoluti,</strong></span> 
     </span>
    </p>
   </div>
   <div class='ocr_carea' id='block_1_28' title="bbox 213 1368 1005 1404">
    <p class='ocr_par' dir='ltr' id='par_1_28' title="bbox 213 1368 1005 1404">
     <span class='ocr_line' id='line_1_28' title="bbox 213 1368 1005 1404; baseline 0.005 -9"><span class='ocrx_word' id='word_1_206' title='bbox 213 1373 242 1396; x_wconf 86' lang='lat' dir='ltr'><strong>et</strong></span> <span class='ocrx_word' id='word_1_207' title='bbox 256 1368 289 1395; x_wconf 87' lang='lat' dir='ltr'><strong>ad</strong></span> <span class='ocrx_word' id='word_1_208' title='bbox 305 1368 363 1401; x_wconf 89' lang='lat' dir='ltr'><strong>ipsa</strong></span> <span class='ocrx_word' id='word_1_209' title='bbox 379 1368 448 1395; x_wconf 88' lang='lat' dir='ltr'><strong>dona</strong></span> <span class='ocrx_word' id='word_1_210' title='bbox 464 1369 566 1403; x_wconf 86' lang='lat' dir='ltr'><strong>supini,</strong></span> <span class='ocrx_word' id='word_1_211' title='bbox 585 1369 688 1398; x_wconf 90' lang='lat' dir='ltr'><strong>idcirco</strong></span> <span class='ocrx_word' id='word_1_212' title='bbox 704 1370 748 1397; x_wconf 80' lang='lat' dir='ltr'><strong>lex</strong></span> <span class='ocrx_word' id='word_1_213' title='bbox 762 1371 823 1398; x_wconf 87' lang='lat' dir='ltr'><strong>data</strong></span> <span class='ocrx_word' id='word_1_214' title='bbox 838 1376 890 1404; x_wconf 88' lang='lat' dir='ltr'><strong>est,</strong></span> <span class='ocrx_word' id='word_1_215' title='bbox 902 1376 931 1399; x_wconf 91' lang='lat' dir='ltr'><strong>ut</strong></span> <span class='ocrx_word' id='word_1_216' title='bbox 945 1372 1005 1400; x_wconf 88' lang='lat' dir='ltr'><strong>illos</strong></span> 
     </span>
    </p>
   </div>
   <div class='ocr_carea' id='block_1_29' title="bbox 215 1412 1003 1452">
    <p class='ocr_par' dir='ltr' id='par_1_29' title="bbox 215 1412 1003 1452">
     <span class='ocr_line' id='line_1_29' title="bbox 215 1412 1003 1452; baseline 0.009 -14"><span class='ocrx_word' id='word_1_217' title='bbox 215 1412 343 1440; x_wconf 79' lang='lat' dir='ltr'><strong>videlicet</strong></span> <span class='ocrx_word' id='word_1_218' title='bbox 360 1414 549 1441; x_wconf 82' lang='lat' dir='ltr'><strong>vehementius</strong></span> <span class='ocrx_word' id='word_1_219' title='bbox 565 1420 738 1450; x_wconf 90' lang='lat' dir='ltr'><strong>coargueret,</strong></span> <span class='ocrx_word' id='word_1_220' title='bbox 763 1421 909 1452; x_wconf 84' lang='lat' dir='ltr'><strong>aperteque</strong></span> <span class='ocrx_word' id='word_1_221' title='bbox 924 1418 1003 1445; x_wconf 83' lang='lat' dir='ltr'><strong>doce-</strong></span> 
     </span>
    </p>
   </div>
   <div class='ocr_carea' id='block_1_30' title="bbox 215 1460 1005 1498">
    <p class='ocr_par' dir='ltr' id='par_1_30' title="bbox 215 1460 1005 1498">
     <span class='ocr_line' id='line_1_30' title="bbox 215 1460 1005 1498; baseline 0.006 -13"><span class='ocrx_word' id='word_1_222' title='bbox 215 1464 257 1486; x_wconf 88' lang='lat' dir='ltr'><strong>ret</strong></span> <span class='ocrx_word' id='word_1_223' title='bbox 269 1466 324 1494; x_wconf 88' lang='lat' dir='ltr'><strong>quo</strong></span> <span class='ocrx_word' id='word_1_224' title='bbox 339 1460 365 1486; x_wconf 92' lang='lat' dir='ltr'><strong>in</strong></span> <span class='ocrx_word' id='word_1_225' title='bbox 381 1464 453 1486; x_wconf 88' lang='lat' dir='ltr'><strong>statu</strong></span> <span class='ocrx_word' id='word_1_226' title='bbox 469 1464 573 1492; x_wconf 84' lang='lat' dir='ltr'><strong>essent,</strong></span> <span class='ocrx_word' id='word_1_227' title='bbox 593 1466 676 1496; x_wconf 89' lang='lat' dir='ltr'><strong>atque</strong></span> <span class='ocrx_word' id='word_1_228' title='bbox 691 1462 892 1490; x_wconf 85' lang='lat' dir='ltr'><strong>accusationem</strong></span> <span class='ocrx_word' id='word_1_229' title='bbox 903 1471 1005 1498; x_wconf 81' lang='lat' dir='ltr'><strong>augens</strong></span> 
     </span>
    </p>
   </div>
   <div class='ocr_carea' id='block_1_31' title="bbox 215 1503 1002 1542">
    <p class='ocr_par' dir='ltr' id='par_1_31' title="bbox 215 1503 1002 1542">
     <span class='ocr_line' id='line_1_31' title="bbox 215 1503 1002 1542; baseline 0.006 -12"><span class='ocrx_word' id='word_1_230' title='bbox 215 1503 290 1538; x_wconf 88' lang='lat' dir='ltr'><strong>ipsos</strong></span> <span class='ocrx_word' id='word_1_231' title='bbox 304 1505 389 1539; x_wconf 77' lang='lat' dir='ltr'><strong>magis</strong></span> <span class='ocrx_word' id='word_1_232' title='bbox 402 1505 612 1539; x_wconf 72' lang='lat' dir='ltr'><strong>constringeret.</strong></span> <span class='ocrx_word' id='word_1_233' title='bbox 632 1514 643 1530; x_wconf 73' lang='grc' dir='ltr'><strong>ι</strong></span> <span class='ocrx_word' id='word_1_234' title='bbox 675 1505 856 1541; x_wconf 85' lang='lat' dir='ltr'><strong>Hieronymus</strong></span> <span class='ocrx_word' id='word_1_235' title='bbox 871 1507 899 1534; x_wconf 86' lang='lat' dir='ltr'><strong>in</strong></span> <span class='ocrx_word' id='word_1_236' title='bbox 918 1508 1002 1542; x_wconf 80' lang='lat' dir='ltr'><strong>Epist.</strong></span> 
     </span>
    </p>
   </div>
   <div class='ocr_carea' id='block_1_32' title="bbox 213 1548 1004 1582">
    <p class='ocr_par' dir='ltr' id='par_1_32' title="bbox 213 1548 1004 1582">
     <span class='ocr_line' id='line_1_32' title="bbox 213 1548 1004 1582; baseline 0.009 -7"><span class='ocrx_word' id='word_1_237' title='bbox 213 1550 250 1576; x_wconf 79' lang='lat' dir='ltr'><strong>ad</strong></span> <span class='ocrx_word' id='word_1_238' title='bbox 267 1548 358 1577; x_wconf 74' lang='lat' dir='ltr'><strong>Calui.</strong></span> <span class='ocrx_word' id='word_1_239' title='bbox 374 1557 415 1581; x_wconf 90' lang='lat' dir='ltr'><strong>III,</strong></span> <span class='ocrx_word' id='word_1_240' title='bbox 433 1551 480 1582; x_wconf 74' lang='grc' dir='ltr'>-ιι,</span> <span class='ocrx_word' id='word_1_241' title='bbox 495 1550 530 1577; x_wconf 73' lang='grc'>22</span> <span class='ocrx_word' id='word_1_242' title='bbox 540 1559 547 1577; x_wconf 92' lang='lat'><strong><em>:</em></strong></span> <span class='ocrx_word' id='word_1_243' title='bbox 557 1560 567 1576; x_wconf 78' lang='grc' dir='ltr'><strong>ι</strong></span> <span class='ocrx_word' id='word_1_244' title='bbox 583 1550 639 1578; x_wconf 85' lang='lat' dir='ltr'><strong>Nec</strong></span> <span class='ocrx_word' id='word_1_245' title='bbox 654 1559 718 1579; x_wconf 91' lang='lat' dir='ltr'><strong>vero</strong></span> <span class='ocrx_word' id='word_1_246' title='bbox 731 1553 916 1580; x_wconf 70' lang='lat' dir='ltr'><strong>aestimandum</strong></span> <span class='ocrx_word' id='word_1_247' title='bbox 931 1553 1004 1582; x_wconf 90' lang='lat' dir='ltr'><strong>Scri-</strong></span> 
     </span>
    </p>
   </div>
   <div class='ocr_carea' id='block_1_33' title="bbox 215 1598 1004 1635">
    <p class='ocr_par' dir='ltr' id='par_1_33' title="bbox 215 1598 1004 1635">
     <span class='ocr_line' id='line_1_33' title="bbox 215 1598 1004 1635; baseline 0.008 -13"><span class='ocrx_word' id='word_1_248' title='bbox 215 1601 324 1631; x_wconf 92' lang='lat' dir='ltr'><strong>pturam</strong></span> <span class='ocrx_word' id='word_1_249' title='bbox 342 1601 479 1623; x_wconf 89' lang='lat' dir='ltr'><strong>auctorem</strong></span> <span class='ocrx_word' id='word_1_250' title='bbox 493 1603 554 1624; x_wconf 85' lang='lat' dir='ltr'><strong>esse</strong></span> <span class='ocrx_word' id='word_1_251' title='bbox 573 1598 687 1631; x_wconf 86' lang='lat' dir='ltr'><strong>peccati,</strong></span> <span class='ocrx_word' id='word_1_252' title='bbox 700 1599 763 1633; x_wconf 86' lang='lat' dir='ltr'><strong>quia</strong></span> <span class='ocrx_word' id='word_1_253' title='bbox 778 1599 868 1626; x_wconf 88' lang='lat' dir='ltr'><strong>omnia</strong></span> <span class='ocrx_word' id='word_1_254' title='bbox 878 1601 927 1626; x_wconf 87' lang='lat' dir='ltr'><strong>sub</strong></span> <span class='ocrx_word' id='word_1_255' title='bbox 941 1608 1004 1635; x_wconf 88' lang='lat' dir='ltr'><strong>pec-</strong></span> 
     </span>
    </p>
   </div>
   <div class='ocr_carea' id='block_1_34' title="bbox 213 1640 1003 1680">
    <p class='ocr_par' dir='ltr' id='par_1_34' title="bbox 213 1640 1003 1680">
     <span class='ocr_line' id='line_1_34' title="bbox 213 1640 1003 1680; baseline 0.008 -13"><span class='ocrx_word' id='word_1_256' title='bbox 213 1645 277 1668; x_wconf 86' lang='lat' dir='ltr'><strong>cato</strong></span> <span class='ocrx_word' id='word_1_257' title='bbox 294 1640 462 1668; x_wconf 72' lang='lat' dir='ltr'><strong>conclusisse</strong></span> <span class='ocrx_word' id='word_1_258' title='bbox 482 1641 588 1668; x_wconf 86' lang='lat' dir='ltr'><strong>dicatur</strong></span> <span class='ocrx_word' id='word_1_259' title='bbox 608 1648 616 1668; x_wconf 88' lang='lat'><strong>:</strong></span> <span class='ocrx_word' id='word_1_260' title='bbox 630 1648 692 1669; x_wconf 88' lang='lat' dir='ltr'><strong>cum</strong></span> <span class='ocrx_word' id='word_1_261' title='bbox 709 1644 865 1671; x_wconf 88' lang='lat' dir='ltr'><strong>mandatum</strong></span> <span class='ocrx_word' id='word_1_262' title='bbox 882 1646 954 1680; x_wconf 91' lang='lat' dir='ltr'><strong>quod</strong></span> <span class='ocrx_word' id='word_1_263' title='bbox 969 1653 1003 1673; x_wconf 90' lang='lat' dir='ltr'><strong>ex</strong></span> 
     </span>
    </p>
   </div>
   <div class='ocr_carea' id='block_1_35' title="bbox 211 1685 1005 1726">
    <p class='ocr_par' dir='ltr' id='par_1_35' title="bbox 211 1685 1005 1726">
     <span class='ocr_line' id='line_1_35' title="bbox 211 1685 1005 1726; baseline 0.009 -14"><span class='ocrx_word' id='word_1_264' title='bbox 211 1685 274 1720; x_wconf 80' lang='lat' dir='ltr'><strong>jure</strong></span> <span class='ocrx_word' id='word_1_265' title='bbox 293 1686 462 1722; x_wconf 66' lang='lat' dir='ltr'><strong>praecipitur,</strong></span> <span class='ocrx_word' id='word_1_266' title='bbox 475 1688 604 1715; x_wconf 82' lang='lat' dir='ltr'><strong>ostendat</strong></span> <span class='ocrx_word' id='word_1_267' title='bbox 628 1689 728 1723; x_wconf 86' lang='lat' dir='ltr'><strong>potius,</strong></span> <span class='ocrx_word' id='word_1_268' title='bbox 742 1695 893 1725; x_wconf 83' lang='lat' dir='ltr'><strong>arguatque</strong></span> <span class='ocrx_word' id='word_1_269' title='bbox 909 1699 1005 1726; x_wconf 84' lang='lat' dir='ltr'><strong>pecea-</strong></span> 
     </span>
    </p>
   </div>
   <div class='ocr_carea' id='block_1_36' title="bbox 215 1732 1003 1770">
    <p class='ocr_par' dir='ltr' id='par_1_36' title="bbox 215 1732 1003 1770">
     <span class='ocr_line' id='line_1_36' title="bbox 215 1732 1003 1770; baseline 0.009 -13"><span class='ocrx_word' id='word_1_270' title='bbox 215 1736 281 1762; x_wconf 85' lang='lat' dir='ltr'><strong>tum.</strong></span> <span class='ocrx_word' id='word_1_271' title='bbox 310 1739 391 1766; x_wconf 86' lang='lat' dir='ltr'><strong>quam</strong></span> <span class='ocrx_word' id='word_1_272' title='bbox 408 1732 444 1760; x_wconf 86' lang='lat' dir='ltr'><strong>sit</strong></span> <span class='ocrx_word' id='word_1_273' title='bbox 462 1739 544 1759; x_wconf 87' lang='lat' dir='ltr'><strong>causa</strong></span> <span class='ocrx_word' id='word_1_274' title='bbox 571 1734 685 1768; x_wconf 81' lang='lat' dir='ltr'><strong>peccati.</strong></span> <span class='ocrx_word' id='word_1_275' title='bbox 706 1743 716 1760; x_wconf 81' lang='grc' dir='ltr'><strong>ι</strong></span> <span class='ocrx_word' id='word_1_276' title='bbox 733 1734 900 1770; x_wconf 78' lang='lat' dir='ltr'><strong>Augustinus</strong></span> <span class='ocrx_word' id='word_1_277' title='bbox 922 1737 969 1766; x_wconf 86' lang='lat' dir='ltr'><strong>lib.</strong></span> <span class='ocrx_word' id='word_1_278' title='bbox 983 1745 1003 1764; x_wconf 91' lang='grc' dir='ltr'><strong>ιι</strong></span> 
     </span>
    </p>
   </div>
   <div class='ocr_carea' id='block_1_37' title="bbox 213 1777 1003 1816">
    <p class='ocr_par' dir='ltr' id='par_1_37' title="bbox 213 1777 1003 1816">
     <span class='ocr_line' id='line_1_37' title="bbox 213 1777 1003 1816; baseline 0.009 -13"><span class='ocrx_word' id='word_1_279' title='bbox 213 1781 307 1804; x_wconf 78' lang='lat' dir='ltr'><strong>contra</strong></span> <span class='ocrx_word' id='word_1_280' title='bbox 332 1777 482 1811; x_wconf 77' lang='lat' dir='ltr'><strong>lulianum,</strong></span> <span class='ocrx_word' id='word_1_281' title='bbox 499 1786 559 1812; x_wconf 87' lang='lat' dir='ltr'><strong>cap.</strong></span> <span class='ocrx_word' id='word_1_282' title='bbox 589 1779 642 1813; x_wconf 70' lang='lat'><strong>22,</strong></span> <span class='ocrx_word' id='word_1_283' title='bbox 668 1788 678 1805; x_wconf 86' lang='grc'><em>‹</em></span> <span class='ocrx_word' id='word_1_284' title='bbox 697 1779 836 1816; x_wconf 81' lang='lat' dir='ltr'><strong>Originale</strong></span> <span class='ocrx_word' id='word_1_285' title='bbox 863 1788 1003 1816; x_wconf 89' lang='lat' dir='ltr'><strong>peccatqu</strong></span> 
     </span>
    </p>
   </div>
   <div class='ocr_carea' id='block_1_38' title="bbox 212 1822 1003 1858">
    <p class='ocr_par' dir='ltr' id='par_1_38' title="bbox 212 1822 1003 1858">
     <span class='ocr_line' id='line_1_38' title="bbox 212 1822 1003 1858; baseline 0.008 -9"><span class='ocrx_word' id='word_1_286' title='bbox 212 1829 268 1850; x_wconf 75' lang='lat' dir='ltr'><strong>non</strong></span> <span class='ocrx_word' id='word_1_287' title='bbox 285 1822 393 1857; x_wconf 87' lang='lat' dir='ltr'><strong>quidem</strong></span> <span class='ocrx_word' id='word_1_288' title='bbox 404 1827 465 1858; x_wconf 90' lang='lat' dir='ltr'><strong>post</strong></span> <span class='ocrx_word' id='word_1_289' title='bbox 480 1822 566 1858; x_wconf 81' lang='lat' dir='ltr'><strong>legem</strong></span> <span class='ocrx_word' id='word_1_290' title='bbox 583 1824 680 1856; x_wconf 87' lang='lat' dir='ltr'><strong>crevit,</strong></span> <span class='ocrx_word' id='word_1_291' title='bbox 695 1826 743 1852; x_wconf 85' lang='lat' dir='ltr'><strong>sed</strong></span> <span class='ocrx_word' id='word_1_292' title='bbox 763 1830 853 1853; x_wconf 90' lang='lat' dir='ltr'><strong>tatnen</strong></span> <span class='ocrx_word' id='word_1_293' title='bbox 867 1826 910 1855; x_wconf 85' lang='lat' dir='ltr'><strong>lex</strong></span> <span class='ocrx_word' id='word_1_294' title='bbox 922 1828 1003 1855; x_wconf 84' lang='lat' dir='ltr'><strong>etiam</strong></span> 
     </span>
    </p>
   </div>
   <div class='ocr_carea' id='block_1_39' title="bbox 215 1868 1005 1904">
    <p class='ocr_par' dir='ltr' id='par_1_39' title="bbox 215 1868 1005 1904">
     <span class='ocr_line' id='line_1_39' title="bbox 215 1868 1005 1904; baseline 0.008 -9"><span class='ocrx_word' id='word_1_295' title='bbox 215 1869 323 1902; x_wconf 85' lang='lat' dir='ltr'><strong>ipsum,</strong></span> <span class='ocrx_word' id='word_1_296' title='bbox 354 1869 432 1904; x_wconf 84' lang='lat' dir='ltr'><strong>cujus</strong></span> <span class='ocrx_word' id='word_1_297' title='bbox 459 1868 635 1897; x_wconf 84' lang='lat' dir='ltr'><strong>abolitionem</strong></span> <span class='ocrx_word' id='word_1_298' title='bbox 666 1871 873 1899; x_wconf 83' lang='lat' dir='ltr'><strong>circumcisione</strong></span> <span class='ocrx_word' id='word_1_299' title='bbox 894 1873 1005 1901; x_wconf 81' lang='lat' dir='ltr'><strong>infantis</strong></span> 
     </span>
    </p>
   </div>
   <div class='ocr_carea' id='block_1_40' title="bbox 212 1914 1004 1954">
    <p class='ocr_par' dir='ltr' id='par_1_40' title="bbox 212 1914 1004 1954">
     <span class='ocr_line' id='line_1_40' title="bbox 212 1914 1004 1954; baseline 0.009 -14"><span class='ocrx_word' id='word_1_300' title='bbox 212 1914 395 1949; x_wconf 78' lang='lat' dir='ltr'><strong>significaret,</strong></span> <span class='ocrx_word' id='word_1_301' title='bbox 412 1915 531 1948; x_wconf 86' lang='lat' dir='ltr'><strong>invenit;</strong></span> <span class='ocrx_word' id='word_1_302' title='bbox 558 1917 629 1944; x_wconf 87' lang='lat' dir='ltr'><strong>sicut</strong></span> <span class='ocrx_word' id='word_1_303' title='bbox 660 1917 766 1944; x_wconf 89' lang='lat' dir='ltr'><strong>invenit</strong></span> <span class='ocrx_word' id='word_1_304' title='bbox 788 1919 870 1946; x_wconf 89' lang='lat' dir='ltr'><strong>etiam</strong></span> <span class='ocrx_word' id='word_1_305' title='bbox 893 1925 1004 1954; x_wconf 85' lang='lat' dir='ltr'><strong>peccata</strong></span> 
     </span>
    </p>
   </div>
   <div class='ocr_carea' id='block_1_41' title="bbox 215 1959 1002 1999">
    <p class='ocr_par' dir='ltr' id='par_1_41' title="bbox 215 1959 1002 1999">
     <span class='ocr_line' id='line_1_41' title="bbox 215 1959 1002 1999; baseline 0.008 -13"><span class='ocrx_word' id='word_1_306' title='bbox 215 1959 387 1994; x_wconf 77' lang='lat' dir='ltr'><strong>ignorantize,</strong></span> <span class='ocrx_word' id='word_1_307' title='bbox 415 1968 474 1996; x_wconf 71' lang='lat' dir='ltr'><strong>quae</strong></span> <span class='ocrx_word' id='word_1_308' title='bbox 503 1969 554 1989; x_wconf 91' lang='lat' dir='ltr'><strong>nec</strong></span> <span class='ocrx_word' id='word_1_309' title='bbox 582 1963 640 1997; x_wconf 87' lang='lat' dir='ltr'><strong>ipsa</strong></span> <span class='ocrx_word' id='word_1_310' title='bbox 664 1963 725 1990; x_wconf 90' lang='lat' dir='ltr'><strong>data</strong></span> <span class='ocrx_word' id='word_1_311' title='bbox 753 1964 811 1999; x_wconf 86' lang='lat' dir='ltr'><strong>lege</strong></span> <span class='ocrx_word' id='word_1_312' title='bbox 837 1970 1002 1992; x_wconf 88' lang='lat' dir='ltr'><strong>creverunt:</strong></span> 
     </span>
    </p>
   </div>
   <div class='ocr_carea' id='block_1_42' title="bbox 214 2007 1004 2045">
    <p class='ocr_par' dir='ltr' id='par_1_42' title="bbox 214 2007 1004 2045">
     <span class='ocr_line' id='line_1_42' title="bbox 214 2007 1004 2045; baseline 0.01 -13"><span class='ocrx_word' id='word_1_313' title='bbox 214 2007 435 2041; x_wconf 76' lang='lat' dir='ltr'><strong>quandoquidem</strong></span> <span class='ocrx_word' id='word_1_314' title='bbox 457 2009 549 2042; x_wconf 85' lang='lat' dir='ltr'><strong>potius</strong></span> <span class='ocrx_word' id='word_1_315' title='bbox 565 2009 622 2043; x_wconf 87' lang='lat' dir='ltr'><strong>ipsa</strong></span> <span class='ocrx_word' id='word_1_316' title='bbox 639 2009 792 2044; x_wconf 88' lang='lat' dir='ltr'><strong>ignorantia</strong></span> <span class='ocrx_word' id='word_1_317' title='bbox 807 2011 937 2039; x_wconf 84' lang='lat' dir='ltr'><strong>diminuta</strong></span> <span class='ocrx_word' id='word_1_318' title='bbox 952 2017 1004 2045; x_wconf 79' lang='lat' dir='ltr'><strong>est,</strong></span> 
     </span>
    </p>
   </div>
   <div class='ocr_carea' id='block_1_43' title="bbox 214 2053 1005 2093">
    <p class='ocr_par' dir='ltr' id='par_1_43' title="bbox 214 2053 1005 2093">
     <span class='ocr_line' id='line_1_43' title="bbox 214 2053 1005 2093; baseline 0.009 -15"><span class='ocrx_word' id='word_1_319' title='bbox 214 2053 278 2086; x_wconf 87' lang='lat' dir='ltr'><strong>quia</strong></span> <span class='ocrx_word' id='word_1_320' title='bbox 290 2053 403 2081; x_wconf 90' lang='lat' dir='ltr'><strong>scientia</strong></span> <span class='ocrx_word' id='word_1_321' title='bbox 421 2053 488 2089; x_wconf 84' lang='lat' dir='ltr'><strong>legis</strong></span> <span class='ocrx_word' id='word_1_322' title='bbox 503 2056 619 2082; x_wconf 85' lang='lat' dir='ltr'><strong>accessit</strong></span> <span class='ocrx_word' id='word_1_323' title='bbox 637 2064 644 2082; x_wconf 91' lang='lat'>:</span> <span class='ocrx_word' id='word_1_324' title='bbox 661 2056 708 2083; x_wconf 88' lang='lat' dir='ltr'><strong>sed</strong></span> <span class='ocrx_word' id='word_1_325' title='bbox 724 2061 864 2091; x_wconf 87' lang='lat' dir='ltr'><strong>peccatum</strong></span> <span class='ocrx_word' id='word_1_326' title='bbox 878 2057 937 2085; x_wconf 86' lang='lat' dir='ltr'><strong>sine</strong></span> <span class='ocrx_word' id='word_1_327' title='bbox 951 2065 1005 2093; x_wconf 88' lang='lat' dir='ltr'><strong>quo</strong></span> 
     </span>
    </p>
   </div>
   <div class='ocr_carea' id='block_1_44' title="bbox 216 2100 1005 2138">
    <p class='ocr_par' dir='ltr' id='par_1_44' title="bbox 216 2100 1005 2138">
     <span class='ocr_line' id='line_1_44' title="bbox 216 2100 1005 2138; baseline 0.009 -14"><span class='ocrx_word' id='word_1_328' title='bbox 216 2106 296 2125; x_wconf 90' lang='lat' dir='ltr'><strong>nemo</strong></span> <span class='ocrx_word' id='word_1_329' title='bbox 313 2100 448 2133; x_wconf 85' lang='lat' dir='ltr'><strong>nascitur,</strong></span> <span class='ocrx_word' id='word_1_330' title='bbox 465 2101 553 2128; x_wconf 85' lang='lat' dir='ltr'><strong>crevit</strong></span> <span class='ocrx_word' id='word_1_331' title='bbox 575 2101 723 2129; x_wconf 80' lang='lat' dir='ltr'><strong>voluntatis</strong></span> <span class='ocrx_word' id='word_1_332' title='bbox 735 2110 863 2136; x_wconf 87' lang='lat' dir='ltr'><strong>accessu,</strong></span> <span class='ocrx_word' id='word_1_333' title='bbox 877 2103 1005 2138; x_wconf 87' lang='lat' dir='ltr'><strong>originali</strong></span> 
     </span>
    </p>
   </div>
   <div class='ocr_carea' id='block_1_45' title="bbox 214 2145 1004 2183">
    <p class='ocr_par' dir='ltr' id='par_1_45' title="bbox 214 2145 1004 2183">
     <span class='ocr_line' id='line_1_45' title="bbox 214 2145 1004 2183; baseline 0.008 -12"><span class='ocrx_word' id='word_1_334' title='bbox 214 2145 438 2180; x_wconf 87' lang='lat' dir='ltr'><strong>concupiscentia</strong></span> <span class='ocrx_word' id='word_1_335' title='bbox 456 2147 583 2175; x_wconf 87' lang='lat' dir='ltr'><strong>trahente</strong></span> <span class='ocrx_word' id='word_1_336' title='bbox 609 2154 753 2183; x_wconf 88' lang='lat' dir='ltr'><strong>peccantes</strong></span> <span class='ocrx_word' id='word_1_337' title='bbox 768 2156 892 2177; x_wconf 82' lang='lat' dir='ltr'><strong>assensu.</strong></span> <span class='ocrx_word' id='word_1_338' title='bbox 909 2150 1004 2177; x_wconf 80' lang='lat' dir='ltr'><strong>Abun-</strong></span> 
     </span>
    </p>
   </div>
   <div class='ocr_carea' id='block_1_46' title="bbox 215 2193 1043 2238">
    <p class='ocr_par' dir='ltr' id='par_1_46' title="bbox 215 2193 1043 2238">
     <span class='ocr_line' id='line_1_46' title="bbox 215 2193 1043 2238; baseline 0.006 -19"><span class='ocrx_word' id='word_1_339' title='bbox 215 2193 289 2220; x_wconf 90' lang='lat' dir='ltr'><strong>davit</strong></span> <span class='ocrx_word' id='word_1_340' title='bbox 302 2198 393 2220; x_wconf 89' lang='lat' dir='ltr'><strong>autem</strong></span> <span class='ocrx_word' id='word_1_341' title='bbox 408 2199 561 2227; x_wconf 91' lang='lat' dir='ltr'><strong>peccatum,</strong></span> <span class='ocrx_word' id='word_1_342' title='bbox 580 2194 605 2221; x_wconf 89' lang='lat' dir='ltr'><strong>id</strong></span> <span class='ocrx_word' id='word_1_343' title='bbox 621 2199 673 2226; x_wconf 89' lang='lat' dir='ltr'><strong>est,</strong></span> <span class='ocrx_word' id='word_1_344' title='bbox 689 2195 771 2222; x_wconf 91' lang='lat' dir='ltr'><strong>nimis</strong></span> <span class='ocrx_word' id='word_1_345' title='bbox 782 2196 879 2228; x_wconf 87' lang='lat' dir='ltr'><strong>crevit,</strong></span> <span class='ocrx_word' id='word_1_346' title='bbox 898 2200 1006 2231; x_wconf 82' lang='lat' dir='ltr'><strong>postea-</strong></span> <span class='ocrx_word' id='word_1_347' title='bbox 1018 2209 1043 2238; x_wconf 75' lang='grc' dir='ltr'><strong>υ</strong></span> 
     </span>
    </p>
   </div>
   <div class='ocr_carea' id='block_1_47' title="bbox 213 2238 1001 2277">
    <p class='ocr_par' dir='ltr' id='par_1_47' title="bbox 213 2238 1001 2277">
     <span class='ocr_line' id='line_1_47' title="bbox 213 2238 1001 2277; baseline 0.009 -15"><span class='ocrx_word' id='word_1_348' title='bbox 213 2243 294 2272; x_wconf 87' lang='lat' dir='ltr'><strong>quam</strong></span> <span class='ocrx_word' id='word_1_349' title='bbox 309 2245 357 2272; x_wconf 88' lang='lat' dir='ltr'><strong>per</strong></span> <span class='ocrx_word' id='word_1_350' title='bbox 368 2238 455 2273; x_wconf 85' lang='lat' dir='ltr'><strong>legem</strong></span> <span class='ocrx_word' id='word_1_351' title='bbox 474 2238 546 2266; x_wconf 86' lang='lat' dir='ltr'><strong>facta</strong></span> <span class='ocrx_word' id='word_1_352' title='bbox 563 2244 606 2267; x_wconf 89' lang='lat' dir='ltr'><strong>est</strong></span> <span class='ocrx_word' id='word_1_353' title='bbox 618 2240 736 2274; x_wconf 83' lang='lat' dir='ltr'><strong>cognitio</strong></span> <span class='ocrx_word' id='word_1_354' title='bbox 751 2241 866 2275; x_wconf 86' lang='lat' dir='ltr'><strong>peccati,</strong></span> <span class='ocrx_word' id='word_1_355' title='bbox 879 2247 904 2269; x_wconf 90' lang='lat' dir='ltr'><strong>et</strong></span> <span class='ocrx_word' id='word_1_356' title='bbox 918 2243 1001 2277; x_wconf 76' lang='lat' dir='ltr'><strong>cmpit</strong></span> 
     </span>
    </p>
   </div>
   <div class='ocr_carea' id='block_1_48' title="bbox 1018 1531 1039 1559">
    <p class='ocr_par' dir='ltr' id='par_1_48' title="bbox 1018 1531 1039 1559">
     <span class='ocr_line' id='line_1_48' title="bbox 1018 1531 1039 1559; baseline 0 0"><span class='ocrx_word' id='word_1_357' title='bbox 1018 1531 1039 1559; x_wconf 87' lang='lat' dir='ltr'><strong>C</strong></span> 
     </span>
    </p>
   </div>
   <div class='ocr_carea' id='block_1_49' title="bbox 250 2324 1004 2366">
    <p class='ocr_par' dir='ltr' id='par_1_49' title="bbox 250 2324 1004 2366">
     <span class='ocr_line' id='line_1_49' title="bbox 250 2324 1004 2366; baseline 0.011 -15"><span class='ocrx_word' id='word_1_358' title='bbox 250 2325 307 2360; x_wconf 64' lang='grc' dir='ltr'><strong>(Β)</strong></span> <span class='ocrx_word' id='word_1_359' title='bbox 330 2324 425 2366; x_wconf 64' lang='lat' dir='ltr'><strong>verum</strong></span> <span class='ocrx_word' id='word_1_360' title='bbox 451 2331 504 2353; x_wconf 76' lang='lat' dir='ltr'><strong>tam</strong></span> <span class='ocrx_word' id='word_1_361' title='bbox 531 2333 619 2366; x_wconf 64' lang='lat' dir='ltr'><strong>aperte</strong></span> <span class='ocrx_word' id='word_1_362' title='bbox 635 2329 771 2366; x_wconf 59' lang='lat' dir='ltr'><strong>adversus</strong></span> <span class='ocrx_word' id='word_1_363' title='bbox 790 2338 848 2357; x_wconf 85' lang='lat' dir='ltr'><strong>eam</strong></span> <span class='ocrx_word' id='word_1_364' title='bbox 868 2337 1004 2366; x_wconf 77' lang='lat' dir='ltr'><strong>grassatus</strong></span> 
     </span>
    </p>
   </div>
   <div class='ocr_carea' id='block_1_50' title="bbox 213 2361 1005 2398">
    <p class='ocr_par' dir='ltr' id='par_1_50' title="bbox 213 2361 1005 2398">
     <span class='ocr_line' id='line_1_50' title="bbox 213 2361 1005 2398; baseline 0.01 -13"><span class='ocrx_word' id='word_1_365' title='bbox 213 2366 264 2398; x_wconf 63' lang='lat' dir='ltr'><strong>est.</strong></span> <span class='ocrx_word' id='word_1_366' title='bbox 276 2366 331 2398; x_wconf 63' lang='lat' dir='ltr'><strong>etc.</strong></span> <span class='ocrx_word' id='word_1_367' title='bbox 347 2361 413 2387; x_wconf 74' lang='lat' dir='ltr'><strong>Cum</strong></span> <span class='ocrx_word' id='word_1_368' title='bbox 427 2363 576 2398; x_wconf 19' lang='lat' dir='ltr'><strong>Vaccus-audi</strong></span> <span class='ocrx_word' id='word_1_369' title='bbox 596 2364 720 2398; x_wconf 84' lang='lat' dir='ltr'><strong>Origenis</strong></span> <span class='ocrx_word' id='word_1_370' title='bbox 737 2366 851 2392; x_wconf 85' lang='lat' dir='ltr'><strong>materia</strong></span> <span class='ocrx_word' id='word_1_371' title='bbox 868 2361 904 2392; x_wconf 76' lang='grc' dir='ltr'><strong>ἰιι</strong></span> <span class='ocrx_word' id='word_1_372' title='bbox 921 2375 952 2393; x_wconf 89' lang='lat' dir='ltr'><strong>ex</strong></span> <span class='ocrx_word' id='word_1_373' title='bbox 972 2367 1005 2393; x_wconf 94' lang='lat' dir='ltr'><strong>li-</strong></span> 
     </span>
    </p>
   </div>
   <div class='ocr_carea' id='block_1_51' title="bbox 215 2395 1003 2434">
    <p class='ocr_par' dir='ltr' id='par_1_51' title="bbox 215 2395 1003 2434">
     <span class='ocr_line' id='line_1_51' title="bbox 215 2395 1003 2434; baseline 0.008 -13"><span class='ocrx_word' id='word_1_374' title='bbox 215 2395 273 2431; x_wconf 78' lang='lat' dir='ltr'><strong>bris</strong></span> <span class='ocrx_word' id='word_1_375' title='bbox 287 2403 300 2422; x_wconf 90' lang='lat' dir='ltr'><strong>a</strong></span> <span class='ocrx_word' id='word_1_376' title='bbox 314 2395 411 2434; x_wconf 65' lang='lat' dir='ltr'><strong>[tutiuo</strong></span> <span class='ocrx_word' id='word_1_377' title='bbox 427 2397 622 2434; x_wconf 82' lang='lat' dir='ltr'><strong>interpretatis,</strong></span> <span class='ocrx_word' id='word_1_378' title='bbox 640 2395 696 2433; x_wconf 58' lang='lat' dir='ltr'><strong>Qui,</strong></span> <span class='ocrx_word' id='word_1_379' title='bbox 710 2404 738 2426; x_wconf 90' lang='lat' dir='ltr'><strong>ut</strong></span> <span class='ocrx_word' id='word_1_380' title='bbox 754 2399 811 2434; x_wconf 87' lang='lat' dir='ltr'><strong>ipse</strong></span> <span class='ocrx_word' id='word_1_381' title='bbox 824 2401 862 2427; x_wconf 88' lang='lat' dir='ltr'><strong>ait</strong></span> <span class='ocrx_word' id='word_1_382' title='bbox 878 2400 1003 2434; x_wconf 80' lang='lat' dir='ltr'><strong>llnetius,</strong></span> 
     </span>
    </p>
   </div>
   <div class='ocr_carea' id='block_1_52' title="bbox 214 2430 1005 2465">
    <p class='ocr_par' dir='ltr' id='par_1_52' title="bbox 214 2430 1005 2465">
     <span class='ocr_line' id='line_1_52' title="bbox 214 2430 1005 2465; baseline 0.01 -10"><span class='ocrx_word' id='word_1_383' title='bbox 214 2438 310 2465; x_wconf 87' lang='lat' dir='ltr'><strong>parum</strong></span> <span class='ocrx_word' id='word_1_384' title='bbox 326 2430 434 2465; x_wconf 84' lang='lat' dir='ltr'><strong>Origeni</strong></span> <span class='ocrx_word' id='word_1_385' title='bbox 449 2430 624 2465; x_wconf 69' lang='lat' dir='ltr'><strong>prtejudicare</strong></span> <span class='ocrx_word' id='word_1_386' title='bbox 640 2430 748 2465; x_wconf 83' lang='lat' dir='ltr'><strong>debent,</strong></span> <span class='ocrx_word' id='word_1_387' title='bbox 763 2430 793 2462; x_wconf 73' lang='lat' dir='ltr'><strong>et</strong></span> <span class='ocrx_word' id='word_1_388' title='bbox 807 2443 839 2462; x_wconf 85' lang='lat' dir='ltr'><strong>ex</strong></span> <span class='ocrx_word' id='word_1_389' title='bbox 856 2430 1005 2464; x_wconf 79' lang='lat' dir='ltr'><strong>Catholicis</strong></span> 
     </span>
    </p>
   </div>
   <div class='ocr_carea' id='block_1_53' title="bbox 214 2465 1002 2504">
    <p class='ocr_par' dir='ltr' id='par_1_53' title="bbox 214 2465 1002 2504">
     <span class='ocr_line' id='line_1_53' title="bbox 214 2465 1002 2504; baseline 0.009 -13"><span class='ocrx_word' id='word_1_390' title='bbox 214 2465 346 2504; x_wconf 84' lang='lat' dir='ltr'><strong>delibero</strong></span> <span class='ocrx_word' id='word_1_391' title='bbox 367 2466 480 2493; x_wconf 90' lang='lat' dir='ltr'><strong>arbitrio</strong></span> <span class='ocrx_word' id='word_1_392' title='bbox 505 2469 647 2495; x_wconf 87' lang='lat' dir='ltr'><strong>sententiis</strong></span> <span class='ocrx_word' id='word_1_393' title='bbox 664 2469 804 2504; x_wconf 86' lang='lat' dir='ltr'><strong>desumpta</strong></span> <span class='ocrx_word' id='word_1_394' title='bbox 834 2471 879 2503; x_wconf 85' lang='lat' dir='ltr'><strong>sit,</strong></span> <span class='ocrx_word' id='word_1_395' title='bbox 911 2471 1002 2498; x_wconf 89' lang='lat' dir='ltr'><strong>mirari</strong></span> 
     </span>
    </p>
   </div>
   <div class='ocr_carea' id='block_1_54' title="bbox 213 2501 1003 2536">
    <p class='ocr_par' dir='ltr' id='par_1_54' title="bbox 213 2501 1003 2536">
     <span class='ocr_line' id='line_1_54' title="bbox 213 2501 1003 2536; baseline 0.009 -10"><span class='ocrx_word' id='word_1_396' title='bbox 213 2501 281 2527; x_wconf 82' lang='lat' dir='ltr'><strong>satis</strong></span> <span class='ocrx_word' id='word_1_397' title='bbox 302 2508 354 2528; x_wconf 91' lang='lat' dir='ltr'><strong>non</strong></span> <span class='ocrx_word' id='word_1_398' title='bbox 372 2508 482 2536; x_wconf 84' lang='lat' dir='ltr'><strong>possum</strong></span> <span class='ocrx_word' id='word_1_399' title='bbox 497 2509 542 2529; x_wconf 86' lang='lat' dir='ltr'><strong>cur</strong></span> <span class='ocrx_word' id='word_1_400' title='bbox 564 2503 662 2531; x_wconf 81' lang='lat' dir='ltr'><strong>eruditi</strong></span> <span class='ocrx_word' id='word_1_401' title='bbox 676 2504 727 2531; x_wconf 83' lang='lat' dir='ltr'><strong>viri</strong></span> <span class='ocrx_word' id='word_1_402' title='bbox 748 2501 774 2531; x_wconf 80' lang='lat' dir='ltr'><strong>in</strong></span> <span class='ocrx_word' id='word_1_403' title='bbox 787 2505 830 2532; x_wconf 89' lang='lat' dir='ltr'><strong>his</strong></span> <span class='ocrx_word' id='word_1_404' title='bbox 850 2501 939 2533; x_wconf 79' lang='lat' dir='ltr'><strong>Rufini</strong></span> <span class='ocrx_word' id='word_1_405' title='bbox 961 2508 1003 2533; x_wconf 92' lang='lat' dir='ltr'><strong>in-</strong></span> 
     </span>
    </p>
   </div>
   <div class='ocr_carea' id='block_1_55' title="bbox 215 2536 1004 2576">
    <p class='ocr_par' dir='ltr' id='par_1_55' title="bbox 215 2536 1004 2576">
     <span class='ocr_line' id='line_1_55' title="bbox 215 2536 1004 2576; baseline 0.009 -14"><span class='ocrx_word' id='word_1_406' title='bbox 215 2536 455 2576; x_wconf 65' lang='lat' dir='ltr'><strong>terpretationibus</strong></span> <span class='ocrx_word' id='word_1_407' title='bbox 492 2537 659 2576; x_wconf 59' lang='lat' dir='ltr'><strong>inhaeserint,</strong></span> <span class='ocrx_word' id='word_1_408' title='bbox 691 2545 847 2567; x_wconf 87' lang='lat' dir='ltr'><strong>contextum</strong></span> <span class='ocrx_word' id='word_1_409' title='bbox 876 2542 1004 2576; x_wconf 85' lang='lat' dir='ltr'><strong>Origenis</strong></span> 
     </span>
    </p>
   </div>
   <div class='ocr_carea' id='block_1_56' title="bbox 213 2570 1004 2608">
    <p class='ocr_par' dir='ltr' id='par_1_56' title="bbox 213 2570 1004 2608">
     <span class='ocr_line' id='line_1_56' title="bbox 213 2570 1004 2608; baseline 0.01 -12"><span class='ocrx_word' id='word_1_410' title='bbox 213 2570 307 2608; x_wconf 57' lang='lat' dir='ltr'><strong>Greece</strong></span> <span class='ocrx_word' id='word_1_411' title='bbox 321 2576 476 2608; x_wconf 62' lang='lat' dir='ltr'><strong>exstantem</strong></span> <span class='ocrx_word' id='word_1_412' title='bbox 493 2573 671 2607; x_wconf 78' lang='lat' dir='ltr'><strong>neglexerint,</strong></span> <span class='ocrx_word' id='word_1_413' title='bbox 695 2580 720 2601; x_wconf 89' lang='lat' dir='ltr'><strong>ct</strong></span> <span class='ocrx_word' id='word_1_414' title='bbox 736 2583 795 2608; x_wconf 63' lang='lat' dir='ltr'><strong>quae</strong></span> <span class='ocrx_word' id='word_1_415' title='bbox 810 2576 844 2602; x_wconf 89' lang='lat' dir='ltr'><strong>ad</strong></span> <span class='ocrx_word' id='word_1_416' title='bbox 863 2570 940 2604; x_wconf 64' lang='lat' dir='ltr'><strong>liberi</strong></span> <span class='ocrx_word' id='word_1_417' title='bbox 960 2585 1004 2604; x_wconf 86' lang='lat' dir='ltr'><strong>ar-</strong></span> 
     </span>
    </p>
   </div>
   <div class='ocr_carea' id='block_1_57' title="bbox 214 2605 1003 2639">
    <p class='ocr_par' dir='ltr' id='par_1_57' title="bbox 214 2605 1003 2639">
     <span class='ocr_line' id='line_1_57' title="bbox 214 2605 1003 2639; baseline 0.009 -7"><span class='ocrx_word' id='word_1_418' title='bbox 214 2605 288 2632; x_wconf 87' lang='lat' dir='ltr'><strong>bitrii</strong></span> <span class='ocrx_word' id='word_1_419' title='bbox 311 2606 493 2634; x_wconf 83' lang='lat' dir='ltr'><strong>defensionem</strong></span> <span class='ocrx_word' id='word_1_420' title='bbox 512 2605 604 2635; x_wconf 78' lang='lat' dir='ltr'><strong>contra</strong></span> <span class='ocrx_word' id='word_1_421' title='bbox 629 2605 799 2638; x_wconf 75' lang='lat' dir='ltr'><strong>detestandas</strong></span> <span class='ocrx_word' id='word_1_422' title='bbox 817 2611 934 2639; x_wconf 65' lang='lat' dir='ltr'><strong>haereses</strong></span> <span class='ocrx_word' id='word_1_423' title='bbox 954 2620 1003 2638; x_wconf 82' lang='lat' dir='ltr'><strong>ca-</strong></span> 
     </span>
    </p>
   </div>
   <div class='ocr_carea' id='block_1_58' title="bbox 214 2641 1003 2681">
    <p class='ocr_par' dir='ltr' id='par_1_58' title="bbox 214 2641 1003 2681">
     <span class='ocr_line' id='line_1_58' title="bbox 214 2641 1003 2681; baseline 0.01 -15"><span class='ocrx_word' id='word_1_424' title='bbox 214 2641 313 2681; x_wconf 79' lang='lat' dir='ltr'><strong>tholice</strong></span> <span class='ocrx_word' id='word_1_425' title='bbox 326 2641 456 2681; x_wconf 72' lang='lat' dir='ltr'><strong>disputat,</strong></span> <span class='ocrx_word' id='word_1_426' title='bbox 471 2650 503 2681; x_wconf 81' lang='lat' dir='ltr'><strong>ea</strong></span> <span class='ocrx_word' id='word_1_427' title='bbox 533 2644 566 2670; x_wconf 92' lang='lat' dir='ltr'><strong>ad</strong></span> <span class='ocrx_word' id='word_1_428' title='bbox 593 2645 717 2681; x_wconf 69' lang='lat' dir='ltr'><strong>haeresim</strong></span> <span class='ocrx_word' id='word_1_429' title='bbox 742 2644 928 2681; x_wconf 85' lang='lat' dir='ltr'><strong>Pelagianam,</strong></span> <span class='ocrx_word' id='word_1_430' title='bbox 955 2651 1003 2674; x_wconf 93' lang='lat' dir='ltr'><strong>aut</strong></span> 
     </span>
    </p>
   </div>
   <div class='ocr_carea' id='block_1_59' title="bbox 214 2675 1002 2716">
    <p class='ocr_par' dir='ltr' id='par_1_59' title="bbox 214 2675 1002 2716">
     <span class='ocr_line' id='line_1_59' title="bbox 214 2675 1002 2716; baseline 0.01 -15"><span class='ocrx_word' id='word_1_431' title='bbox 214 2675 310 2716; x_wconf 74' lang='lat' dir='ltr'><strong>saltem</strong></span> <span class='ocrx_word' id='word_1_432' title='bbox 321 2675 568 2716; x_wconf 71' lang='lat' dir='ltr'><strong>_b&#39;eniip_elagianam</strong></span> <span class='ocrx_word' id='word_1_433' title='bbox 584 2679 762 2716; x_wconf 65' lang='lat' dir='ltr'><strong>detorserint;</strong></span> <span class='ocrx_word' id='word_1_434' title='bbox 778 2675 839 2716; x_wconf 66' lang='lat' dir='ltr'><strong>qua:</strong></span> <span class='ocrx_word' id='word_1_435' title='bbox 859 2675 926 2709; x_wconf 77' lang='lat' dir='ltr'><strong>vero</strong></span> <span class='ocrx_word' id='word_1_436' title='bbox 937 2689 1002 2708; x_wconf 87' lang='lat' dir='ltr'><strong>sex-</strong></span> 
     </span>
    </p>
   </div>
   <div class='ocr_carea' id='block_1_60' title="bbox 213 2711 1002 2752">
    <p class='ocr_par' dir='ltr' id='par_1_60' title="bbox 213 2711 1002 2752">
     <span class='ocr_line' id='line_1_60' title="bbox 213 2711 1002 2752; baseline 0.009 -16"><span class='ocrx_word' id='word_1_437' title='bbox 213 2711 300 2750; x_wconf 75' lang='lat' dir='ltr'><strong>centis</strong></span> <span class='ocrx_word' id='word_1_438' title='bbox 320 2711 437 2752; x_wconf 71' lang='lat' dir='ltr'><strong>locisde</strong></span> <span class='ocrx_word' id='word_1_439' title='bbox 455 2711 578 2752; x_wconf 67' lang='lat' dir='ltr'><strong>gratuitae</strong></span> <span class='ocrx_word' id='word_1_440' title='bbox 597 2719 625 2741; x_wconf 88' lang='lat' dir='ltr'><strong>et</strong></span> <span class='ocrx_word' id='word_1_441' title='bbox 647 2711 764 2752; x_wconf 74' lang='lat' dir='ltr'><strong>elIieacis</strong></span> <span class='ocrx_word' id='word_1_442' title='bbox 788 2711 885 2752; x_wconf 73' lang='lat' dir='ltr'><strong>gratia:</strong></span> <span class='ocrx_word' id='word_1_443' title='bbox 908 2724 1002 2744; x_wconf 86' lang='lat' dir='ltr'><strong>neces-</strong></span> 
     </span>
    </p>
   </div>
   <div class='ocr_carea' id='block_1_61' title="bbox 214 2745 1002 2786">
    <p class='ocr_par' dir='ltr' id='par_1_61' title="bbox 214 2745 1002 2786">
     <span class='ocr_line' id='line_1_61' title="bbox 214 2745 1002 2786; baseline 0.01 -16"><span class='ocrx_word' id='word_1_444' title='bbox 214 2745 294 2785; x_wconf 74' lang='lat' dir='ltr'><strong>sitate</strong></span> <span class='ocrx_word' id='word_1_445' title='bbox 310 2745 608 2786; x_wconf 31' lang='lat' dir='ltr'><strong>magniﬁce‘pradicat,</strong></span> <span class='ocrx_word' id='word_1_446' title='bbox 631 2757 668 2786; x_wconf 67' lang='lat' dir='ltr'><strong>ne</strong></span> <span class='ocrx_word' id='word_1_447' title='bbox 700 2745 806 2784; x_wconf 50' lang='lat' dir='ltr'><strong>legissev</strong></span> <span class='ocrx_word' id='word_1_448' title='bbox 821 2752 929 2786; x_wconf 87' lang='lat' dir='ltr'><strong>quidem</strong></span> <span class='ocrx_word' id='word_1_449' title='bbox 956 2757 1002 2778; x_wconf 87' lang='lat' dir='ltr'><strong>aut</strong></span> 
     </span>
    </p>
   </div>
   <div class='ocr_carea' id='block_1_62' title="bbox 215 2780 1002 2821">
    <p class='ocr_par' dir='ltr' id='par_1_62' title="bbox 215 2780 1002 2821">
     <span class='ocr_line' id='line_1_62' title="bbox 215 2780 1002 2821; baseline 0.011 -16"><span class='ocrx_word' id='word_1_450' title='bbox 215 2780 438 2821; x_wconf 67' lang='lat' dir='ltr'><strong>animadvertisse</strong></span> <span class='ocrx_word' id='word_1_451' title='bbox 446 2784 606 2821; x_wconf 81' lang='lat' dir='ltr'><strong>_videantur.</strong></span> <span class='ocrx_word' id='word_1_452' title='bbox 629 2780 777 2821; x_wconf 68' lang='lat' dir='ltr'><strong>Fatendum</strong></span> <span class='ocrx_word' id='word_1_453' title='bbox 793 2780 859 2813; x_wconf 77' lang='lat' dir='ltr'><strong>sane</strong></span> <span class='ocrx_word' id='word_1_454' title='bbox 873 2791 915 2813; x_wconf 92' lang='lat' dir='ltr'><strong>est</strong></span> <span class='ocrx_word' id='word_1_455' title='bbox 931 2787 1002 2821; x_wconf 89' lang='lat' dir='ltr'><strong>quod</strong></span> 
     </span>
    </p>
   </div>
   <div class='ocr_carea' id='block_1_63' title="bbox 213 2815 1000 2855">
    <p class='ocr_par' dir='ltr' id='par_1_63' title="bbox 213 2815 1000 2855">
     <span class='ocr_line' id='line_1_63' title="bbox 213 2815 1000 2855; baseline 0.011 -16"><span class='ocrx_word' id='word_1_456' title='bbox 213 2815 346 2855; x_wconf 64' lang='lat' dir='ltr'><strong>Qrigenes</strong></span> <span class='ocrx_word' id='word_1_457' title='bbox 364 2823 397 2842; x_wconf 79' lang='lat' dir='ltr'><strong>ex</strong></span> <span class='ocrx_word' id='word_1_458' title='bbox 409 2817 560 2855; x_wconf 81' lang='lat' dir='ltr'><strong>animarum</strong></span> <span class='ocrx_word' id='word_1_459' title='bbox 574 2820 787 2852; x_wconf 67' lang='lat' dir='ltr'><strong>prtecxsistentia</strong></span> <span class='ocrx_word' id='word_1_460' title='bbox 809 2815 1000 2855; x_wconf 47' lang='lat' dir='ltr'><strong>opinatus’est,</strong></span> 
     </span>
    </p>
   </div>
   <div class='ocr_carea' id='block_1_64' title="bbox 215 2849 1000 2888">
    <p class='ocr_par' dir='ltr' id='par_1_64' title="bbox 215 2849 1000 2888">
     <span class='ocr_line' id='line_1_64' title="bbox 215 2849 1000 2888; baseline 0.011 -12"><span class='ocrx_word' id='word_1_461' title='bbox 215 2849 244 2876; x_wconf 91' lang='lat' dir='ltr'><strong>id</strong></span> <span class='ocrx_word' id='word_1_462' title='bbox 257 2849 280 2877; x_wconf 79' lang='lat' dir='ltr'><strong>si</strong></span> <span class='ocrx_word' id='word_1_463' title='bbox 297 2849 486 2880; x_wconf 83' lang='lat' dir='ltr'><strong>vehementius</strong></span> <span class='ocrx_word' id='word_1_464' title='bbox 516 2849 654 2888; x_wconf 73' lang='lat' dir='ltr'><strong>urgeatur,</strong></span> <span class='ocrx_word' id='word_1_465' title='bbox 673 2849 880 2885; x_wconf 49' lang='lat' dir='ltr'><strong>consecutio-nes</strong></span> <span class='ocrx_word' id='word_1_466' title='bbox 900 2849 1000 2885; x_wconf 68' lang='lat' dir='ltr'><strong>habere</strong></span> 
     </span>
    </p>
   </div>
   <div class='ocr_carea' id='block_1_65' title="bbox 1064 113 1852 146">
    <p class='ocr_par' dir='ltr' id='par_1_65' title="bbox 1064 113 1852 146">
     <span class='ocr_line' id='line_1_65' title="bbox 1064 113 1852 146; baseline 0.004 0"><span class='ocrx_word' id='word_1_467' title='bbox 1064 118 1184 146; x_wconf 72' lang='lat' dir='ltr'><strong>nomn</strong></span> <span class='ocrx_word' id='word_1_468' title='bbox 1803 113 1852 138; x_wconf 56' lang='lat'><strong>93&quot;</strong></span> 
     </span>
    </p>
   </div>
   <div class='ocr_carea' id='block_1_66' title="bbox 1056 171 1856 210">
    <p class='ocr_par' dir='ltr' id='par_1_66' title="bbox 1056 171 1856 210">
     <span class='ocr_line' id='line_1_66' title="bbox 1056 171 1856 210; baseline -0.004 -8"><span class='ocrx_word' id='word_1_469' title='bbox 1056 175 1139 203; x_wconf 79' lang='lat' dir='ltr'><strong>etiam</strong></span> <span class='ocrx_word' id='word_1_470' title='bbox 1165 174 1390 210; x_wconf 59' lang='lat' dir='ltr'><strong>praevaricatione</strong></span> <span class='ocrx_word' id='word_1_471' title='bbox 1425 180 1549 209; x_wconf 85' lang='lat' dir='ltr'><strong>peccare.</strong></span> <span class='ocrx_word' id='word_1_472' title='bbox 1576 182 1586 199; x_wconf 76' lang='grc' dir='ltr'><strong>ι</strong></span> <span class='ocrx_word' id='word_1_473' title='bbox 1624 171 1655 199; x_wconf 90' lang='lat' dir='ltr'><strong>S.</strong></span> <span class='ocrx_word' id='word_1_474' title='bbox 1675 171 1805 199; x_wconf 83' lang='lat' dir='ltr'><strong>&#39;l&#39;homas</strong></span> <span class='ocrx_word' id='word_1_475' title='bbox 1829 173 1856 199; x_wconf 77' lang='lat' dir='ltr'><strong>ia</strong></span> 
     </span>
    </p>
   </div>
   <div class='ocr_carea' id='block_1_67' title="bbox 1055 218 1856 254">
    <p class='ocr_par' dir='ltr' id='par_1_67' title="bbox 1055 218 1856 254">
     <span class='ocr_line' id='line_1_67' title="bbox 1055 218 1856 254; baseline -0.004 -7"><span class='ocrx_word' id='word_1_476' title='bbox 1055 220 1130 247; x_wconf 84' lang='lat' dir='ltr'><strong>Rom.</strong></span> <span class='ocrx_word' id='word_1_477' title='bbox 1143 229 1170 252; x_wconf 85' lang='grc' dir='ltr'><strong>ν,</strong></span> <span class='ocrx_word' id='word_1_478' title='bbox 1182 220 1218 248; x_wconf 72' lang='grc'><strong>20</strong></span> <span class='ocrx_word' id='word_1_479' title='bbox 1232 229 1239 248; x_wconf 87' lang='lat'>:</span> <span class='ocrx_word' id='word_1_480' title='bbox 1257 229 1267 246; x_wconf 89' lang='grc' dir='ltr'><strong>ι</strong></span> <span class='ocrx_word' id='word_1_481' title='bbox 1280 220 1407 248; x_wconf 87' lang='lat' dir='ltr'><strong>Secundo</strong></span> <span class='ocrx_word' id='word_1_482' title='bbox 1420 225 1509 247; x_wconf 82' lang='lat' dir='ltr'><strong>autent</strong></span> <span class='ocrx_word' id='word_1_483' title='bbox 1527 223 1617 254; x_wconf 77' lang='lat' dir='ltr'><strong>potest</strong></span> <span class='ocrx_word' id='word_1_484' title='bbox 1631 218 1813 253; x_wconf 84' lang='lat' dir='ltr'><strong>responderi,</strong></span> <span class='ocrx_word' id='word_1_485' title='bbox 1830 224 1856 245; x_wconf 82' lang='grc' dir='ltr'><strong>ιιι</strong></span> 
     </span>
    </p>
   </div>
   <div class='ocr_carea' id='block_1_68' title="bbox 1055 264 1856 301">
    <p class='ocr_par' dir='ltr' id='par_1_68' title="bbox 1055 264 1856 301">
     <span class='ocr_line' id='line_1_68' title="bbox 1055 264 1856 301; baseline -0.005 -8"><span class='ocrx_word' id='word_1_486' title='bbox 1055 266 1164 294; x_wconf 89' lang='lat' dir='ltr'><strong>dicatur</strong></span> <span class='ocrx_word' id='word_1_487' title='bbox 1180 267 1252 301; x_wconf 84' lang='lat' dir='ltr'><strong>quod</strong></span> <span class='ocrx_word' id='word_1_488' title='bbox 1276 266 1313 301; x_wconf 82' lang='lat' dir='ltr'><strong>ly,</strong></span> <span class='ocrx_word' id='word_1_489' title='bbox 1328 271 1357 293; x_wconf 91' lang='lat' dir='ltr'><strong>ut</strong></span> <span class='ocrx_word' id='word_1_490' title='bbox 1382 270 1507 293; x_wconf 83' lang='lat' dir='ltr'><strong>teneatur</strong></span> <span class='ocrx_word' id='word_1_491' title='bbox 1519 264 1679 296; x_wconf 87' lang='lat' dir='ltr'><strong>causaliter,</strong></span> <span class='ocrx_word' id='word_1_492' title='bbox 1708 264 1747 290; x_wconf 90' lang='lat' dir='ltr'><strong>ita</strong></span> <span class='ocrx_word' id='word_1_493' title='bbox 1769 267 1856 289; x_wconf 71' lang='lat' dir='ltr'><strong>tanien</strong></span> 
     </span>
    </p>
   </div>
   <div class='ocr_carea' id='block_1_69' title="bbox 1054 308 1857 347">
    <p class='ocr_par' dir='ltr' id='par_1_69' title="bbox 1054 308 1857 347">
     <span class='ocr_line' id='line_1_69' title="bbox 1054 308 1857 347; baseline -0.005 -9"><span class='ocrx_word' id='word_1_494' title='bbox 1054 312 1127 347; x_wconf 90' lang='lat' dir='ltr'><strong>quod</strong></span> <span class='ocrx_word' id='word_1_495' title='bbox 1152 312 1279 347; x_wconf 82' lang='lat' dir='ltr'><strong>loquatur</strong></span> <span class='ocrx_word' id='word_1_496' title='bbox 1293 311 1438 346; x_wconf 83' lang='lat' dir='ltr'><strong>Apostolus</strong></span> <span class='ocrx_word' id='word_1_497' title='bbox 1451 311 1485 339; x_wconf 85' lang='lat' dir='ltr'><strong>de</strong></span> <span class='ocrx_word' id='word_1_498' title='bbox 1498 310 1666 338; x_wconf 86' lang='lat' dir='ltr'><strong>abundantia</strong></span> <span class='ocrx_word' id='word_1_499' title='bbox 1687 308 1803 340; x_wconf 74' lang='lat' dir='ltr'><strong>delicti,</strong></span> <span class='ocrx_word' id='word_1_500' title='bbox 1819 315 1857 335; x_wconf 53' lang='lat' dir='ltr'><strong>se</strong></span> 
     </span>
    </p>
   </div>
   <div class='ocr_carea' id='block_1_70' title="bbox 1055 353 1858 392">
    <p class='ocr_par' dir='ltr' id='par_1_70' title="bbox 1055 353 1858 392">
     <span class='ocr_line' id='line_1_70' title="bbox 1055 353 1858 392; baseline -0.005 -8"><span class='ocrx_word' id='word_1_501' title='bbox 1055 358 1172 384; x_wconf 87' lang='lat' dir='ltr'><strong>cundum</strong></span> <span class='ocrx_word' id='word_1_502' title='bbox 1187 358 1258 392; x_wconf 89' lang='lat' dir='ltr'><strong>quod</strong></span> <span class='ocrx_word' id='word_1_503' title='bbox 1272 362 1314 385; x_wconf 89' lang='lat' dir='ltr'><strong>est</strong></span> <span class='ocrx_word' id='word_1_504' title='bbox 1337 358 1365 385; x_wconf 92' lang='lat' dir='ltr'><strong>in</strong></span> <span class='ocrx_word' id='word_1_505' title='bbox 1384 362 1476 385; x_wconf 88' lang='lat' dir='ltr'><strong>nostra</strong></span> <span class='ocrx_word' id='word_1_506' title='bbox 1489 355 1661 391; x_wconf 81' lang='lat' dir='ltr'><strong>cognitione;</strong></span> <span class='ocrx_word' id='word_1_507' title='bbox 1689 359 1724 382; x_wconf 88' lang='lat' dir='ltr'><strong>ut</strong></span> <span class='ocrx_word' id='word_1_508' title='bbox 1744 353 1786 381; x_wconf 86' lang='lat' dir='ltr'><strong>sit</strong></span> <span class='ocrx_word' id='word_1_509' title='bbox 1801 361 1858 381; x_wconf 85' lang='lat' dir='ltr'><strong>sen-</strong></span> 
     </span>
    </p>
   </div>
   <div class='ocr_carea' id='block_1_71' title="bbox 1056 399 1857 436">
    <p class='ocr_par' dir='ltr' id='par_1_71' title="bbox 1056 399 1857 436">
     <span class='ocr_line' id='line_1_71' title="bbox 1056 399 1857 436; baseline -0.006 -5"><span class='ocrx_word' id='word_1_510' title='bbox 1056 411 1113 436; x_wconf 86' lang='lat' dir='ltr'><strong>sus,</strong></span> <span class='ocrx_word' id='word_1_511' title='bbox 1130 403 1171 430; x_wconf 92' lang='lat' dir='ltr'><strong>lex</strong></span> <span class='ocrx_word' id='word_1_512' title='bbox 1189 403 1365 435; x_wconf 77' lang='lat' dir='ltr'><strong>subintravit,</strong></span> <span class='ocrx_word' id='word_1_513' title='bbox 1384 409 1413 430; x_wconf 90' lang='lat' dir='ltr'><strong>ut</strong></span> <span class='ocrx_word' id='word_1_514' title='bbox 1428 402 1579 430; x_wconf 84' lang='lat' dir='ltr'><strong>abundaret</strong></span> <span class='ocrx_word' id='word_1_515' title='bbox 1601 401 1750 433; x_wconf 82' lang='lat' dir='ltr'><strong>delictum,</strong></span> <span class='ocrx_word' id='word_1_516' title='bbox 1768 399 1797 427; x_wconf 89' lang='lat' dir='ltr'><strong>id</strong></span> <span class='ocrx_word' id='word_1_517' title='bbox 1809 405 1857 431; x_wconf 88' lang='lat' dir='ltr'><strong>est,</strong></span> 
     </span>
    </p>
   </div>
   <div class='ocr_carea' id='block_1_72' title="bbox 1056 444 1859 482">
    <p class='ocr_par' dir='ltr' id='par_1_72' title="bbox 1056 444 1859 482">
     <span class='ocr_line' id='line_1_72' title="bbox 1056 444 1859 482; baseline -0.006 -7"><span class='ocrx_word' id='word_1_518' title='bbox 1056 453 1087 475; x_wconf 93' lang='lat' dir='ltr'><strong>ut</strong></span> <span class='ocrx_word' id='word_1_519' title='bbox 1103 447 1289 476; x_wconf 88' lang='lat' dir='ltr'><strong>abundantius</strong></span> <span class='ocrx_word' id='word_1_520' title='bbox 1310 447 1439 475; x_wconf 88' lang='lat' dir='ltr'><strong>delictum</strong></span> <span class='ocrx_word' id='word_1_521' title='bbox 1454 450 1679 482; x_wconf 81' lang='lat' dir='ltr'><strong>cognosceretur,</strong></span> <span class='ocrx_word' id='word_1_522' title='bbox 1704 444 1859 473; x_wconf 83' lang='lat' dir='ltr'><strong>secundum</strong></span> 
     </span>
    </p>
   </div>
   <div class='ocr_carea' id='block_1_73' title="bbox 1058 491 1858 529">
    <p class='ocr_par' dir='ltr' id='par_1_73' title="bbox 1058 491 1858 529">
     <span class='ocr_line' id='line_1_73' title="bbox 1058 491 1858 529; baseline -0.006 -7"><span class='ocrx_word' id='word_1_523' title='bbox 1058 495 1168 522; x_wconf 86' lang='lat' dir='ltr'><strong>modum</strong></span> <span class='ocrx_word' id='word_1_524' title='bbox 1193 494 1323 529; x_wconf 86' lang='lat' dir='ltr'><strong>loquendi</strong></span> <span class='ocrx_word' id='word_1_525' title='bbox 1343 502 1397 528; x_wconf 89' lang='lat' dir='ltr'><strong>quo</strong></span> <span class='ocrx_word' id='word_1_526' title='bbox 1409 494 1510 521; x_wconf 90' lang='lat' dir='ltr'><strong>dicitur</strong></span> <span class='ocrx_word' id='word_1_527' title='bbox 1523 492 1626 528; x_wconf 88' lang='lat' dir='ltr'><strong>aliquid</strong></span> <span class='ocrx_word' id='word_1_528' title='bbox 1641 492 1717 525; x_wconf 83' lang='lat' dir='ltr'><strong>ﬁeri,</strong></span> <span class='ocrx_word' id='word_1_529' title='bbox 1735 498 1803 518; x_wconf 87' lang='lat' dir='ltr'><strong>cum</strong></span> <span class='ocrx_word' id='word_1_530' title='bbox 1821 491 1858 517; x_wconf 87' lang='lat' dir='ltr'><strong>in-</strong></span> 
     </span>
    </p>
   </div>
   <div class='ocr_carea' id='block_1_74' title="bbox 1056 537 1860 575">
    <p class='ocr_par' dir='ltr' id='par_1_74' title="bbox 1056 537 1860 575">
     <span class='ocr_line' id='line_1_74' title="bbox 1056 537 1860 575; baseline -0.005 -7"><span class='ocrx_word' id='word_1_531' title='bbox 1056 541 1182 568; x_wconf 87' lang='lat' dir='ltr'><strong>notescil.</strong></span> <span class='ocrx_word' id='word_1_532' title='bbox 1211 540 1288 568; x_wconf 86' lang='lat' dir='ltr'><strong>Unde</strong></span> <span class='ocrx_word' id='word_1_533' title='bbox 1306 548 1388 575; x_wconf 88' lang='lat' dir='ltr'><strong>supra</strong></span> <span class='ocrx_word' id='word_1_534' title='bbox 1405 540 1507 566; x_wconf 85' lang='lat' dir='ltr'><strong>dictum</strong></span> <span class='ocrx_word' id='word_1_535' title='bbox 1523 544 1576 571; x_wconf 87' lang='lat' dir='ltr'><strong>est,</strong></span> <span class='ocrx_word' id='word_1_536' title='bbox 1606 539 1679 573; x_wconf 91' lang='lat' dir='ltr'><strong>quod</strong></span> <span class='ocrx_word' id='word_1_537' title='bbox 1706 544 1760 572; x_wconf 90' lang='lat' dir='ltr'><strong>per</strong></span> <span class='ocrx_word' id='word_1_538' title='bbox 1775 537 1860 572; x_wconf 78' lang='lat' dir='ltr'><strong>legem</strong></span> 
     </span>
    </p>
   </div>
   <div class='ocr_carea' id='block_1_75' title="bbox 1056 583 1859 622">
    <p class='ocr_par' dir='ltr' id='par_1_75' title="bbox 1056 583 1859 622">
     <span class='ocr_line' id='line_1_75' title="bbox 1056 583 1859 622; baseline -0.006 -7"><span class='ocrx_word' id='word_1_539' title='bbox 1056 592 1097 615; x_wconf 86' lang='lat' dir='ltr'><strong>est</strong></span> <span class='ocrx_word' id='word_1_540' title='bbox 1111 587 1234 622; x_wconf 89' lang='lat' dir='ltr'><strong>cognitio</strong></span> <span class='ocrx_word' id='word_1_541' title='bbox 1247 587 1363 620; x_wconf 84' lang='lat' dir='ltr'><strong>peccati.</strong></span> <span class='ocrx_word' id='word_1_542' title='bbox 1381 595 1391 611; x_wconf 83' lang='grc'><strong>›</strong></span> <span class='ocrx_word' id='word_1_543' title='bbox 1406 584 1487 613; x_wconf 77' lang='lat' dir='ltr'><strong>Juvat</strong></span> <span class='ocrx_word' id='word_1_544' title='bbox 1498 592 1604 620; x_wconf 86' lang='lat' dir='ltr'><strong>quoque</strong></span> <span class='ocrx_word' id='word_1_545' title='bbox 1621 585 1778 619; x_wconf 85' lang='lat' dir='ltr'><strong>Origenem</strong></span> <span class='ocrx_word' id='word_1_546' title='bbox 1790 583 1859 618; x_wconf 88' lang='lat' dir='ltr'><strong>quod</strong></span> 
     </span>
    </p>
   </div>
   <div class='ocr_carea' id='block_1_76' title="bbox 1056 630 1858 666">
    <p class='ocr_par' dir='ltr' id='par_1_76' title="bbox 1056 630 1858 666">
     <span class='ocr_line' id='line_1_76' title="bbox 1056 630 1858 666; baseline -0.007 -4"><span class='ocrx_word' id='word_1_547' title='bbox 1056 635 1140 662; x_wconf 77' lang='lat' dir='ltr'><strong>habet</strong></span> <span class='ocrx_word' id='word_1_548' title='bbox 1153 633 1254 661; x_wconf 82' lang='lat' dir='ltr'><strong>ibidem</strong></span> <span class='ocrx_word' id='word_1_549' title='bbox 1267 632 1296 660; x_wconf 90' lang='lat' dir='ltr'><strong>S.</strong></span> <span class='ocrx_word' id='word_1_550' title='bbox 1305 631 1434 664; x_wconf 87' lang='lat' dir='ltr'><strong>Thomas,</strong></span> <span class='ocrx_word' id='word_1_551' title='bbox 1451 637 1512 666; x_wconf 90' lang='lat' dir='ltr'><strong>post</strong></span> <span class='ocrx_word' id='word_1_552' title='bbox 1524 631 1592 666; x_wconf 86' lang='lat' dir='ltr'><strong>legis</strong></span> <span class='ocrx_word' id='word_1_553' title='bbox 1603 630 1858 665; x_wconf 83' lang='lat' dir='ltr'><strong>promulgationem</strong></span> 
     </span>
    </p>
   </div>
   <div class='ocr_carea' id='block_1_77' title="bbox 1057 675 1859 711">
    <p class='ocr_par' dir='ltr' id='par_1_77' title="bbox 1057 675 1859 711">
     <span class='ocr_line' id='line_1_77' title="bbox 1057 675 1859 711; baseline -0.007 -3"><span class='ocrx_word' id='word_1_554' title='bbox 1057 680 1201 708; x_wconf 88' lang='lat' dir='ltr'><strong>ruentibus</strong></span> <span class='ocrx_word' id='word_1_555' title='bbox 1225 678 1363 707; x_wconf 87' lang='lat' dir='ltr'><strong>nonnullis</strong></span> <span class='ocrx_word' id='word_1_556' title='bbox 1382 678 1407 704; x_wconf 93' lang='lat' dir='ltr'><strong>in</strong></span> <span class='ocrx_word' id='word_1_557' title='bbox 1432 678 1545 705; x_wconf 90' lang='lat' dir='ltr'><strong>vetitum</strong></span> <span class='ocrx_word' id='word_1_558' title='bbox 1570 677 1657 710; x_wconf 87' lang='lat' dir='ltr'><strong>nefas,</strong></span> <span class='ocrx_word' id='word_1_559' title='bbox 1673 676 1816 711; x_wconf 86' lang='lat' dir='ltr'><strong>quosdam</strong></span> <span class='ocrx_word' id='word_1_560' title='bbox 1829 675 1859 702; x_wconf 87' lang='lat' dir='ltr'><strong>ad</strong></span> 
     </span>
    </p>
   </div>
   <div class='ocr_carea' id='block_1_78' title="bbox 1058 723 1858 760">
    <p class='ocr_par' dir='ltr' id='par_1_78' title="bbox 1058 723 1858 760">
     <span class='ocr_line' id='line_1_78' title="bbox 1058 723 1858 760; baseline -0.005 -7"><span class='ocrx_word' id='word_1_561' title='bbox 1058 726 1198 760; x_wconf 76' lang='lat' dir='ltr'><strong>meliorem</strong></span> <span class='ocrx_word' id='word_1_562' title='bbox 1227 724 1333 759; x_wconf 86' lang='lat' dir='ltr'><strong>frugem</strong></span> <span class='ocrx_word' id='word_1_563' title='bbox 1356 724 1489 756; x_wconf 88' lang='lat' dir='ltr'><strong>evasisse,</strong></span> <span class='ocrx_word' id='word_1_564' title='bbox 1524 723 1550 750; x_wconf 95' lang='lat' dir='ltr'><strong>in</strong></span> <span class='ocrx_word' id='word_1_565' title='bbox 1579 723 1668 758; x_wconf 87' lang='lat' dir='ltr'><strong>iisque</strong></span> <span class='ocrx_word' id='word_1_566' title='bbox 1698 730 1858 757; x_wconf 76' lang='lat' dir='ltr'><strong>repressum</strong></span> 
     </span>
    </p>
   </div>
   <div class='ocr_carea' id='block_1_79' title="bbox 1058 769 1859 805">
    <p class='ocr_par' dir='ltr' id='par_1_79' title="bbox 1058 769 1859 805">
     <span class='ocr_line' id='line_1_79' title="bbox 1058 769 1859 805; baseline -0.005 -6"><span class='ocrx_word' id='word_1_567' title='bbox 1058 772 1144 799; x_wconf 87' lang='lat' dir='ltr'><strong>fuisse</strong></span> <span class='ocrx_word' id='word_1_568' title='bbox 1163 775 1316 805; x_wconf 86' lang='lat' dir='ltr'><strong>peccatum.</strong></span> <span class='ocrx_word' id='word_1_569' title='bbox 1335 779 1345 796; x_wconf 78' lang='grc' dir='ltr'><strong>ι</strong></span> <span class='ocrx_word' id='word_1_570' title='bbox 1368 769 1514 797; x_wconf 84' lang='lat' dir='ltr'><strong>Sciendum</strong></span> <span class='ocrx_word' id='word_1_571' title='bbox 1532 774 1633 801; x_wconf 84' lang='lat' dir='ltr'><strong>tamen,</strong></span> <span class='ocrx_word' id='word_1_572' title='bbox 1656 769 1768 804; x_wconf 83' lang='lat' dir='ltr'><strong>inquit,</strong></span> <span class='ocrx_word' id='word_1_573' title='bbox 1779 770 1859 804; x_wconf 90' lang='lat' dir='ltr'><strong>quod,</strong></span> 
     </span>
    </p>
   </div>
   <div class='ocr_carea' id='block_1_80' title="bbox 1058 815 1858 850">
    <p class='ocr_par' dir='ltr' id='par_1_80' title="bbox 1058 815 1858 850">
     <span class='ocr_line' id='line_1_80' title="bbox 1058 815 1858 850; baseline -0.003 -6"><span class='ocrx_word' id='word_1_574' title='bbox 1058 817 1127 844; x_wconf 82' lang='lat' dir='ltr'><strong>sicut</strong></span> <span class='ocrx_word' id='word_1_575' title='bbox 1142 815 1322 850; x_wconf 85' lang='lat' dir='ltr'><strong>Philosophus</strong></span> <span class='ocrx_word' id='word_1_576' title='bbox 1340 815 1405 842; x_wconf 86' lang='lat' dir='ltr'><strong>dicit</strong></span> <span class='ocrx_word' id='word_1_577' title='bbox 1421 815 1447 842; x_wconf 89' lang='lat' dir='ltr'><strong>in</strong></span> <span class='ocrx_word' id='word_1_578' title='bbox 1460 823 1475 842; x_wconf 89' lang='lat' dir='ltr'><strong>x</strong></span> <span class='ocrx_word' id='word_1_579' title='bbox 1493 815 1592 850; x_wconf 62' lang='lat' dir='ltr'><strong>Elida,</strong></span> <span class='ocrx_word' id='word_1_580' title='bbox 1609 815 1773 850; x_wconf 88' lang='lat' dir='ltr'><strong>prohibitio</strong></span> <span class='ocrx_word' id='word_1_581' title='bbox 1786 815 1858 849; x_wconf 72' lang='lat' dir='ltr'><strong>legis.</strong></span> 
     </span>
    </p>
   </div>
   <div class='ocr_carea' id='block_1_81' title="bbox 1059 862 1859 897">
    <p class='ocr_par' dir='ltr' id='par_1_81' title="bbox 1059 862 1859 897">
     <span class='ocr_line' id='line_1_81' title="bbox 1059 862 1859 897; baseline -0.001 -7"><span class='ocrx_word' id='word_1_582' title='bbox 1059 865 1122 890; x_wconf 87' lang='lat' dir='ltr'><strong>licet</strong></span> <span class='ocrx_word' id='word_1_583' title='bbox 1142 863 1202 891; x_wconf 88' lang='lat' dir='ltr'><strong>illos</strong></span> <span class='ocrx_word' id='word_1_584' title='bbox 1217 863 1262 897; x_wconf 92' lang='lat' dir='ltr'><strong>qui</strong></span> <span class='ocrx_word' id='word_1_585' title='bbox 1278 866 1341 889; x_wconf 90' lang='lat' dir='ltr'><strong>sunt</strong></span> <span class='ocrx_word' id='word_1_586' title='bbox 1356 862 1425 889; x_wconf 80' lang='lat' dir='ltr'><strong>unde</strong></span> <span class='ocrx_word' id='word_1_587' title='bbox 1437 862 1560 897; x_wconf 87' lang='lat' dir='ltr'><strong>dispositi</strong></span> <span class='ocrx_word' id='word_1_588' title='bbox 1584 862 1719 889; x_wconf 87' lang='lat' dir='ltr'><strong>cohibeat</strong></span> <span class='ocrx_word' id='word_1_589' title='bbox 1735 862 1775 889; x_wconf 86' lang='lat' dir='ltr'><strong>ab</strong></span> <span class='ocrx_word' id='word_1_590' title='bbox 1786 868 1859 889; x_wconf 87' lang='lat' dir='ltr'><strong>exte-</strong></span> 
     </span>
    </p>
   </div>
   <div class='ocr_carea' id='block_1_82' title="bbox 1059 908 1859 944">
    <p class='ocr_par' dir='ltr' id='par_1_82' title="bbox 1059 908 1859 944">
     <span class='ocr_line' id='line_1_82' title="bbox 1059 908 1859 944; baseline -0.003 -7"><span class='ocrx_word' id='word_1_591' title='bbox 1059 908 1177 937; x_wconf 89' lang='lat' dir='ltr'><strong>rioribus</strong></span> <span class='ocrx_word' id='word_1_592' title='bbox 1194 909 1312 944; x_wconf 85' lang='lat' dir='ltr'><strong>peccatis</strong></span> <span class='ocrx_word' id='word_1_593' title='bbox 1323 908 1382 936; x_wconf 87' lang='lat' dir='ltr'><strong>solo</strong></span> <span class='ocrx_word' id='word_1_594' title='bbox 1393 915 1479 944; x_wconf 61' lang='lat' dir='ltr'><strong>poena:</strong></span> <span class='ocrx_word' id='word_1_595' title='bbox 1493 908 1599 942; x_wconf 87' lang='lat' dir='ltr'><strong>timore,</strong></span> <span class='ocrx_word' id='word_1_596' title='bbox 1612 910 1754 943; x_wconf 86' lang='lat' dir='ltr'><strong>quosdam</strong></span> <span class='ocrx_word' id='word_1_597' title='bbox 1773 913 1859 936; x_wconf 87' lang='lat' dir='ltr'><strong>tamen</strong></span> 
     </span>
    </p>
   </div>
   <div class='ocr_carea' id='block_1_83' title="bbox 1059 953 1859 989">
    <p class='ocr_par' dir='ltr' id='par_1_83' title="bbox 1059 953 1859 989">
     <span class='ocr_line' id='line_1_83' title="bbox 1059 953 1859 989; baseline -0.001 -7"><span class='ocrx_word' id='word_1_598' title='bbox 1059 954 1128 982; x_wconf 90' lang='lat' dir='ltr'><strong>bene</strong></span> <span class='ocrx_word' id='word_1_599' title='bbox 1148 953 1294 989; x_wconf 88' lang='lat' dir='ltr'><strong>dispositos</strong></span> <span class='ocrx_word' id='word_1_600' title='bbox 1320 953 1425 980; x_wconf 84' lang='lat' dir='ltr'><strong>inducit</strong></span> <span class='ocrx_word' id='word_1_601' title='bbox 1450 961 1498 988; x_wconf 90' lang='lat' dir='ltr'><strong>per</strong></span> <span class='ocrx_word' id='word_1_602' title='bbox 1516 961 1637 981; x_wconf 88' lang='lat' dir='ltr'><strong>amoretn</strong></span> <span class='ocrx_word' id='word_1_603' title='bbox 1657 954 1795 987; x_wconf 82' lang='lat' dir='ltr'><strong>virtutis;</strong></span> <span class='ocrx_word' id='word_1_604' title='bbox 1817 954 1859 981; x_wconf 86' lang='lat' dir='ltr'><strong>sed</strong></span> 
     </span>
    </p>
   </div>
   <div class='ocr_carea' id='block_1_84' title="bbox 1061 1001 1861 1037">
    <p class='ocr_par' dir='ltr' id='par_1_84' title="bbox 1061 1001 1861 1037">
     <span class='ocr_line' id='line_1_84' title="bbox 1061 1001 1861 1037; baseline 0.001 -9"><span class='ocrx_word' id='word_1_605' title='bbox 1061 1001 1113 1028; x_wconf 84' lang='lat' dir='ltr'><strong>ista</strong></span> <span class='ocrx_word' id='word_1_606' title='bbox 1135 1001 1205 1028; x_wconf 89' lang='lat' dir='ltr'><strong>bona</strong></span> <span class='ocrx_word' id='word_1_607' title='bbox 1219 1001 1364 1036; x_wconf 77' lang='lat' dir='ltr'><strong>dispositio</strong></span> <span class='ocrx_word' id='word_1_608' title='bbox 1383 1006 1512 1036; x_wconf 87' lang='lat' dir='ltr'><strong>quantum</strong></span> <span class='ocrx_word' id='word_1_609' title='bbox 1526 1001 1560 1028; x_wconf 86' lang='lat' dir='ltr'><strong>ad</strong></span> <span class='ocrx_word' id='word_1_610' title='bbox 1575 1001 1679 1036; x_wconf 88' lang='lat' dir='ltr'><strong>aliquid</strong></span> <span class='ocrx_word' id='word_1_611' title='bbox 1695 1006 1794 1037; x_wconf 82' lang='lat' dir='ltr'><strong>potest</strong></span> <span class='ocrx_word' id='word_1_612' title='bbox 1806 1009 1861 1030; x_wconf 86' lang='lat' dir='ltr'><strong>esse</strong></span> 
     </span>
    </p>
   </div>
   <div class='ocr_carea' id='block_1_85' title="bbox 1059 1046 1861 1083">
    <p class='ocr_par' dir='ltr' id='par_1_85' title="bbox 1059 1046 1861 1083">
     <span class='ocr_line' id='line_1_85' title="bbox 1059 1046 1861 1083; baseline 0.001 -10"><span class='ocrx_word' id='word_1_613' title='bbox 1059 1054 1073 1073; x_wconf 86' lang='lat' dir='ltr'><strong>a</strong></span> <span class='ocrx_word' id='word_1_614' title='bbox 1095 1052 1204 1078; x_wconf 85' lang='lat' dir='ltr'><strong>natura.</strong></span> <span class='ocrx_word' id='word_1_615' title='bbox 1229 1047 1276 1074; x_wconf 87' lang='lat' dir='ltr'><strong>sed</strong></span> <span class='ocrx_word' id='word_1_616' title='bbox 1291 1046 1350 1081; x_wconf 90' lang='lat' dir='ltr'><strong>ejus</strong></span> <span class='ocrx_word' id='word_1_617' title='bbox 1374 1047 1506 1081; x_wconf 87' lang='lat' dir='ltr'><strong>perfectio</strong></span> <span class='ocrx_word' id='word_1_618' title='bbox 1524 1055 1576 1075; x_wconf 89' lang='lat' dir='ltr'><strong>non</strong></span> <span class='ocrx_word' id='word_1_619' title='bbox 1591 1053 1634 1075; x_wconf 87' lang='lat' dir='ltr'><strong>est</strong></span> <span class='ocrx_word' id='word_1_620' title='bbox 1661 1047 1718 1074; x_wconf 89' lang='lat' dir='ltr'><strong>nisi</strong></span> <span class='ocrx_word' id='word_1_621' title='bbox 1736 1055 1789 1082; x_wconf 91' lang='lat' dir='ltr'><strong>per</strong></span> <span class='ocrx_word' id='word_1_622' title='bbox 1801 1056 1861 1083; x_wconf 85' lang='lat' dir='ltr'><strong>gra-</strong></span> 
     </span>
    </p>
   </div>
   <div class='ocr_carea' id='block_1_86' title="bbox 1060 1091 1858 1128">
    <p class='ocr_par' dir='ltr' id='par_1_86' title="bbox 1060 1091 1858 1128">
     <span class='ocr_line' id='line_1_86' title="bbox 1060 1091 1858 1128; baseline 0.001 -10"><span class='ocrx_word' id='word_1_623' title='bbox 1060 1091 1136 1124; x_wconf 84' lang='lat' dir='ltr'><strong>tiam,</strong></span> <span class='ocrx_word' id='word_1_624' title='bbox 1151 1099 1186 1119; x_wconf 89' lang='lat' dir='ltr'><strong>ex</strong></span> <span class='ocrx_word' id='word_1_625' title='bbox 1202 1099 1254 1126; x_wconf 90' lang='lat' dir='ltr'><strong>qua</strong></span> <span class='ocrx_word' id='word_1_626' title='bbox 1267 1092 1402 1127; x_wconf 84' lang='lat' dir='ltr'><strong>contingit</strong></span> <span class='ocrx_word' id='word_1_627' title='bbox 1417 1093 1489 1128; x_wconf 86' lang='lat' dir='ltr'><strong>quod</strong></span> <span class='ocrx_word' id='word_1_628' title='bbox 1504 1093 1584 1120; x_wconf 85' lang='lat' dir='ltr'><strong>etiam</strong></span> <span class='ocrx_word' id='word_1_629' title='bbox 1597 1093 1657 1128; x_wconf 84' lang='lat' dir='ltr'><strong>lege</strong></span> <span class='ocrx_word' id='word_1_630' title='bbox 1669 1094 1764 1120; x_wconf 88' lang='lat' dir='ltr'><strong>veteri</strong></span> <span class='ocrx_word' id='word_1_631' title='bbox 1786 1095 1858 1127; x_wconf 80' lang='lat' dir='ltr'><strong>data,</strong></span> 
     </span>
    </p>
   </div>
   <div class='ocr_carea' id='block_1_87' title="bbox 1060 1138 1859 1175">
    <p class='ocr_par' dir='ltr' id='par_1_87' title="bbox 1060 1138 1859 1175">
     <span class='ocr_line' id='line_1_87' title="bbox 1060 1138 1859 1175; baseline 0.004 -11"><span class='ocrx_word' id='word_1_632' title='bbox 1060 1146 1113 1165; x_wconf 89' lang='lat' dir='ltr'><strong>non</strong></span> <span class='ocrx_word' id='word_1_633' title='bbox 1126 1139 1154 1166; x_wconf 90' lang='lat' dir='ltr'><strong>in</strong></span> <span class='ocrx_word' id='word_1_634' title='bbox 1167 1138 1297 1166; x_wconf 87' lang='lat' dir='ltr'><strong>omnibus</strong></span> <span class='ocrx_word' id='word_1_635' title='bbox 1312 1144 1451 1174; x_wconf 80' lang='lat' dir='ltr'><strong>peccatum</strong></span> <span class='ocrx_word' id='word_1_636' title='bbox 1466 1139 1596 1172; x_wconf 86' lang='lat' dir='ltr'><strong>abundat,</strong></span> <span class='ocrx_word' id='word_1_637' title='bbox 1606 1140 1653 1167; x_wconf 88' lang='lat' dir='ltr'><strong>sed</strong></span> <span class='ocrx_word' id='word_1_638' title='bbox 1669 1139 1698 1167; x_wconf 90' lang='lat' dir='ltr'><strong>in</strong></span> <span class='ocrx_word' id='word_1_639' title='bbox 1719 1141 1859 1175; x_wconf 87' lang='lat' dir='ltr'><strong>pluribus.</strong></span> 
     </span>
    </p>
   </div>
   <div class='ocr_carea' id='block_1_88' title="bbox 1059 1182 1861 1220">
    <p class='ocr_par' dir='ltr' id='par_1_88' title="bbox 1059 1182 1861 1220">
     <span class='ocr_line' id='line_1_88' title="bbox 1059 1182 1861 1220; baseline 0.006 -12"><span class='ocrx_word' id='word_1_640' title='bbox 1059 1182 1176 1216; x_wconf 78' lang='lat' dir='ltr'><strong>Quidam</strong></span> <span class='ocrx_word' id='word_1_641' title='bbox 1195 1191 1258 1211; x_wconf 90' lang='lat' dir='ltr'><strong>vero</strong></span> <span class='ocrx_word' id='word_1_642' title='bbox 1272 1182 1333 1218; x_wconf 88' lang='lat' dir='ltr'><strong>lege</strong></span> <span class='ocrx_word' id='word_1_643' title='bbox 1348 1184 1518 1218; x_wconf 84' lang='lat' dir='ltr'><strong>prohibente,</strong></span> <span class='ocrx_word' id='word_1_644' title='bbox 1533 1189 1561 1212; x_wconf 87' lang='lat' dir='ltr'><strong>et</strong></span> <span class='ocrx_word' id='word_1_645' title='bbox 1574 1185 1660 1220; x_wconf 79' lang='lat' dir='ltr'><strong>gratia</strong></span> <span class='ocrx_word' id='word_1_646' title='bbox 1674 1185 1800 1213; x_wconf 85' lang='lat' dir='ltr'><strong>ulterius</strong></span> <span class='ocrx_word' id='word_1_647' title='bbox 1816 1187 1861 1213; x_wconf 84' lang='lat' dir='ltr'><strong>ad-</strong></span> 
     </span>
    </p>
   </div>
   <div class='ocr_carea' id='block_1_89' title="bbox 1055 1228 1861 1267">
    <p class='ocr_par' dir='ltr' id='par_1_89' title="bbox 1055 1228 1861 1267">
     <span class='ocr_line' id='line_1_89' title="bbox 1055 1228 1861 1267; baseline 0.006 -12"><span class='ocrx_word' id='word_1_648' title='bbox 1055 1228 1178 1262; x_wconf 84' lang='lat' dir='ltr'><strong>juvante,</strong></span> <span class='ocrx_word' id='word_1_649' title='bbox 1203 1229 1236 1256; x_wconf 86' lang='lat' dir='ltr'><strong>ad</strong></span> <span class='ocrx_word' id='word_1_650' title='bbox 1260 1229 1453 1264; x_wconf 86' lang='lat' dir='ltr'><strong>perfectionem</strong></span> <span class='ocrx_word' id='word_1_651' title='bbox 1475 1231 1606 1258; x_wconf 88' lang='lat' dir='ltr'><strong>virtutum</strong></span> <span class='ocrx_word' id='word_1_652' title='bbox 1621 1232 1737 1259; x_wconf 85' lang='lat' dir='ltr'><strong>tandem</strong></span> <span class='ocrx_word' id='word_1_653' title='bbox 1764 1240 1861 1267; x_wconf 82' lang='lat' dir='ltr'><strong>perve-</strong></span> 
     </span>
    </p>
   </div>
   <div class='ocr_carea' id='block_1_90' title="bbox 1059 1275 1860 1309">
    <p class='ocr_par' dir='ltr' id='par_1_90' title="bbox 1059 1275 1860 1309">
     <span class='ocr_line' id='line_1_90' title="bbox 1059 1275 1860 1309; baseline 0.004 -8"><span class='ocrx_word' id='word_1_654' title='bbox 1059 1279 1168 1307; x_wconf 89' lang='lat' dir='ltr'><strong>nerunt,</strong></span> <span class='ocrx_word' id='word_1_655' title='bbox 1187 1276 1333 1302; x_wconf 85' lang='lat' dir='ltr'><strong>secundum</strong></span> <span class='ocrx_word' id='word_1_656' title='bbox 1357 1275 1420 1303; x_wconf 92' lang='lat' dir='ltr'><strong>illud</strong></span> <span class='ocrx_word' id='word_1_657' title='bbox 1438 1276 1541 1305; x_wconf 85' lang='lat' dir='ltr'><strong>Eccles.</strong></span> <span class='ocrx_word' id='word_1_658' title='bbox 1559 1285 1631 1309; x_wconf 81' lang='lat' dir='ltr'><strong>xuv,</strong></span> <span class='ocrx_word' id='word_1_659' title='bbox 1650 1278 1660 1304; x_wconf 88' lang='grc' dir='ltr'><strong>Ι</strong></span> <span class='ocrx_word' id='word_1_660' title='bbox 1676 1284 1685 1304; x_wconf 92' lang='lat'><strong>:</strong></span> <span class='ocrx_word' id='word_1_661' title='bbox 1704 1277 1860 1305; x_wconf 72' lang='lat' dir='ltr'><strong>Laudemus</strong></span> 
     </span>
    </p>
   </div>
   <div class='ocr_carea' id='block_1_91' title="bbox 1058 1320 1861 1358">
    <p class='ocr_par' dir='ltr' id='par_1_91' title="bbox 1058 1320 1861 1358">
     <span class='ocr_line' id='line_1_91' title="bbox 1058 1320 1861 1358; baseline 0.004 -11"><span class='ocrx_word' id='word_1_662' title='bbox 1058 1322 1127 1348; x_wconf 77' lang='lat' dir='ltr'><strong>viros</strong></span> <span class='ocrx_word' id='word_1_663' title='bbox 1147 1320 1286 1355; x_wconf 80' lang='lat' dir='ltr'><strong>gloriosos,</strong></span> <span class='ocrx_word' id='word_1_664' title='bbox 1306 1325 1371 1354; x_wconf 84' lang='lat' dir='ltr'><strong>ete.,</strong></span> <span class='ocrx_word' id='word_1_665' title='bbox 1395 1327 1423 1349; x_wconf 87' lang='lat' dir='ltr'><strong>et</strong></span> <span class='ocrx_word' id='word_1_666' title='bbox 1449 1321 1529 1355; x_wconf 80' lang='lat' dir='ltr'><strong>infra,</strong></span> <span class='ocrx_word' id='word_1_667' title='bbox 1555 1323 1581 1356; x_wconf 80' lang='grc'><strong>5,</strong></span> <span class='ocrx_word' id='word_1_668' title='bbox 1602 1323 1724 1350; x_wconf 80' lang='lat' dir='ltr'><strong>homines</strong></span> <span class='ocrx_word' id='word_1_669' title='bbox 1751 1331 1861 1358; x_wconf 74' lang='lat' dir='ltr'><strong>magno:</strong></span> 
     </span>
    </p>
   </div>
   <div class='ocr_carea' id='block_1_92' title="bbox 1058 1367 1860 1404">
    <p class='ocr_par' dir='ltr' id='par_1_92' title="bbox 1058 1367 1860 1404">
     <span class='ocr_line' id='line_1_92' title="bbox 1058 1367 1860 1404; baseline 0.005 -10"><span class='ocrx_word' id='word_1_670' title='bbox 1058 1369 1162 1395; x_wconf 75' lang='lat' dir='ltr'><strong>uirtute.</strong></span> <span class='ocrx_word' id='word_1_671' title='bbox 1183 1377 1192 1394; x_wconf 78' lang='grc' dir='ltr'><strong>ι</strong></span> <span class='ocrx_word' id='word_1_672' title='bbox 1213 1367 1382 1404; x_wconf 86' lang='lat' dir='ltr'><strong>Suti&#39;ragatur</strong></span> <span class='ocrx_word' id='word_1_673' title='bbox 1399 1375 1428 1396; x_wconf 84' lang='lat' dir='ltr'><strong>et</strong></span> <span class='ocrx_word' id='word_1_674' title='bbox 1442 1369 1506 1397; x_wconf 89' lang='lat' dir='ltr'><strong>illud</strong></span> <span class='ocrx_word' id='word_1_675' title='bbox 1522 1368 1642 1401; x_wconf 81' lang='lat' dir='ltr'><strong>Thomas.</strong></span> <span class='ocrx_word' id='word_1_676' title='bbox 1667 1375 1769 1398; x_wconf 87' lang='lat' dir='ltr'><strong>nostro</strong></span> <span class='ocrx_word' id='word_1_677' title='bbox 1789 1370 1860 1397; x_wconf 84' lang='lat' dir='ltr'><strong>Ada-</strong></span> 
     </span>
    </p>
   </div>
   <div class='ocr_carea' id='block_1_93' title="bbox 1058 1414 1861 1449">
    <p class='ocr_par' dir='ltr' id='par_1_93' title="bbox 1058 1414 1861 1449">
     <span class='ocr_line' id='line_1_93' title="bbox 1058 1414 1861 1449; baseline 0.004 -9"><span class='ocrx_word' id='word_1_678' title='bbox 1058 1414 1172 1447; x_wconf 88' lang='lat' dir='ltr'><strong>mantio,</strong></span> <span class='ocrx_word' id='word_1_679' title='bbox 1184 1422 1217 1442; x_wconf 87' lang='lat' dir='ltr'><strong>ex</strong></span> <span class='ocrx_word' id='word_1_680' title='bbox 1238 1414 1299 1446; x_wconf 76' lang='lat' dir='ltr'><strong>l-2,</strong></span> <span class='ocrx_word' id='word_1_681' title='bbox 1315 1421 1409 1449; x_wconf 58' lang='lat' dir='ltr'><strong>quaest.</strong></span> <span class='ocrx_word' id='word_1_682' title='bbox 1427 1415 1472 1448; x_wconf 90' lang='lat'><strong>98,</strong></span> <span class='ocrx_word' id='word_1_683' title='bbox 1498 1423 1525 1448; x_wconf 90' lang='lat' dir='ltr'><strong>a,</strong></span> <span class='ocrx_word' id='word_1_684' title='bbox 1544 1415 1556 1442; x_wconf 88' lang='lat' dir='ltr'><strong>l</strong></span> <span class='ocrx_word' id='word_1_685' title='bbox 1581 1424 1589 1443; x_wconf 85' lang='lat'><strong>:</strong></span> <span class='ocrx_word' id='word_1_686' title='bbox 1612 1424 1622 1442; x_wconf 84' lang='grc' dir='ltr'><strong>ι</strong></span> <span class='ocrx_word' id='word_1_687' title='bbox 1644 1415 1702 1443; x_wconf 85' lang='lat' dir='ltr'><strong>Lex</strong></span> <span class='ocrx_word' id='word_1_688' title='bbox 1722 1421 1806 1444; x_wconf 76' lang='lat' dir='ltr'><strong>vetus</strong></span> <span class='ocrx_word' id='word_1_689' title='bbox 1822 1424 1861 1443; x_wconf 88' lang='lat' dir='ltr'><strong>ra-</strong></span> 
     </span>
    </p>
   </div>
   <div class='ocr_carea' id='block_1_94' title="bbox 1059 1460 1860 1497">
    <p class='ocr_par' dir='ltr' id='par_1_94' title="bbox 1059 1460 1860 1497">
     <span class='ocr_line' id='line_1_94' title="bbox 1059 1460 1860 1497; baseline 0.002 -10"><span class='ocrx_word' id='word_1_690' title='bbox 1059 1460 1124 1487; x_wconf 91' lang='lat' dir='ltr'><strong>tioni</strong></span> <span class='ocrx_word' id='word_1_691' title='bbox 1141 1460 1318 1494; x_wconf 87' lang='lat' dir='ltr'><strong>consonabat,</strong></span> <span class='ocrx_word' id='word_1_692' title='bbox 1335 1461 1398 1495; x_wconf 88' lang='lat' dir='ltr'><strong>quia</strong></span> <span class='ocrx_word' id='word_1_693' title='bbox 1411 1461 1660 1497; x_wconf 86' lang='lat' dir='ltr'><strong>concupiscentiam</strong></span> <span class='ocrx_word' id='word_1_694' title='bbox 1676 1462 1860 1497; x_wconf 83' lang='lat' dir='ltr'><strong>reprimebat,</strong></span> 
     </span>
    </p>
   </div>
   <div class='ocr_carea' id='block_1_95' title="bbox 1057 1505 1860 1542">
    <p class='ocr_par' dir='ltr' id='par_1_95' title="bbox 1057 1505 1860 1542">
     <span class='ocr_line' id='line_1_95' title="bbox 1057 1505 1860 1542; baseline 0.002 -10"><span class='ocrx_word' id='word_1_695' title='bbox 1057 1513 1118 1539; x_wconf 72' lang='lat' dir='ltr'><strong>quae</strong></span> <span class='ocrx_word' id='word_1_696' title='bbox 1129 1505 1224 1533; x_wconf 91' lang='lat' dir='ltr'><strong>rationi</strong></span> <span class='ocrx_word' id='word_1_697' title='bbox 1239 1507 1407 1539; x_wconf 82' lang='lat' dir='ltr'><strong>adversatur,</strong></span> <span class='ocrx_word' id='word_1_698' title='bbox 1434 1511 1464 1533; x_wconf 94' lang='lat' dir='ltr'><strong>ut</strong></span> <span class='ocrx_word' id='word_1_699' title='bbox 1494 1511 1568 1542; x_wconf 87' lang='lat' dir='ltr'><strong>patet</strong></span> <span class='ocrx_word' id='word_1_700' title='bbox 1586 1507 1612 1534; x_wconf 93' lang='lat' dir='ltr'><strong>in</strong></span> <span class='ocrx_word' id='word_1_701' title='bbox 1642 1507 1688 1534; x_wconf 92' lang='lat' dir='ltr'><strong>illo</strong></span> <span class='ocrx_word' id='word_1_702' title='bbox 1702 1508 1839 1536; x_wconf 86' lang='lat' dir='ltr'><strong>mandato</strong></span> <span class='ocrx_word' id='word_1_703' title='bbox 1853 1517 1860 1534; x_wconf 94' lang='lat'>:</span> 
     </span>
    </p>
   </div>
   <div class='ocr_carea' id='block_1_96' title="bbox 1056 1550 1861 1589">
    <p class='ocr_par' dir='ltr' id='par_1_96' title="bbox 1056 1550 1861 1589">
     <span class='ocr_line' id='line_1_96' title="bbox 1056 1550 1861 1589; baseline 0.005 -12"><span class='ocrx_word' id='word_1_704' title='bbox 1056 1550 1119 1578; x_wconf 82' lang='lat' dir='ltr'><strong>Non</strong></span> <span class='ocrx_word' id='word_1_705' title='bbox 1140 1552 1308 1586; x_wconf 78' lang='lat' dir='ltr'><strong>concupisces</strong></span> <span class='ocrx_word' id='word_1_706' title='bbox 1338 1559 1391 1578; x_wconf 81' lang='lat' dir='ltr'><strong>rem</strong></span> <span class='ocrx_word' id='word_1_707' title='bbox 1416 1552 1528 1586; x_wconf 71' lang='lat' dir='ltr'><strong>proximi</strong></span> <span class='ocrx_word' id='word_1_708' title='bbox 1557 1553 1613 1586; x_wconf 76' lang='lat' dir='ltr'><strong>tui,</strong></span> <span class='ocrx_word' id='word_1_709' title='bbox 1648 1554 1724 1588; x_wconf 90' lang='lat' dir='ltr'><strong>quod</strong></span> <span class='ocrx_word' id='word_1_710' title='bbox 1751 1555 1861 1589; x_wconf 82' lang='lat' dir='ltr'><strong>ponitur</strong></span> 
     </span>
    </p>
   </div>
   <div class='ocr_carea' id='block_1_97' title="bbox 1055 1596 1858 1640">
    <p class='ocr_par' dir='ltr' id='par_1_97' title="bbox 1055 1596 1858 1640">
     <span class='ocr_line' id='line_1_97' title="bbox 1055 1596 1858 1640; baseline 0.006 -18"><span class='ocrx_word' id='word_1_711' title='bbox 1055 1596 1141 1624; x_wconf 83' lang='lat' dir='ltr'><strong>Exod.</strong></span> <span class='ocrx_word' id='word_1_712' title='bbox 1154 1604 1198 1629; x_wconf 90' lang='lat' dir='ltr'><strong>xx,</strong></span> <span class='ocrx_word' id='word_1_713' title='bbox 1217 1597 1262 1625; x_wconf 86' lang='lat' dir='ltr'><strong>l7.</strong></span> <span class='ocrx_word' id='word_1_714' title='bbox 1279 1597 1338 1633; x_wconf 88' lang='lat' dir='ltr'><strong>lpsa</strong></span> <span class='ocrx_word' id='word_1_715' title='bbox 1355 1599 1437 1626; x_wconf 88' lang='lat' dir='ltr'><strong>etiant</strong></span> <span class='ocrx_word' id='word_1_716' title='bbox 1453 1598 1544 1626; x_wconf 89' lang='lat' dir='ltr'><strong>omnia</strong></span> <span class='ocrx_word' id='word_1_717' title='bbox 1555 1604 1664 1633; x_wconf 85' lang='lat' dir='ltr'><strong>peccata</strong></span> <span class='ocrx_word' id='word_1_718' title='bbox 1679 1599 1858 1640; x_wconf 47' lang='lat' dir='ltr'><strong>prohibebat.</strong></span> 
     </span>
    </p>
   </div>
   <div class='ocr_carea' id='block_1_98' title="bbox 1055 1644 1860 1681">
    <p class='ocr_par' dir='ltr' id='par_1_98' title="bbox 1055 1644 1860 1681">
     <span class='ocr_line' id='line_1_98' title="bbox 1055 1644 1860 1681; baseline 0.004 -12"><span class='ocrx_word' id='word_1_719' title='bbox 1055 1650 1115 1676; x_wconf 68' lang='lat' dir='ltr'><strong>quae</strong></span> <span class='ocrx_word' id='word_1_720' title='bbox 1135 1647 1309 1671; x_wconf 86' lang='lat' dir='ltr'><strong>suntcontra</strong></span> <span class='ocrx_word' id='word_1_721' title='bbox 1329 1644 1471 1672; x_wconf 90' lang='lat' dir='ltr'><strong>rationem.</strong></span> <span class='ocrx_word' id='word_1_722' title='bbox 1493 1653 1503 1670; x_wconf 68' lang='grc' dir='ltr'><strong>ι</strong></span> <span class='ocrx_word' id='word_1_723' title='bbox 1529 1644 1561 1672; x_wconf 80' lang='grc' dir='ltr'>ει</span> <span class='ocrx_word' id='word_1_724' title='bbox 1586 1644 1704 1672; x_wconf 91' lang='lat' dir='ltr'><strong>articulo</strong></span> <span class='ocrx_word' id='word_1_725' title='bbox 1728 1652 1860 1681; x_wconf 78' lang='lat' dir='ltr'><strong>sequente</strong></span> 
     </span>
    </p>
   </div>
   <div class='ocr_carea' id='block_1_99' title="bbox 1055 1689 1860 1724">
    <p class='ocr_par' dir='ltr' id='par_1_99' title="bbox 1055 1689 1860 1724">
     <span class='ocr_line' id='line_1_99' title="bbox 1055 1689 1860 1724; baseline 0.002 -8"><span class='ocrx_word' id='word_1_726' title='bbox 1055 1689 1134 1716; x_wconf 86' lang='lat' dir='ltr'><strong>docet</strong></span> <span class='ocrx_word' id='word_1_727' title='bbox 1170 1689 1256 1724; x_wconf 85' lang='lat' dir='ltr'><strong>legem</strong></span> <span class='ocrx_word' id='word_1_728' title='bbox 1287 1695 1406 1718; x_wconf 88' lang='lat' dir='ltr'><strong>veterem</strong></span> <span class='ocrx_word' id='word_1_729' title='bbox 1432 1699 1454 1724; x_wconf 77' lang='grc' dir='ltr'>,ι</span> <span class='ocrx_word' id='word_1_730' title='bbox 1482 1690 1605 1717; x_wconf 87' lang='lat' dir='ltr'><strong>homines</strong></span> <span class='ocrx_word' id='word_1_731' title='bbox 1641 1691 1795 1719; x_wconf 85' lang='lat' dir='ltr'><strong>ordinasse</strong></span> <span class='ocrx_word' id='word_1_732' title='bbox 1828 1692 1860 1718; x_wconf 87' lang='lat' dir='ltr'><strong>ad</strong></span> 
     </span>
    </p>
   </div>
   <div class='ocr_carea' id='block_1_100' title="bbox 1055 1734 1859 1771">
    <p class='ocr_par' dir='ltr' id='par_1_100' title="bbox 1055 1734 1859 1771">
     <span class='ocr_line' id='line_1_100' title="bbox 1055 1734 1859 1771; baseline 0.004 -10"><span class='ocrx_word' id='word_1_733' title='bbox 1055 1734 1195 1762; x_wconf 81' lang='lat' dir='ltr'><strong>Christum</strong></span> <span class='ocrx_word' id='word_1_734' title='bbox 1220 1743 1269 1770; x_wconf 90' lang='lat' dir='ltr'><strong>per</strong></span> <span class='ocrx_word' id='word_1_735' title='bbox 1288 1737 1399 1764; x_wconf 90' lang='lat' dir='ltr'><strong>modum</strong></span> <span class='ocrx_word' id='word_1_736' title='bbox 1415 1736 1553 1770; x_wconf 83' lang='lat' dir='ltr'><strong>cujusdam</strong></span> <span class='ocrx_word' id='word_1_737' title='bbox 1575 1737 1784 1771; x_wconf 86' lang='lat' dir='ltr'><strong>dispositionis,</strong></span> <span class='ocrx_word' id='word_1_738' title='bbox 1797 1739 1859 1764; x_wconf 89' lang='lat' dir='ltr'><strong>dum</strong></span> 
     </span>
    </p>
   </div>
   <div class='ocr_carea' id='block_1_101' title="bbox 1056 1781 1860 1816">
    <p class='ocr_par' dir='ltr' id='par_1_101' title="bbox 1056 1781 1860 1816">
     <span class='ocr_line' id='line_1_101' title="bbox 1056 1781 1860 1816; baseline 0.005 -9"><span class='ocrx_word' id='word_1_739' title='bbox 1056 1781 1197 1809; x_wconf 88' lang='lat' dir='ltr'><strong>retrahens</strong></span> <span class='ocrx_word' id='word_1_740' title='bbox 1219 1781 1341 1810; x_wconf 87' lang='lat' dir='ltr'><strong>homines</strong></span> <span class='ocrx_word' id='word_1_741' title='bbox 1355 1791 1371 1810; x_wconf 90' lang='lat' dir='ltr'><strong>a</strong></span> <span class='ocrx_word' id='word_1_742' title='bbox 1392 1783 1466 1811; x_wconf 84' lang='lat' dir='ltr'><strong>culta</strong></span> <span class='ocrx_word' id='word_1_743' title='bbox 1486 1783 1654 1816; x_wconf 70' lang='lat' dir='ltr'><strong>idololatriae,</strong></span> <span class='ocrx_word' id='word_1_744' title='bbox 1676 1783 1860 1811; x_wconf 82' lang='lat' dir='ltr'><strong>concludebat</strong></span> 
     </span>
    </p>
   </div>
   <div class='ocr_carea' id='block_1_102' title="bbox 1053 1827 1860 1864">
    <p class='ocr_par' dir='ltr' id='par_1_102' title="bbox 1053 1827 1860 1864">
     <span class='ocr_line' id='line_1_102' title="bbox 1053 1827 1860 1864; baseline 0.005 -11"><span class='ocrx_word' id='word_1_745' title='bbox 1053 1833 1102 1853; x_wconf 87' lang='lat' dir='ltr'><strong>eos</strong></span> <span class='ocrx_word' id='word_1_746' title='bbox 1116 1829 1166 1854; x_wconf 85' lang='lat' dir='ltr'><strong>sub</strong></span> <span class='ocrx_word' id='word_1_747' title='bbox 1177 1827 1251 1855; x_wconf 87' lang='lat' dir='ltr'><strong>cultu</strong></span> <span class='ocrx_word' id='word_1_748' title='bbox 1269 1829 1348 1856; x_wconf 87' lang='lat' dir='ltr'><strong>unius</strong></span> <span class='ocrx_word' id='word_1_749' title='bbox 1363 1828 1422 1862; x_wconf 84' lang='lat' dir='ltr'><strong>Dei,</strong></span> <span class='ocrx_word' id='word_1_750' title='bbox 1443 1837 1457 1856; x_wconf 86' lang='lat' dir='ltr'><strong>a</strong></span> <span class='ocrx_word' id='word_1_751' title='bbox 1473 1837 1527 1864; x_wconf 88' lang='lat' dir='ltr'><strong>quo</strong></span> <span class='ocrx_word' id='word_1_752' title='bbox 1549 1829 1710 1857; x_wconf 84' lang='lat' dir='ltr'><strong>salvandum</strong></span> <span class='ocrx_word' id='word_1_753' title='bbox 1728 1837 1794 1857; x_wconf 84' lang='lat' dir='ltr'><strong>erat</strong></span> <span class='ocrx_word' id='word_1_754' title='bbox 1811 1830 1860 1857; x_wconf 88' lang='lat' dir='ltr'><strong>hu-</strong></span> 
     </span>
    </p>
   </div>
   <div class='ocr_carea' id='block_1_103' title="bbox 1057 1875 1530 1909">
    <p class='ocr_par' dir='ltr' id='par_1_103' title="bbox 1057 1875 1530 1909">
     <span class='ocr_line' id='line_1_103' title="bbox 1057 1875 1530 1909; baseline 0.006 -11"><span class='ocrx_word' id='word_1_755' title='bbox 1057 1880 1168 1900; x_wconf 89' lang='lat' dir='ltr'><strong>manum</strong></span> <span class='ocrx_word' id='word_1_756' title='bbox 1181 1881 1268 1908; x_wconf 79' lang='lat' dir='ltr'><strong>genus</strong></span> <span class='ocrx_word' id='word_1_757' title='bbox 1287 1881 1335 1909; x_wconf 85' lang='lat' dir='ltr'><strong>per</strong></span> <span class='ocrx_word' id='word_1_758' title='bbox 1354 1875 1504 1903; x_wconf 87' lang='lat' dir='ltr'><strong>Christum.</strong></span> <span class='ocrx_word' id='word_1_759' title='bbox 1521 1883 1530 1901; x_wconf 79' lang='grc' dir='ltr'><strong>ι</strong></span> 
     </span>
    </p>
   </div>
   <div class='ocr_carea' id='block_1_104' title="bbox 1091 1919 1860 1959">
    <p class='ocr_par' dir='ltr' id='par_1_104' title="bbox 1091 1919 1860 1959">
     <span class='ocr_line' id='line_1_104' title="bbox 1091 1919 1860 1959; baseline 0.005 -12"><span class='ocrx_word' id='word_1_760' title='bbox 1091 1919 1148 1947; x_wconf 79' lang='lat' dir='ltr'><strong>Xll.</strong></span> <span class='ocrx_word' id='word_1_761' title='bbox 1193 1922 1281 1954; x_wconf 81' lang='lat' dir='ltr'><strong>Atque</strong></span> <span class='ocrx_word' id='word_1_762' title='bbox 1314 1920 1419 1948; x_wconf 89' lang='lat' dir='ltr'><strong>utinam</strong></span> <span class='ocrx_word' id='word_1_763' title='bbox 1449 1922 1600 1949; x_wconf 89' lang='lat' dir='ltr'><strong>commodis</strong></span> <span class='ocrx_word' id='word_1_764' title='bbox 1631 1929 1711 1957; x_wconf 63' lang='lat' dir='ltr'><strong>mque</strong></span> <span class='ocrx_word' id='word_1_765' title='bbox 1751 1923 1860 1959; x_wconf 85' lang='lat' dir='ltr'><strong>exposi-</strong></span> 
     </span>
    </p>
   </div>
   <div class='ocr_carea' id='block_1_105' title="bbox 1056 1965 1860 2003">
    <p class='ocr_par' dir='ltr' id='par_1_105' title="bbox 1056 1965 1860 2003">
     <span class='ocr_line' id='line_1_105' title="bbox 1056 1965 1860 2003; baseline 0.005 -10"><span class='ocrx_word' id='word_1_766' title='bbox 1056 1966 1176 1994; x_wconf 88' lang='lat' dir='ltr'><strong>tionibus</strong></span> <span class='ocrx_word' id='word_1_767' title='bbox 1200 1965 1368 2002; x_wconf 89' lang='lat' dir='ltr'><strong>Origeniana</strong></span> <span class='ocrx_word' id='word_1_768' title='bbox 1407 1967 1439 1995; x_wconf 89' lang='lat' dir='ltr'><strong>de</strong></span> <span class='ocrx_word' id='word_1_769' title='bbox 1481 1969 1575 2003; x_wconf 72' lang='lat' dir='ltr'><strong>gratiae</strong></span> <span class='ocrx_word' id='word_1_770' title='bbox 1613 1969 1716 1996; x_wconf 73' lang='lat' dir='ltr'><strong>divina:</strong></span> <span class='ocrx_word' id='word_1_771' title='bbox 1750 1970 1860 1997; x_wconf 78' lang='lat' dir='ltr'><strong>auxiliis</strong></span> 
     </span>
    </p>
   </div>
   <div class='ocr_carea' id='block_1_106' title="bbox 1056 2012 1859 2050">
    <p class='ocr_par' dir='ltr' id='par_1_106' title="bbox 1056 2012 1859 2050">
     <span class='ocr_line' id='line_1_106' title="bbox 1056 2012 1859 2050; baseline 0.004 -10"><span class='ocrx_word' id='word_1_772' title='bbox 1056 2013 1181 2048; x_wconf 86' lang='lat' dir='ltr'><strong>dogmata</strong></span> <span class='ocrx_word' id='word_1_773' title='bbox 1199 2012 1285 2040; x_wconf 88' lang='lat' dir='ltr'><strong>lenire</strong></span> <span class='ocrx_word' id='word_1_774' title='bbox 1307 2019 1447 2048; x_wconf 84' lang='lat' dir='ltr'><strong>possemus</strong></span> <span class='ocrx_word' id='word_1_775' title='bbox 1463 2013 1521 2049; x_wconf 72' lang='grc'><strong>(42)</strong></span> <span class='ocrx_word' id='word_1_776' title='bbox 1537 2023 1544 2041; x_wconf 91' lang='lat'>:</span> <span class='ocrx_word' id='word_1_777' title='bbox 1562 2021 1656 2042; x_wconf 88' lang='lat' dir='ltr'><strong>verum</strong></span> <span class='ocrx_word' id='word_1_778' title='bbox 1685 2020 1743 2042; x_wconf 91' lang='lat' dir='ltr'><strong>tam</strong></span> <span class='ocrx_word' id='word_1_779' title='bbox 1764 2021 1859 2050; x_wconf 85' lang='lat' dir='ltr'><strong>aperte</strong></span> 
     </span>
    </p>
   </div>
   <div class='ocr_carea' id='block_1_107' title="bbox 1057 2057 1860 2094">
    <p class='ocr_par' dir='ltr' id='par_1_107' title="bbox 1057 2057 1860 2094">
     <span class='ocr_line' id='line_1_107' title="bbox 1057 2057 1860 2094; baseline 0.005 -9"><span class='ocrx_word' id='word_1_780' title='bbox 1057 2057 1187 2086; x_wconf 88' lang='lat' dir='ltr'><strong>adversus</strong></span> <span class='ocrx_word' id='word_1_781' title='bbox 1204 2065 1264 2086; x_wconf 87' lang='lat' dir='ltr'><strong>eam</strong></span> <span class='ocrx_word' id='word_1_782' title='bbox 1291 2063 1431 2094; x_wconf 89' lang='lat' dir='ltr'><strong>grassatus</strong></span> <span class='ocrx_word' id='word_1_783' title='bbox 1455 2064 1507 2093; x_wconf 90' lang='lat' dir='ltr'><strong>est,</strong></span> <span class='ocrx_word' id='word_1_784' title='bbox 1526 2059 1628 2088; x_wconf 87' lang='lat' dir='ltr'><strong>frustra</strong></span> <span class='ocrx_word' id='word_1_785' title='bbox 1644 2066 1674 2088; x_wconf 91' lang='lat' dir='ltr'><strong>ut</strong></span> <span class='ocrx_word' id='word_1_786' title='bbox 1700 2061 1798 2089; x_wconf 89' lang='lat' dir='ltr'><strong>omnis</strong></span> <span class='ocrx_word' id='word_1_787' title='bbox 1813 2070 1860 2090; x_wconf 87' lang='lat' dir='ltr'><strong>co-</strong></span> 
     </span>
    </p>
   </div>
   <div class='ocr_carea' id='block_1_108' title="bbox 1056 2104 1858 2142">
    <p class='ocr_par' dir='ltr' id='par_1_108' title="bbox 1056 2104 1858 2142">
     <span class='ocr_line' id='line_1_108' title="bbox 1056 2104 1858 2142; baseline 0.006 -11"><span class='ocrx_word' id='word_1_788' title='bbox 1056 2104 1097 2131; x_wconf 90' lang='lat' dir='ltr'><strong>lor</strong></span> <span class='ocrx_word' id='word_1_789' title='bbox 1111 2105 1233 2132; x_wconf 86' lang='lat' dir='ltr'><strong>adhiberi</strong></span> <span class='ocrx_word' id='word_1_790' title='bbox 1255 2111 1337 2140; x_wconf 86' lang='lat' dir='ltr'><strong>posse</strong></span> <span class='ocrx_word' id='word_1_791' title='bbox 1362 2104 1496 2133; x_wconf 83' lang='lat' dir='ltr'><strong>videatur.</strong></span> <span class='ocrx_word' id='word_1_792' title='bbox 1531 2105 1678 2134; x_wconf 79' lang='lat' dir='ltr'><strong>Manifesta</strong></span> <span class='ocrx_word' id='word_1_793' title='bbox 1701 2108 1810 2142; x_wconf 84' lang='lat' dir='ltr'><strong>quippe</strong></span> <span class='ocrx_word' id='word_1_794' title='bbox 1825 2109 1858 2136; x_wconf 85' lang='lat' dir='ltr'><strong>ab</strong></span> 
     </span>
    </p>
   </div>
   <div class='ocr_carea' id='block_1_109' title="bbox 1057 2150 1858 2186">
    <p class='ocr_par' dir='ltr' id='par_1_109' title="bbox 1057 2150 1858 2186">
     <span class='ocr_line' id='line_1_109' title="bbox 1057 2150 1858 2186; baseline 0.005 -9"><span class='ocrx_word' id='word_1_795' title='bbox 1057 2151 1175 2178; x_wconf 91' lang='lat' dir='ltr'><strong>humana</strong></span> <span class='ocrx_word' id='word_1_796' title='bbox 1192 2151 1341 2183; x_wconf 90' lang='lat' dir='ltr'><strong>voluntate,</strong></span> <span class='ocrx_word' id='word_1_797' title='bbox 1359 2150 1473 2186; x_wconf 87' lang='lat' dir='ltr'><strong>ejusque</strong></span> <span class='ocrx_word' id='word_1_798' title='bbox 1493 2152 1608 2180; x_wconf 89' lang='lat' dir='ltr'><strong>arbitrio</strong></span> <span class='ocrx_word' id='word_1_799' title='bbox 1630 2153 1718 2181; x_wconf 89' lang='lat' dir='ltr'><strong>divini</strong></span> <span class='ocrx_word' id='word_1_800' title='bbox 1747 2155 1858 2181; x_wconf 85' lang='lat' dir='ltr'><strong>tnodum</strong></span> 
     </span>
    </p>
   </div>
   <div class='ocr_carea' id='block_1_110' title="bbox 1058 2196 1859 2236">
    <p class='ocr_par' dir='ltr' id='par_1_110' title="bbox 1058 2196 1859 2236">
     <span class='ocr_line' id='line_1_110' title="bbox 1058 2196 1859 2236; baseline 0.007 -14"><span class='ocrx_word' id='word_1_801' title='bbox 1058 2203 1266 2231; x_wconf 87' lang='lat' dir='ltr'><strong>mensuramque</strong></span> <span class='ocrx_word' id='word_1_802' title='bbox 1278 2196 1372 2223; x_wconf 80' lang='lat' dir='ltr'><strong>auxilii</strong></span> <span class='ocrx_word' id='word_1_803' title='bbox 1389 2197 1507 2231; x_wconf 88' lang='lat' dir='ltr'><strong>pendere</strong></span> <span class='ocrx_word' id='word_1_804' title='bbox 1521 2197 1614 2231; x_wconf 91' lang='lat' dir='ltr'><strong>voluit,</strong></span> <span class='ocrx_word' id='word_1_805' title='bbox 1634 2198 1697 2226; x_wconf 88' lang='lat' dir='ltr'><strong>licet</strong></span> <span class='ocrx_word' id='word_1_806' title='bbox 1719 2201 1755 2227; x_wconf 87' lang='lat' dir='ltr'><strong>ad</strong></span> <span class='ocrx_word' id='word_1_807' title='bbox 1768 2201 1859 2236; x_wconf 75' lang='lat' dir='ltr'><strong>operis</strong></span> 
     </span>
    </p>
   </div>
   <div class='ocr_carea' id='block_1_111' title="bbox 1055 2241 1857 2281">
    <p class='ocr_par' dir='ltr' id='par_1_111' title="bbox 1055 2241 1857 2281">
     <span class='ocr_line' id='line_1_111' title="bbox 1055 2241 1857 2281; baseline 0.007 -13"><span class='ocrx_word' id='word_1_808' title='bbox 1055 2241 1248 2277; x_wconf 87' lang='lat' dir='ltr'><strong>perfectionem</strong></span> <span class='ocrx_word' id='word_1_809' title='bbox 1269 2242 1373 2270; x_wconf 62' lang='lat' dir='ltr'><strong>cietein</strong></span> <span class='ocrx_word' id='word_1_810' title='bbox 1399 2243 1534 2271; x_wconf 88' lang='lat' dir='ltr'><strong>hominem</strong></span> <span class='ocrx_word' id='word_1_811' title='bbox 1566 2252 1662 2272; x_wconf 85' lang='lat' dir='ltr'><strong>carere</strong></span> <span class='ocrx_word' id='word_1_812' title='bbox 1688 2253 1746 2273; x_wconf 93' lang='lat' dir='ltr'><strong>non</strong></span> <span class='ocrx_word' id='word_1_813' title='bbox 1775 2255 1857 2281; x_wconf 80' lang='lat' dir='ltr'><strong>posse</strong></span> 
     </span>
    </p>
   </div>
   <div class='ocr_carea' id='block_1_112' title="bbox 1060 2331 1858 2368">
    <p class='ocr_par' dir='ltr' id='par_1_112' title="bbox 1060 2331 1858 2368">
     <span class='ocr_line' id='line_1_112' title="bbox 1060 2331 1858 2368; baseline 0.004 -9"><span class='ocrx_word' id='word_1_814' title='bbox 1060 2339 1123 2360; x_wconf 83' lang='lat' dir='ltr'><strong>cum</strong></span> <span class='ocrx_word' id='word_1_815' title='bbox 1139 2331 1273 2360; x_wconf 81' lang='lat' dir='ltr'><strong>catholico</strong></span> <span class='ocrx_word' id='word_1_816' title='bbox 1289 2333 1413 2367; x_wconf 82' lang='lat' dir='ltr'><strong>dogmate</strong></span> <span class='ocrx_word' id='word_1_817' title='bbox 1425 2339 1584 2368; x_wconf 87' lang='lat' dir='ltr'><strong>pugnantes.</strong></span> <span class='ocrx_word' id='word_1_818' title='bbox 1599 2333 1652 2361; x_wconf 88' lang='lat' dir='ltr'><strong>Sed</strong></span> <span class='ocrx_word' id='word_1_819' title='bbox 1668 2342 1753 2363; x_wconf 87' lang='lat' dir='ltr'><strong>nemo</strong></span> <span class='ocrx_word' id='word_1_820' title='bbox 1770 2337 1858 2364; x_wconf 83' lang='lat' dir='ltr'><strong>nescit</strong></span> 
     </span>
    </p>
   </div>
   <div class='ocr_carea' id='block_1_113' title="bbox 1056 2368 1858 2403">
    <p class='ocr_par' dir='ltr' id='par_1_113' title="bbox 1056 2368 1858 2403">
     <span class='ocr_line' id='line_1_113' title="bbox 1056 2368 1858 2403; baseline 0.004 -8"><span class='ocrx_word' id='word_1_821' title='bbox 1056 2368 1174 2403; x_wconf 87' lang='lat' dir='ltr'><strong>optimos</strong></span> <span class='ocrx_word' id='word_1_822' title='bbox 1187 2368 1261 2394; x_wconf 86' lang='lat' dir='ltr'><strong>viros</strong></span> <span class='ocrx_word' id='word_1_823' title='bbox 1275 2375 1348 2402; x_wconf 65' lang='lat' dir='ltr'><strong>saepe</strong></span> <span class='ocrx_word' id='word_1_824' title='bbox 1365 2369 1390 2395; x_wconf 92' lang='lat' dir='ltr'><strong>in</strong></span> <span class='ocrx_word' id='word_1_825' title='bbox 1407 2376 1497 2397; x_wconf 82' lang='lat' dir='ltr'><strong>errato</strong></span> <span class='ocrx_word' id='word_1_826' title='bbox 1517 2369 1607 2403; x_wconf 84' lang='lat' dir='ltr'><strong>aliquo</strong></span> <span class='ocrx_word' id='word_1_827' title='bbox 1631 2369 1668 2395; x_wconf 87' lang='lat' dir='ltr'><strong>ita</strong></span> <span class='ocrx_word' id='word_1_828' title='bbox 1685 2373 1809 2402; x_wconf 81' lang='lat' dir='ltr'><strong>versari,</strong></span> <span class='ocrx_word' id='word_1_829' title='bbox 1831 2377 1858 2398; x_wconf 87' lang='lat' dir='ltr'><strong>ut</strong></span> 
     </span>
    </p>
   </div>
   <div class='ocr_carea' id='block_1_114' title="bbox 1056 2405 1854 2440">
    <p class='ocr_par' dir='ltr' id='par_1_114' title="bbox 1056 2405 1854 2440">
     <span class='ocr_line' id='line_1_114' title="bbox 1056 2405 1854 2440; baseline 0.006 -12"><span class='ocrx_word' id='word_1_830' title='bbox 1056 2411 1117 2440; x_wconf 78' lang='lat' dir='ltr'><strong>qua:</strong></span> <span class='ocrx_word' id='word_1_831' title='bbox 1130 2410 1162 2428; x_wconf 80' lang='lat' dir='ltr'><strong>ex</strong></span> <span class='ocrx_word' id='word_1_832' title='bbox 1177 2411 1209 2429; x_wconf 73' lang='lat' dir='ltr'><strong>eo</strong></span> <span class='ocrx_word' id='word_1_833' title='bbox 1223 2410 1440 2440; x_wconf 70' lang='lat' dir='ltr'><strong>consequuntur,</strong></span> <span class='ocrx_word' id='word_1_834' title='bbox 1465 2405 1575 2431; x_wconf 89' lang='lat' dir='ltr'><strong>minime</strong></span> <span class='ocrx_word' id='word_1_835' title='bbox 1595 2405 1758 2440; x_wconf 80' lang='lat' dir='ltr'><strong>defendant.</strong></span> <span class='ocrx_word' id='word_1_836' title='bbox 1778 2408 1854 2440; x_wconf 88' lang='lat' dir='ltr'><strong>Quod</strong></span> 
     </span>
    </p>
   </div>
   <div class='ocr_carea' id='block_1_115' title="bbox 1056 2438 1854 2474">
    <p class='ocr_par' dir='ltr' id='par_1_115' title="bbox 1056 2438 1854 2474">
     <span class='ocr_line' id='line_1_115' title="bbox 1056 2438 1854 2474; baseline 0.004 -9"><span class='ocrx_word' id='word_1_837' title='bbox 1056 2439 1078 2465; x_wconf 85' lang='lat' dir='ltr'><strong>si</strong></span> <span class='ocrx_word' id='word_1_838' title='bbox 1095 2445 1209 2474; x_wconf 84' lang='lat' dir='ltr'><strong>usquam</strong></span> <span class='ocrx_word' id='word_1_839' title='bbox 1231 2438 1298 2474; x_wconf 80' lang='lat' dir='ltr'><strong>alias</strong></span> <span class='ocrx_word' id='word_1_840' title='bbox 1311 2445 1405 2465; x_wconf 88' lang='lat' dir='ltr'><strong>verum</strong></span> <span class='ocrx_word' id='word_1_841' title='bbox 1428 2439 1489 2471; x_wconf 85' lang='lat' dir='ltr'><strong>fuit,</strong></span> <span class='ocrx_word' id='word_1_842' title='bbox 1505 2444 1580 2467; x_wconf 88' lang='lat' dir='ltr'><strong>certe</strong></span> <span class='ocrx_word' id='word_1_843' title='bbox 1597 2439 1624 2466; x_wconf 90' lang='lat' dir='ltr'><strong>in</strong></span> <span class='ocrx_word' id='word_1_844' title='bbox 1640 2439 1764 2474; x_wconf 89' lang='lat' dir='ltr'><strong>Origene</strong></span> <span class='ocrx_word' id='word_1_845' title='bbox 1778 2438 1854 2469; x_wconf 74' lang='lat' dir='ltr'><strong>com-</strong></span> 
     </span>
    </p>
   </div>
   <div class='ocr_carea' id='block_1_116' title="bbox 1057 2473 1855 2509">
    <p class='ocr_par' dir='ltr' id='par_1_116' title="bbox 1057 2473 1855 2509">
     <span class='ocr_line' id='line_1_116' title="bbox 1057 2473 1855 2509; baseline 0.004 -10"><span class='ocrx_word' id='word_1_846' title='bbox 1057 2473 1186 2509; x_wconf 72' lang='lat' dir='ltr'><strong>probatur</strong></span> <span class='ocrx_word' id='word_1_847' title='bbox 1199 2473 1244 2506; x_wconf 92' lang='lat' dir='ltr'><strong>qui</strong></span> <span class='ocrx_word' id='word_1_848' title='bbox 1260 2480 1336 2500; x_wconf 85' lang='lat' dir='ltr'><strong>suam</strong></span> <span class='ocrx_word' id='word_1_849' title='bbox 1356 2473 1429 2500; x_wconf 87' lang='lat' dir='ltr'><strong>illam</strong></span> <span class='ocrx_word' id='word_1_850' title='bbox 1443 2475 1476 2501; x_wconf 90' lang='lat' dir='ltr'><strong>de</strong></span> <span class='ocrx_word' id='word_1_851' title='bbox 1488 2474 1640 2501; x_wconf 87' lang='lat' dir='ltr'><strong>animarum</strong></span> <span class='ocrx_word' id='word_1_852' title='bbox 1656 2473 1855 2509; x_wconf 65' lang='lat' dir='ltr'><strong>prieexsisten-</strong></span> 
     </span>
    </p>
   </div>
   <div class='ocr_carea' id='block_1_117' title="bbox 1058 2507 1852 2544">
    <p class='ocr_par' dir='ltr' id='par_1_117' title="bbox 1058 2507 1852 2544">
     <span class='ocr_line' id='line_1_117' title="bbox 1058 2507 1852 2544; baseline 0.006 -10"><span class='ocrx_word' id='word_1_853' title='bbox 1058 2507 1093 2534; x_wconf 85' lang='lat' dir='ltr'><strong>tia</strong></span> <span class='ocrx_word' id='word_1_854' title='bbox 1109 2507 1278 2544; x_wconf 17' lang='lat' dir='ltr'><strong>Vopinionem,</strong></span> <span class='ocrx_word' id='word_1_855' title='bbox 1297 2513 1326 2535; x_wconf 93' lang='lat' dir='ltr'><strong>ut</strong></span> <span class='ocrx_word' id='word_1_856' title='bbox 1352 2510 1518 2542; x_wconf 87' lang='lat' dir='ltr'><strong>probabilem</strong></span> <span class='ocrx_word' id='word_1_857' title='bbox 1539 2507 1739 2544; x_wconf 78' lang='lat' dir='ltr'><strong>conjecturam,</strong></span> <span class='ocrx_word' id='word_1_858' title='bbox 1752 2520 1784 2539; x_wconf 84' lang='lat' dir='ltr'><strong>re</strong></span> <span class='ocrx_word' id='word_1_859' title='bbox 1802 2520 1852 2539; x_wconf 89' lang='lat' dir='ltr'><strong>n0n</strong></span> 
     </span>
    </p>
   </div>
   <div class='ocr_carea' id='block_1_118' title="bbox 1056 2543 1851 2579">
    <p class='ocr_par' dir='ltr' id='par_1_118' title="bbox 1056 2543 1851 2579">
     <span class='ocr_line' id='line_1_118' title="bbox 1056 2543 1851 2579; baseline 0.005 -9"><span class='ocrx_word' id='word_1_860' title='bbox 1056 2543 1158 2574; x_wconf 81' lang='lat' dir='ltr'><strong>decisa,</strong></span> <span class='ocrx_word' id='word_1_861' title='bbox 1175 2544 1315 2579; x_wconf 79' lang='lat' dir='ltr'><strong>proponit;</strong></span> <span class='ocrx_word' id='word_1_862' title='bbox 1327 2549 1355 2569; x_wconf 85' lang='lat' dir='ltr'><strong>at</strong></span> <span class='ocrx_word' id='word_1_863' title='bbox 1368 2545 1440 2571; x_wconf 87' lang='lat' dir='ltr'><strong>nulla</strong></span> <span class='ocrx_word' id='word_1_864' title='bbox 1452 2545 1544 2571; x_wconf 85' lang='lat' dir='ltr'><strong>habita</strong></span> <span class='ocrx_word' id='word_1_865' title='bbox 1559 2545 1665 2572; x_wconf 83' lang='lat' dir='ltr'><strong>ratione</strong></span> <span class='ocrx_word' id='word_1_866' title='bbox 1678 2545 1762 2579; x_wconf 87' lang='lat' dir='ltr'><strong>hujus</strong></span> <span class='ocrx_word' id='word_1_867' title='bbox 1777 2554 1851 2574; x_wconf 87' lang='lat' dir='ltr'><strong>com-</strong></span> 
     </span>
    </p>
   </div>
   <div class='ocr_carea' id='block_1_119' title="bbox 1056 2578 1852 2614">
    <p class='ocr_par' dir='ltr' id='par_1_119' title="bbox 1056 2578 1852 2614">
     <span class='ocr_line' id='line_1_119' title="bbox 1056 2578 1852 2614; baseline 0.008 -11"><span class='ocrx_word' id='word_1_868' title='bbox 1056 2579 1150 2608; x_wconf 83' lang='lat' dir='ltr'><strong>menti.</strong></span> <span class='ocrx_word' id='word_1_869' title='bbox 1163 2578 1263 2614; x_wconf 71' lang='lat' dir='ltr'><strong>Christi</strong></span> <span class='ocrx_word' id='word_1_870' title='bbox 1279 2579 1405 2613; x_wconf 79' lang='lat' dir='ltr'><strong>gratiam,</strong></span> <span class='ocrx_word' id='word_1_871' title='bbox 1430 2587 1556 2614; x_wconf 81' lang='lat' dir='ltr'><strong>maguum</strong></span> <span class='ocrx_word' id='word_1_872' title='bbox 1572 2580 1635 2607; x_wconf 91' lang='lat' dir='ltr'><strong>illud</strong></span> <span class='ocrx_word' id='word_1_873' title='bbox 1651 2581 1698 2607; x_wconf 81' lang='lat' dir='ltr'><strong>Dei</strong></span> <span class='ocrx_word' id='word_1_874' title='bbox 1714 2578 1852 2610; x_wconf 80' lang='lat' dir='ltr'><strong>incantati</strong></span> 
     </span>
    </p>
   </div>
   <div class='ocr_carea' id='block_1_120' title="bbox 1053 2613 1851 2649">
    <p class='ocr_par' dir='ltr' id='par_1_120' title="bbox 1053 2613 1851 2649">
     <span class='ocr_line' id='line_1_120' title="bbox 1053 2613 1851 2649; baseline 0.008 -11"><span class='ocrx_word' id='word_1_875' title='bbox 1053 2618 1082 2639; x_wconf 88' lang='lat' dir='ltr'><strong>et</strong></span> <span class='ocrx_word' id='word_1_876' title='bbox 1106 2613 1228 2639; x_wconf 72' lang='lat' dir='ltr'><strong>crucifixi</strong></span> <span class='ocrx_word' id='word_1_877' title='bbox 1251 2621 1349 2640; x_wconf 82' lang='lat' dir='ltr'><strong>munus</strong></span> <span class='ocrx_word' id='word_1_878' title='bbox 1370 2614 1409 2641; x_wconf 88' lang='lat' dir='ltr'><strong>sic</strong></span> <span class='ocrx_word' id='word_1_879' title='bbox 1423 2613 1543 2649; x_wconf 77' lang='lat' dir='ltr'><strong>exponit,</strong></span> <span class='ocrx_word' id='word_1_880' title='bbox 1569 2616 1609 2642; x_wconf 90' lang='lat' dir='ltr'><strong>sic</strong></span> <span class='ocrx_word' id='word_1_881' title='bbox 1626 2615 1761 2649; x_wconf 86' lang='lat' dir='ltr'><strong>defendit,</strong></span> <span class='ocrx_word' id='word_1_882' title='bbox 1777 2622 1807 2643; x_wconf 94' lang='lat' dir='ltr'><strong>ut</strong></span> <span class='ocrx_word' id='word_1_883' title='bbox 1819 2618 1851 2644; x_wconf 83' lang='lat' dir='ltr'><strong>ab</strong></span> 
     </span>
    </p>
   </div>
   <div class='ocr_carea' id='block_1_121' title="bbox 1053 2649 1851 2687">
    <p class='ocr_par' dir='ltr' id='par_1_121' title="bbox 1053 2649 1851 2687">
     <span class='ocr_line' id='line_1_121' title="bbox 1053 2649 1851 2687; baseline 0.006 -13"><span class='ocrx_word' id='word_1_884' title='bbox 1053 2655 1086 2674; x_wconf 91' lang='lat' dir='ltr'><strong>eo</strong></span> <span class='ocrx_word' id='word_1_885' title='bbox 1097 2649 1153 2687; x_wconf 79' lang='lat' dir='ltr'><strong>lieri</strong></span> <span class='ocrx_word' id='word_1_886' title='bbox 1171 2656 1219 2687; x_wconf 86' lang='lat' dir='ltr'><strong>p_ar</strong></span> <span class='ocrx_word' id='word_1_887' title='bbox 1228 2653 1286 2675; x_wconf 81' lang='lat' dir='ltr'><strong>erat</strong></span> <span class='ocrx_word' id='word_1_888' title='bbox 1300 2649 1385 2687; x_wconf 77' lang='lat' dir='ltr'><strong>quiin</strong></span> <span class='ocrx_word' id='word_1_889' title='bbox 1407 2649 1457 2687; x_wconf 88' lang='lat' dir='ltr'><strong>hoc</strong></span> <span class='ocrx_word' id='word_1_890' title='bbox 1471 2650 1667 2687; x_wconf 81' lang='lat' dir='ltr'><strong>lncaruationis</strong></span> <span class='ocrx_word' id='word_1_891' title='bbox 1679 2653 1816 2687; x_wconf 75' lang='lat' dir='ltr'><strong>mysterio</strong></span> <span class='ocrx_word' id='word_1_892' title='bbox 1825 2657 1851 2679; x_wconf 83' lang='lat' dir='ltr'><strong>et</strong></span> 
     </span>
    </p>
   </div>
   <div class='ocr_carea' id='block_1_122' title="bbox 1055 2683 1849 2718">
    <p class='ocr_par' dir='ltr' id='par_1_122' title="bbox 1055 2683 1849 2718">
     <span class='ocr_line' id='line_1_122' title="bbox 1055 2683 1849 2718; baseline 0.008 -9"><span class='ocrx_word' id='word_1_893' title='bbox 1055 2683 1221 2715; x_wconf 84' lang='lat' dir='ltr'><strong>meditando,</strong></span> <span class='ocrx_word' id='word_1_894' title='bbox 1236 2688 1263 2710; x_wconf 91' lang='lat' dir='ltr'><strong>et</strong></span> <span class='ocrx_word' id='word_1_895' title='bbox 1275 2684 1454 2718; x_wconf 68' lang='lat' dir='ltr'><strong>praedicando,</strong></span> <span class='ocrx_word' id='word_1_896' title='bbox 1471 2689 1498 2712; x_wconf 89' lang='lat' dir='ltr'><strong>et</strong></span> <span class='ocrx_word' id='word_1_897' title='bbox 1512 2690 1603 2712; x_wconf 85' lang='lat' dir='ltr'><strong>contra</strong></span> <span class='ocrx_word' id='word_1_898' title='bbox 1619 2683 1742 2718; x_wconf 59' lang='lat' dir='ltr'><strong>Judzeo&#39;s,</strong></span> <span class='ocrx_word' id='word_1_899' title='bbox 1756 2688 1849 2715; x_wconf 83' lang='lat' dir='ltr'><strong>ethni-</strong></span> 
     </span>
    </p>
   </div>
   <div class='ocr_carea' id='block_1_123' title="bbox 1056 2719 1779 2756">
    <p class='ocr_par' dir='ltr' id='par_1_123' title="bbox 1056 2719 1779 2756">
     <span class='ocr_line' id='line_1_123' title="bbox 1056 2719 1779 2756; baseline 0.007 -12"><span class='ocrx_word' id='word_1_900' title='bbox 1056 2724 1148 2756; x_wconf 80' lang='lat' dir='ltr'><strong>cos,e_t</strong></span> <span class='ocrx_word' id='word_1_901' title='bbox 1165 2719 1305 2756; x_wconf 66' lang='lat' dir='ltr'><strong>haereticos</strong></span> <span class='ocrx_word' id='word_1_902' title='bbox 1315 2719 1484 2756; x_wconf 70' lang='lat' dir='ltr'><strong>defendendo</strong></span> <span class='ocrx_word' id='word_1_903' title='bbox 1500 2720 1581 2747; x_wconf 83' lang='lat' dir='ltr'><strong>vitam</strong></span> <span class='ocrx_word' id='word_1_904' title='bbox 1595 2723 1779 2756; x_wconf 82' lang='lat' dir='ltr'><strong>consumpsit.</strong></span> 
     </span>
    </p>
   </div>
   <div class='ocr_carea' id='block_1_124' title="bbox 1091 2753 1847 2789">
    <p class='ocr_par' dir='ltr' id='par_1_124' title="bbox 1091 2753 1847 2789">
     <span class='ocr_line' id='line_1_124' title="bbox 1091 2753 1847 2789; baseline 0.007 -9"><span class='ocrx_word' id='word_1_905' title='bbox 1091 2754 1117 2780; x_wconf 86' lang='lat' dir='ltr'><strong>l.</strong></span> <span class='ocrx_word' id='word_1_906' title='bbox 1134 2753 1325 2789; x_wconf 17' lang='lat' dir='ltr'><strong>ltarexplorata</strong></span> <span class='ocrx_word' id='word_1_907' title='bbox 1345 2759 1403 2781; x_wconf 86' lang='lat' dir='ltr'><strong>erat</strong></span> <span class='ocrx_word' id='word_1_908' title='bbox 1420 2754 1528 2789; x_wconf 84' lang='lat' dir='ltr'><strong>Origeui</strong></span> <span class='ocrx_word' id='word_1_909' title='bbox 1556 2756 1672 2782; x_wconf 86' lang='lat' dir='ltr'><strong>humana</strong></span> <span class='ocrx_word' id='word_1_910' title='bbox 1702 2753 1847 2785; x_wconf 74' lang='lat' dir='ltr'><strong>iinbecilli-</strong></span> 
     </span>
    </p>
   </div>
   <div class='ocr_carea' id='block_1_125' title="bbox 1057 2788 1846 2831">
    <p class='ocr_par' dir='ltr' id='par_1_125' title="bbox 1057 2788 1846 2831">
     <span class='ocr_line' id='line_1_125' title="bbox 1057 2788 1846 2831; baseline 0.004 -16"><span class='ocrx_word' id='word_1_911' title='bbox 1057 2793 1109 2829; x_wconf 75' lang='lat' dir='ltr'><strong>tas,</strong></span> <span class='ocrx_word' id='word_1_912' title='bbox 1126 2793 1154 2815; x_wconf 88' lang='lat' dir='ltr'><strong>ut</strong></span> <span class='ocrx_word' id='word_1_913' title='bbox 1167 2788 1214 2814; x_wconf 89' lang='lat' dir='ltr'><strong>lib.</strong></span> <span class='ocrx_word' id='word_1_914' title='bbox 1235 2788 1499 2831; x_wconf 63' lang='lat' dir='ltr'><strong>utcontraCelsum,</strong></span> <span class='ocrx_word' id='word_1_915' title='bbox 1523 2798 1598 2818; x_wconf 90' lang='lat' dir='ltr'><strong>num.</strong></span> <span class='ocrx_word' id='word_1_916' title='bbox 1614 2791 1660 2831; x_wconf 53' lang='lat'><strong>42,</strong></span> <span class='ocrx_word' id='word_1_917' title='bbox 1679 2791 1730 2819; x_wconf 91' lang='lat' dir='ltr'><strong>Dei</strong></span> <span class='ocrx_word' id='word_1_918' title='bbox 1752 2796 1846 2831; x_wconf 67' lang='lat' dir='ltr'><strong>cogni.</strong></span> 
     </span>
    </p>
   </div>
   <div class='ocr_carea' id='block_1_126' title="bbox 1055 2824 1846 2860">
    <p class='ocr_par' dir='ltr' id='par_1_126' title="bbox 1055 2824 1846 2860">
     <span class='ocr_line' id='line_1_126' title="bbox 1055 2824 1846 2860; baseline 0.006 -10"><span class='ocrx_word' id='word_1_919' title='bbox 1055 2824 1154 2850; x_wconf 89' lang='lat' dir='ltr'><strong>tionem</strong></span> <span class='ocrx_word' id='word_1_920' title='bbox 1176 2825 1428 2860; x_wconf 84' lang='lat' dir='ltr'><strong>assequi__homiues</strong></span> <span class='ocrx_word' id='word_1_921' title='bbox 1454 2833 1506 2852; x_wconf 87' lang='lat' dir='ltr'><strong>nou</strong></span> <span class='ocrx_word' id='word_1_922' title='bbox 1533 2833 1613 2860; x_wconf 86' lang='lat' dir='ltr'><strong>posse</strong></span> <span class='ocrx_word' id='word_1_923' title='bbox 1636 2828 1768 2855; x_wconf 79' lang='lat' dir='ltr'><strong>decemat</strong></span> <span class='ocrx_word' id='word_1_924' title='bbox 1788 2824 1846 2860; x_wconf 65' lang='lat' dir='ltr'><strong>sine</strong></span> 
     </span>
    </p>
   </div>
   <div class='ocr_carea' id='block_1_127' title="bbox 1053 2858 1843 2898">
    <p class='ocr_par' dir='ltr' id='par_1_127' title="bbox 1053 2858 1843 2898">
     <span class='ocr_line' id='line_1_127' title="bbox 1053 2858 1843 2898; baseline 0.008 -13"><span class='ocrx_word' id='word_1_925' title='bbox 1053 2859 1145 2886; x_wconf 89' lang='lat' dir='ltr'><strong>divino</strong></span> <span class='ocrx_word' id='word_1_926' title='bbox 1159 2858 1270 2887; x_wconf 76' lang='lat' dir='ltr'><strong>auxilio.</strong></span> <span class='ocrx_word' id='word_1_927' title='bbox 1287 2858 1354 2887; x_wconf 82' lang='lat' dir='ltr'><strong>Hinc</strong></span> <span class='ocrx_word' id='word_1_928' title='bbox 1377 2868 1427 2887; x_wconf 69' lang='lat' dir='ltr'><strong>nec</strong></span> <span class='ocrx_word' id='word_1_929' title='bbox 1449 2858 1566 2896; x_wconf 80' lang='lat' dir='ltr'><strong>Platoni,</strong></span> <span class='ocrx_word' id='word_1_930' title='bbox 1582 2861 1615 2889; x_wconf 87' lang='lat' dir='ltr'><strong>ad</strong></span> <span class='ocrx_word' id='word_1_931' title='bbox 1639 2869 1719 2897; x_wconf 86' lang='lat' dir='ltr'><strong>quem</strong></span> <span class='ocrx_word' id='word_1_932' title='bbox 1744 2859 1843 2898; x_wconf 62' lang='lat' dir='ltr'><strong>proic-</strong></span> 
     </span>
    </p>
   </div>
  </div>
