1912 3079
94 113 147 144 M5

485 116 774 145 ORIGENIANORUM
796 117 861 146 LIB.
883 116 914 149 ll,
935 117 1010 146 CAP.
1032 118 1064 151 II,
1084 118 1221 152 QUAL'S'I'.
1245 117 1297 144 VII.

1666 121 1720 150 Ωιι)

92 181 204 203 suorum
219 182 372 202 mensuram
383 176 474 204 varios
488 177 632 211 variosque
646 184 661 204 a
676 177 731 204 Deo
748 178 883 212 recepisse
898 181 918 209 Α
936 178 982 206 Dei
998 179 1115 206 consilio
1129 179 1314 214 relinquatur;
1331 184 1413 215 atque
1427 180 1462 208 ita
1476 181 1563 214 nobis,
1580 186 1610 209 ut
1626 181 1662 209 ita
1676 183 1719 208 di-

90 223 185 258 gratia:
202 223 295 250 modos
312 231 320 255 ;
339 223 454 258 hincque
466 231 573 251 onmem
586 224 724 252 exstitisse
739 225 882 252 diversita-

93 275 155 301 tem,
172 277 234 303 qua:
251 270 383 301 homines,
400 275 428 297 ιιι
442 270 555 304 apostoli
571 279 645 298 more
659 271 770 306 loquar,
783 272 883 298 discer-

92 314 141 345 nit,
171 319 319 348 antequam
348 315 410 342 boni
434 315 580 349 quidquam
611 315 652 342 vel
683 315 744 343 tnali
766 316 880 351 egerim.

92 360 228 388 Doetrina:
246 361 324 395 hujus
353 362 516 388 assertiones
533 366 560 388 et
587 366 748 395 argumenta
775 366 883 390 exstant

91 405 138 432 lib.
155 406 247 439 ιΠερὶ
266 405 377 440 ἀρχῶν,
389 414 448 441 cap.
465 407 492 437 'l,
506 415 581 434 nnm.
599 407 626 435 4,
652 413 677 433 et
696 407 742 434 lib.
756 415 797 439 ιιι,
815 415 838 435 c.
855 408 881 439 It

91 458 165 478 num.
182 451 229 483 ΞΟ,
246 452 292 483 ⁸21,
311 452 346 478 2‘2.
380 451 524 487 (Plit/ocul.
549 460 607 487 cap.
640 452 697 486 Ωιι).
726 452 790 479 Item
820 452 882 480 libri

91 497 210 530 ejusdem
226 497 299 524 tertii
325 505 384 532 cap.
401 498 429 530 3,
447 506 520 525 nunt.
544 498 570 531 5,
586 505 613 526 et
639 498 685 526 lib.
704 506 739 525 \‘II
753 499 781 525 in
796 498 880 532 Epist.

90 543 125 569 ad
149 542 239 574 Ram.,
258 551 332 570 ntttn.
358 543 402 576 lii,
419 543 464 576 I6,
480 544 524 574 I7.
546 549 574 571 et
600 545 649 571 lib.
664 552 703 575 Ix,
727 551 800 570 num.
813 544 880 576 2,5.

90 589 154 622 Qua:
167 590 296 624 quoniam
312 589 436 624 fusejam
452 598 533 625 supra
551 590 726 625 exposuimus
741 595 838 625 quam.
853 590 880 622 6,

90 636 187 662 iterum
217 635 320 663 referre
346 636 412 663 nihil
428 637 536 664 attinet.
548 636 654 664 Nonum
667 636 747 663 tnodo
765 636 880 664 secundi

89 679 149 707 libri
164 679 204 706 De
216 680 353 713 principiis
371 686 453 715 caput
466 681 550 717 relegi
568 681 659 713 velim,
673 682 699 708 in
729 682 800 716 quod
827 681 881 708 dis-

89 731 183 759 persas
199 725 262 752 alibi
275 725 406 752 doctrinae
421 725 501 761 hujus
525 726 673 760 particulas
696 726 775 761 plena
799 732 880 753 manu

88 773 227 807 congessit
248 780 254 799 :
270 780 332 799 nam
353 778 496 807 postquam
513 773 635 800 diversas
651 773 711 800 illas
723 777 834 800 natttras
847 772 881 800 ab

90 818 222 846 haereticis
250 826 332 853 Supra
363 819 510 846 nominatis
547 819 676 847 conlictas
701 818 880 853 collectasque

88 872 179 892 eorum
208 867 328 894 rationes
354 867 525 900 confutavit,
558 871 613 894 tum
642 867 737 902 dogma
760 867 878 901 explicat
894 857 915 887 Β

87 919 173 943 suum,
187 912 433 948 diversitatcmqne
449 913 601 939 animarum
620 913 724 939 ratione
751 912 877 947 praedita-

88 964 144 984 rutn
158 965 191 984 ex
223 957 330 985 arbitrii
359 957 484 986 libertate
500 958 635 993 proliclsci
660 958 797 991 docet,ex
824 964 876 992 qua

87 1003 240 1030 diversitate
255 1005 354 1031 cxintia
368 1005 413 1031 illa
429 1005 512 1031 totius
530 1005 623 1032 tnundi
644 1004 821 1032 consonantia
838 1004 877 1030 di-

89 1049 170 1075 versis
186 1055 315 1078 constans
332 1051 454 1084 partibus
467 1056 562 1078 exorta
580 1051 625 1078 sit.
655 1050 722 1078 lline
739 1050 897 1084 injustitizn.

88 1098 147 1119 nota
166 1094 308 1121 absolvere
331 1095 412 1122 Deum
435 1101 522 1129 putat,
536 1095 672 1123 inhaesuro
687 1095 806 1130 alioquin
827 1095 875 1127 illi,

88 1138 108 1166 si
122 1146 174 1166 non
194 1147 243 1174 pro
269 1141 376 1167 meritis
396 1148 633 1175 unumquemque.
649 1140 695 1168 sed
723 1149 772 1175 pro
798 1141 874 1168 libitu

87 1188 134 1210 suo
145 1191 261 1212 exornet
274 1193 281 1216 ;
295 1193 356 1220 qttze
368 1187 512 1213 confirmat
527 1187 624 1214 deinde
642 1187 770 1221 exemplo
782 1186 874 1214 Jacobi

87 1233 113 1255 et
124 1228 205 1261 Esau,
225 1230 333 1265 aliaque
349 1231 375 1258 in
389 1239 450 1258 cam
468 1232 629 1259 sententiam
649 1232 760 1266 colligit.

119 1274 269 1303 Adversum
298 1278 355 1304 luce
388 1285 495 1312 aspere,
512 1285 561 1312 pro
576 1285 607 1304 eo
634 1285 665 1304 ac
694 1278 798 1310 debuit,
814 1285 875 1305 sese

89 1322 231 1349 commovit
244 1321 392 1351 Jansenius
408 1328 474 1351 tom.
492 1323 513 1356 ι,
536 1324 580 1351 lib.
594 1332 631 1356 vt,
647 1331 706 1359 cap.
722 1324 765 1355 I5,
791 1329 819 1351 et
845 1328 876 1351 ut

91 1365 183 1394 divinae
199 1368 295 1402 gratim
308 1369 415 1403 penitus
434 1369 568 1397 contraria
581 1370 679 1397 merito
704 1369 807 1404 rejccit.
823 1369 875 1397 lic-

85 1411 146 1446 jeclt
157 1418 184 1440 et
199 1415 285 1442 multo
301 1420 363 1442 ante
378 1415 407 1444 S.
425 1416 542 1443 Thomas
555 1416 600 1443 lib.
623 1424 640 1443 ll
659 1416 757 1444 Contra
770 1416 872 1450 gentil..

87 1465 144 1493 cap.
157 1460 202 1486 Η.
220 1459 380 1497 Pamphilus
393 1466 482 1489 tamen
497 1463 523 1489 in
546 1462 674 1497 Apologia
689 1471 737 1497 pro
750 1462 873 1496 Origene,

88 1502 112 1529 in
124 1505 215 1532 eadem
229 1505 290 1533 fere
301 1513 383 1535 causa
398 1512 437 1535 est
451 1515 503 1542 qua
522 1508 662 1543 Origenes.
678 1508 701 1535 si
718 1515 767 1535 nos
783 1508 872 1535 ltutiui
887 1527 908 1556 Ο

89 1548 324 1585 interpretamenta
348 1561 401 1581 non
425 1554 539 1586 fallunt;
557 1562 618 1581 natu
637 1559 666 1581 ut
682 1554 873 1589 Origcnianam

87 1594 206 1624 defendat
223 1599 377 1626 animarum
393 1600 576 1637 προῦπαρξιν,
593 1599 711 1635 reliquas
725 1601 759 1628 de
777 1600 875 1628 animm

85 1641 187 1677 origine
206 1645 352 1678 opiniones
365 1646 543 1674 absurditatis
573 1646 745 1679 insimulans,
761 1650 789 1674 et
814 1653 873 1674 eam

87 1694 187 1724 quoque
210 1690 413 1726 carpit,qttam
444 1699 514 1719 nunc
548 1691 668 1719 Ecclesia
701 1697 872 1727 propugnat,

88 1741 194 1770 qumque
209 1736 335 1764 formatis
347 1737 374 1764 in
387 1743 464 1764 utero
480 1738 642 1773 corporibus
657 1738 763 1764 animas
780 1745 874 1765 recens

86 1786 185 1810 creatas
198 1783 282 1811 inseri
309 1784 431 1811 decernit
452 1793 460 1812 ι
479 1784 506 1812 id
530 1785 552 1812 si
578 1785 624 1818 sit,
650 1784 778 1817 injustum
811 1784 870 1811 fore

89 1825 165 1854 Deum
190 1829 229 1856 ait
262 1828 431 1864 Pamphilus,
453 1830 499 1865 qui
523 1830 621 1857 nullius
645 1830 731 1864 culpa:
752 1830 874 1857 insontes

88 1871 186 1901 animas
200 1874 244 1902 vel
257 1875 337 1903 caecis
352 1875 392 1902 vel
407 1875 542 1903 debilibus
556 1876 716 1910 corporibus
737 1876 872 1908 infundat,

89 1917 127 1944 vel
145 1922 212 1954 apud
228 1920 362 1949 barbaras
376 1925 470 1956 gentes
485 1922 568 1948 vitam
583 1922 683 1949 ducere
705 1923 808 1957 jubeal.
828 1922 874 1949 Vi-

89 1962 132 1990 des
154 1964 349 1994 labefactatum
371 1975 404 1995 ao
435 1973 602 2002 peremptum
634 1969 728 2003 gratia:
755 1969 874 1997 coelestia

90 2009 224 2039 auxilium.

120 2053 184 2084 Xlll.
197 2057 233 2084 At
244 2065 297 2085 non
315 2065 364 2093 pro
376 2058 408 2086 iis
425 2058 568 2093 duntaxat,
580 2067 640 2093 quae
659 2065 733 2087 recte
746 2060 789 2087 vol
803 2061 873 2089 male

86 2105 192 2133 egerunt
222 2103 322 2131 anima:
341 2124 349 2136 ,
382 2105 540 2140 priusquam
578 2107 739 2138 corporibus
772 2107 873 2135 nostris

87 2143 265 2182 illaberentur,
293 2150 400 2177 diversa
428 2158 476 2178 eos
503 2158 517 2178 a
543 2150 598 2178 Deo
624 2152 718 2186 gratia:
741 2153 871 2188 consequi

935 231 1006 258 eam,
1019 226 1165 252 obnoxiam
1180 226 1225 252 Dei
1238 226 1353 261 gratiam
1370 225 1461 254 ellicit.
1482 228 1573 262 Itaque
1586 227 1662 255 liberi
1674 235 1720 254 ar-

934 270 1006 297 bitrii
1025 271 1096 297 vires
1128 272 1204 305 quasi
1236 272 1308 300 nullo
1320 277 1428 307 egentes
1443 273 1535 308 gratiae
1557 274 1720 301 adminiculo

935 316 970 343 ita
984 317 1234 352 deprmdicathom.
1254 319 1312 345 91'"
1330 319 1423 352 LeriL,
1449 327 1522 347 num.
1535 321 1563 347 Ii
1585 329 1594 348 :
1626 329 1637 346 ι
1657 321 1719 348 Sivo

932 369 998 398 ergo
1024 363 1157 398 spiritalis
1188 363 1300 391 cll‘ectus
1315 372 1385 392 unus
1399 373 1459 392 cum
1487 365 1600 393 Deniino
1610 367 1720 401 spiritus

933 408 996 440 flat:
1015 410 1072 437 sive
1087 417 1134 444 per
1153 411 1360 438 resurrectionis
1377 411 1488 447 gloriam
1520 412 1545 439 in
1563 412 1718 448 angelorum

932 454 1056 482 ordinem
1081 460 1212 487 transeat,
1242 462 1313 483 recte
1332 457 1387 491 jam
1408 466 1459 485 non
1481 459 1532 486 erit
1548 460 1628 486 homo
1645 467 1654 487 :
1672 460 1719 487 sed

933 500 1117 535 unusquisque
1132 501 1188 535 ipse
1198 502 1248 529 sibi
1266 502 1317 529 hoc
1331 508 1457 537 praestat,
1480 508 1509 530 ut
1538 505 1577 531 vel
1607 506 1719 532 excedat

933 544 1054 572 hominis
1068 546 1286 580 appellationem,
1299 548 1341 574 vel
1359 549 1429 574 intra
1443 549 1626 576 conditionem
1641 550 1719 583 hujus

934 590 1059 617 vocabuli
1075 597 1237 625 censeatur;
1257 602 1266 619 ›
1284 598 1310 619 et
1338 593 1430 620 hotnil.
1450 594 1460 620 I
1480 594 1505 620 in
1524 593 1631 626 Etet/1.,
1648 603 1672 621 ιι.
1690 596 1717 626 5,

934 644 996 672 pag.
1013 637 1065 664 557
1081 648 1087 663 :
1107 647 1117 663 ι
1135 638 1174 665 Τιι
1190 646 1264 670 vero,
1277 639 1368 671 homo,
1385 643 1470 674 quare
1481 647 1532 666 non
1550 640 1591 667 vis
1607 641 1719 668 arbitrio

933 686 960 709 te
974 687 1019 710 tuo
1045 682 1228 710 derelictum?
1241 684 1331 717 Quare
1354 692 1425 719 a-gre
1440 685 1494 712 fers
1509 686 1568 717 uiti,
1586 686 1717 718 laborare,
1755 712 1759 715 .

931 729 1111 760 contendere,
1123 734 1148 756 ct
1162 737 1211 764 per
1220 730 1290 757 bona
1307 735 1388 765 opcrtt
1406 735 1431 758 te
1442 731 1528 765 ipsum
1543 738 1651 758 causam
1667 737 1720 759 tute

934 774 993 802 fieri
1011 775 1127 802 salutis?
1149 777 1190 802 Au
1216 777 1302 811 magis
1323 781 1349 804 te
1369 776 1512 805 delectabit
1529 777 1717 809 dormientem.

932 820 1000 846 etin
1019 819 1074 846 otio
1091 821 1265 848 constitutum
1293 826 1392 848 interna
1414 821 1593 856 prosperitate
1613 823 1719 857 requie-

930 866 1031 893 scere?
1047 865 1127 893 Pater
1143 874 1229 898 meus,
1251 867 1337 902 inquit
1350 868 1476 895 Dominus
1489 867 1568 895 Jesus
1583 868 1718 901 Christus,

929 918 1013 945 usque
1039 912 1118 939 modo
1143 918 1282 946 operatur,
1306 919 1333 940 et
1351 921 1401 948 ego
1423 922 1520 949 operor
1543 915 1588 939 "t
1614 920 1642 942 et
1670 916 1718 943 tibi

929 957 1181 993 displicetoperari,
1197 959 1242 993 qui
1257 960 1289 986 ad
1315 967 1396 994 opera
1415 966 1494 987 natus
1519 961 1570 988 es?
1596 961 1654 988 Non
1676 962 1718 989 vis

928 1010 997 1037 opus
1017 1008 1092 1031 tuum
1111 1004 1170 1031 lieri
1183 1004 1334 1039 justitiam,
1351 1005 1522 1040 sapientiam,
1537 1008 1690 1034 castitatem
1705 1009 1717 1034 ‘l

932 1048 989 1076 Non
1012 1050 1052 1077 vis
1064 1057 1133 1084 opus
1149 1055 1224 1077 tuum
1240 1058 1301 1078 esse
1315 1051 1513 1084 fortitudinem,
1531 1053 1651 1087 aliasque
1666 1053 1719 1079 vir-

930 1095 1020 1121 tutes?
1039 1105 1048 1120 ι
1068 1094 1207 1122 Manifesta
1225 1102 1333 1130 queque
1354 1095 1398 1122 illa
1414 1102 1477 1123 sunt
1491 1095 1536 1123 hb.
1552 1105 1559 1123 I
1574 1097 1642 1130 Περὶ
1665 1096 1718 1131 ἁρ-

928 1139 1000 1175 χῶν,
1015 1147 1075 1175 cap.
1090 1140 1117 1174 5,
1135 1148 1210 1168 num.
1223 1141 1252 1174 5,
1265 1149 1327 1176 pag.
1339 1141 1373 1169 68
1391 1149 1399 1168 :
1424 1151 1433 1168 ι
1465 1142 1516 1169 Per
1539 1142 1590 1169 huc
1619 1150 1715 1170 conse-

927 1194 1012 1220 quens
1022 1186 1101 1214 estin
1116 1188 1193 1215 nobis
1204 1195 1275 1219 esse,
1294 1187 1414 1222 atquein
1433 1187 1533 1215 nostris
1545 1188 1673 1218 ntotibus.
1687 1193 1717 1215 ut

928 1232 970 1259 vel
984 1233 1055 1260 beati
1069 1238 1097 1261 et
1112 1234 1199 1260 sancti
1217 1234 1314 1265 simus,
1329 1234 1370 1261 vel
1383 1242 1432 1268 per
1451 1234 1582 1262 desidiam
1605 1241 1637 1262 ac
1667 1241 1715 1262 ne-

927 1278 1083 1313 gligentiam
1100 1286 1114 1304 a
1128 1278 1295 1306 beatitudine
1311 1279 1336 1306 in
1350 1280 1480 1306 malitiam
1492 1284 1520 1306 et
1538 1279 1716 1313 perditionem

928 1331 1084 1358 verganms;
1101 1333 1111 1349 ι
1137 1328 1218 1358 atque
1239 1324 1330 1351 itidem
1360 1325 1410 1352 ista
1432 1324 1525 1352 homil.
1542 1324 1577 1351 55
1594 1325 1620 1351 in
1637 1324 1715 1358 Luc.,

926 1377 986 1405 pag.
1002 1369 1054 1398 974
1073 1377 1080 1394 τ
1109 1381 1118 1396 ι
1134 1371 1171 1397 Da
1188 1378 1254 1405 ergo
1269 1378 1379 1405 operam
1394 1375 1422 1397 ut
1434 1370 1557 1398 libereris
1569 1378 1583 1398 a
1595 1371 1717 1405 principe

925 1416 958 1442 ad
978 1423 1056 1450 quem
1069 1422 1096 1442 te
1108 1415 1193 1443 trahit
1216 1415 1396 1443 adtersarius.
1422 1415 1458 1442 Da
1480 1423 1591 1450 operam
1608 1420 1636 1442 ut
1661 1415 1716 1442 ha-

924 1464 989 1492 beas
1021 1464 1204 1500 sapientiam,
1235 1464 1369 1499 justitiam
1387 1483 1395 1496 .
1425 1464 1609 1490 fortitudinem
1636 1468 1717 1499 atque

926 1511 1153 1546 temperantiam:
1168 1515 1196 1538 et
1217 1517 1281 1539 tunc
1296 1510 1478 1546 complebitur
1495 1519 1501 1537 :
1523 1509 1593 1538 Ecce
1624 1511 1715 1543 humo,

926 1563 1007 1590 opera
1022 1556 1081 1590 ejus
1093 1559 1157 1583 ante
1178 1556 1273 1583 faciem
1300 1563 1376 1583 suam
1386 1555 1427 1588 ⁷³;
1443 1564 1454 1582 ι
1487 1559 1513 1582 et
1534 1556 1585 1583 hoc
1609 1560 1717 1589 quoque

926 1601 973 1630 lib.
992 1609 1029 1630 vlt
1056 1603 1084 1629 in
1112 1601 1197 1635 Epist.
1214 1602 1249 1628 ad
1273 1601 1361 1633 ηοω..
1388 1604 1465 1628 hum.
1483 1601 1528 1633 16,
1563 1601 1714 1635 pag.6l5:

928 1657 937 1674 ι
957 1648 991 1676 Ut
1014 1648 1075 1676 boni
1092 1649 1164 1675 enim
1181 1653 1228 1674 aut
1239 1647 1302 1674 mali
1331 1648 1428 1680 simus,
1446 1652 1545 1675 nostra;
1569 1647 1717 1674 voluntatis

924 1699 984 1722 est:
1010 1694 1095 1720 malus
1108 1698 1198 1720 autent
1221 1694 1255 1720 ad
1269 1692 1422 1727 cuiusmodi
1443 1693 1571 1725 verbera,
1587 1698 1613 1719 et
1628 1693 1717 1720 bonus

924 1741 957 1768 ad
971 1740 1122 1775 cnjusnt'odi
1149 1739 1262 1776 gloriam
1294 1739 1466 1772 destinetur,
1493 1739 1642 1766 voluntatis
1672 1743 1716 1767 est

925 1787 983 1814 Dei.
1003 1797 1013 1813 I
1043 1786 1133 1814 Plenis
1160 1793 1224 1813 vero
1250 1786 1343 1814 buccis
1368 1787 1461 1813 cadent
1482 1785 1527 1812 illa
1552 1785 1714 1819 deblaterat,

924 1839 984 1866 cap.
997 1833 1022 1865 I,
1041 1832 1100 1859 libri
1118 1840 1147 1859 ιιι
1166 1832 1238 1866 Περὶ
1253 1831 1366 1866 ἀρχῶν,
1381 1839 1434 1866 quo
1445 1831 1535 1866 capite
1560 1831 1713 1858 libertatem

924 1877 1029 1904 arbitrii
1039 1878 1216 1905 asserendam
1230 1881 1259 1904 et
1278 1877 1503 1912 propugnandam
1520 1876 1658 1911 suscepit:
1676 1875 1713 1903 ibi

924 1924 1022 1959 quippe
1039 1923 1233 1951 teutationibus
1247 1923 1375 1957 obsequi,
1387 1923 1427 1949 vel
1448 1923 1598 1956 obsistere,
1615 1923 1642 1949 in
1665 1929 1715 1949 no-

924 1973 979 2002 stra
996 1969 1115 2004 positum
1134 1976 1195 1997 esse
1206 1973 1343 2004 potestate
1361 1969 1438 2001 dicit,
1459 1975 1509 1995 nec
1527 1968 1712 1995 necessarium

923 2014 956 2041 ad
971 2013 997 2041 id
1008 2014 1103 2048 gratize
1119 2013 1271 2041 subsidium
1287 2013 1410 2048 agnoscit
1427 2021 1436 2044 ς
1457 2013 1504 2040 sed
1521 2013 1638 2047 quadam
1655 2017 1715 2039 tan-

925 2066 979 2088 tum
1012 2060 1184 2091 eruditione,
1215 2068 1275 2094 qua:
1311 2060 1431 2087 salubria
1473 2059 1551 2086 nobis
1588 2059 1712 2093 exempla

923 2111 950 2134 et
977 2106 1124 2133 sanctioris
1160 2105 1294 2133 doctrinm
1328 2109 1462 2140 praecepta
1503 2112 1553 2139 pro
1592 2109 1714 2139 tempore

923 2157 1058 2186 suggerat.

86 2191 205 2225 opinatus
230 2200 274 2222 est
300 2195 445 2231 Origenes,
469 2197 516 2224 sed
549 2203 630 2231 prout
655 2198 737 2225 etiam
762 2206 822 2226 sese
844 2200 870 2226 in
887 2213 908 2240 ο
959 2196 1028 2224 XIV.
1041 2196 1118 2230 Quod
1141 2197 1162 2223 si
1180 2196 1274 2231 gratias
1285 2204 1335 2224 nos
1352 2203 1431 2231 egere
1451 2195 1562 2223 auxiliis
1585 2199 1714 2230 agnoscat

87 2235 133 2264 hac
149 2239 199 2267 vita
216 2243 364 2276 gesserint,
390 2243 466 2269 novis
483 2242 576 2277 gratia:
592 2243 765 2271 incrementis
779 2252 871 2272 cunm-

87 2279 134 2310 lari
155 2286 276 2319 censuit;
295 2287 364 2314 adeo
392 2292 422 2314 ut
442 2287 572 2322 quidquid
586 2288 664 2316 nobis
676 2289 770 2324 gratis:
785 2290 867 2325 largi-

87 2329 128 2354 :ur
153 2329 233 2364 Deus,
247 2332 272 2358 id
294 2332 380 2360 libero
409 2337 509 2359 uestra:
524 2333 670 2361 voluntatis
690 2334 804 2361 arbitrio
821 2342 867 2361 ac-

87 2378 187 2407 ceptum
217 2377 389 2406 referendum
416 2379 463 2411 sit,
482 2387 529 2414 per
559 2379 631 2414 quod
661 2380 758 2408 talibus
788 2380 869 2408 donis

87 2416 154 2452 digni
176 2422 266 2450 ellecti
291 2431 401 2456 sumus;
435 2424 501 2452 nihil
527 2429 617 2452 autem
635 2424 685 2452 soli
702 2429 730 2452 et
744 2425 868 2453 absoluto

117 2485 227 2519 ".loan.
247 2499 272 2526 v,
286 2490 329 2520 I7.
366 2493 390 2509 "
411 2491 462 2520 lsa.
481 2501 549 2528 Lxu,
570 2493 614 2521 ll.

88 2559 119 2586 slt
132 2560 375 2600 etiamperfectus,
387 2565 410 2592 si
423 2564 451 2593 lu
466 2564 538 2593 bono
549 2564 637 2593 elatus
651 2565 741 2597 fuerit,
755 2566 868 2600 ejusque

87 2600 190 2636 causam
201 2598 252 2636 sibi
270 2604 392 2636 arroget,
409 2607 459 2636 nec
471 2601 597 2636 debitam
615 2601 727 2636 gloriam
743 2598 775 2630 ei
796 2598 866 2629 refe-

89 2635 127 2670 llat
137 2631 179 2665 qui
196 2628 279 2670 multo
292 2628 354 2670 plus
366 2628 400 2662 ad
414 2634 479 2662 Illud
494 2628 687 2670 acquit‘eiiihnn
701 2639 728 2662 et.
749 2636 867 2664 retinen-

89 2661 314 2706 filtIIt'co1_ttulit.-t
334 2661 551 2706 Ηιιιιὸίιιιιιιιέιιιςέ
575 2661 866 2698 naturaiiinbe‘cillita-

90 2701 137 2741 Pi"!
150 2701 186 2741 sic
198 2703 334 2741 interdum
348 2705 476 2739 pratdicat
486 2705 631 2739 Origenes,
650 2711 678 2733 ut
706 2707 810 2734 sentire
827 2707 868 2733 vi-

90 2740 132 2775 sus
143 2738 177 2763 sit
199 2738 294 2775 llnetio
309 2738 452 2775 przeceptis
478 2738 578 2768 divinis
599 2748 702 2768 morem
729 2742 787 2775 geri
813 2749 866 2769 non

90 2774 170 2811 luisse.
196 2773 264 2811 Quae
285 2773 404 2810 quidem
422 2775 561 2811 aeettsatio
586 2783 668 2810 quam
688 2773 805 2803 absurda
831 2778 867 2804 sit

90 2809 237 2844 existimare
250 2809 312 2836 licet
324 2811 365 2837 vel
379 2817 412 2837 ex
430 2810 481 2837 hoc
501 2809 626 2844 Origenis
641 2811 771 2844 praeclare
795 2812 868 2838 dicto

91 2845 138 2871 (lito
153 2839 262 2873 lluetius
275 2844 310 2873 ad
320 2853 380 2873 eam
398 2839 663 2873 lirutuudatu'utitui'.
679 2855 687 2872 t
702 2845 757 2874 Nos
774 2854 866 2880 vero,»

191 2924 197 2938 ι

924 2242 1083 2277 aliquando,
1096 2242 1210 2276 gratiam
1226 2241 1313 2269 solum
1330 2241 1478 2268 voluntatis
1497 2245 1597 2268 nostris
1609 2241 1714 2275 pedise-

924 2296 1016 2324 quam,
1031 2288 1065 2315 ad
1078 2289 1190 2323 ejusque
1208 2294 1309 2315 mutum
1324 2287 1515 2322 compositam,
1528 2291 1553 2313 et
1566 2295 1615 2322 pro
1630 2287 1714 2314 merlo

925 2335 985 2362 tisa
1002 2335 1057 2362 Deo
1085 2335 1111 2362 in
1137 2335 1263 2362 homines
1288 2339 1426 2369 erogatam
1441 2343 1449 2368 ',
1465 2342 1517 2361 non
1537 2334 1713 2366 exeitantem,

925 2389 976 2408 non
994 2382 1079 2416 gratis
1093 2381 1185 2408 datam
1202 2381 1331 2408 admittit.
1349 2381 1424 2408 Velut
1445 2382 1471 2407 in
1486 2389 1546 2416 cap.
1558 2381 1585 2413 9,
1598 2379 1711 2410 norma,

924 2426 970 2453 hb.
990 2435 1008 2454 ιι
1030 2426 1100 2460 Περὶ
1131 2426 1243 2461 ἀρχῶν,
1258 2427 1296 2453 ait
1326 2435 1336 2452 ι
1360 2427 1527 2455 voluntarios
1553 2431 1581 2453 et
1612 2425 1713 2453 liberos

920 2565 1063 2600 inqttitlib.
1079 2571 1096 2592 tt
1112 2565 1140 2600 in
1165 2565 1251 2599 Epist.
1267 2565 1302 2592 ad
1315 2565 1404 2598 Hann,
1419 2573 1494 2593 num.
1507 2564 1535 2596 6,
1554 2573 1564 2591 ι
1583 2564 1629 2599 qni
1654 2563 1713 2593 hinc

919 2599 1010 2629 ouniia
1021 2599 1369 2636 spiritaliterintelligenda
1379 2608 1440 2636 esse
1456 2601 1598 2636 sentimus,
1610 2600 1712 2628 idcirco

921 2644 972 2664 non
987 2635 1136 2667 auditores,
1148 2635 1195 2662 sed
1212 2634 1330 2663 factores
1348 2635 1416 2670 legis
1431 2635 1619 2669 justilicaudos
1648 2643 1710 2662 ere-

919 2672 1017 2700 ditnus.
1039 2678 1091 2697 non
1122 2670 1188 2704 legis
1208 2672 1355 2697 secundum
1380 2671 1511 2702 litteram,
1537 2677 1597 2704 qua:
1618 2670 1711 2704 utique

919 2714 969 2742 pro
981 2706 1021 2732 sui
1038 2705 1256 2742 impossibilitate
1273 2713 1325 2733 non
1340 2711 1429 2740 potest
1449 2706 1549 2742 habere
1563 2705 1708 2742 factorem,

919 2740 966 2768 sed
981 2742 1127 2768 secundum
1146 2741 1282 2776 spiritum,
1304 2749 1352 2775 per
1365 2749 1446 2776 quem
1470 2740 1557 2768 solum
1587 2740 1630 2776 lex
1658 2740 1709 2766 ιιιι-

921 2776 987 2811 pleri
1005 2776 1114 2810 poterit.
1132 2785 1142 2801 ι
1162 2773 1227 2803 Vide
1249 2773 1330 2810 supra
1357 2773 1435 2811 hujus
1451 2780 1551 2804 nostra:
1580 2773 1710 2803 observa-

924 2812 1006 2839 tionis
1025 2819 1171 2839 uutuct'um
1183 2816 1318 2846 quartum.
