1912 3079
179 99 231 127 947

181 162 273 186 motus
285 164 299 184 a
316 164 345 184 se
358 157 475 185 conditis
489 157 625 184 mentibus
637 156 796 184 Creatorem
813 155 966 189 indulsisse.
984 162 1007 189 Α

181 211 238 238 quo
251 203 359 231 scilicet
372 203 473 230 bonum
495 201 523 228 in
536 202 576 229 eis
594 203 734 237 proprium
756 202 844 234 lieret,
858 211 919 230 cum
943 204 969 230 id

182 249 321 276 voluntate
349 248 454 282 propria
474 252 649 280 servaretur;
675 257 685 273 ι
715 253 742 276 et
768 249 858 283 capite
881 249 970 283 priore

182 297 229 325 lib.
248 305 278 324 ιιι
300 295 442 324 Paulinum
474 295 538 321 illud
566 303 706 330 exponens
734 305 740 322 :
768 305 777 322 ι
801 296 870 331 Ergo
895 296 970 331 cujus

183 343 240 369 vult
252 342 406 373 miseretur,
423 346 451 368 et
467 349 547 375 queui
567 341 622 368 vult
648 342 754 369 indurat
766 342 801 374 ",
822 351 831 367 ι
859 342 970 370 minime

182 388 209 415 id
223 387 332 423 quidem
356 388 410 414 Deo
427 388 596 422 propositum
623 395 683 415 esse
708 388 798 418 docet.
830 393 858 415 ιιι
876 395 970 422 quent-

181 441 262 468 quam
279 433 399 466 induret,
413 433 461 460 sed
476 441 526 468 per
540 433 642 461 bouttm
659 433 826 468 propositum
844 434 971 461 indurare

180 486 242 506 eum
258 479 310 506 dici
331 479 378 513 qtti
395 478 552 510 iudurntur,
565 479 627 514 quia
644 486 678 506 ex
696 479 746 506 hoc
762 479 847 513 ipsius
872 488 970 514 propo-

181 525 234 552 οἰιη
247 525 381 558 sequitur,
394 530 423 551 ut
435 532 483 559 per
496 525 671 552 inhaerentem
698 525 748 552 sibi
768 525 898 551 malitiam
925 525 970 553 ille

182 570 326 598 ittduretur
343 579 349 597 :
369 578 430 604 quae
453 570 492 596 sic
520 577 569 604 pro
593 577 640 598 sua
664 571 859 597 consuetudine
875 570 971 597 dilata-

181 616 222 643 vit
232 615 348 643 Ruﬁnus
361 623 435 642 num.
451 615 504 642 l0:
525 625 534 641 ι
551 614 610 643 Uno
629 616 778 650 eodemque
791 623 874 650 opere
900 616 972 644 Deus

183 661 298 690 alterius
315 661 425 696 quidem
442 662 598 694 miseretur,
610 666 640 689 et
661 662 745 689 alium
771 662 889 695 indurat,
916 668 970 689 non

162 708 164 710 ’
182 714 269 742 agens
287 715 375 742 neque
390 707 484 734 volens
501 711 531 734 ut
556 706 700 734 indttretur
715 707 759 735 ille
788 707 834 742 qui
860 707 972 735 indura-

184 759 252 780 tur:
274 754 320 780 sed
331 753 395 781 dum
414 753 458 780 ille
473 753 639 787 benignitate
658 761 706 781 sua
727 757 755 781 et
770 753 899 788 patientia
918 753 972 780 uti-

185 805 238 832 tur,
253 800 295 826 his
306 800 414 834 quidem
433 799 479 833 qui
493 799 553 833 ejus
565 799 761 834 benignitatem
774 803 803 826 et
813 799 969 834 patientiam

184 846 218 872 ad
233 849 417 879 contemptum
431 850 512 879 atque
532 845 704 873 insolentiam
723 845 836 877 ducunt,
860 845 971 871 indura-
985 837 1006 866 Β

185 897 229 917 ιιιι·
242 898 298 921 c0r.
316 891 378 917 dunt
393 891 537 917 criminum
550 897 630 924 ptena
644 890 769 917 differtur
785 900 792 918 :
807 891 833 917 hi
849 898 914 917 vero
926 891 971 925 qui

184 936 379 970 benignitatem
409 940 436 963 et
464 937 620 970 patientiam
646 937 704 970 ejus
731 937 765 964 ad
801 937 971 964 occasionem

185 983 354 1018 paenitentiae
363 991 417 1010 sua:
431 988 457 1009 et
473 983 674 1010 emendationis
699 983 848 1018 accipiunt,
867 984 973 1011 miseri-

184 1029 532 1064 cordiatnconsequuntur.
549 1038 558 1054 I
584 1028 698 1057 Gemino
719 1029 815 1056 deinde
846 1029 972 1064 exemplo

184 1074 349 1102 luculentius
361 1075 386 1101 id
407 1075 592 1107 demonstrat;
614 1075 706 1109 priore
721 1075 829 1109 quidem
843 1076 926 1110 petito
939 1083 971 1102 ex

185 1120 268 1147 Hebr.
287 1128 326 1152 vr,
342 1120 367 1153 7,
383 1120 410 1152 8,
428 1121 467 1147 ait
483 1121 556 1148 enim
573 1121 692 1148 divinam
720 1121 837 1156 gratiam
857 1121 971 1149 similem

184 1174 243 1194 esse
265 1166 344 1194 imbri
366 1172 453 1194 terras
485 1167 620 1202 irriganti,
645 1175 761 1202 quarum
795 1167 855 1195 aliae
881 1168 974 1203 spinas

184 1212 250 1238 dant
271 1217 299 1239 et
315 1213 450 1244 tribulos;
467 1217 586 1247 segetem
607 1212 659 1239 illa:
679 1217 708 1240 et
737 1213 843 1240 fructus
867 1212 967 1245 ferunt;

185 1265 234 1291 pro
261 1258 336 1284 varia
358 1257 463 1285 scilicet
489 1258 606 1290 cultura,
625 1259 750 1293 quamvis
775 1259 896 1293 ejusdem
919 1260 974 1286 sint

186 1307 300 1329 naturae.
316 1302 415 1330 Terras
434 1303 536 1338 itaque,
556 1304 609 1331 ltoc
621 1309 663 1331 est
677 1305 796 1337 animus,
817 1305 851 1332 ad
876 1305 973 1333 volun-

186 1348 250 1375 tatis
263 1348 406 1376 arbitrium
422 1349 509 1376 excoli
526 1355 554 1377 et
567 1351 655 1383 parari
674 1355 768 1384 putat;
781 1351 894 1378 imbrem
906 1359 974 1379 vero

185 1395 358 1428 postmodum
377 1403 392 1421 a
418 1396 473 1422 Deo
497 1395 612 1422 infundi.
643 1396 715 1423 idem
742 1398 974 1432 probatexemplo

185 1439 261 1471 solis,
275 1439 321 1474 qui
341 1448 393 1467 una
407 1441 556 1475 cadentque
580 1442 639 1468 luce
651 1445 679 1468 et
695 1442 786 1469 calore
811 1443 904 1470 limutn
932 1443 974 1470 in-

185 1487 275 1517 durat,
289 1491 318 1513 et
329 1494 420 1514 ceratn
437 1486 576 1521 liquefacit
589 1497 595 1514 :
614 1497 623 1513 ‹
637 1495 690 1515 non
702 1488 774 1523 quod
791 1489 875 1516 virtus
887 1488 970 1522 ejus,»

185 1532 260 1558 addit
289 1532 403 1560 Ruﬁnus
424 1539 499 1560 num.
527 1534 570 1565 ll.
594 1543 602 1559 ι
621 1534 699 1561 aliter
719 1534 745 1560 in
763 1534 838 1567 limo,
854 1539 882 1562 et
893 1534 973 1563 aliter

185 1585 316 1613 operetur
331 1580 358 1606 in
373 1587 453 1612 cera;
467 1580 514 1607 sed
542 1581 613 1615 quod
643 1580 700 1608 limi
717 1581 784 1613 alia,
799 1581 850 1608 alia
866 1589 974 1616 quoque

185 1633 256 1652 certe
277 1625 314 1652 sit
337 1626 466 1660 qualitas.
481 1634 542 1653 cuin
568 1626 662 1661 utique
683 1627 832 1654 secundum
848 1631 972 1654 natttram

186 1679 269 1698 unum
292 1673 340 1705 sil,
359 1673 422 1706 quia
454 1677 598 1707 utrumque
613 1673 647 1699 de
673 1680 745 1700 terra
759 1678 810 1701 est.
830 1683 840 1699 ι
857 1674 974 1708 Exponit

185 1717 283 1745 deinde
295 1719 432 1752 quotuodo
445 1717 551 1745 auferat
563 1726 578 1745 a
592 1719 670 1746 nobis
684 1719 756 1746 Deus
769 1727 816 1746 cor
827 1719 972 1754 lapideum,

184 1769 212 1790 et
227 1763 357 1791 immittat
371 1771 501 1791 carneum
516 1774 523 1791 :
540 1771 636 1799 nempe
648 1765 807 1792 subversutu
825 1765 857 1792 iri
881 1771 975 1793 censet

185 1809 338 1836 libertatem
358 1810 474 1842 arbitrii,
492 1811 514 1837 si
542 1811 670 1845 potestati
690 1811 790 1838 divina:
814 1811 905 1839 cordis
917 1820 973 1838 mu-

185 1855 318 1882 tationem
329 1856 498 1883 tribuamus:
520 1861 574 1883 tum
590 1857 734 1884 sententiae
751 1865 807 1884 suae
825 1858 974 1892 explanan-

188 1901 230 1927 da:
244 1908 339 1932 causa,
353 1901 493 1928 indoctum
512 1901 630 1936 aliquem
658 1903 742 1929 sumit
766 1902 792 1929 in
808 1902 973 1938 exetnpium,

184 1946 230 1980 qui
249 1947 290 1973 vel
314 1946 429 1973 aliorum
445 1946 692 1980 adhortationibus,
703 1948 744 1974 vel
763 1948 872 1975 aliunde
889 1949 973 1982 impe-

186 1993 276 2019 ritiam
289 2001 366 2020 sttatn
387 1993 550 2029 intelligens,
565 1995 707 2022 erudiendi
725 2003 807 2022 causa
822 1995 926 2022 accedit
942 1996 974 2021 ad

187 2040 347 2072 doctorem;
371 2041 466 2067 doctor
477 2048 554 2072 vero,
583 2041 723 2068 voluntate
747 2041 804 2075 ejus
821 2047 975 2075 perspecta,

184 2084 317 2110 doctrina:
344 2092 399 2111 sua:
414 2090 550 2118 prmeepta
565 2086 727 2112 traditurum
746 2093 776 2113 se
790 2085 950 2119 polliceatur
967 2096 974 2113 :

185 2129 290 2162 οὓτως,
309 2131 397 2164 inquit
412 2139 487 2158 tmtn.
511 2131 556 2164 15,
572 2139 634 2166 pag.
664 2132 727 2165 124,
759 2133 774 2158 ὁ
802 2131 872 2163 θεῖος
898 2131 976 2166 λόγος

185 2177 382 2211 ἐπαγγέλλεται
402 2177 456 2204 τῶν
473 2178 640 2214 προσιόντων
661 2178 710 2213 τὴν
734 2179 832 2205 κακίαν
848 2178 976 2214 ἐξαιρεῖν,

184 2223 218 2258 ἣν
231 2222 356 2258 ὠνόμασε
370 2223 481 2259 καρδίαν
496 2224 611 2259 λιθίνην,
626 2225 686 2259 οὐχὶ
703 2226 814 2252 ἐκείνων
830 2226 867 2261 μὴ
886 2225 977 2260 βουλο-

186 2267 285 2304 μένων,
303 2269 359 2295 ἀλλ’
377 2270 489 2301 ἑαυτοὺς
504 2270 543 2305 τῷ
558 2270 643 2306 ἰατρῷ
659 2271 713 2297 τῶν
727 2271 885 2305 καμνόντων
902 2280 973 2307 τιαρ-

183 2313 351 2348 εσχηκότων.
366 2314 447 2347 Quasi
466 2323 519 2342 non
542 2324 557 2342 a
573 2316 628 2344 Deo
642 2317 794 2344 habeamus
806 2317 858 2345 hoc
873 2318 973 2352 ipsum,

185 2363 216 2385 ut
231 2360 371 2391 accedere,
388 2364 424 2392 ut,
441 2361 533 2388 sanari
555 2361 680 2389 velimus.
711 2362 815 2389 Similia
831 2367 895 2390 suttt
914 2371 973 2398 qua:

184 2411 336 2440 sequuntur
352 2417 358 2433 :
386 2407 440 2434 Καὶ
453 2407 519 2440 ἐστι,
535 2409 596 2443 φέρ’
611 2410 710 2439 εἰπεῖν,
726 2409 756 2435 τὸ
769 2410 832 2440 τοὺς
857 2409 975 2444 τυφλοὺς

183 2451 345 2486 ἀναϐλέψαι,
365 2452 455 2487 ἔργον,
469 2454 539 2480 κατὰ
555 2453 604 2488 μὲν
624 2454 654 2480 τὸ
673 2453 829 2489 ἠξιωκέναι,
850 2455 903 2481 τῶν
927 2464 970 2481 πι-

185 2498 333 2525 στευόντων
346 2498 476 2526 δύνασθαι
489 2499 704 2535 Θεραπεύεσοαι·
721 2500 791 2527 κατὰ
801 2500 829 2527 δὲ
847 2501 896 2537 τὴν
909 2501 976 2527 ἀπο-

184 2545 351 2572 κατάστασιν
369 2546 418 2582 τῆς
442 2547 580 2582 ὁράσεως,
598 2547 645 2574 τοῦ
667 2547 794 2583 Σωτῆρος
818 2547 907 2583 ἡμῶν.
924 2547 975 2575 lie-

185 2590 257 2625 liqtta
275 2592 332 2625 pari
348 2591 413 2619 vitio
426 2593 561 2620 laborant.
576 2592 666 2620 Nihilo
687 2593 796 2620 saniora
824 2599 887 2621 sunt
915 2602 975 2628 qua:

186 2637 311 2672 leguntur
323 2638 384 2665 libri
398 2639 517 2672 ejusdem
533 2639 620 2674 capite
633 2639 660 2672 6,
683 2640 708 2667 in
727 2640 825 2674 quibus
839 2641 974 2668 hominem

185 2682 283 2710 divina:
310 2684 434 2718 imaginis
463 2684 634 2719 dignitatem,
658 2692 720 2712 cutn
749 2691 938 2719 procrearetttr
962 2694 977 2712 ιι

189 2727 253 2761 Deo,
268 2730 405 2764 accepisse
416 2730 468 2764 ait;
484 2731 669 2759 similitudinis
694 2739 758 2760 vero
777 2731 970 2767 perfectionem

987 1510 1009 1539 C

996 2182 1016 2207 ι)

225 2816 245 2832 ’⁸
263 2816 339 2846 Rom.
356 2828 393 2853 ll,
413 2820 455 2850 l8.
494 2822 516 2838 τ’
533 2822 608 2850 Rom.
626 2830 673 2856 λιι,
688 2822 713 2850 6.

819 97 847 127 P.
869 97 1024 127 DANIELIS
1041 98 1158 127 HUETII

1022 158 1047 184 in
1067 158 1300 186 consummatione
1329 163 1463 184 servatam
1482 166 1487 183 :
1517 166 1526 182 ι
1549 156 1674 189 Scilicet,
1698 163 1708 182 ο
1728 156 1812 190 inquit

1022 212 1097 231 num.
1122 204 1148 237 l,
1166 211 1227 239 pag.
1243 203 1304 233 l52.
1332 213 1340 229 ι
1362 208 1392 230 ιιι
1418 203 1475 238 ipsc
1490 203 1539 231 sibi
1553 210 1614 230 eam
1639 202 1760 237 propria:
1771 202 1811 228 in-

1020 250 1133 277 dus-trite
1149 250 1246 277 studiis
1259 257 1292 277 ex
1310 249 1357 276 Dei
1370 249 1521 276 imitatione
1534 248 1736 279 conscisceret,
1751 255 1811 274 cum

1020 295 1199 330 possibilitate
1219 295 1270 322 sibi
1299 294 1476 329 perfectionis
1508 294 1536 321 in
1568 293 1656 321 initiis
1674 292 1741 320 data
1767 300 1812 326 per

1021 341 1146 377 imaginis
1158 342 1327 377 dignitatem.
1348 341 1374 367 in
1402 341 1455 368 line
1481 340 1589 368 demum
1605 343 1673 375 'per
1698 346 1811 374 openim

1021 385 1204 419 expletionetn
1221 384 1369 420 perfectam
1384 384 1436 411 sibi
1450 385 1509 418 ipse
1520 384 1730 411 similitudinem
1748 391 1813 410 con-

1021 435 1180 459 summaret.
1200 440 1209 456 ι
1241 430 1322 458 Addit
1341 431 1460 463 deinde,
1495 440 1504 455 I
1528 430 1735 458 similitudinem
1766 428 1813 456 Dei

1021 475 1193 509 sperandam,
1213 483 1272 508 quae
1296 482 1347 509 pro
1375 475 1534 502 nteritorum
1549 474 1720 509 perfectione
1746 481 1814 509 pre-

1021 521 1147 547 stabltur.
1166 529 1176 546 ι
1192 519 1247 548 Nec
1267 521 1317 547 ista
1331 521 1523 552 tolerabiliora.
1538 528 1598 555 qua:
1623 520 1740 553 legimus
1767 520 1814 547 lio-

1022 566 1077 593 tuil.
1095 567 1125 594 ll
1144 567 1173 593 in
1191 565 1276 593 Num.
1297 575 1372 593 nutu.
1388 567 1415 598 Δ,
1431 574 1493 600 pag.
1510 566 1562 594 303
1581 575 1588 592 :
1608 575 1618 592 ‹
1634 566 1814 594 Onmiaenim

1022 612 1092 646 apud
1100 612 1185 640 Deum
1200 613 1307 640 ratione
1321 613 1458 647 etjudicio
1470 613 1555 646 liunt;
1571 620 1621 640 ttec
1635 613 1670 639 ad
1683 612 1814 647 gratiam,

1022 658 1068 685 sed
1084 665 1132 692 pro
1149 659 1258 691 merito,
1272 668 1281 685 ι
1297 663 1362 691 etc.,
1376 658 1484 693 penitus
1502 665 1598 693 nempe
1619 657 1715 693 gratiae
1733 650 1815 685 bene;

1022 703 1113 730 ficium
1141 703 1198 731 haec
1227 704 1379 738 perimunt;
1409 704 1635 738 quemadmodum
1669 708 1698 730 et
1727 703 1773 729 illa
1801 713 1816 729 σε

1023 753 1089 776 tom.
1107 757 1121 776 tt
1140 749 1290 780 ἱιιΜαιιΙι.,
1308 758 1382 776 ttum.
1397 750 1440 780 ll,
1461 758 1521 784 pag.
1535 750 1588 776 454
1609 759 1615 776 :
1636 748 1775 776 Ἐνταῦθα
1788 749 1816 775 6's

1023 796 1104 831 ἡμεῖς
1120 797 1203 831 ἐσμεν
1218 797 1243 822 οἱ
1269 797 1351 823 αἴτιοι
1369 795 1416 822 τοῦ
1441 795 1509 822 εἶναι
1523 795 1593 823 καλὰ
1613 796 1661 822 καί
1683 795 1749 827 ἄξια
1762 795 1816 822 τῶν

1020 841 1175 876 λεγομένων
1192 841 1276 876 ἁγίων
1290 842 1367 877 γένη,
1388 842 1404 877 ἢ
1431 841 1522 876 σαπρὰ
1551 841 1598 868 καὶ
1618 841 1683 874 ἄξια
1698 841 1749 867 τοῦ
1764 841 1818 873 ἔξω

1023 887 1172 922 βληθῆναι·
1191 887 1221 913 οὐ
1250 886 1305 922 γὰρ
1323 887 1403 921 φύσις
1427 888 1533 922 ὲνὴμῖν
1551 886 1626 913 αἰτία
1649 887 1701 922 τῆς
1731 895 1816 921 πονη-

1024 932 1093 967 ρίας,
1108 931 1177 959 ἀλλὰ
1191 933 1360 968 προαίρεσις,
1376 932 1499 964 ἑκούσιος
1512 931 1579 959 οὖσα
1603 934 1815 968 κακοποιητική.

1022 978 1115 1009 Οὗτως
1136 978 1164 1004 δὲ
1180 978 1240 1005 οὐδὲ
1261 978 1342 1012 φύσις
1364 979 1438 1005 αἰτία
1460 978 1649 1014 δικαιοσύνης,
1665 978 1704 1010 ὡς
1719 979 1818 1005 ἀνεπί-

1007 1025 1113 1060 ⁵δεκτος
1130 1025 1246 1057 ἀδικίας,
1261 1025 1327 1052 ἀλλὰ
1341 1025 1418 1059 λόγος
1433 1025 1462 1052 ὃν
1489 1025 1707 1061 παρεδεξάμεθα,
1728 1027 1744 1052 ὁ
1768 1034 1818 1052 xa-

1022 1071 1195 1104 τασκευάζων
1209 1072 1329 1103 δικαίους
1340 1080 1347 1086 ·
1365 1077 1393 1099 et
1408 1072 1457 1098 ista
1472 1077 1498 1098 et
1511 1077 1584 1098 totno
1598 1079 1646 1102 xtl.
1666 1079 1743 1098 num.
1761 1071 1812 1102 40,

1023 1126 1084 1152 pag.
1100 1118 1163 1146 561.
1188 1118 1234 1153 Μὴ
1250 1117 1374 1148 συνόντος
1403 1116 1442 1152 τῷ
1472 1117 1631 1152 ἀρνουμένῳ
1657 1116 1819 1151 Πνεύματος

1022 1163 1121 1199 ἐχθροῦ
1145 1162 1185 1198 τῷ
1200 1163 1331 1198 διδομένῳ
1356 1162 1494 1198 Πνεύματι
1512 1163 1560 1189 καὶ
1581 1163 1663 1198 σοφίᾳ.
1675 1165 1734 1193 τοῖς
1751 1162 1819 1198 πρὸς

1022 1210 1052 1236 τὸ
1066 1210 1206 1245 ὁμολογεῖν
1223 1210 1292 1236 κατὰ
1304 1218 1366 1236 τινα
1380 1209 1457 1241 ἀξίαν
1473 1209 1562 1235 αὐτῶν
1586 1209 1640 1235 ὑπὸ
1653 1209 1724 1236 Θεοῦ
1757 1210 1819 1244 βοη-

1023 1257 1180 1292 θουμένοις·
1200 1260 1227 1283 et
1252 1257 1309 1282 lta‘c
1327 1263 1436 1290 quoque
1458 1263 1473 1282 c
1504 1261 1569 1282 tom.
1592 1263 1652 1288 xw,
1681 1263 1758 1281 num.
1789 1255 1816 1286 5,

1024 1312 1084 1338 pag.
1100 1304 1163 1334 'il7.
1179 1303 1207 1329 '0
1221 1302 1249 1328 δὲ
1260 1302 1355 1337 Σωτὴρ
1373 1302 1516 1337 διελέγχων
1530 1302 1577 1328 καὶ
1584 1302 1633 1337 τὴν
1646 1301 1775 1336 τηλικαιλ
1787 1311 1817 1336 ,μ

1026 1350 1214 1385 μεγαλόφωνον
1229 1349 1334 1384 μητέρα
1349 1349 1396 1375 τοῦ
1421 1348 1549 1375 ’ἰακώὸου
1568 1348 1614 1374 καὶ
1636 1346 1818 1377 Ίωάννου,ὡ;

1024 1396 1172 1430 ἁγνοοῦσαν
1189 1395 1260 1425 τίνες
1272 1396 1296 1421 οἱ
1312 1395 1501 1431 ὑπερέχοντες,
1515 1395 1561 1422 καὶ
1577 1395 1617 1421 ὅτι
1632 1395 1648 1430 ἡ
1664 1394 1818 1429 τηλικαύτη

1024 1443 1112 1479 δωρεὰ
1124 1443 1204 1478 χάρις
1213 1443 1270 1469 ἐστὶ
1281 1442 1329 1468 τοῦ
1345 1442 1391 1467 ἐπὶ
1407 1442 1474 1468 πᾶσι
1491 1440 1560 1468 Θεοῦ
1569 1440 1755 1475 συμπνέοντος
1771 1440 1818 1466 καὶ

1027 1489 1220 1524 συνεργοῦντος
1233 1509 1240 1521 ,
1258 1489 1304 1515 καὶ
1322 1488 1456 1523 ἱδρύοντος
1468 1488 1497 1513 ἐν
1520 1488 1553 1522 τῇ
1570 1487 1682 1523 τοιαύτῃ
1693 1487 1816 1521 ὑπεροχῇ

1024 1534 1071 1566 οὒς
1086 1532 1157 1561 οἶδεν
1185 1535 1364 1570 ἐπιτηδείους,
1382 1540 1448 1564 em,
1466 1542 1568 1560 necnon
1581 1539 1608 1560 et
1633 1533 1677 1559 illa
1703 1540 1718 1559 e
1745 1538 1819 1559 tumo

1026 1589 1072 1608 xm
1089 1581 1115 1607 in
1128 1580 1222 1612 Joan.,
1238 1589 1313 1607 num.
1331 1582 1356 1611 Ι,
1376 1580 1452 1615 Τάχα.
1465 1581 1519 1615 γὰρ
1534 1580 1621 1614 δόγμα
1635 1579 1661 1605 τί
1675 1580 1745 1609 ἐστι,
1765 1588 1816 1614 μη-

1025 1627 1087 1653 δένα
1103 1626 1251 1662 λαμϐάνειν
1264 1627 1383 1662 δωρεὰν,
1412 1625 1467 1652 τῶν
1485 1626 1522 1661 μὴ
1548 1625 1696 1652 αἰτούντων
1720 1625 1818 1660 αὑτήν,

1027 1673 1167 1700 Ilanil'este
1195 1681 1302 1707 quoque
1333 1674 1405 1700 hunc
1426 1672 1548 1707 Apostoli
1573 1673 1662 1698 locum
1691 1671 1717 1698 in
1741 1679 1820 1698 suam

1028 1720 1137 1747 trahens
1168 1719 1331 1747 sententiam
1365 1718 1495 1754 pervertit
1521 1718 1568 1745 lib.
1587 1726 1613 1744 ιχ
1630 1719 1657 1743 in
1675 1717 1762 1751 Epist.
1784 1718 1821 1742 ad

1028 1765 1116 1797 Rom,
1136 1773 1211 1792 mtnt.
1230 1766 1257 1797 5,
1276 1772 1336 1799 pag.
1351 1765 1403 1792 6i8
1421 1773 1428 1790 :
1444 1774 1453 1790 ι
1472 1763 1611 1791 Habentes
1626 1768 1716 1790 autent
1737 1763 1822 1789 dona-

1029 1812 1115 1839 tiones
1128 1812 1279 1838 secuudutu
1296 1811 1411 1846 gratiam
1426 1818 1487 1845 qua:
1501 1810 1564 1836 data
1578 1815 1620 1837 est
1648 1809 1725 1836 nobis
1742 1808 1822 1836 dill'e-

1028 1862 1127 1890 reutes,
1137 1858 1194 1885 sive
1204 1858 1373 1892 prophetiam
1386 1857 1534 1884 secundum
1549 1856 1680 1883 rationem
1696 1855 1761 1882 ﬁdei
1769 1855 1801 1888 7',
1811 1865 1820 1880 ι

1027 1908 1092 1935 etc.;
1110 1903 1173 1930 binc
1187 1904 1286 1938 quippe
1303 1903 1407 1938 colligit
1423 1903 1518 1930 donari
1535 1903 1650 1938 gratiam
1663 1910 1678 1929 a
1699 1901 1755 1929 Deo
1779 1909 1822 1928 5e-

1028 1949 1143 1975 cundum
1165 1949 1298 1976 rationem
1315 1949 1376 1976 ﬁdei
1398 1957 1404 1975 :
1425 1953 1480 1976 ttnn
1503 1956 1535 1975 ex
1553 1949 1648 1976 eodem
1667 1948 1728 1975 loco
1743 1953 1772 1974 ct
1787 1957 1820 1975 cr

1029 1995 1083 2021 alio
1098 1995 1225 2029 Epistulae
1247 1995 1347 2030 prioris
1368 1995 1401 2022 atl
1421 1995 1579 2022 Corinthios
1594 1995 1633 2021 sic
1657 1994 1797 2021 concludit
1815 2004 1821 2020 :

1031 2051 1040 2066 ι
1063 2041 1219 2068 Undemilti
1252 2041 1360 2068 videtur
1389 2047 1442 2067 tam
1470 2041 1503 2067 ad
1536 2040 1673 2067 Romanos
1690 2047 1773 2074 quam
1787 2042 1822 2065 ad

1029 2087 1187 2114 Corinthios
1207 2088 1348 2118 scribens,
1375 2091 1430 2114 tres
1447 2087 1585 2121 capienda:
1612 2086 1710 2120 gratia:
1728 2086 1823 2113 modos

1030 2134 1137 2166 docere,
1155 2139 1183 2160 ut
1197 2141 1229 2160 ex
1243 2134 1321 2160 nobis
1336 2134 1406 2160 ineo
1419 2133 1461 2168 agi
1481 2133 1583 2165 aliquid
1602 2133 1742 2164 ostendat,
1766 2133 1823 2167 pln—

1033 2182 1128 2206 rituutn
1155 2184 1244 2206 tamen
1270 2180 1296 2205 in
1313 2179 1357 2206 Dei
1382 2179 1525 2214 largitione
1551 2179 1714 2206 consistere.
1746 2179 1824 2206 l'onit

1031 2235 1096 2261 ergo
1109 2231 1136 2253 et
1147 2234 1302 2253 mensuram
1319 2225 1380 2252 fidei
1395 2233 1468 2257 esse,
1484 2233 1533 2260 per
1558 2233 1638 2259 quam
1668 2225 1729 2259 quis
1759 2233 1824 2260 gra-

1031 2273 1096 2298 tiam
1117 2273 1186 2306 eapit
1203 2280 1210 2297 :
1229 2272 1304 2306 ponit
1316 2277 1342 2298 et
1358 2272 1391 2298 ad
1407 2271 1431 2298 id
1448 2272 1520 2306 quod
1539 2271 1664 2306 expedit;
1681 2276 1710 2297 et
1735 2271 1823 2306 Spiri-

1031 2325 1086 2345 tum
1101 2318 1222 2345 dividere
1238 2323 1317 2352 prout
1332 2318 1399 2345 vult.
1417 2317 1451 2345 Ut
1475 2326 1540 2352 crgo
1557 2323 1631 2344 tanta
1648 2318 1674 2344 iu
1690 2318 1771 2345 nobis
1797 2318 1825 2344 li-

1031 2365 1078 2392 des
1093 2365 1257 2396 inveniatur,
1272 2370 1373 2399 quanta
1393 2365 1479 2399 possit
1503 2365 1689 2392 sublimiorem
1704 2365 1824 2399 gratiam

1032 2410 1084 2444 (sic
1094 2410 1166 2437 enim
1184 2409 1339 2445 legendum)
1363 2411 1523 2445 promereri,
1541 2411 1626 2437 nostri
1641 2410 1734 2445 operis
1751 2410 1825 2438 vide-

1032 2460 1075 2482 tur
1089 2460 1117 2482 et
1131 2455 1212 2483 studii
1233 2464 1239 2481 :
1263 2461 1291 2482 ut
1309 2461 1398 2483 autem
1413 2457 1446 2482 ad
1470 2456 1495 2483 id
1517 2456 1598 2483 detur
1614 2456 1685 2490 qttod
1703 2456 1824 2491 expedit,

1030 2507 1057 2528 et
1071 2501 1135 2528 utile
1147 2502 1182 2528 sit
1203 2501 1358 2536 accipienti,
1376 2501 1420 2528 Dei
1434 2501 1565 2536 judicium
1582 2507 1624 2528 est
1636 2511 1644 2534 ;
1657 2502 1699 2528 vel
1714 2503 1827 2530 ontuino

1031 2548 1053 2574 si
1070 2547 1127 2574 dari
1141 2546 1216 2580 velit,
1239 2547 1265 2574 in
1292 2548 1349 2581 ipso
1365 2551 1416 2574 est.
1437 2556 1446 2572 I
1475 2546 1536 2574 Pari
1551 2547 1657 2574 insania
1674 2548 1828 2581 corrumpit

1031 2593 1129 2620 ibidetn
1143 2593 1193 2620 hoc
1212 2593 1350 2620 alterttme
1364 2593 1371 2619 l
1384 2593 1417 2620 ad
1433 2592 1495 2620 Cor.
1509 2600 1558 2623 xu.
1573 2592 1606 2620 18
1623 2601 1631 2620 :
1659 2602 1669 2618 ι
1685 2592 1766 2620 Nunc
1781 2601 1827 2619 att-

1033 2644 1085 2667 tetn
1105 2639 1194 2674 posuit
1205 2638 1276 2666 Deus
1289 2639 1428 2671 membra,
1449 2638 1662 2673 unumquodque
1675 2646 1773 2666 eorutn
1801 2639 1826 2664 in

1031 2691 1157 2719 corpore,
1174 2684 1245 2712 sicut
1273 2684 1368 2712 voluit.
1390 2684 1477 2712 Voluit
1505 2689 1609 2716 autem,
1633 2683 1735 2723 inquit,
1756 2684 1825 2711 Deus

1032 2730 1180 2760 secundum
1193 2729 1327 2759 rationem
1346 2730 1389 2758 vel
1405 2738 1560 2759 mensuram
1585 2730 1646 2758 fidei
1664 2738 1725 2765 qua:
1738 2735 1781 2759 est
1799 2730 1822 2757 iu
