1912 3079
61 98 114 126 949

458 98 745 128 ΟΒΙΟΕΝΙΑΝΟΗΗΜ
765 100 830 128 LIB.
851 101 886 136 ll,
906 101 984 131 CAP.
1005 101 1038 135 ll,
1058 101 1196 136 QUIEST.
1215 101 1270 130 Vll.

1640 102 1692 130 950

62 158 151 190 nobis,
167 158 210 185 vel
235 158 320 187 voluit
331 158 364 186 ad
390 158 415 186 id
440 160 512 194 quod
531 160 650 194 expedit.
670 160 725 188 Nisi
740 160 809 188 forte
820 161 857 188 ita
874 164 895 192 Α
910 166 953 188 cet
967 166 1136 189 commentus
1160 166 1213 194 est,
1233 167 1262 189 ut
1280 161 1480 197 aggressionem
1500 161 1562 187 boni
1574 161 1662 195 eperis
1679 169 1693 188 a

63 203 162 239 aliquis
177 209 206 232 et
221 205 274 232 hoc
290 205 354 232 velit
370 205 523 240 intelligere
539 215 546 232 :
560 206 630 233 Deus
649 207 740 241 posuit
758 208 783 233 in
798 215 856 235 tor-

62 256 128 284 pore
139 251 356 284 unumquodque
373 251 526 278 membrum
539 256 618 285 prout
633 252 729 286 voluit,
751 258 795 285 ιιι,
812 260 857 279 vo-

63 296 123 329 luit,
142 297 178 323 ad
195 296 348 323 membrum
367 297 452 332 magis
467 297 612 329 referatur.
640 299 692 326 hoc
707 303 760 330 est,
777 304 858 333 prout

63 342 162 373 voluit.
174 347 261 377 prout
273 343 365 378 elegit,
378 349 458 378 prout
479 351 590 378 Operam
602 344 686 376 dedit,
711 352 744 371 ne
761 345 858 371 videa-

63 395 107 416 tttr
119 390 153 416 de
179 389 294 416 homine
318 390 425 417 arbitrii
442 395 564 424 potestas
585 391 696 418 auferri.
714 400 724 417 ›
738 391 858 425 Denique

63 434 89 461 in
108 435 217 462 catenis
245 436 270 461 in
299 434 423 462 Psalmos
450 436 511 462 talia
540 436 656 463 refertur
672 436 802 464 eﬁ‘utiissc
825 438 857 464 ad

63 480 158 515 psalm.
171 488 241 513 cxx,
258 481 285 514 5,
299 488 359 516 pag.
373 481 447 508 8‘20:
475 482 521 518 Μὴ
543 481 614 517 δῲης
638 483 678 515 εἰς
706 482 785 509 σάλον
812 483 858 510 τὸν

62 526 131 552 πόδα
154 535 223 553 σου·
243 527 280 563 μὴ
305 529 489 563 πριτραπῇς,
521 529 603 564 φησὶ,
622 529 689 565 μηδὲ
716 529 857 557 σκανδαλι-

63 572 142 608 σθῇς·
159 572 211 599 καὶ
227 573 289 599 τότε
301 572 373 605 ἕξεις
388 573 453 600 Θεὸν
465 575 543 609 χεῖρα
556 574 698 610 ὀρέγοντα·
714 574 784 601 ὥστε
793 575 857 611 παρ’

62 616 141 652 ἡμῶν
166 617 208 644 δεῖ
239 615 307 645 εἶναι
324 618 373 649 τὰς
395 618 493 653 ἀρχὰς,
505 619 553 645 καὶ
575 620 588 645 ὁ
609 618 676 651 Θεὸς
692 619 739 646 τοῦ
767 619 857 655 ὀρέξαι

63 665 157 699 χεῖρας
173 663 299 699 ἕτοιμος.

99 707 134 736 Ut
157 710 249 744 magis
273 711 355 737 etiam
381 714 490 745 pateant
514 711 643 738 doctrina:
667 711 747 747 hujus
767 712 857 747 adyta,

64 754 267 783 observandum
295 760 337 783 est
364 757 497 792 duplicem
525 758 551 785 in
580 758 659 786 nobis
685 760 718 785 ab
743 759 858 793 Origene

65 801 193 828 constitui
211 801 394 834 ﬁdem,aliam
412 804 570 835 humanam,
581 811 662 838 quam
678 805 780 832 viribus
795 813 858 840 pro-

64 847 131 881 priis
162 846 239 874 nullo
264 848 389 882 praesidio
406 847 520 875 ﬁrmatis
535 849 635 876 habere
653 850 800 884 possimus,
817 850 857 876 di-

64 893 155 919 vinam
173 892 271 926 aliam,
288 901 347 928 qua:
363 894 441 921 nobis
459 894 504 921 Dci
521 895 606 929 gratia
626 894 856 922 infundatur.Nec

65 940 198 975 duplicem
222 939 312 966 solum
335 939 426 972 ﬁdem,
445 941 491 968 sed
511 941 624 968 virtutes
644 942 724 968 etiam
738 940 856 975 reliquas

65 985 92 1013 in
116 987 197 1013 nobis
214 986 336 1020 duplices
358 994 419 1013 esse
442 991 532 1021 putat,
555 995 667 1022 quantm
694 987 753 1014 alia:
773 987 826 1014 sint
841 995 856 1014 a

67 1032 154 1065 nobis,
170 1032 231 1059 alite
248 1040 262 1059 a
281 1033 335 1060 Deo
352 1041 359 1060 :
377 1033 435 1060 illas
458 1038 547 1060 autem
573 1034 606 1060 ad
629 1033 741 1060 saltttem
761 1041 857 1061 conse-

66 1078 198 1111 quendam
227 1077 295 1104 nihil
311 1078 450 1112 prodesse,
467 1078 518 1105 nisi
542 1078 637 1105 barum
659 1079 797 1106 consortio
811 1087 856 1105 ro-

66 1123 205 1151 borentur.
225 1124 385 1152 Panduntnr
409 1125 466 1152 haec
489 1125 597 1152 oracula
625 1130 701 1152 tract.
720 1133 804 1153 χχχιιι
829 1127 856 1152 in

68 1167 173 1201 lati/1.,
188 1178 266 1197 num.
285 1179 295 1195 ›
319 1169 376 1197 69:
403 1179 412 1196 ι
430 1170 463 1198 Ut
478 1175 553 1205 puta,
573 1171 670 1204 inqttit,
702 1171 779 1198 ﬁdem
807 1171 856 1198 ha-

67 1216 137 1244 benti
149 1224 211 1252 quae
224 1222 266 1244 est
278 1225 310 1244 ex
327 1217 415 1251 nobis,
427 1218 534 1245 dabitur
548 1219 633 1253 gratia
657 1218 729 1249 ﬁdei,
743 1226 802 1253 qua:
816 1223 857 1246 est

67 1269 113 1297 per
135 1263 264 1298 spiritum
291 1263 362 1296 ﬁdei,
378 1270 406 1291 et.
426 1264 573 1291 ahumlabit
589 1273 597 1298 ;
612 1269 639 1291 et
652 1265 782 1298 quidquid
806 1265 855 1292 ha-

68 1309 154 1336 buerit
166 1309 230 1343 quis
248 1318 281 1337 ex
308 1310 425 1337 naturali
452 1310 602 1343 creatione,
625 1318 687 1337 cutn
704 1312 857 1338 exercuerit

67 1361 136 1386 eunt.
151 1357 254 1390 accipit
269 1356 294 1383 id
315 1358 399 1389 ipsum
416 1364 442 1382 et
459 1364 491 1383 ex
506 1357 592 1392 gratia
612 1357 671 1387 Dei,
688 1362 715 1383 ιιι
738 1358 857 1384 abttutlel

69 1405 94 1427 et
110 1401 215 1428 ﬁrmior
229 1402 266 1429 sit
281 1402 306 1429 in
319 1410 352 1429 eo
365 1402 423 1436 ipso
433 1402 504 1436 quod
520 1402 610 1435 habet,
625 1404 719 1438 {quod
734 1403 767 1430 de
782 1403 855 1430 omni

69 1445 157 1473 itidem
173 1447 276 1475 virtute
294 1447 498 1482 intelligendum
525 1456 586 1476 esse
613 1449 717 1477 scribit.
745 1450 854 1478 Dennun

70 1492 202 1520 concludit
221 1501 228 1519 :
248 1503 258 1519 ι
288 1493 434 1529 Propterea
451 1495 473 1522 si
492 1494 615 1522 volumus
630 1500 659 1522 ut
677 1495 756 1523 detttr
779 1496 856 1524 nobis

69 1537 153 1565 virtus
170 1539 333 1573 perfectior,
348 1544 376 1566 et
401 1539 519 1567 abundet
536 1540 562 1567 in
585 1540 662 1568 nobis
683 1541 753 1576 quod
768 1542 856 1576 perfe-

69 1586 138 1608 ctum
150 1588 191 1610 est
210 1584 282 1610 inter
295 1584 427 1615 homines,
444 1591 492 1619 per
507 1585 673 1620 diligentiam
689 1586 760 1612 onmi
778 1587 857 1614 modo

69 1628 250 1662 acquiramus,
263 1637 289 1657 et
299 1634 440 1665 postquam
455 1630 676 1665 acquisieritmts,
689 1632 765 1666 quasi
779 1632 858 1659 intel-

70 1672 179 1708 ligentes
196 1676 327 1710 quoniam
355 1676 381 1704 in
400 1677 513 1704 nihilum
543 1677 600 1705 lucc
620 1683 778 1711 reptttautttr
799 1678 858 1705 sine

70 1720 151 1752 gratia
166 1721 225 1754 Dei,
243 1722 416 1750 humiliemus
431 1723 615 1758 nosmetipsos
629 1723 679 1750 sub
695 1731 775 1750 manu
789 1723 858 1750 vali-

71 1763 101 1790 da
116 1764 161 1792 Dei
177 1766 210 1798 ⁷⁸,
223 1772 252 1794 et
269 1775 378 1796 oremus
391 1769 449 1796 sine
464 1769 502 1796 ira
522 1770 717 1804 disceptatione
739 1769 858 1797 levantes

69 1817 146 1844 puras
165 1820 263 1841 manus
278 1814 314 1846 ",
328 1819 356 1841 ut
380 1815 500 1843 omnium
527 1817 658 1843 bonormn
674 1823 734 1850 qme
755 1819 817 1842 sunt
831 1816 856 1842 in

71 1857 143 1886 nobis
157 1859 289 1893 perfectio
305 1861 384 1888 detur
398 1869 431 1888 ex
444 1861 508 1894 Deo,
523 1867 549 1890 e:
563 1861 644 1889 faciat
659 1870 707 1889 nos
723 1862 857 1896 perfectos

70 1908 96 1930 et
108 1907 289 1939 acceptabilcs
306 1907 375 1940 Deo,
390 1908 468 1943 quasi
485 1908 556 1935 ﬁlios
569 1908 627 1935 Dei.
644 1918 653 1934 ι
673 1908 801 1935 Eatndettl
817 1916 858 1936 re-

70 1950 157 1985 coquit
173 1952 304 1980 craman
321 1952 367 1980 lib.
383 1960 409 1981 tv
429 1953 457 1980 in
477 1953 565 1988 Epist.
586 1954 621 1980 ad
636 1953 723 1985 Rom,
736 1962 808 1980 ιιιιιη.
829 1953 856 1985 5,

70 1999 146 2029 lique
170 1997 207 2025 ita
233 1998 319 2033 accipi
337 1999 395 2026 vult
416 2006 510 2027 vocem
535 1999 605 2027 hanc
621 1999 804 2034 apostolorum
824 2000 857 2026 ad

70 2039 201 2071 Christum
224 2053 233 2071 :
252 2054 262 2070 ι
284 2046 360 2080 Auge
381 2046 458 2073 nobis
475 2046 554 2074 tidem
574 2046 598 2062 ⁷⁸
616 2054 623 2073 :
642 2045 728 2079 Quia,
759 2046 856 2080 inquit,

70 2088 147 2115 etiam
162 2090 229 2118 ﬁdes
242 2091 310 2126 ipsa,
326 2099 379 2126 qua
396 2092 508 2120 credere
519 2093 644 2120 videmur
662 2094 728 2125 Deo,
745 2093 816 2119 dono
831 2093 856 2120 in

71 2133 143 2161 nobis
167 2137 263 2170 gratia:
283 2137 470 2166 conﬁrmatur.
491 2147 502 2164 ι
530 2139 619 2172 Atque
649 2138 720 2166 idem
742 2139 857 2166 subinde

909 207 1048 235 voluntate
1066 214 1160 235 nostra
1188 209 1382 243 suspenderel;
1407 215 1562 235 successum
1581 214 1645 234 vero
1668 211 1696 233 et

909 253 1102 288 perfectionem
1121 261 1135 280 a
1158 253 1220 281 Deo.

943 297 1003 326 Jam
1034 307 1099 325 vero
1129 299 1275 332 genuinum
1306 299 1432 334 Origenis
1455 306 1562 326 sensum
1586 298 1695 326 odorari

908 351 1063 381 proruptum
1082 350 1124 373 est
1149 347 1175 372 in
1199 345 1305 377 multis,
1323 345 1582 380 quibuslegilimam
1604 344 1695 379 gratim

910 401 961 418 \’ltll
979 392 1064 419 visutn
1078 398 1119 419 est
1133 393 1291 427 praedicasse
1307 401 1313 419 :
1327 398 1356 419 ut
1378 400 1438 419 cum
1458 392 1504 419 lib.
1518 399 1546 418 ιιι
1563 383 1633 424 Περὶ
1649 391 1696 424 ἀρ-

909 438 981 473 χῶν,
991 446 1050 474 cap.
1061 440 1086 471 l,
1103 447 1178 467 nunt.
1192 439 1235 471 l8,
1249 439 1351 473 optime
1365 438 1416 465 dici
1433 437 1538 468 asserit,
1555 437 1695 464 mdiﬁeium

909 492 961 511 non
975 483 1145 516 aediﬁcantis,
1162 484 1209 511 sed
1227 484 1273 511 Dei
1285 491 1352 518 opus
1377 491 1456 517 esse;
1477 489 1503 510 ct
1527 482 1602 509 urbis
1627 487 1696 509 tute-

909 530 973 564 lam,
987 538 1040 557 non
1059 530 1218 558 custodibus
1231 536 1257 557 et
1269 530 1368 565 vigiliis
1382 530 1508 558 militum.
1524 529 1569 556 sed
1586 529 1639 556 Deo
1655 536 1697 556 rc-

909 581 951 604 cte
966 576 1064 603 ascribi
1082 585 1089 604 :
1112 577 1152 604 sic
1168 576 1240 603 enim
1258 584 1314 603 rem
1336 575 1536 610 intelligendam
1548 582 1607 601 esse
1627 574 1696 605 vult,

909 623 999 657 operis
1010 627 1194 657 susceptorem
1210 622 1293 649 fuisse
1304 622 1450 654 hominem,
1465 621 1548 648 Dcuut
1562 619 1697 654 perfecto-

909 676 965 695 rem
982 677 989 701 ;
1006 676 1054 696 nec
1066 667 1189 696 sufﬁcere
1201 668 1367 696 voluntatem
1390 668 1534 695 humanam
1553 666 1585 692 ad
1602 673 1697 693 consc-

909 714 1043 748 quendunt
1064 715 1154 746 ﬁnem,
1180 714 1230 741 nisi
1256 714 1325 741 Dens
1344 712 1376 740 ad
1394 713 1421 740 id
1442 712 1609 747 opituletur;
1626 711 1697 745 quod

909 768 941 788 eo
955 761 1065 795 probari
1081 766 1156 795 pntal
1173 769 1180 787 :
1198 771 1206 786 ι
1224 760 1283 787 Non
1301 759 1426 791 volentis,
1446 766 1532 791 neque
1550 758 1695 786 currentis.

909 807 955 834 sed
973 806 1126 834 miserentis
1146 811 1187 833 est
1201 806 1247 833 Dei
1262 805 1296 832 ⁸³.
1318 815 1327 831 ›
1343 805 1369 831 In
1385 812 1465 839 quem
1492 804 1580 831 loentn
1600 803 1698 837 repetit

908 853 1001 879 eadem
1019 857 1045 879 et
1057 853 1176 880 extendit
1197 852 1243 880 lib.
1263 860 1297 879 vtt
1323 853 1350 879 in
1370 851 1455 885 Epist.
1469 852 1503 878 ad
1519 850 1606 884 Rom,
1621 857 1695 878 num.

908 899 952 932 16,
969 907 994 934 p.
1015 899 1116 931 lill,ex
1134 907 1221 933 eoque
1240 898 1420 925 tletnOnstrari
1439 898 1486 929 ait,
1502 907 1511 923 ι
1531 897 1602 931 qttod
1617 897 1698 923 homo

907 945 1013 980 quidem
1035 945 1154 972 laborem
1176 945 1312 979 impendat
1336 949 1363 971 et
1386 943 1610 973 sollicitudinem;
1627 942 1698 969 Deus

907 995 996 1017 autem
1010 997 1162 1018 successum
1178 989 1252 1024 operi
1270 989 1372 1017 tribuat
1386 995 1413 1015 et
1427 988 1552 1015 effectum
1565 996 1572 1019 ς
1595 998 1604 1014 ›
1622 987 1681 1013 ideo
1691 1001 1697 1006 -

907 1042 959 1069 que
972 1035 1062 1069 operis
1075 1042 1208 1061 summam
1229 1034 1282 1061 Deo
1302 1034 1391 1068 potius
1405 1041 1484 1068 quam
1509 1032 1611 1059 homini
1635 1039 1697 1059 esse

908 1081 1098 1115 deputandum.
1130 1080 1278 1106 Confirmat
1308 1079 1374 1108 illttd
1397 1079 1471 1106 Pauli
1493 1079 1593 1110 verbis.
1615 1079 1624 1106 Ι
1647 1078 1698 1106 Co-

908 1126 992 1153 rinth.
1008 1134 1052 1157 ιιι,
1079 1125 1115 1153 6:
1139 1135 1148 1151 ‹
1167 1125 1221 1160 Εεέο
1250 1124 1377 1159 plantavi.
1406 1125 1498 1159 Apollo
1521 1124 1606 1159 rigavi
1628 1145 1636 1156 ,
1651 1124 1698 1151 sed

909 1171 1188 1198 Deusincrementnm
1210 1171 1301 1203 dedit;
1323 1180 1331 1196 ι
1353 1176 1408 1197 ιιιιιι
1423 1171 1482 1198 ait:
1505 1180 1513 1196 ι
1531 1171 1641 1197 Certum
1654 1176 1697 1197 est

909 1217 990 1244 Deum
1008 1225 1059 1244 non
1075 1217 1161 1245 solum
1178 1217 1247 1245 scire
1262 1216 1472 1252 uniuscujusque
1486 1217 1652 1252 propositum
1665 1224 1696 1242 ac

908 1263 1085 1296 voluntatem,
1097 1263 1144 1291 sed
1158 1268 1185 1290 et
1210 1263 1346 1297 praescire.
1370 1263 1465 1290 Sciens
1481 1268 1570 1289 autem
1586 1269 1613 1289 et
1626 1271 1697 1297 pne--

908 1315 1031 1340 noscrus,
1044 1314 1170 1344 tanquam
1184 1311 1268 1336 bonus
1280 1308 1449 1343 dispensator
1461 1314 1486 1336 et
1496 1309 1593 1344 justus,
1604 1309 1696 1336 unius-

907 1354 1037 1388 cujusque
1051 1355 1167 1382 minibus
1179 1360 1205 1382 et
1217 1355 1353 1390 proposito
1363 1364 1376 1382 ιι
1383 1355 1446 1382 ιίιιιι·
1458 1355 1490 1382 ad
1502 1363 1534 1382 ea
1547 1362 1628 1390 opera
1637 1354 1695 1382 clii~

907 1399 1015 1432 cicuda,
1030 1407 1089 1434 quae
1108 1399 1319 1434 uniuscujusth
1337 1401 1444 1427 animus
1460 1408 1492 1428 ac
1508 1400 1631 1428 voluntas
1648 1401 1695 1427 cli-

907 1447 962 1481 git;
983 1455 991 1472 I
1007 1451 1034 1473 ct
1047 1452 1195 1481 postremo,
1212 1455 1274 1482 pag.
1288 1447 1340 1474 615
1357 1455 1363 1473 :
1391 1456 1401 1472 ι
1417 1447 1449 1474 Ut
1466 1447 1528 1474 boni
1545 1447 1633 1479 enim,
1657 1448 1698 1474 in-

907 1493 977 1528 quit,
994 1503 1003 1519 ι
1028 1497 1073 1520 aut
1089 1493 1151 1520 mali
1168 1494 1253 1522 simus
1266 1499 1365 1522 nostrae
1376 1494 1524 1521 Voluntatis
1536 1497 1596 1525 est;
1614 1493 1699 1520 malus

908 1543 997 1566 autem
1010 1540 1043 1565 ad
1060 1539 1209 1572 cujusmodi
1224 1540 1386 1571 verbera.et
1401 1540 1487 1568 bonus
1501 1541 1533 1566 ad
1549 1539 1698 1572 cuiusmodi

908 1583 1021 1619 gloriam
1038 1584 1197 1615 destinetur.
1212 1585 1362 1612 voluntatis
1386 1590 1427 1612 est
1444 1585 1500 1612 Dei.
1525 1595 1534 1610 ι
1552 1584 1609 1612 Non
1627 1585 1705 1611 aliud.

908 1635 1006 1657 sonant
1025 1630 1105 1657 verba
1133 1632 1190 1658 htec
1204 1638 1220 1657 e
1234 1631 1280 1658 lib.
1304 1639 1333 1658 ιιι
1362 1630 1432 1664 Περὶ
1461 1630 1573 1666 ἀρχῶν,
1594 1638 1654 1664 cap.
1669 1630 1698 1660 Ξ.

908 1683 983 1702 ιιιιιιι.
998 1675 1015 1701 2
1037 1684 1044 1702 :
1067 1685 1075 1700 ι
1098 1675 1214 1703 Evidens
1242 1676 1324 1710 igitur
1351 1676 1421 1703 ratio
1437 1681 1490 1708 est,
1507 1677 1568 1711 quia
1585 1676 1656 1703 sicut
1674 1677 1698 1703 iu

909 1720 987 1747 bonis
1009 1721 1091 1748 rebus
1116 1722 1263 1749 humanum
1290 1722 1460 1756 propositum
1482 1722 1568 1750 solum
1592 1729 1639 1756 per
1655 1729 1698 1749 sc-

909 1766 996 1800 ipsum
1016 1766 1202 1801 imperfectum
1225 1771 1269 1794 est
1289 1767 1322 1794 ad
1337 1768 1597 1795 consnnnnationetn
1610 1767 1670 1795 boni
1690 1776 1699 1800 ;

908 1810 1042 1844 adjutorio
1058 1819 1174 1846 namque
1189 1811 1279 1839 divino
1295 1813 1328 1839 ad
1341 1812 1460 1848 perfecta
1472 1820 1586 1848 qumque
1601 1813 1699 1847 perdu-

907 1856 991 1890 citur,
1011 1866 1020 1883 ›
1041 1862 1094 1885 etc.
1110 1857 1137 1885 ιιι
1151 1858 1193 1886 his
1209 1858 1340 1893 Origenes
1362 1859 1502 1893 splendide
1517 1859 1699 1894 ὴμιπελαγια-

907 1903 987 1936 νίζει,
1002 1904 1195 1938 inceptionem,
1212 1905 1262 1932 hoc
1276 1910 1328 1937 est,
1345 1905 1420 1939 relic,
1434 1905 1535 1933 homini
1558 1906 1697 1940 trilmens;

909 1951 964 1978 Deo
982 1957 1047 1977 vero
1060 1950 1200 1983 duntaxat,
1211 1951 1468 1985 perﬁcere.Ruﬁnus
1483 1959 1546 1978 vero
1563 1953 1639 1986 quasi
1654 1959 1699 1985 pa-

909 2004 968 2023 rum
978 1996 1020 2024 his
1034 1997 1135 2024 erroris
1151 1997 1260 2028 inesset,
1278 1997 1355 2024 novis
1367 2005 1397 2025 ea
1416 1998 1573 2024 delirinrum
1588 2006 1698 2025 suorutn

909 2042 1110 2070 accessionibus
1120 2042 1275 2072 infnscavjt.
1290 2043 1343 2071 Sed
1355 2043 1480 2079 Origenis
1493 2044 1612 2072 insanias
1623 2051 1698 2070 reve-

909 2088 965 2116 lare
979 2089 1201 2124 pergamustin
1217 2090 1268 2116 ﬁne
1281 2090 1380 2125 prioris
1394 2090 1491 2124 capitis
1509 2089 1569 2116 libri
1587 2098 1618 2117 ιιι
1630 2089 1703 2123 nep!

909 2134 1021 2169 ἀρχῶν,
1038 2134 1172 2165 unm.22,
1196 2140 1339 2169 postquam
1361 2135 1472 2169 pulchre
1496 2134 1570 2161 visus
1586 2139 1627 2162 est
1653 2136 1698 2162 Dei

71 2179 177 2212 replicat
190 2182 238 2210 ιιι).
254 2190 292 2216 Ix,
315 2190 392 2210 num.
406 2183 435 2213 '5.
461 2191 521 2219 pag.
541 2182 604 2217 649,
626 2183 708 2218 idque
733 2191 856 2218 compro-
871 2195 895 2224 υ
909 2180 1052 2208 scientiam
1069 2188 1131 2208 cum
1154 2180 1279 2209 libertate
1293 2181 1464 2213 conciliasse,
1477 2181 1568 2208 omnia
1586 2181 1699 2208 conclu-

71 2222 131 2252 llare
145 2228 247 2263 satagit
271 2229 420 2263 apostolico
437 2229 507 2257 isto:
535 2229 619 2256 Alteri
639 2230 704 2264 ﬁdes
719 2231 746 2257 in
767 2231 857 2257 eodem

71 2271 159 2303 spiritu
170 2274 192 2290 "
210 2283 217 2301 :
233 2284 242 2300 ‹
258 2274 333 2308 Quod
349 2275 425 2308 ﬁdes,
450 2275 548 2310 inquit,
573 2283 632 2311 qua:
653 2280 744 2310 speret
761 2281 788 2303 et
798 2284 858 2302 ere-

72 2314 123 2348 dat,
136 2324 162 2345 et
179 2321 282 2355 absque
312 2322 363 2348 ulla
394 2321 562 2349 dubitatione
589 2321 716 2353 conﬁdat,
734 2322 761 2348 in
781 2322 857 2349 nobis

71 2367 128 2396 θείς
145 2367 213 2394 ratio
230 2375 294 2403 vero
309 2368 371 2396 ﬁdei
387 2368 482 2404 ipsius,
498 2373 526 2395 et
539 2368 664 2401 scientia,
676 2373 704 2395 et
719 2367 854 2402 perfectus

72 2415 159 2438 eorum
170 2420 230 2448 qua:
245 2413 382 2441 credimus
393 2414 546 2442 intellectus
558 2415 675 2441 donatur
685 2421 699 2440 a
714 2413 778 2440 Deo.
792 2423 800 2439 ι
816 2414 854 2440 Ac

74 2456 174 2484 tandem
193 2465 203 2494 :_
218 2467 228 2484 ι
249 2458 325 2486 Sicut
339 2463 382 2486 est
401 2459 468 2487 ﬁdes
490 2466 570 2494 quam
588 2459 728 2486 docuitnns
750 2465 810 2485 esse
828 2458 853 2485 in

74 2501 155 2534 nobis,
166 2507 192 2530 et
203 2512 297 2532 rursus
310 2508 352 2532 est
365 2504 430 2532 ﬁdes
442 2511 501 2540 quae
512 2511 560 2539 per
572 2504 684 2539 gratiam
699 2504 787 2536 datur,
801 2505 854 2531 sic-

74 2549 101 2572 ut
117 2554 195 2583 supra
209 2550 328 2578 diximus
340 2551 470 2586 scriptum
481 2558 543 2579 esse
558 2559 566 2579 :
579 2550 632 2578 Alii
647 2550 711 2585 ﬁdes
722 2551 749 2577 in
764 2550 853 2577 eodem

74 2591 182 2627 ’Piritu;
206 2596 242 2623 ita
269 2596 352 2624 etiam
382 2597 408 2624 in
429 2604 591 2632 unoquoque
610 2596 706 2624 horutn
723 2603 783 2630 quae
805 2604 853 2623 su-

76 2642 119 2669 Pl‘a
131 2642 349 2670 enumeravimus
372 2650 386 2669 a
406 2643 460 2670 Deo
477 2650 525 2677 per
546 2642 662 2677 gratiam
689 2642 759 2674 dari,
773 2646 853 2669 estet

76 2680 101 2708 in
117 2685 191 2714 nobis
210 2687 323 2723 aliqttid,
336 2689 370 2716 ad
388 2688 465 2723 cujus
488 2689 674 2723 unusqniSque
698 2695 852 2715 mensuram

76 2725 114 2753 vel
129 2730 258 2759 rationem
282 2733 396 2769 gratiam
412 2738 592 2767 promeretur.
613 2743 622 2760 ι
643 2733 706 2760 llaec
723 2740 755 2761 eo
778 2732 853 2760 scili-

107 2816 148 2845 "l
167 2818 236 2849 Petr.
251 2829 277 2855 v,
296 2822 322 2849 6.

361 2823 383 2838 ⁷⁷
402 2822 410 2850 l
426 2822 495 2850 'l'im.
512 2831 540 2856 ιι,
557 2823 583 2851 8.
622 2823 644 2840 7"
660 2823 724 2851 Luc.
753 2831 817 2856 xvn,
832 2823 859 2853 5.

909 2227 986 2254 sione
998 2227 1113 2262 pessima
1125 2227 1265 2262 depravat,
1280 2235 1341 2256 cum
1357 2228 1394 2254 ait
1408 2227 1510 2254 ιιιιΙΙιιιιι
1524 2229 1557 2255 ad
1570 2229 1699 2255 honorem

911 2272 951 2300 vel
968 2273 1143 2308 ignominiam
1159 2280 1173 2299 a
1188 2273 1242 2300 Deo
1258 2274 1358 2307 parari,
1371 2274 1419 2301 ἐὰν
1439 2274 1475 2310 μὴ
1490 2273 1556 2310 ὕλην
1571 2274 1632 2301 τινὰ
1643 2274 1701 2301 δια-

910 2320 997 2354 φορᾶς
1020 2320 1070 2355 σχῇ
1094 2319 1143 2355 τὴν
1163 2319 1298 2355 ἡμετέραν
1311 2320 1636 2357 προαίρεσιν.κλίνουσαιν
1655 2321 1701 2348 ἐπὶ

907 2365 941 2391 τὰ
955 2365 1074 2401 χείρονα,
1091 2366 1107 2401 ῆ
1124 2366 1170 2392 ἐπὶ
1188 2366 1222 2392 τὰ
1240 2366 1396 2402 κρείττονα,
1412 2367 1484 2401 quod
1505 2368 1584 2394 iterat
1606 2367 1650 2394 lib.
1669 2376 1699 2398 ιι.

904 2417 964 2444 cap.
977 2410 1003 2441 9.
1020 2418 1094 2438 num.
1106 2411 1134 2442 2,
1148 2410 1165 2437 6
1179 2416 1207 2437 et
1222 2418 1279 2445 seq.
1289 2411 1370 2438 Libro
1388 2419 1496 2446 quoque
1517 2412 1609 2446 operis
1629 2411 1701 2444 ejus-

905 2455 966 2482 dem
985 2456 1085 2490 priore,
1103 2464 1162 2490 cap.
1178 2456 1205 2488 5,
1220 2464 1294 2484 num.
1306 2457 1333 2489 5,
1345 2457 1410 2484 dicit
1426 2467 1436 2483 ε
1453 2457 1479 2484 in
1500 2457 1551 2484 illis
1562 2456 1627 2484 solis
1640 2463 1700 2484 esse

904 2508 971 2535 optts
990 2500 1109 2535 Spiritus
1137 2501 1236 2535 sancti,
1250 2501 1295 2536 qui
1321 2503 1377 2537 jam
1401 2510 1431 2530 se
1450 2502 1484 2528 ad
1500 2501 1611 2529 meliora
1635 2508 1699 2528 con-

905 2551 1024 2579 vertunt,
1041 2552 1067 2574 et
1087 2555 1135 2582 per
1158 2547 1216 2575 vias
1240 2547 1340 2575 Christi
1358 2547 1421 2575 Jesu
1441 2548 1587 2580 incedunt,
1607 2547 1633 2574 id
1658 2552 1699 2575 est

907 2592 952 2627 qui
967 2597 1029 2620 sunt
1047 2593 1073 2620 in
1101 2593 1179 2621 bonis
1194 2594 1312 2626 actibus,
1327 2594 1390 2621 etin
1417 2594 1472 2621 Deo
1495 2597 1666 2628 permanent,
1685 2603 1696 2619 ι

907 2638 985 2672 quasi
1013 2638 1111 2673 aliquis
1138 2639 1171 2666 ad
1196 2639 1310 2667 meliora
1329 2640 1450 2667 converti
1480 2643 1572 2673 queat,
1595 2639 1697 2674 absque

906 2691 989 2720 opere
1001 2689 1028 2712 et
1043 2686 1131 2720 gratia
1155 2684 1275 2721 Spiritus
1296 2685 1394 2713 sancti.
1412 2684 1468 2712 Nec
1489 2684 1698 2720 patrocinantur

907 2732 930 2759 ci
948 2732 1098 2767 sequentia,
1117 2739 1177 2759 cum
1190 2732 1227 2759 ait
1242 2739 1316 2759 num.
1331 2732 1371 2760 τε
1391 2741 1399 2758 ι
1420 2731 1550 2768 Spiritum
1572 2735 1699 2759 sanctum

897 2825 919 2841 "
934 2825 942 2852 l
967 2824 1029 2853 Cor.
1051 2832 1098 2859 xu,
1116 2824 1140 2854 9,
1182 2825 1204 2841 ⁸ο
1219 2823 1299 2854 Roma
1315 2833 1351 2859 ιι,
1367 2825 1409 2853 l6.
