1912 3079
216 123 265 150 951

852 120 882 151 Ρ.
905 118 1060 150 ιιεικιιηλιλιε
1079 118 1194 150 llilE'i‘Ii

1801 121 1849 148 9;:

215 183 355 212 exstinctis
371 183 556 218 peccatoribus
584 189 610 210 et
628 182 753 218 indignis,
774 183 861 218 ipsum
880 184 930 211 sint
955 193 1004 211 no-
1019 186 1041 215 Α
1055 174 1234 211 ostendimus.
1257 182 1303 210 Illo
1319 187 1382 210 v'ero
1396 190 1543 218 praeeipue
1561 182 1639 209 Pauli
1664 182 1773 209 videtur
1786 183 1847 208 abu-

216 238 278 257 vum
308 229 434 264 populum
463 235 567 261 creare,
585 233 612 255 et
637 236 768 256 renovare
789 228 886 256 faciem
912 235 1002 263 terrm,

215 283 278 303 cum
295 283 342 310 per
355 275 469 309 gratiam
496 274 614 308 Spiritus
638 274 804 308 deponenles
818 280 937 302 veterem
957 276 1004 302 ho-

215 323 314 348 minem
332 328 392 347 cum
411 320 516 346 actibus
537 320 605 351 suis,
619 320 646 346 i-n
660 320 780 347 novitate
796 321 858 347 vitta.
871 321 1006 355 coeperint

214 367 374 398 ambulare;
395 375 404 392 ι
422 374 476 400 quo
487 373 566 393 sensu
589 366 688 400 quippe
706 366 762 393 lucc
777 367 1004 400 pronuntiaverit,

214 412 270 446 ipse
295 411 374 445 paulo
391 416 451 446 post
476 410 624 445 patefecit,
644 411 744 438 docens
764 411 849 438 Deum
870 422 878 437 ι
900 412 1004 447 Spiritu

211 458 267 484 oris
291 458 331 484 sui
348 465 408 492 qua:
427 457 506 488 diana
523 462 586 484 sunt
614 458 833 485 sanctiﬁcatione
852 458 1005 485 sanctifica-

212 511 261 536 re;
280 514 289 529 ι
307 504 404 531 deinde
423 504 558 531 subnectit
576 513 583 531 :
598 514 607 529 ι
630 504 676 531 Est
691 509 718 531 et
736 505 787 531 alia
801 512 908 539 quoque
921 505 1003 531 etiam

211 550 330 584 Spiritus
351 550 438 577 sancti
460 551 547 584 gratia
564 558 623 584 qua:
641 551 729 585 dignis
747 556 901 585 priestatur,
925 552 1004 578 mini-

212 600 297 622 strata
307 596 414 630 quidem
435 603 484 630 per
497 595 648 628 Christum,
665 596 805 630 iuoperata
819 602 908 624 autent
925 605 940 623 a
953 597 1004 624 Pa-

212 647 265 674 tre,
281 641 430 668 scentulum
461 642 588 669 meritum
616 649 724 674 eorum,
743 643 788 677 qui
806 650 920 678 capaces
944 642 1004 676 ejus

211 688 376 716 clliciuutur.
395 697 405 714 ι
420 687 473 714 Nec
491 695 653 722 quemquam
668 688 762 716 lallant
776 688 820 716 illa
836 697 868 716 ex
885 689 1001 718 lioniilJ

211 736 240 761 in
254 733 360 766 Gaium,
377 742 441 760 nttm
455 733 480 765 7,
502 733 546 760 ubi
564 733 665 760 Christi
679 735 794 768 gratiam
811 734 945 761 solaribus
960 743 1004 762 ra-

211 781 264 807 diis
281 785 431 814 comparat,
445 788 529 814 eaque
546 785 651 807 mentes
665 785 773 807 nostras
786 780 913 808 illustrari
930 789 1004 808 asse-

212 826 321 858 rit,nisi
345 827 452 853 excitus
477 826 585 853 iilarum
608 826 755 860 impediat;
777 828 1003 861 quemadmodum

1056 238 1112 263 sus,
1127 230 1172 264 qui
1185 235 1226 257 est
1244 229 1262 256 ll
1278 229 1347 256 Tim.
1360 229 1445 260 “,QI
1460 238 1467 256 :
1481 238 1489 254 ι
1503 229 1529 255 Ιιι
1544 236 1642 263 magna
1659 233 1755 255 autem
1772 227 1848 254 domo

1057 284 1108 303 non
1140 275 1226 302 Solum
1249 281 1313 302 sunt
1335 283 1400 302 vasa
1418 283 1500 301 aurea
1515 281 1541 301 et
1553 280 1696 307 argentea,
1717 273 1768 300 sed
1778 277 1806 300 et
1816 272 1846 300 li-

1055 329 1123 357 gnea
1135 327 1161 348 et
1175 321 1278 354 ﬁctilia,
1290 326 1317 349 et
1327 321 1448 355 quaedam
1462 321 1569 355 quidem
1579 320 1604 346 in
1621 320 1767 351 honorem,
1779 325 1847 353 qua:-

1055 366 1120 393 dam
1138 372 1228 393 autent
1245 367 1272 392 in
1291 365 1496 393 contumeliam.
1514 364 1542 392 Si
1555 365 1617 399 quis
1635 372 1704 399 ergo
1718 364 1844 391 emenda-

1055 412 1123 438 verit
1139 418 1168 438 se
1181 410 1215 437 ab
1229 410 1299 442 istis,
1314 410 1367 437 erit
1379 417 1427 437 vas
1446 409 1472 436 in
1489 408 1619 436 honorem
1633 409 1845 442 sanctiﬁcatum,

1054 463 1082 484 et
1096 457 1160 484 utile
1174 457 1286 484 Domino
1299 458 1331 483 ad
1343 463 1423 483 omne
1437 463 1504 490 opus
1529 455 1630 483 bonum
1644 460 1780 490 paratum.
1802 464 1812 481 ι
1822 455 1847 482 ld

1055 503 1091 530 ita
1119 502 1218 536 accipit
1234 510 1308 529 num.
1325 501 1380 535 20;
1397 502 1473 536 quasi
1489 502 1553 529 solis
1574 501 1725 528 voluntatis
1751 507 1849 528 nostra:

1056 550 1169 580 viribus,
1181 548 1255 575 omni
1278 548 1414 575 destitutis
1429 547 1540 579 auxilio,
1557 553 1737 582 peccatorum
1757 549 1847 574 sordes

1055 595 1216 630 preniteutia
1230 594 1322 621 eluere
1339 595 1483 628 possimus.
1495 595 1570 629 Quod
1582 593 1761 627 Pelagianam
1773 600 1847 628 pror-

1054 646 1099 666 SUS
1115 644 1166 666 est.

1092 695 1163 722 XVI.
1183 696 1323 723 Adversus
1339 702 1370 723 ea
1385 694 1585 722 excandescunt
1604 692 1847 730 Magdeburgensrs

1054 744 1125 767 cent.
1154 748 1194 772 ιιι,
1213 748 1272 775 cap.
1290 740 1346 773 10;
1363 740 1534 767 excandescit
1552 745 1579 766 et
1602 740 1724 774 lprensis
1741 741 1846 774 pnesul,

1054 785 1081 812 in
1101 792 1187 820 eaque
1206 786 1299 813 itidem
1319 791 1349 812 ut
1367 785 1393 812 in
1410 786 1563 821 superiora,
1580 786 1682 821 stylqu
1708 794 1789 813 suum
1810 787 1846 813 di-

1054 831 1165 858 strinxit
1191 836 1257 859 tom.
1272 831 1292 866 l,
1309 831 1355 859 lib.
1382 839 1409 858 vr
1423 852 1430 863 ,
1449 839 1508 866 cap.
1529 831 1582 864 15,
1597 832 1847 866 demonstravitque

209 873 296 900 oculis
318 873 418 899 nostris
447 873 511 899 solis
532 872 621 899 lumen
645 873 824 905 admittimus,
842 874 894 901 nisi
910 879 1002 901 nostra
1018 884 1040 911 Β
1054 877 1209 912 opinionem
1232 877 1312 905 istam
1335 877 1470 911 Origenis,
1487 879 1574 912 ipsum
1596 878 1669 906 hunc
1684 885 1750 905 esse
1771 885 1846 905 erro-

209 919 331 946 crccilate
343 918 545 952 prohibeamur.
559 916 642 945 Recte
665 918 690 945 id
707 918 829 952 quidem,
847 928 908 946 nutri
926 925 953 947 et
965 919 998 947 ad

207 968 383 1003 explicaudos
403 971 496 1004 gratia:
512 969 626 996 elfeclus
648 969 771 996 eantdem
795 970 908 1001 usurpat
925 973 999 992 com-

209 1015 376 1049 parationem
397 1015 573 1049 Augustinus.
595 1015 694 1042 Verum
709 1014 735 1041 in
758 1012 933 1048 sequentibus
957 1018 999 1038 se-

209 1060 437 1094 ntipelagianizat,
454 1069 516 1088 cum
533 1061 690 1095 signiﬁcans
705 1068 738 1087 eo
760 1067 809 1086 nos
829 1057 923 1091 majori
939 1057 1000 1085 lucc

207 1107 393 1133 collustralmn
411 1108 456 1140 iri,
469 1115 522 1142 quo
546 1108 656 1142 propius
665 1106 698 1133 ad
716 1115 777 1134 cum
793 1104 997 1137 accesserimus,

211 1163 219 1178 ι
245 1152 300 1180 Non
324 1154 449 1180 similiter
471 1161 571 1185 tamen,
603 1153 700 1187 inquit,
726 1152 849 1179 venimus
878 1150 912 1177 ad
937 1157 998 1175 etnn

205 1207 310 1232 euntes,
323 1202 368 1228 sed
390 1200 576 1234 unusquisque
598 1199 744 1226 secundum
760 1196 895 1232 propriatn
920 1202 997 1222 suam

206 1245 349 1277 virtutem;
370 1255 379 1270 ι
393 1251 490 1278 nempe
506 1244 636 1271 accedere
650 1243 682 1270 ad
695 1242 846 1272 Christum,
866 1239 906 1266 vel
919 1239 952 1265 ab
966 1246 998 1265 eo

206 1291 343 1322 recedere,
359 1291 384 1317 iu
416 1296 507 1318 nostra
536 1290 612 1325 ponit
634 1293 778 1324 potestate.
799 1286 900 1314 Scribit
927 1284 997 1311 idem

206 1343 272 1364 ltml.
284 1345 311 1364 xu
328 1339 355 1364 in
368 1337 476 1369 Man/1.,
498 1344 573 1364 ιιυιιι.
588 1335 604 1363 5
615 1340 643 1363 ct
655 1333 828 1368 ti,tIiscipulis
843 1331 996 1358 naviculam

204 1383 447 1410 conscendentibus
458 1403 465 1415 ,
480 1388 508 1410 et
520 1383 616 1410 deinde
639 1382 707 1408 mari
725 1388 756 1407 ac
780 1383 860 1406 vento
876 1377 996 1413 jactatis,

205 1429 328 1456 homines
345 1429 469 1456 adversis
490 1428 685 1455 teutationibus
700 1430 870 1461 oppugnatos
884 1423 996 1458 signari,

203 1476 249 1508 qui
265 1483 312 1503 eas
331 1476 440 1510 quidem
454 1475 602 1505 sustinere,
621 1479 648 1501 ct
661 1474 688 1500 in
706 1472 824 1500 medium
842 1478 917 1497 mare
933 1477 997 1504 pro-

205 1522 263 1555 pria
278 1522 376 1549 virtute
386 1522 528 1557 pervenire
546 1525 662 1555 queant;
678 1519 834 1554 superiores
849 1524 914 1543 vero
933 1523 996 1544 eva-

205 1569 280 1599 dere,
296 1572 323 1594 et
346 1567 497 1601 oppositam
521 1567 607 1601 ripam
630 1565 766 1599 attingere
792 1571 845 1590 non
863 1562 992 1594 valeant,

207 1612 259 1639 nisi
285 1612 384 1639 Christi
400 1619 450 1646 ope
476 1611 676 1639 subleventur:
699 1611 725 1638 id
749 1615 789 1637 est
811 1608 874 1636 boni
885 1608 994 1642 quidem

205 1657 310 1685 initium
324 1666 339 1684 a
354 1658 430 1685 nobis
452 1665 512 1685 esse
522 1678 530 1691 ,
546 1658 625 1685 linem
649 1664 681 1684 ac
705 1653 965 1683 consummationem
980 1661 994 1679 a

206 1703 271 1731 Deo.
299 1704 419 1738 Denique
445 1704 493 1731 lib.
511 1712 525 1730 v
540 1704 568 1730 iu
593 1703 680 1738 Epist.
698 1702 732 1729 ad
747 1701 838 1732 Rom.,
854 1707 928 1726 num.
949 1698 993 1731 10,

205 1759 264 1786 pag.
291 1751 343 1778 569
360 1760 366 1777 :
385 1760 394 1776 ι
412 1751 541 1784 Quamvis
560 1750 632 1777 enim
658 1749 786 1783 (libertas
812 1746 936 1780 arbitrii)
960 1745 996 1771 sit

202 1796 283 1824 etiam
303 1797 354 1823 ista
369 1797 453 1823 virtus
475 1802 502 1823 et
523 1801 632 1823 maneat
648 1795 674 1822 in
691 1799 797 1825 natura,
811 1798 901 1819 tamen
918 1796 992 1818 tanta

202 1843 344 1870 eharitatis
361 1843 400 1869 vis
412 1848 465 1875 est,
479 1847 509 1869 ut
526 1842 559 1869 ad
575 1850 604 1870 se
618 1841 709 1869 onmia
728 1840 827 1872 trahat,
844 1844 993 1871 omnesque

202 1888 252 1915 sibi
268 1889 363 1919 societ,
382 1889 552 1922 vindicctque
564 1888 678 1915 virtutes
693 1896 701 1919 ;
718 1885 837 1912 maxime
850 1891 912 1911 cum
925 1882 990 1909 cha-

203 1934 291 1961 ritatis
306 1942 402 1961 causas
427 1933 500 1968 prior
525 1933 606 1961 nobis
623 1932 728 1960 dederit
745 1932 826 1962 Deus,
846 1929 891 1963 qui
913 1927 993 1954 unico

201 1979 271 2007 Filio
284 1987 333 2007 suo
348 1989 401 2007 non
418 1979 550 2015 pepercit,
574 1980 620 2007 sed
638 1987 687 2013 pro
708 1978 784 2005 nobis
800 1976 925 2003 omnibus
940 1977 993 1999 tra-

200 2025 269 2051 didit
283 2025 357 2051 illutu
370 2026 402 2056 εί,
420 2031 449 2053 et
476 2033 537 2052 cum
556 2025 601 2052 illo
623 2024 712 2051 omnia
740 2023 819 2050 nobis
837 2019 957 2048 donavit.
980 2027 988 2042 ι

200 2071 266 2103 Qua:
282 2072 318 2098 ita
336 2073 443 2106 quidem
457 2076 565 2104 sonant,
582 2071 659 2106 quasi
679 2071 762 2097 Deum
782 2075 829 2102 per
848 2066 908 2094 Filii
923 2072 992 2091 mor-

201 2124 254 2144 teut
271 2119 413 2145 charitatis
432 2119 547 2153 gratiam
573 2118 650 2144 nobis
675 2117 804 2151 largitum
826 2114 909 2140 fuisse
926 2111 992 2138 velit

199 2169 261 2191 ante
276 2171 384 2191 omnem
397 2164 544 2191 voluntatis
556 2168 669 2190 motum.
682 2164 718 2189 At
734 2162 785 2188 alia
800 2161 879 2193 longe
892 2159 936 2184 hic
953 2157 992 2182 la-

199 2216 238 2237 tet
255 2210 538 2242 scntentia,uimirum
556 2210 638 2236 Deum
656 2216 703 2243 per
717 2214 831 2235 mortem
847 2205 906 2232 Filii
922 2211 989 2231 cau-

198 2263 242 2283 sas
256 2256 334 2283 nobis
362 2256 479 2290 priorem
505 2256 621 2289 dedisse,
637 2263 723 2290 quare
748 2254 834 2288 ipsum
855 2251 988 2280 charitate

197 2305 225 2329 et
247 2310 340 2329 amore
355 2292 688 2336 prosequeremur;lianc
713 2306 802 2327 autem
826 2299 987 2326 charitatem

197 2353 223 2375 et
240 2356 360 2374 amorem
380 2356 394 2374 a
411 2348 488 2375 nobis
502 2349 631 2383 pendere.

235 2393 291 2420 XV.
311 2393 385 2421 Unde
399 2402 479 2428 porro
494 2395 518 2421 in
540 2394 589 2421 has
603 2394 773 2429 opinationes
794 2392 925 2419 abductus
940 2391 985 2423 sit,

197 2441 352 2474 neutiquam
366 2440 424 2474 ipse
436 2440 598 2472 dissimulat,
611 2441 657 2467 sed
679 2448 740 2474 cap.
755 2440 766 2466 1
795 2439 857 2466 libri
873 2446 900 2465 Ill
916 2436 987 2471 Περὶ

195 2486 298 2522 ἀρχῶν
307 2487 398 2514 varios
414 2487 674 2525 recitat'Scriptut-a:
689 2487 775 2517 locos,
791 2484 986 2520 aliosqucmul-

194 2540 237 2560 tos
256 2533 294 2560 ait
309 2533 417 2561 silentio
433 2540 493 2560 sese
515 2532 672 2567 praeterire,
693 2531 762 2558 unde
781 2539 891 2558 causam
909 2538 986 2558 suam

193 2579 350 2607 confirmari
364 2584 452 2614 putat.
465 2579 632 2606 Persuadent
653 2579 690 2606 illi
715 2579 825 2613 quidem
849 2579 985 2605 hominem

193 2626 286 2652 vitiutn
317 2626 389 2653 ittter
409 2630 436 2652 et
453 2627 600 2658 virtutem,
617 2630 745 2658 tanquam
773 2625 800 2652 in
824 2624 896 2652 bivio
916 2624 986 2658 posi-

194 2676 261 2703 tmn,
283 2672 316 2699 ad
345 2672 503 2700 utrumlibet
525 2672 591 2700 ferri
609 2679 707 2706 posse,
722 2671 769 2698 sed
792 2672 829 2698 ita
848 2676 937 2698 tatncn
955 2675 985 2698 ut

194 2721 298 2750 gratae,
326 2725 378 2744 non
402 2718 524 2752 juvantis
549 2717 655 2749 solum,
674 2717 721 2744 sed
743 2717 889 2745 excitantis
903 2717 985 2744 etiam

194 2762 343 2790 subsidium
365 2771 419 2791 non
435 2764 596 2798 excludant;
614 2764 685 2799 quod
701 2763 735 2791 ab
749 2763 864 2799 Origene
884 2763 984 2792 factum

227 2853 248 2869 ἰ
263 2852 341 2882 Rom.
355 2862 414 2885 Vlll,
430 2855 472 2882 52.

1053 931 1109 950 rem
1124 923 1333 951 Massiliensium
1343 945 1351 957 ,
1365 925 1461 959 gratia:
1481 925 1581 952 Christi
1598 924 1759 959 capitalem.
1773 923 1847 957 Quod

1051 974 1080 995 ut
1093 976 1186 996 verum
1199 977 1258 996 esse
1272 970 1455 1002 concedimus,
1470 974 1496 996 et
1507 970 1568 1004 jure
1583 970 1782 1004 reprehensum
1800 970 1847 996 hoc

1049 1015 1159 1042 nomine
1175 1015 1292 1042 fatemur
1304 1015 1460 1050 Origenem,
1475 1015 1510 1042 ita
1527 1020 1625 1050 printer
1640 1023 1751 1050 :equum
1767 1010 1848 1042 fuisse

1049 1061 1186 1095 culpatum
1202 1062 1395 1096 pertendimns,
1408 1061 1479 1096 quod
1500 1062 1532 1088 de
1548 1062 1635 1096 gratia
1655 1062 1748 1088 divina
1763 1061 1847 1088 disse-

1051 1115 1128 1139 rens,
1143 1116 1153 1133 ι
1171 1107 1194 1134 ci
1218 1108 1424 1142 prevocationes
1439 1107 1571 1134 libertatis
1584 1115 1616 1134 ac
1638 1107 1786 1134 suasiones
1800 1107 1846 1133 tri-

1050 1151 1115 1178 buat
1130 1160 1138 1182 ;
1159 1161 1168 1178 ι
1186 1158 1250 1186 puta
1273 1152 1320 1179 lib.
1344 1161 1362 1179 ιι
1380 1153 1450 1186 Περὶ
1464 1152 1564 1187 ἀρχῶν
1575 1173 1583 1185 ,
1596 1160 1656 1187 cap.
1670 1152 1699 1185 9,
1715 1160 1793 1179 nutu.
1807 1152 1822 1178 7
1838 1161 1844 1178 :

1052 1205 1062 1222 ι
1086 1196 1136 1223 Per
1152 1197 1267 1230 gratiam
1283 1205 1348 1224 vero
1361 1197 1553 1225 misericordia:
1568 1206 1623 1225 sua:
1639 1198 1771 1225 omnibus
1787 1205 1846 1232 pro-

1051 1242 1123 1268 videt
1140 1241 1233 1278 (Deus)
1248 1247 1330 1277 atque
1348 1251 1443 1270 omnes
1459 1244 1668 1278 quibuscunque
1678 1244 1771 1270 curari
1789 1252 1845 1278 pos-

1049 1292 1111 1314 sunt
1132 1287 1259 1315 remediis
1276 1289 1410 1320 hortatur,
1435 1294 1463 1316 et
1484 1294 1613 1323 provocat
1631 1290 1665 1316 ad
1686 1289 1815 1321 salutem,
1833 1298 1843 1314 ι

1048 1337 1074 1359 et
1087 1331 1132 1359 lib.
1148 1341 1190 1365 ιιι,
1204 1333 1300 1367 (ιδμὲ,
1314 1342 1389 1361 num.
1403 1334 1420 1360 4
1431 1342 1438 1361 :
1450 1344 1458 1360 ι
1472 1334 1542 1361 Nihil
1558 1335 1629 1362 aliud
1642 1335 1795 1370 putandum
1805 1339 1845 1361 est

1049 1380 1174 1407 accidere
1204 1380 1282 1408 nobis
1301 1388 1333 1407 ex
1354 1381 1430 1415 lpsls,
1447 1389 1506 1415 qua:
1526 1382 1600 1408 cordi
1626 1386 1721 1409 nostro
1747 1389 1843 1417 sugge-

1050 1430 1158 1458 runtur,
1177 1425 1256 1453 honis
1275 1425 1317 1452 vel
1334 1426 1424 1458 malis,
1442 1426 1493 1453 nisi
1516 1427 1729 1454 commotionem
1757 1427 1843 1454 solam

1047 1477 1076 1498 et
1090 1472 1306 1505 incitamentum,
1322 1480 1475 1507 provocans
1487 1481 1535 1500 nos
1551 1473 1593 1500 vel
1608 1473 1642 1500 ad
1663 1474 1734 1500 bona
1750 1474 1794 1500 vel
1811 1475 1843 1500 ad

1048 1516 1128 1544 mala.
1148 1526 1158 1542 ι
1179 1517 1225 1545 llis
1242 1518 1342 1545 addere
1362 1522 1468 1553 poterant
1494 1524 1521 1545 et
1539 1519 1613 1545 illum
1629 1526 1644 1546 e
1663 1519 1710 1545 lib.
1728 1527 1736 1546 I
1751 1519 1844 1554 operis

1008 1560 1031 1591 C
1046 1563 1178 1596 ejusdem,
1195 1572 1254 1599 cap.
1273 1564 1301 1597 8,
1329 1572 1403 1592 num.
1418 1564 1457 1592 δε
1476 1574 1485 1590 ι
1509 1564 1664 1600 Benignitas
1683 1566 1757 1592 enim
1784 1565 1842 1598 Dei,

1048 1610 1197 1637 secundum
1211 1611 1281 1644 quod
1297 1617 1329 1637 se
1340 1610 1450 1645 dignum
1470 1616 1521 1642 est,
1542 1616 1675 1646 provocat
1691 1612 1798 1645 etruria,
1815 1617 1844 1639 et

1046 1655 1159 1682 attrahit
1173 1656 1206 1682 ad
1225 1656 1332 1683 beatum
1354 1657 1434 1683 linem
1454 1656 1538 1690 illum,
1561 1657 1605 1684 ubi
1622 1657 1724 1685 decidit
1746 1664 1775 1686 ct
1795 1666 1843 1686 au-

1048 1702 1115 1736 fugit
1126 1703 1216 1729 omnis
1227 1703 1314 1735 dolor,
1331 1707 1358 1730 et
1371 1703 1491 1736 tristitia,
1510 1705 1537 1731 el
1559 1705 1686 1738 gemitus.
1710 1715 1719 1731 ι
1742 1705 1842 1732 Verum

1047 1754 1203 1781 ecquamam
1228 1756 1324 1775 vocutn
1354 1747 1462 1775 illarum
1495 1749 1639 1780 suasionis,
1660 1749 1842 1782 incitatuenti,

1049 1795 1269 1828 provocationis.
1288 1795 1462 1827 hortationis,
1489 1793 1588 1821 invidia
1613 1801 1664 1827 est,
1683 1803 1753 1830 quas
1773 1796 1843 1824 iisve

1047 1841 1182 1868 assiniiles
1209 1841 1375 1876 Augustinus
1403 1842 1542 1876 usurpavit
1563 1840 1574 1868 ?
1593 1840 1674 1869 Verbi
1701 1842 1793 1877 gratia
1816 1843 1842 1870 iu

1045 1886 1115 1914 libro
1127 1887 1165 1914 De
1183 1888 1276 1922 spiritu
1291 1894 1315 1914 et
1328 1888 1424 1921 littera,
1435 1896 1495 1922 cap.
1509 1887 1543 1914 SI
1557 1896 1564 1915 :
1579 1897 1590 1913 ι
1612 1887 1660 1915 llis
1671 1896 1738 1924 ergo
1756 1889 1844 1916 modis

1045 1934 1155 1968 quando
1169 1933 1240 1960 Deus
1256 1934 1312 1968 agit
1326 1943 1388 1961 cum
1404 1934 1494 1961 anima
1510 1934 1646 1966 rationali,
1658 1940 1687 1961 ut
1697 1935 1721 1962 ei
1734 1934 1842 1967 credat,

1045 1987 1133 2015 neque
1152 1980 1224 2007 enim
1238 1981 1349 2007 credere
1362 1985 1450 2014 potest
1471 1980 1592 2015 quolibet
1608 1981 1696 2009 libero
1713 1982 1843 2014 arbitrio,

1044 2026 1066 2052 si
1088 2025 1160 2052 nulla
1181 2026 1217 2053 sit
1233 2025 1335 2059 suasio,
1352 2026 1394 2053 vel
1410 2027 1515 2053 voc-alio
1536 2027 1578 2053 cui
1593 2027 1705 2061 credat;
1718 2027 1843 2062 profeCto

1043 2078 1071 2099 ct
1086 2073 1172 2107 ipsum
1189 2072 1258 2099 velle
1277 2073 1388 2100 credere
1401 2074 1470 2100 licus
1482 2079 1611 2108 operatur
1627 2074 1653 2100 in
1674 2073 1801 2106 homine,
1815 2079 1842 2101 et

1044 2119 1070 2145 in
1086 2119 1214 2146 munibus
1230 2119 1414 2146 misericordia
1428 2119 1486 2153 ejus
1498 2120 1628 2154 prtevenit
1643 2128 1694 2147 nos
1705 2127 1712 2146 :
1722 2128 1840 2147 consen-

1044 2165 1095 2191 tire
1112 2169 1201 2192 autern
1220 2166 1354 2192 vocationi
1375 2165 1433 2197 Dei,
1448 2167 1488 2193 vel
1499 2166 1532 2193 ab
1550 2174 1581 2193 ca
1598 2166 1759 2199 dissentire,
1772 2167 1842 2194 sicut

1042 2211 1109 2244 dixi,
1124 2212 1241 2246 propria:
1263 2211 1411 2239 voluntatis
1429 2218 1482 2239 est.
1503 2222 1511 2238 ι
1530 2212 1582 2240 Ubi
1610 2213 1729 2239 notanda
1752 2212 1841 2239 obiter

1042 2263 1159 2291 potestas
1171 2257 1214 2284 illa
1229 2257 1374 2284 voluntatis
1394 2257 1426 2284 ad
1440 2258 1661 2285 consentiendum
1676 2257 1719 2285 vel
1735 2257 1841 2285 dissen-

1039 2304 1169 2337 tiendum,
1179 2313 1259 2339 quam
1272 2313 1352 2340 supra
1366 2305 1516 2332 tuebamur.
1535 2304 1600 2332 Item
1618 2304 1709 2339 capite
1718 2305 1815 2332 eodem
1832 2314 1838 2332 :

1042 2360 1051 2376 ι
1065 2350 1123 2378 IIam
1132 2352 1153 2379 si
1164 2351 1196 2378 ad
1208 2352 1280 2378 illam
1291 2352 1501 2386 profunditatem
1510 2351 1839 2385 scrutandumquisquam

1039 2405 1088 2424 nos
1119 2403 1250 2430 coarctet,
1274 2407 1322 2425 cur
1344 2398 1380 2424 illi
1400 2399 1435 2425 ita
1452 2396 1608 2429 suadealur,
1626 2401 1656 2423 ιιι
1669 2396 1837 2431 persuadea-

1040 2448 1098 2477 tur;
1116 2444 1153 2471 illi
1169 2450 1257 2470 autem
1271 2453 1323 2472 non
1337 2445 1371 2472 ita
1390 2445 1442 2471 duo
1456 2442 1513 2470 sola
1528 2447 1675 2470 occurrunt
1691 2443 1815 2476 interim,
1827 2453 1835 2468 ι

1039 2494 1091 2516 etc.
1104 2490 1170 2522 Quae
1186 2498 1269 2523 pauca
1292 2492 1324 2518 de
1347 2490 1439 2517 multis
1456 2487 1570 2526 seligere
1591 2489 1658 2516 satis
1679 2487 1836 2517 habuimus.

1074 2534 1153 2561 XVII.
1170 2534 1276 2562 Modum
1291 2537 1398 2563 tandem
1416 2543 1547 2570 ponemus
1559 2534 1620 2562 huic
1634 2535 1834 2567 dissertationi,

1038 2581 1064 2608 in
1077 2581 1202 2616 Origenis
1220 2581 1339 2609 favorem
1355 2583 1420 2610 illud
1435 2583 1565 2609 iterantes
1580 2582 1651 2617 quod
1667 2590 1754 2616 supra
1770 2582 1833 2609 atti-

1038 2627 1137 2661 gimus.
1154 2634 1322 2662 quzecunque
1341 2627 1374 2654 ad
1393 2627 1584 2654 declarandam
1603 2626 1663 2662 ejus
1678 2628 1834 2662 opinionem

1041 2673 1204 2700 adduximus
1223 2680 1238 2700 e
1259 2673 1335 2700 libris
1356 2681 1371 2700 a
1393 2673 1492 2700 Rulin
1513 2673 1720 2706 interpretatis,
1740 2682 1833 2708 parum

1039 2718 1089 2752 ipsi
1107 2718 1293 2753 pra-judicare.
1309 2719 1476 2754 lntcrpolare
1497 2720 1570 2746 cnim
1586 2719 1679 2746 omnia
1706 2720 1833 2752 liutlnus,

1039 2772 1210 2800 quiscunque
1243 2766 1363 2801 suscepit
1389 2765 1592 2800 interpretanda
1621 2773 1709 2800 eaque
1736 2770 1831 2801 prima
