1912 3079
203 122 258 150 θδκ

823 119 853 147 Ρ.
875 117 1034 146 DANIELIS
1055 116 1174 145 lilJE'l‘ll

1785 110 1841 135 93f)

203 184 357 215 peccatum,
384 185 434 205 nec
453 177 507 212 legi
531 176 748 205 sttccenturiatos
773 176 921 212 prophetas
940 175 994 201 vim
1009 174 1130 205 Aetiam
1155 171 1381 208 pratvaricatione
1416 177 1540 206 peccare.
1567 179 1577 196 ι
1614 168 1644 196 S.
1663 167 1786 215 Thomas
1812 169 1842 196 ὶιι

205 225 310 260 peccati
340 223 469 252 cohibere
498 223 632 258 potuisse,
653 222 700 251 sed
730 222 853 250 adfuisse
885 223 994 249 tandem

202 271 357 303 Christum,
385 277 417 296 ac
445 269 479 296 de
504 274 591 296 morte
609 272 638 296 et
668 273 779 304 peccato
801 268 994 303 triumphasse.

204 316 339 344 Praeterea
366 315 425 348 lege
450 313 503 340 lata
527 313 620 348 aliquo
633 321 714 341 sensu
730 321 887 348 compressa
913 313 996 341 fuisse

204 363 258 390 dici
282 364 369 396 potest
391 359 495 395 peccati
515 359 573 392 vis;
591 368 643 387 non
659 360 731 395 quod
755 361 825 388 hanc
844 360 934 394 reipsa
953 360 996 387 lex

206 408 411 444 compresserit,
427 407 474 434 sed
486 407 556 441 quod
570 406 603 433 ad
623 413 681 434 eam
694 407 928 441 comprimendam
942 406 996 434 lata

205 456 258 487 sit;
278 458 400 489 spectato
414 453 541 485 consilio,
555 461 608 479 non
623 457 740 485 eventu;
754 459 828 484 nam,
846 453 996 479 secutulqu

205 500 390 532 Ambrosium,
420 508 430 525 ι
457 499 601 534 Apostolus
620 497 739 525 ostendit
757 497 823 533 quid
838 497 998 532 provenerit

206 548 270 574 data
293 546 362 581 iege,
384 553 435 573 non
448 545 512 580 quid
528 545 570 572 lex
585 543 707 571 fecerim
726 556 764 564 -
777 553 786 570 ι
807 543 866 571 Non
887 544 972 576 enim,
985 552 995 569 ι

206 598 237 620 ιιι
258 593 341 620 habet
358 591 387 619 S.
404 591 522 619 Thomas
538 591 566 617 in
582 589 659 617 Rom.
674 597 700 622 v,
719 589 765 622 ιο,
786 599 795 615 ι
812 589 845 616 ad
873 589 925 617 hoc
948 589 999 616 fuit

207 639 271 666 data
287 638 340 668 lex,
361 642 390 665 ut
410 641 553 672 peccatum
576 635 743 668 abundaret;
763 635 828 670 quin
843 635 933 670 potius
944 635 998 667 lex,

206 688 338 719 quantum
360 683 386 710 in
399 690 428 710 se
443 682 504 715 fuit,
524 686 666 715 peccaturo
683 681 832 716 prohibuit,
849 682 997 708 secundum

208 730 272 757 illud
290 729 358 764 psal.
372 736 466 762 cxvttt,
484 728 527 760 ll,
538 727 572 754 1η
587 727 665 754 corde
679 735 736 754 meo
748 726 875 754 abscondi
891 726 994 762 eloquia

207 781 264 808 tuo,
281 782 307 802 ut
324 783 375 802 non
393 782 493 809 peccem
509 773 567 802 tibi.
585 783 595 799 ι
625 773 677 800 Sed
693 780 743 800 nec
755 773 836 800 aliter
849 779 897 807 per
914 772 999 808 legem

209 821 406 848 incrementum
436 820 576 854 accepisse
599 823 741 854 peccatum
769 820 880 846 tradunt
903 817 1000 846 Patres

208 867 342 899 nonnulli,
359 874 439 901 quam
454 865 518 900 quia
535 873 584 900 per
602 865 670 900 legis
689 864 935 900 promulgationem
952 872 999 891 co-

207 914 314 949 gnitutn
340 917 382 940 est
407 913 435 940 id
462 919 524 940 esse
546 917 701 947 peccatum,
735 912 806 945 quod
822 915 900 938 antea
919 911 999 946 vulgo

209 959 409 994 ignorabatur;
436 958 507 985 unde
537 956 725 992 pratvaricatio
753 961 782 984 et
808 957 998 991 transgressio,

206 1005 284 1040 juxta
303 1004 366 1031 illud
381 1004 460 1031 Rom.
476 1011 518 1033 Ill.
530 1002 581 1029 20:
600 1012 609 1028 ι
628 1002 678 1030 Per
693 1002 778 1037 legem
791 1002 863 1029 enim
883 1001 1001 1036 cognitio

209 1049 324 1084 peccati.
336 1059 345 1075 ι
360 1049 568 1083 Chrysostomns
580 1047 678 1075 bomil.‘
686 1047 753 1074 l0in
761 1046 849 1081 Epist.
862 1049 897 1074 ad
911 1047 999 1075 (iam;

215 1093 323 1129 Ἐπειδὴ
340 1093 394 1130 γὰρ
412 1093 540 1129 βάναυσοι
554 1101 626 1125 τινες
642 1091 711 1128 ἦσαν
728 1093 847 1120 Ἰουδαῖοι
862 1093 910 1120 καὶ
922 1093 999 1120 ἐκλε-

208 1141 330 1176 λυμένοι,
359 1140 492 1176 καὶπρὸς
517 1140 603 1173 αὑτὰς
631 1140 682 1172 τὰς
705 1140 811 1176 δωρεὰς
838 1140 1001 1167 ἀναπεπτω-

209 1186 288 1218 κότες
308 1194 315 1201 ·
338 1185 433 1212 τούτου
461 1187 541 1222 χάριν
565 1187 580 1212 ὀ
602 1186 685 1222 νόμος
714 1186 802 1222 ἐδόθη,
838 1186 880 1213 ἵνα
902 1186 1001 1219 αὐτοὺς

208 1231 306 1269 ἐλέγξῃ
325 1232 464 1268 μειζόνως,
485 1233 532 1260 καὶ
547 1232 640 1269 διδάξῃ
657 1233 751 1267 σαφῶς
770 1234 799 1259 ὲν
820 1230 860 1265 οἷς
876 1234 940 1266 εισι,
954 1234 1001 1261 καὶ

208 1280 258 1314 τὴν
273 1278 442 1314 κατηγορίαν
460 1279 590 1314 αὐξήσας,
604 1279 752 1314 ὲπισφίγξῃ
767 1279 866 1314 μᾶλλον
880 1279 978 1311 αὐτούς
991 1300 999 1306 .

212 1333 223 1350 ι
240 1324 374 1358 Quoniam
383 1324 456 1351 enim
470 1324 617 1352 illiberalcs
630 1324 813 1356 erautJudaei,
823 1329 851 1352 et
864 1325 999 1357 diSSuluti,

208 1375 238 1398 et
252 1370 285 1397 ad
300 1370 358 1403 ipsa
375 1370 444 1396 dona
459 1370 561 1404 supini,
581 1370 683 1398 idcirco
700 1370 744 1397 lex
757 1370 819 1398 data
833 1376 885 1403 est,
898 1375 927 1398 ut
941 1371 1002 1398 illos

210 1414 338 1442 videlicet
356 1415 545 1442 vehementius
560 1420 734 1450 coargueret,
758 1421 905 1451 aperteque
919 1417 998 1444 doce-

211 1466 253 1488 ret
265 1468 320 1496 quo
336 1461 362 1487 in
377 1465 449 1488 statu
464 1465 568 1493 essent,
589 1467 672 1496 atque
687 1461 887 1490 accusationem
899 1470 1001 1497 augens

211 1506 286 1541 ipsos
300 1506 385 1540 magis
398 1506 608 1540 constringeret.
628 1514 638 1531 ι
670 1506 852 1542 Hieronymus
868 1507 894 1534 in
914 1507 999 1541 Epist.

209 1552 246 1578 ad
263 1551 354 1579 Colat.
370 1559 411 1583 ιιι,
429 1552 476 1583 il,
491 1551 562 1578 22H
580 1551 635 1579 Nec
650 1559 714 1579 vero
727 1553 911 1580 aestimandum
927 1553 1001 1581 Scri-

211 1603 320 1633 pturant
339 1602 476 1625 auctorem
490 1605 550 1625 esse
569 1599 684 1632 peccati,
697 1599 759 1633 quia
774 1599 865 1626 omnia
874 1600 923 1626 sub
937 1607 1001 1634 pec-

210 1647 274 1670 cato
290 1642 458 1669 conclusisse
478 1642 585 1669 dicatur
605 1649 612 1669 :
626 1649 688 1669 cum
706 1643 862 1670 mandatum
879 1645 950 1679 quod
966 1652 1000 1672 ex

207 1687 270 1723 jure
290 1688 458 1723 praecipitur,
472 1689 601 1716 ostendat
625 1690 724 1724 potius,
738 1694 890 1725 arguatque
906 1698 1001 1726 pecca-

212 1738 278 1764 tmn,
307 1741 388 1768 quam
405 1733 440 1761 sit
459 1740 541 1761 causa
568 1734 682 1768 peccati.
703 1743 713 1760 ι
731 1734 897 1770 Augustinus
919 1736 966 1765 lib.
980 1744 1000 1763 ιι

211 1783 304 1806 contra
329 1779 479 1813 lulianum,
496 1787 557 1813 cap.
586 1779 639 1813 22,
665 1788 676 1806 ι
694 1779 834 1816 Originale
860 1787 1000 1816 peccatum

209 1831 265 1852 non
283 1823 391 1859 quidem
402 1829 463 1859 post
477 1823 563 1859 legem
580 1824 678 1857 crevit,
693 1825 740 1852 sed
761 1830 850 1853 tamen
865 1826 908 1854 lex
920 1827 1000 1854 etiam

212 1871 320 1905 ipsum,
351 1870 429 1905 cujus
457 1869 632 1898 abolitionem
664 1871 871 1899 circumcisione
892 1872 1002 1900 infantis

210 1917 392 1952 significaret,
410 1917 529 1949 invenit;
555 1918 626 1945 sicut
658 1917 764 1945 invenit
785 1918 868 1945 etiam
891 1924 1002 1953 peccata

213 1962 385 1996 ignorantite,
413 1970 473 1997 qua:
501 1969 552 1990 nec
580 1963 638 1998 ipsa
662 1963 723 1990 data
750 1964 809 1998 lege
835 1969 1000 1992 creverunt:

212 2009 433 2043 quandoquidem
455 2010 547 2044 potius
563 2009 620 2044 ipsa
637 2009 790 2045 ignorantia
805 2011 935 2039 diminuta
950 2016 1002 2044 est,

212 2055 276 2089 quia
288 2055 402 2083 scientia
419 2055 486 2091 legis
501 2056 617 2083 accessit
635 2064 642 2082 :
659 2056 707 2083 sed
722 2060 862 2091 peccatutn
876 2057 935 2084 sine
949 2065 1003 2092 quo

214 2108 295 2127 netno
311 2101 446 2134 nascitur,
463 2102 552 2128 crevit
573 2101 722 2129 voluntatis
734 2110 861 2136 accessu,
875 2103 1003 2137 originali

213 2147 437 2182 concupiscentia
455 2148 581 2175 trahente
608 2154 752 2183 peccantes
767 2156 891 2176 assensu.
908 2149 1003 2176 Abun-

1045 219 1121 246 Rom.
1134 227 1161 251 ν,
1173 218 1208 246 ἳο
1223 227 1230 246 :
1249 227 1258 244 ι
1271 217 1398 245 Secundo
1411 222 1500 244 autem
1518 220 1607 251 potest
1621 214 1795 249 responderi,
1813 220 1843 242 ut

1046 265 1155 292 dicatur
1171 264 1243 299 quod
1267 263 1304 300 ly,
1319 269 1348 290 ιιι
1373 268 1498 290 teneatur
1510 261 1669 293 causaliter,
1694 260 1731 286 ita
1750 263 1844 286 tamen

1046 311 1119 346 quod
1143 310 1270 345 loquatur
1284 308 1430 344 Apostolus
1443 308 1476 336 de
1489 306 1656 334 abundantia
1677 305 1784 336 delicti,
1801 312 1845 331 se-

1046 357 1164 383 cundum
1179 355 1250 391 quod
1264 360 1306 383 est
1329 356 1356 382 in
1375 359 1468 382 nostra
1481 352 1651 388 cognitione;
1678 356 1710 378 ut
1728 350 1768 377 sit
1784 357 1846 377 sen-

1048 409 1105 435 sus,
1122 401 1162 429 lex
1181 401 1357 433 Subintravit,
1375 406 1405 428 ut
1419 399 1571 427 abundaret
1592 397 1734 429 delictum,
1751 396 1779 423 id
1791 401 1845 427 est,

1048 451 1079 474 ut
1095 445 1281 474 abundantius
1302 445 1431 473 delictum
1446 447 1669 478 cognosceretur,
1692 440 1846 469 secundum

1050 493 1160 521 modum
1185 492 1316 527 loquendi
1335 499 1388 526 quo
1401 490 1502 518 dicitur
1515 489 1618 524 aliquid
1632 488 1703 521 ﬁeri,
1721 495 1784 514 cum
1803 487 1844 514 in-

1049 539 1174 567 notescit.
1204 538 1280 566 Unde
1298 545 1380 572 supra
1397 537 1499 563 dictum
1515 540 1569 568 est,
1598 535 1670 570 quod
1694 540 1743 569 per
1757 533 1846 568 legem

1048 590 1090 613 est
1104 585 1226 621 cognitio
1239 584 1355 619 peccati.
1374 593 1383 608 ι
1399 581 1480 610 Juvat
1490 589 1597 616 quoque
1613 581 1761 616 Origenem
1772 579 1846 614 quod

1048 633 1133 661 habet
1146 631 1247 659 ibidem
1259 629 1289 658 S.
1298 629 1427 661 Thomas,
1443 633 1504 663 post
1517 627 1584 663 legis
1596 626 1844 662 promulgationem

1050 678 1193 706 ruentibus
1218 676 1356 705 nonnullis
1374 675 1400 702 in
1425 675 1538 702 vetitum
1563 673 1649 706 nefas,
1665 672 1798 707 quosdam
1812 671 1846 698 ad

1050 725 1191 758 meliorem
1220 722 1326 757 frugem
1349 721 1482 753 evasisse,
1517 720 1543 747 in
1571 719 1659 754 iisque
1687 726 1844 753 repressqu

1051 770 1137 797 fuisse
1156 773 1310 804 peccatum.
1329 777 1338 793 ι
1361 767 1507 795 Sciendum
1525 771 1626 798 tamen,
1647 765 1750 800 inquit,
1761 765 1845 800 quod,

1051 816 1121 843 sicut
1135 814 1316 849 Philosophus
1333 813 1398 839 dicit
1415 813 1441 839 iu
1454 820 1469 839 ιι
1486 812 1586 846 ΕιΙιὶε.,
1602 811 1756 846 prohibitio
1768 811 1844 846 legis,

1053 863 1116 889 licet
1136 861 1196 889 illos
1210 861 1256 895 qui
1272 864 1335 887 sunt
1349 860 1419 886 male
1430 859 1554 894 dispositi
1578 858 1707 886 cohibeat
1721 858 1757 886 ab
1768 864 1844 885 exte-

1052 907 1170 935 rioribus
1187 907 1306 942 peccatis
1317 906 1376 934 solo
1387 912 1473 941 pretia:
1487 905 1593 938 timore,
1606 906 1738 940 quosdam
1756 909 1846 932 tamen

1053 953 1122 980 bene
1142 951 1288 987 dispositos
1314 951 1419 978 inducit
1444 957 1492 985 per
1510 958 1631 978 amorem
1650 950 1777 983 virtutis;
1798 950 1846 977 sed

1056 1000 1107 1027 ista
1129 999 1200 1026 bona
1213 998 1358 1034 dispositio
1376 1003 1506 1033 quantum
1521 998 1555 1025 ad
1570 997 1671 1032 aliquid
1686 1002 1775 1033 potest
1787 1005 1847 1026 esse

1054 1053 1068 1072 a
1090 1050 1199 1077 natura,
1223 1045 1270 1072 sed
1286 1043 1345 1078 ejus
1368 1044 1500 1079 perfectio
1519 1052 1570 1071 non
1586 1049 1629 1072 est
1654 1043 1706 1071 nisi
1723 1051 1772 1078 per
1783 1052 1846 1079 gra-

1055 1090 1131 1122 tiam,
1146 1097 1180 1117 ex
1197 1097 1249 1124 qua
1262 1090 1396 1125 contingit
1412 1090 1484 1125 quod
1499 1090 1578 1117 etiam
1592 1089 1651 1124 lege
1662 1090 1748 1116 veteri
1768 1090 1844 1123 data,

1055 1144 1107 1163 nou
1121 1137 1149 1164 in
1162 1136 1291 1164 omnibus
1307 1141 1447 1171 peccatum
1461 1136 1591 1168 abundat,
1601 1136 1647 1164 sed
1663 1136 1689 1163 in
1707 1136 1845 1171 pluribus.

1054 1181 1171 1214 Quidam
1190 1189 1253 1209 vero
1266 1180 1328 1216 lege
1343 1181 1513 1215 prohibente,
1528 1186 1556 1208 et
1568 1181 1654 1216 gratia
1668 1181 1783 1209 ulterius
1799 1182 1847 1209 ad-

1050 1227 1172 1261 juvante,
1198 1228 1231 1254 ad
1255 1227 1448 1262 perfectionem
1470 1228 1601 1255 virtutum
1616 1228 1724 1255 tandem
1749 1235 1847 1263 perve-

1055 1277 1163 1305 nerunt,
1182 1273 1328 1300 secundum
1351 1273 1416 1301 illud
1433 1274 1536 1302 Eccles.
1554 1281 1627 1306 xuv,
1645 1274 1655 1300 Ι
1670 1281 1678 1301 :
1695 1273 1847 1301 Laudemus

1053 1319 1122 1346 utras
1142 1319 1281 1354 gloriosos,
1301 1323 1366 1352 ele.,
1390 1325 1418 1346 et
1444 1319 1525 1352 infra,
1550 1320 1577 1353 3,
1597 1319 1714 1346 homines
1739 1327 1848 1354 magno:

1053 1367 1158 1394 virtute.
1178 1375 1188 1392 ι
1209 1365 1378 1401 Suil‘ragatur
1394 1373 1423 1393 et
1438 1366 1502 1394 illud
1517 1365 1638 1397 Thoma.
1662 1371 1756 1394 nostro
1773 1366 1847 1393 Ada-

1054 1413 1168 1445 mantio,
1180 1420 1213 1440 ex
1233 1411 1295 1444 1-2,
1311 1419 1405 1446 quaest.
1423 1413 1468 1445 98,
1494 1420 1520 1445 a,
1540 1411 1552 1438 Ι
1577 1421 1585 1439 ;
1607 1421 1618 1438 ι
1639 1412 1696 1439 Lex
1713 1417 1791 1440 vetus
1808 1419 1849 1439 ra-

1055 1458 1120 1486 tioni
1137 1458 1314 1491 consonabat,
1331 1459 1393 1493 quia
1407 1458 1655 1494 concupiscentiam
1671 1458 1848 1493 reprimebat,

1054 1511 1114 1538 qua:
1125 1504 1220 1531 rationi
1235 1505 1403 1536 adversatur,
1430 1508 1460 1530 ut
1490 1508 1564 1539 patet
1582 1503 1608 1531 in
1638 1503 1683 1531 illo
1695 1503 1825 1531 mandato
1840 1512 1848 1530 :

1053 1549 1114 1576 Non
1136 1550 1305 1584 concupisces
1334 1557 1388 1576 rem
1412 1550 1524 1583 proximi
1553 1549 1593 1576 ιιιί
1601 1570 1609 1583 ,
1644 1550 1715 1584 quod
1741 1550 1849 1585 ponitur

1052 1594 1137 1622 Exod.
1150 1602 1195 1627 xx,
1214 1595 1258 1623 i7.
1276 1594 1335 1630 Ipsa
1351 1596 1433 1623 etiam
1450 1595 1540 1623 omnia
1552 1600 1659 1630 peccata
1675 1595 1846 1635 prohibebat.

1051 1648 1112 1675 qua:
1132 1645 1197 1668 sunt
1209 1646 1305 1670 contra
1326 1642 1468 1669 rationem.
1490 1650 1499 1667 ι
1526 1641 1558 1669 Ει
1583 1640 1698 1669 articulo
1719 1647 1849 1676 sequente

1052 1688 1131 1714 docet
1166 1687 1253 1722 legem
1284 1693 1403 1715 veterem
1428 1696 1451 1721 ,ι
1479 1687 1602 1714 homines
1638 1687 1782 1714 ordinasse
1815 1687 1849 1714 ad

1051 1733 1192 1761 Christum
1217 1740 1266 1768 per
1285 1735 1396 1762 modum
1412 1733 1550 1768 cujusdam
1572 1734 1772 1768 dispositionis,
1784 1734 1848 1760 dum

1053 1779 1194 1807 retrahens
1216 1780 1338 1808 homines
1353 1788 1369 1807 a
1389 1780 1464 1809 cultu
1483 1779 1651 1813 idololatriae,
1672 1779 1849 1807 concludebat

1050 1832 1099 1852 eos
1113 1827 1164 1853 sub
1175 1825 1249 1853 cultu
1267 1826 1345 1854 unius
1361 1826 1420 1859 Dei,
1440 1834 1454 1853 a
1471 1834 1525 1861 quo
1547 1825 1704 1854 salvandutn
1721 1833 1782 1853 erat
1799 1825 1850 1852 bu-

1054 1879 1165 1898 manum
1179 1879 1265 1906 genus
1285 1879 1332 1907 per
1352 1872 1502 1900 Christum.
1518 1881 1528 1898 ι

1089 1917 1146 1946 Xll.
1190 1920 1279 1952 Atque
1311 1917 1416 1945 utinatn
1447 1919 1598 1946 commodis
1629 1925 1706 1954 atque
1743 1919 1850 1954 exposi-

1054 1965 1173 1993 tionibus
1198 1963 1366 2000 Origeniana
1405 1965 1437 1992 de
1479 1966 1573 2000 gratiae
1612 1966 1710 1993 divime
1742 1965 1850 1992 auxiliis

1054 2011 1180 2046 dogmata
1197 2010 1283 2038 lenire
1305 2018 1446 2046 possemus
1461 2010 1519 2046 (42)
1535 2019 1542 2037 :
1561 2018 1654 2038 verum
1682 2016 1736 2039 tam
1755 2015 1849 2045 aperte

1055 2056 1185 2084 adversus
1202 2063 1262 2084 eam
1289 2061 1429 2092 grassatus
1453 2061 1506 2090 est,
1525 2056 1626 2085 frustra
1643 2062 1672 2085 ut
1697 2057 1786 2084 omnis
1801 2064 1850 2085 co-

1055 2103 1095 2130 lor
1110 2103 1232 2130 adhiberi
1253 2109 1335 2138 posse
1360 2102 1495 2130 videatur.
1530 2102 1675 2131 Manifesta
1698 2103 1799 2138 quippe
1813 2104 1848 2130 ab

1056 2149 1174 2176 humana
1191 2149 1339 2180 voluntate,
1357 2147 1472 2183 ejusque
1492 2149 1607 2177 arbitrio
1629 2149 1713 2177 divini
1741 2150 1849 2176 tnodum

214 2195 289 2221 davit
301 2200 391 2221 autem
407 2199 560 2229 peccatum,
578 2194 604 2222 id
620 2200 672 2226 est,
688 2195 770 2222 nimis
781 2195 878 2226 crevit,
897 2199 1004 2230 postea-
1017 2207 1042 2237 υ
1057 2201 1264 2229 mensuramque
1277 2193 1371 2221 auxilii
1387 2194 1506 2228 pendere
1520 2194 1613 2227 voluit,
1633 2195 1695 2222 licet
1714 2196 1748 2222 ad
1761 2196 1849 2230 operis

212 2246 293 2274 quam
308 2247 356 2274 per
367 2240 454 2274 legem
473 2239 546 2267 facta
561 2245 605 2267 est
617 2240 736 2275 cognitio
750 2241 865 2275 peccati,
878 2246 903 2268 et
916 2242 1000 2276 coepit

249 2327 306 2362 (49.)
329 2326 424 2365 Verum
450 2333 503 2354 (om
530 2333 618 2362 aperte
645 2329 770 2356 adversus
789 2338 848 2356 eam
867 2336 1004 2365 grassatus

213 2368 263 2393 ut,
276 2368 328 2398 etc.
346 2363 412 2389 Cum
431 2364 576 2390 accusandi
595 2364 719 2398 Origenis
737 2366 851 2392 tnateria
868 2363 904 2391 ἰιι
920 2374 952 2393 ex
972 2366 1004 2392 li-

214 2398 272 2433 bris
286 2405 300 2424 a
313 2397 411 2434 Ιίνιιιιο
426 2398 622 2431 interpretatis,
640 2397 696 2433 qui,
710 2404 738 2426 ut
754 2400 810 2434 ipse
823 2400 862 2426 ait
877 2400 1002 2433 iiuetius,

214 2432 309 2467 parum
325 2432 433 2467 Origeni
449 2433 624 2466 praeiudicare
640 2432 748 2465 debent,
763 2432 793 2462 ct
807 2443 838 2461 ex
855 2436 1004 2463 Catholicis

214 2469 247 2495 de
261 2467 346 2494 libero
367 2468 479 2494 arbitrio
505 2470 647 2496 sententiis
664 2469 804 2504 desumpta
834 2470 879 2502 sit,
911 2471 1002 2498 tnirari

213 2504 281 2529 satis
303 2510 354 2529 non
372 2510 482 2537 possum
497 2511 541 2529 cur
564 2504 662 2531 eruditi
676 2505 727 2531 viri
748 2505 774 2531 in
787 2505 830 2532 his
850 2505 939 2533 ﬂttlini
962 2507 1003 2533 in-

215 2538 455 2575 terpretationibus
492 2539 660 2575 inbaftserint,
691 2545 848 2567 contextum
877 2541 1004 2575 Origenis

213 2573 307 2600 Cratce
326 2577 477 2600 exstamem
493 2574 672 2608 neglexerint,
695 2580 721 2601 et
736 2583 796 2608 qute
811 2576 845 2602 ad
863 2573 940 2603 liberi
960 2585 1004 2603 ar-

215 2607 288 2634 bitrii
311 2608 494 2635 defensionem
513 2607 605 2635 centra
629 2607 800 2638 detestandas
818 2611 934 2638 haereses
955 2619 1003 2638 ca-

214 2643 313 2681 tholice
327 2643 456 2681 disputat,
472 2651 504 2681 ea
534 2644 567 2670 ad
594 2645 718 2681 haeresim
743 2644 928 2681 Pelagianam,
956 2650 1003 2673 aut

215 2678 310 2716 saltem
322 2678 569 2716 _Semipelagianam
585 2680 763 2716 detorserint;
779 2678 840 2716 qu'ae
859 2689 924 2708 vero
938 2688 1002 2708 sex-

214 2714 301 2752 centis
321 2714 437 2752 locisgde
456 2714 579 2752 gratuita:
599 2720 626 2742 ct
648 2714 765 2752 eliicacis
789 2714 886 2752 gratia:
909 2723 1003 2743 neces-

215 2748 295 2787 sitate
311 2748 609 2787 magnifice’praedicat,
631 2757 669 2787 ne
700 2748 806 2784 legisse'
821 2752 930 2785 quidem
956 2756 1003 2787 aut

215 2783 606 2820 agni-nadvertisserideantur.
631 2783 778 2812 Fatendum
793 2783 860 2812 sane
874 2790 916 2813 est
932 2786 1003 2820 quod

213 2818 347 2857 tingentes
365 2825 398 2844 ex
409 2819 561 2857 animarum
575 2821 788 2854 prmexsistentia
806 2818 1001 2857 ropinatusy‘esl,

216 2852 245 2878 id
259 2852 281 2880 si
299 2852 487 2881 vehementius
517 2852 655 2888 urgeatur,
674 2852 881 2884 consecutio—nes
901 2852 1001 2884 habere

1054 2239 1247 2275 perfectionem
1268 2240 1372 2268 caelesti
1398 2241 1534 2268 hominem
1564 2249 1661 2269 carere
1686 2249 1739 2268 non
1767 2250 1848 2276 posse

1059 2338 1123 2358 cum
1137 2329 1272 2357 catholico
1288 2331 1412 2364 dogmate
1424 2335 1584 2366 pugnantes.
1599 2330 1652 2358 Sed
1667 2339 1747 2358 nemo
1763 2331 1850 2358 nescit

1055 2366 1173 2401 optimos
1186 2366 1260 2392 viros
1275 2373 1347 2400 smpe
1364 2367 1389 2393 in
1407 2373 1496 2393 errato
1516 2366 1606 2400 aliquo
1630 2366 1666 2392 ita
1683 2367 1800 2397 versari,
1821 2371 1850 2393 nt

1055 2410 1116 2436 qua:
1129 2409 1161 2427 ex
1177 2409 1209 2427 eo
1223 2407 1437 2435 consequuntur,
1464 2402 1574 2428 minimc
1595 2401 1752 2436 defendant.
1771 2403 1846 2435 Quod

1056 2435 1078 2464 si
1094 2443 1208 2470 nsquam
1230 2436 1297 2462 alias
1310 2443 1405 2463 verum
1427 2436 1488 2468 fuit,
1505 2441 1580 2464 certe
1597 2436 1624 2463 in
1640 2435 1758 2471 Origene
1772 2445 1846 2464 coni-

1057 2471 1185 2506 probatur
1198 2471 1244 2505 qui
1260 2478 1336 2498 suam
1356 2471 1428 2497 illam
1443 2472 1475 2498 de
1488 2471 1640 2498 animarum
1656 2472 1847 2505 prxexsisten-

1058 2507 1093 2533 tia
1112 2506 1278 2540 opiniOnem,
1297 2511 1325 2533 ut
1352 2507 1518 2540 probabilem
1539 2507 1735 2540 conjecturam,
1748 2515 1777 2534 re
1795 2515 1845 2534 noti

1056 2542 1158 2573 decisa,
1176 2542 1315 2574 proponit;
1327 2547 1356 2567 at
1368 2542 1440 2568 nulla
1452 2542 1543 2568 habita
1560 2542 1664 2568 ratione
1676 2541 1758 2575 ltujus
1771 2549 1846 2569 com-

1056 2578 1150 2606 menti,
1163 2576 1264 2612 Chrtsti
1279 2577 1405 2611 gratiam,
1430 2585 1556 2612 magnum
1572 2576 1635 2603 illttd
1651 2577 1697 2612 Dei
1713 2577 1847 2605 incantati

1054 2617 1083 2638 et
1106 2611 1229 2637 ct'ttcilixi
1251 2619 1349 2638 munus
1370 2612 1409 2638 sic
1423 2612 1543 2646 exponit,
1570 2612 1609 2638 sic
1626 2611 1758 2645 defendit,
1772 2617 1801 2638 ut
1813 2613 1846 2639 ab

1053 2654 1086 2673 eo
1098 2647 1153 2683 fieri
1171 2654 1220 2683 par
1228 2650 1286 2674 erat
1300 2646 1347 2683 qui
1360 2646 1386 2673 iu
1407 2647 1457 2674 hoc
1471 2647 1668 2683 incarnationis
1679 2648 1811 2683 mysterio
1820 2653 1847 2674 et

1055 2682 1221 2713 meditando,
1237 2686 1264 2708 et
1275 2682 1454 2715 praedicando,
1472 2687 1498 2710 et
1512 2687 1603 2709 contra
1620 2681 1740 2714 Judteos,
1754 2683 1845 2710 ethni-

1057 2722 1149 2748 cos,ct
1165 2717 1306 2744 btet-elicos
1316 2717 1485 2752 defendendo
1500 2717 1581 2744 vitam
1595 2718 1777 2752 consumpsit.

1092 2753 1118 2778 l.
1135 2751 1325 2787 ltarexplorata
1346 2757 1404 2787 erat
1420 2751 1529 2787 Origeni
1556 2753 1672 2779 humana
1702 2751 1844 2781 imbecilli-

1058 2791 1110 2827 tas,
1127 2792 1155 2813 ut
1168 2786 1215 2813 lib.
1236 2786 1500 2827 ιιιρῳιιηιριιιειιιιι,
1524 2795 1599 2814 num.
1615 2787 1661 2827 η,
1679 2787 1729 2815 Dei
1751 2791 1843 2827 cogni.

1056 2822 1155 2849 tionem
1177 2822 1429 2857 assequiﬂltomines
1455 2830 1506 2849 non
1534 2830 1614 2857 posse
1637 2824 1768 2851 decernat
1788 2822 1843 2857 sine

1054 2858 1146 2884 divino
1160 2855 1271 2885 auxilio.
1288 2855 1354 2884 Hinc
1378 2865 1428 2885 hcc
1450 2855 1567 2892 Platoni,
1583 2858 1617 2886 ad
1639 2866 1719 2894 quem
1743 2855 1841 2894 proic-
