1912 3079
107 106 163 137 915
500 109 790 138 ΟΠΙΟΕΝΙΑΝΟΚΠΜ
812 110 877 138 LIB.
898 109 930 141 ll,

104 174 220 196 suorum
234 175 388 196 mensuram
399 169 489 197 varios
504 170 647 204 variusque
662 177 676 197 a
692 170 746 197 Deo
764 170 898 205 recepisse
914 174 933 201 Α

102 216 202 250 gratia:
218 217 311 243 modos
327 225 335 248 ;
355 217 470 251 hincque
482 224 589 244 onmem
602 217 739 244 exstitisse
755 217 898 244 diversitao

105 267 173 295 tem,
188 270 249 297 qua:
265 263 398 295 homines.
415 269 443 290 ιιι
458 263 572 298 apostoli
588 272 661 291 tuorc
675 264 786 299 loquar,
799 264 899 291 discer-

104 307 159 339 nit,
189 312 335 342 antequam
364 308 426 336 boni
450 308 596 343 quidquam
627 308 668 335 vel
699 308 760 336 ntali
782 309 896 343 egerint.

105 353 243 381 Doctrina:
261 354 341 388 huius
369 355 532 382 assertiones
549 359 576 382 et
603 359 764 388 argumenta
791 359 899 382 exstant

103 398 156 425 lib.
173 400 262 433 ιΠερὶ
281 399 392 434 ἀρχῶν,
405 408 464 434 cap.
482 400 508 431 ’1,
523 408 598 427 num.
615 400 643 428 ἀγ
669 406 693 426 ct
712 400 758 427 lib.
773 408 814 432 ιιι,
831 407 854 427 ι·-
871 401 897 431 Ii

103 451 183 472 nutu.
200 445 245 476 ‘20,
261 445 309 476 Ἣ,
327 445 362 472 92
396 444 540 480 (ΡΙιιΙοεαι.
565 453 624 480 sap.
656 444 714 479 Ωιι).
743 445 807 472 ltent
837 444 898 472 libri

102 491 227 523 ejusdem
243 491 316 518 tertii
341 499 401 525 cap.
418 491 446 524 3,
463 499 536 518 nunt.
560 491 586 524 5,
603 497 630 519 et
655 491 701 519 lib.
721 499 756 518 ιιι
769 492 797 518 in
813 490 897 524 Epist.

101 537 142 562 ad
167 536 255 568 Rom.,
274 545 348 564 num.
375 537 419 569 15,
435 537 481 569 16,
497 537 541 568 l7,
563 542 590 564 et
617 538 665 565 lib.
680 545 719 568 Ix,
744 537 896 568 num.2,5.

101 582 173 616 Qua:
185 583 313 618 quoniam
329 582 387 610 fuse
396 583 452 618 iant
468 592 549 618 supra
567 583 743 618 exposuimus
758 587 855 617 quaest.
869 582 897 615 ϐ,

101 630 206 656 iterum
235 628 337 656 referre
363 629 428 656 nihil
445 631 553 657 attinet.
566 629 670 657 Nettnm
683 629 764 656 modo
782 629 896 656 secundi

99 673 168 700 libri
183 673 222 700 De
234 674 370 708 principiis
388 680 469 708 caput
483 674 567 710 relegi
585 674 675 706 velim,
690 675 716 701 in
746 674 816 709 quod
843 674 898 701 dis-

99 725 202 753 persas
218 719 280 746 alibi
291 719 423 746 doctrina:
438 719 518 754 huius
542 719 690 754 particttlas
712 719 792 754 plena
816 725 897 746 manu

97 767 245 801 congessit
265 774 271 792 :
287 773 349 793 nant
370 771 513 800 postquam
530 767 652 793 diversas
667 765 728 793 illas
740 769 852 792 naturas
864 764 898 792 ab

99 811 240 840 haereticis
268 819 349 847 supra
379 812 527 840 nominatis
564 812 694 840 confictas
718 811 897 845 collectasque

96 866 199 886 eorum
227 860 345 887 rationes
371 860 542 892 confutavit,
575 865 630 887 tum
659 860 754 894 dogma
776 859 895 893 explicat

96 913 193 937 suum,
207 906 450 941 diversitatcmque
466 906 619 933 animarum
637 905 741 932 rati0tte
768 904 894 940 praedita-

95 958 163 978 rum
177 958 210 978 ex
242 951 347 978 arbitrii
376 951 501 979 libertate
517 951 652 986 proliclsci
677 951 768 983 docet,
782 957 814 977 ex
841 957 893 984 qua

95 997 258 1024 diversitate
273 998 371 1024 eximia
385 998 430 1024 illa
446 999 529 1025 totius
547 997 640 1024 tuttndi
662 997 838 1025 consouantia
855 996 894 1023 di-

97 1043 190 1069 versis
205 1048 332 1071 ronstans
349 1044 471 1078 partibus
485 1049 580 1071 exorta
597 1044 643 1071 sit.
672 1043 739 1070 llittc
756 1043 914 1076 iniustitiae.

95 1091 166 1113 nota
185 1087 325 1115 absolvere
348 1088 430 1115 Deum
452 1093 539 1123 putat,
553 1088 690 1116 inhaesuro
704 1088 824 1122 alioquin
845 1088 892 1119 illi,

95 1133 122 1160 si
139 1140 194 1159 non
213 1141 261 1167 pro
287 1134 393 1161 meritis
413 1142 650 1168 unumquemque.
666 1133 712 1160 sed
741 1141 790 1168 pro
815 1133 892 1160 libittt

95 1183 152 1204 suo
164 1184 278 1205 exornet
292 1187 298 1209 ;
313 1187 373 1213 qua!
385 1180 530 1206 continuat
544 1180 642 1207 deinde
660 1180 788 1214 exemplo
800 1178 892 1206 Jacobi

94 1227 128 1249 et.
141 1222 225 1255 Esau,
245 1223 351 1258 aliaque
366 1224 393 1252 in
407 1232 467 1251 eain
485 1225 647 1252 sententiam
667 1225 778 1259 colligit.

135 1268 288 1296 Adversum
316 1271 373 1298 Iure
406 1278 513 1305 aspere,
530 1278 626 1306 proco
652 1278 683 1297 ac
712 1271 816 1303 debttil,
832 1278 893 1297 sese

96 1315 250 1342 commovit
263 1315 410 1344 Jausenius
426 1321 492 1344 totn.
510 1316 530 1349 Ι,
554 1317 598 1343 lib.
613 1325 649 1349 vt,
665 1324 725 1352 cap.
740 1317 783 1348 15.
809 1322 837 1343 et
863 1321 894 1344 ut

99 1360 203 1388 tlivinte
219 1361 313 1396 gratia:
326 1362 433 1397 penitus
452 1362 586 1390 Contraria
600 1363 697 1390 merito
722 1362 825 1396 reiecit.
841 1362 893 1389 Re-

91 1406 163 1441 jet-It
175 1411 203 1434 et
219 1409 303 1435 multo
319 1413 381 1435 ante
397 1409 426 1436 S.
443 1409 561 1436 Thomas
573 1409 618 1436 lib.
641 1417 659 1436 ιι
677 1409 776 1437 Contra
788 1409 890 1442 gentil..

94 1461 161 1488 mp.
176 1453 222 1481 Η.
241 1453 398 1490 Pamphilus
411 1459 500 1482 tamen
516 1456 541 1483 in
564 1455 693 1490 Apologia
708 1463 755 1490 pro
768 1455 891 1489 Origene,

95 1498 127 1524 in
140 1499 235 1526 eadem
248 1498 308 1527 fere
319 1507 401 1528 causa
416 1505 456 1528 est
469 1508 522 1535 qua
540 1500 680 1536 Origenes.
697 1501 720 1528 si
737 1507 785 1528 nos
801 1500 891 1527 Itutini
906 1520 926 1549 C

97 1544 342 1580 iuterpretameuta
366 1554 420 1574 non
444 1547 557 1579 fallunt;
576 1555 636 1574 nunt
656 1551 684 1574 ut
701 1546 891 1581 Origcnianam

93 1589 227 1618 defendat
244 1593 396 1620 animarum
412 1593 595 1630 προῢπαρξιν,
612 1592 730 1628 reliquas
744 1593 778 1620 de
796 1593 893 1620 animae

92 1637 207 1672 origine
227 1639 370 1672 opiniones
384 1639 562 1667 ahsurditatis
592 1638 763 1671 iusimulans,
779 1643 808 1666 et
833 1645 891 1666 eam

93 1690 208 1718 quoque
231 1684 432 1719 carpit,quam
462 1692 533 1712 nunc
567 1684 687 1711 Ecclesia
719 1689 892 1719 propugnat,

95 1737 215 1764 qumque
230 1729 354 1758 formatis
366 1731 392 1758 in
406 1736 483 1758 utero
498 1731 662 1766 corporibus
675 1731 782 1757 animas
798 1737 893 1757 recens

93 1781 205 1804 creatas
219 1776 300 1805 inseri
328 1777 450 1805 decernit
471 1786 478 1806 :
497 1777 525 1805 id
549 1778 571 1805 si
596 1777 643 1811 sit,
669 1776 797 1810 iniustum
829 1776 889 1804 fore

96 1821 185 1849 Deum
211 1823 250 1850 ait
281 1822 449 1857 Pamphilus,
472 1822 518 1858 qui
542 1823 639 1850 nullius
663 1823 750 1857 culpat
771 1822 893 1849 insontes

95 1867 206 1895 animas
221 1867 264 1896 vel
275 1868 356 1897 caecis
371 1868 412 1896 vel
426 1868 561 1896 debilibus
575 1869 736 1904 corporibus
756 1868 892 1900 ittfuudal,

97 1913 144 1940 vel
164 1915 233 1948 apud
249 1915 381 1942 barbaras
395 1919 490 1949 gentes
504 1915 587 1942 vitam
602 1915 702 1942 ducere
724 1915 827 1950 iubeat.
848 1915 894 1942 Vi-

97 1959 149 1987 des
174 1959 368 1988 labefactatum
390 1969 423 1989 ac
454 1966 621 1996 peremptum
653 1962 748 1996 gratia:
775 1962 894 1989 caelestis

98 2004 245 2032 auxilium.

135 2049 205 2078 XIII.
218 2051 253 2078 At
263 2059 316 2078 non
334 2059 383 2086 pro
395 2051 428 2079 iis
444 2052 587 2086 duntaxat,
599 2060 659 2086 qute
679 2058 752 2080 recte
766 2054 808 2080 vol
823 2054 893 2082 male

93 2100 213 2130 egerunt
243 2097 368 2130 animae,
402 2098 559 2133 priusquam
597 2099 758 2131 corporibus
792 2100 892 2128 nostris

94 2141 285 2175 iiIabcrentur,
313 2143 420 2171 diverSa
448 2151 495 2172 eos
522 2151 537 2171 a
563 2144 617 2172 Deo
644 2144 738 2179 gratia:
760 2146 890 2180 consequi

94 2187 226 2222 opinatus
251 2194 294 2216 est
320 2189 465 2225 Origenes,
489 2190 536 2217 sed
569 2195 649 2224 prout
675 2191 757 2218 etiant
782 2198 842 2219 sese
863 2193 889 2218 itt
907 2205 928 2232 Β

95 2234 151 2260 hac
168 2234 220 2261 vita
238 2236 384 2270 gesserint,
410 2237 486 2263 ttovis
503 2236 596 2270 gratia:
611 2236 784 2264 incrementis
798 2245 891 2264 cuntu-

95 2277 152 2306 lari
174 2280 296 2313 censuit;
316 2280 384 2308 adeo
412 2285 442 2308 ut
462 2280 592 2315 quidquid
606 2281 684 2308 nobis
695 2281 789 2316 gratia:
805 2282 887 2317 largi-

95 2328 145 2351 :ur
173 2324 253 2357 Deus,
267 2326 292 2351 id
314 2325 400 2353 libero
429 2331 529 2352 uestra:
544 2326 690 2354 voluntatis
710 2327 824 2353 arbitrio
840 2334 887 2354 ac-

94 2374 207 2404 ceptum
238 2371 410 2399 referendutn
436 2372 483 2404 sit,
502 2379 550 2407 per
579 2371 651 2407 quod
681 2372 778 2400 talibus
808 2372 889 2400 donis

94 2415 173 2450 digni
197 2416 286 2444 cﬂccti
311 2424 422 2449 smnus:
455 2417 522 2444 nihil
547 2422 638 2445 autem
655 2417 706 2445 soli
723 2421 750 2444 et
764 2417 888 2445 absoluto

131 2481 158 2501 ⁷³
168 2484 247 2513 Joau.
267 2492 292 2520 v,
306 2482 350 2513 I7.
387 2485 411 2501 ⁷³
431 2484 482 2513 lsa.
502 2493 570 2521 uti,
590 2486 634 2513 Il.

93 2558 134 2585 sit
148 2555 230 2585 etiam
242 2556 396 2592 perfectus,
408 2557 431 2586 si
444 2557 472 2586 in
487 2557 558 2586 bono
570 2557 657 2585 elatus
672 2557 762 2589 fuerit,
775 2557 888 2592 eiusque

93 2564 134 2585 stt
148 2564 230 2585 etlam
242 2564 396 2619 perlectus,
408 2565 431 2586 st
444 2564 472 2586 tu
487 2564 558 2586 bono
570 2564 657 2585 elatus
672 2564 762 2589 tuerit,
775 2565 886 2592 eiusque

93 2599 210 2629 causam
221 2593 243 2619 si
263 2591 273 2629 ξ
290 2597 413 2629 arroget.
430 2600 479 2629 nec
492 2594 617 2629 debitam
635 2593 748 2629 gloriam
764 2594 789 2621 ei
816 2593 886 2620 refe-

96 2633 142 2663 rat
153 2627 199 2662 qui
216 2622 300 2663 multo
313 2622 375 2663 plus
387 2622 420 2655 ad
435 2627 500 2655 illud
514 2622 708 2663 acquiretiitttttt
721 2632 749 2655 et
769 2628 888 2656 rctinetu

94 2662 163 2690 dunt
177 2662 303 2689 contulit.
325 2672 335 2689 ι
355 2662 430 2690 Hauc
447 2662 572 2690 humana:
596 2668 698 2690 natura:
715 2663 886 2691 imbecillita-

96 2703 152 2725 tem
166 2697 205 2724 sic
217 2697 355 2733 interdum
369 2698 497 2733 praedicat
507 2698 652 2733 Origenes,
670 2703 698 2726 ut
727 2699 830 2726 sentire
848 2699 888 2726 vi-

96 2740 146 2760 sus
158 2732 196 2759 sit
219 2732 315 2769 iluetio
329 2734 473 2769 praeceptis
499 2732 599 2769 divinis
620 2741 723 2761 morem
750 2734 808 2769 geri
834 2741 887 2761 non

96 2774 189 2803 pussc.
216 2768 281 2800 Quzc
307 2768 416 2803 quidem
443 2768 582 2795 aecusatio
607 2776 689 2802 quam
709 2768 826 2796 absurda
851 2770 888 2797 sit

96 2803 258 2831 existimare
272 2803 333 2830 licet
345 2804 386 2830 vel
400 2810 432 2830 ex
451 2803 502 2830 hoc
522 2803 648 2837 Origenis
661 2803 792 2837 prmclarc
816 2804 889 2831 dicto

97 2845 153 2872 quo
170 2837 283 2867 Iluctius
296 2838 331 2866 ad
341 2846 401 2867 eam
418 2839 577 2866 firmandam
592 2839 684 2866 utitur.
700 2848 708 2865 ι
723 2838 778 2867 Nos
795 2847 886 2873 vero”

213 2919 219 2934 Α

950 110 1026 138 CAP.
1048 110 1080 143 ll,
1099 110 1237 144 QUIES'I‘.
1261 108 1313 136 Vll.
1681 112 1735 141 956

952 171 998 198 Dei
1013 179 1062 198 con
1069 171 1130 198 silio
1145 171 1329 206 relinquatur;
1346 175 1428 206 atque
1442 172 1478 200 ita
1492 172 1578 205 nobis,
1596 177 1626 200 ut
1642 173 1678 200 ita
1692 174 1734 199 di-

951 223 1022 251 cam,
1035 217 1181 244 obnoxiam
1195 218 1241 244 Dei
1254 217 1369 252 gratiam
1386 216 1477 245 eiiicit.
1497 219 1589 253 Itaque
1602 219 1678 246 liberi
1690 226 1736 245 ar-

950 262 1022 289 bitrii
1041 263 1111 290 vires
1143 264 1220 297 quasi
1251 264 1324 291 nullo
1335 268 1444 298 egentes
1458 264 1551 299 gratiae
1573 265 1736 292 adminiculo

951 308 986 336 ita
999 309 1166 344 dcprmdirat
1179 311 1250 337 hom.
1270 310 1286 337 9
1300 311 1327 337 in
1346 310 1438 343 Leuit”
1464 319 1537 338 ttttm.
1551 311 1579 338 II
1601 320 1609 338 :
1641 320 1652 337 ι
1674 312 1736 339 Sive

948 362 1014 390 ergo
1040 355 1173 391 spiritalis
1204 355 1316 383 effectus
1331 364 1401 384 unus
1415 363 1475 384 cum
1503 357 1616 384 Domino
1626 357 1736 392 spiritus

949 401 1012 432 fiat:
1031 402 1088 429 sire
1103 409 1150 436 per
1169 403 1376 430 resurrectionis
1393 403 1504 438 glorim
1536 404 1561 430 in
1579 403 1734 438 angelorum

949 447 1072 474 ordinem
1098 452 1228 479 transeat,
1257 453 1329 475 recte
1348 449 1403 483 iam
1424 457 1475 476 non
1497 450 1548 477 erit
1564 451 1643 477 homo
1661 459 1669 478 :
1687 451 1735 478 sed

949 492 1133 527 unusquisque
1148 494 1204 527 ipse
1214 494 1264 520 sibi
1283 494 1333 521 hoc
1347 500 1473 529 praestat.
1496 500 1526 522 ut
1553 497 1592 522 vel
1623 497 1736 523 excedat

949 536 1072 564 hominis
1084 538 1303 572 appellationem,
1316 540 1357 566 vel
1375 540 1446 566 intra
1459 540 1641 567 conditionem
1656 541 1735 574 huius

951 583 1076 609 vocabuli
1092 589 1254 617 censeatur;
1273 594 1282 611 ι
1300 590 1327 611 et
1354 585 1447 612 hotnil.
1466 586 1476 612 Ι
1496 585 1522 612 in
1540 585 1647 617 Exodo,
1664 594 1688 612 ll.
1706 587 1733 617 5,

950 636 1013 664 pag.
1030 629 1082 656 557
1098 639 1104 656 :
1124 638 1134 655 ι
1151 630 1190 656 Τιι
1206 637 1281 662 vero,
1295 631 1384 662 homo,
1401 636 1486 665 quare
1497 638 1548 657 tton
1566 631 1607 657 vis
1623 631 1735 659 arbitrio

950 678 977 701 te
991 679 1036 702 tuo
1061 675 1220 702 derelictum
1233 676 1245 702 Y
1257 675 1347 708 Quare
1370 684 1442 711 a-gre
1457 676 1511 703 fers
1525 677 1584 708 nili,
1603 677 1734 709 laborare,
1771 703 1774 706 ι

948 721 1128 752 contendere,
1140 726 1165 748 ct
1179 728 1228 756 per
1237 721 1306 749 bona
1324 726 1405 756 opera
1422 727 1448 749 te
1458 722 1544 757 Ipsum
1559 729 1667 749 causam
1683 727 1736 750 tum

951 767 1010 794 ﬁeri
1028 767 1144 794 salutis?
1166 768 1208 794 An
1233 769 1319 803 magis
1340 772 1366 795 te
1386 767 1529 796 delectabit
1546 768 1734 800 dormientem.

949 816 977 839 et
991 812 1018 838 in
1036 811 1092 838 otio
1108 813 1282 839 constitutum
1310 817 1409 840 aitcrna
1431 813 1610 847 prosperitate
1630 813 1736 848 requie.

947 858 1048 885 scere?
1064 857 1145 885 Pater
1161 865 1246 890 meus,
1268 859 1355 893 inquit
1367 859 1493 886 Dominus
1505 858 1584 886 Jcsus
1599 859 1735 892 Christus,

947 910 1031 938 usque
1056 904 1135 931 modo
1161 909 1299 938 operatur,
1323 910 1350 932 et
1368 913 1418 940 ego
1440 913 1537 940 operor
1560 906 1604 929 "r
1631 911 1659 933 et
1687 907 1734 934 tibi

946 949 1070 983 displicet
1079 951 1199 985 operari,
1214 951 1259 985 qui
1274 951 1306 977 ad
1332 959 1414 985 opera
1431 957 1511 979 natus
1536 952 1588 980 es?
1614 952 1678 979 Non.
1694 953 1735 980 vis

945 1002 1014 1030 opus
1034 999 1110 1023 tuuttt
1128 995 1187 1023 ﬁeri
1200 996 1333 1031 iustitiam
1344 1016 1352 1028 ,
1368 997 1539 1032 sapientiam,
1554 998 1707 1025 castitatem
1722 999 1735 1024 ἲ

949 1041 1007 1068 Non
1029 1042 1070 1068 vis
1081 1049 1151 1076 opus
1167 1046 1240 1069 luunt
1258 1049 1318 1070 esse
1332 1042 1530 1075 fortitudinem,
1548 1043 1668 1077 aliasque
1683 1044 1736 1070 vir-

947 1087 1038 1114 tutes?
1057 1097 1065 1112 I
1086 1086 1225 1114 Manifesta
1243 1094 1351 1122 quoque
1372 1086 1416 1114 illa
1431 1093 1494 1114 sunt
1508 1087 1554 1115 lib.
1569 1096 1576 1114 I
1591 1088 1659 1121 Περὶ
1682 1087 1735 1122 ἀρ-

945 1132 1018 1167 χῶν,
1032 1140 1092 1167 cap.
1107 1133 1135 1166 5,
1152 1140 1228 1160 num.
1241 1133 1270 1166 5,
1283 1140 1345 1168 pag.
1357 1132 1391 1160 68
1409 1141 1416 1159 :
1441 1142 1451 1159 ι
1482 1133 1532 1161 Per
1557 1133 1608 1160 hoc
1636 1141 1733 1161 conse-

945 1186 1030 1212 quens
1039 1184 1081 1207 est
1092 1179 1119 1206 iu
1134 1180 1211 1207 ttobis
1221 1187 1293 1210 esse,
1311 1179 1431 1214 atquein
1450 1179 1550 1207 nostris
1562 1179 1691 1210 motibus.
1704 1184 1735 1206 ut

945 1224 987 1251 vel
1002 1225 1073 1253 beati
1087 1230 1115 1253 et
1129 1225 1217 1252 sancti
1235 1226 1332 1257 simus,
1347 1225 1388 1253 vel
1401 1233 1449 1260 per
1469 1225 1600 1253 desidiam
1622 1232 1655 1253 ac
1684 1232 1733 1253 ne-

944 1269 1102 1305 gligentiam
1118 1278 1132 1297 a
1146 1270 1313 1298 beatitudine
1329 1271 1354 1298 ιιι
1368 1272 1498 1298 malitiam
1510 1276 1537 1298 et
1555 1271 1734 1304 perditionem

945 1323 1102 1351 vergantus;
1120 1325 1129 1342 ι
1155 1320 1237 1350 atque
1257 1315 1348 1343 itidem
1377 1317 1428 1344 ista
1450 1315 1543 1343 hotnil.
1559 1316 1595 1343 55
1611 1316 1638 1342 in
1654 1315 1732 1348 Lua,

944 1370 1004 1398 pag.
1020 1362 1072 1390 974
1091 1369 1098 1386 τ
1128 1373 1137 1388 ι
1152 1363 1189 1390 Da
1206 1370 1272 1397 ergo
1287 1369 1396 1397 operam
1411 1367 1440 1389 ut
1453 1362 1575 1389 libereris
1586 1370 1601 1389 a
1614 1362 1734 1396 principe

943 1409 977 1434 ad
996 1415 1075 1442 quem
1087 1413 1114 1435 te
1127 1407 1211 1435 trahit
1235 1407 1414 1435 adversarius.
1439 1407 1476 1434 Da
1498 1414 1609 1441 operam
1626 1411 1654 1433 ut
1679 1407 1734 1433 lia-

943 1457 1008 1484 beas
1039 1456 1222 1491 sapientiam,
1254 1455 1388 1491 justitiam
1405 1475 1413 1487 ,
1443 1455 1627 1482 fortitudinem
1654 1459 1734 1490 atque

945 1504 1172 1538 temperantiam:
1187 1507 1214 1531 et
1235 1508 1299 1531 tunc
1315 1502 1497 1537 complcbitur
1513 1511 1520 1529 :
1541 1501 1611 1529 Ecce
1642 1502 1733 1534 homo,

944 1556 1025 1583 opera
1041 1548 1100 1583 eius
1112 1551 1176 1575 ante
1197 1548 1292 1575 faciem
1318 1547 1446 1579 suam";
1462 1556 1472 1573 ι
1505 1551 1531 1574 ct
1552 1547 1603 1574 hoc
1627 1552 1734 1581 quoque

944 1593 991 1622 lib.
1011 1601 1048 1622 vu
1074 1594 1103 1622 in
1131 1593 1216 1627 Epist.
1233 1594 1267 1620 ad
1292 1593 1380 1625 Rom,
1408 1592 1546 1624 num.16,
1581 1591 1732 1626 pag.(il5:

946 1649 956 1666 ι
975 1640 1010 1668 Ut
1033 1641 1094 1668 boni
1111 1641 1183 1668 enim
1200 1645 1246 1666 aut
1258 1639 1320 1666 mali
1350 1639 1447 1671 simus,
1465 1643 1564 1666 nostri:
1588 1638 1735 1665 voluntatis

942 1692 1003 1714 ait:
1029 1686 1114 1713 malus
1127 1690 1217 1712 autetu
1240 1685 1274 1712 ad
1288 1684 1441 1718 cuiusmodi
1462 1684 1590 1716 verbera,
1605 1689 1632 1710 et
1647 1683 1735 1710 bonus

943 1733 976 1760 ad
990 1732 1141 1767 cuiusmodi
1167 1732 1281 1768 gloriam
1312 1731 1485 1764 destinetur,
1512 1730 1661 1757 voluntatis
1691 1733 1734 1758 est

944 1779 1002 1806 Dei.
1022 1789 1032 1805 I
1062 1778 1152 1806 Pleuis
1179 1785 1243 1805 vero
1269 1778 1362 1805 buccis
1387 1778 1480 1804 eadem
1502 1776 1546 1803 illa
1570 1776 1733 1809 debiatcrat,

943 1831 1002 1858 cap.
1016 1825 1041 1857 I,
1059 1824 1119 1851 libri
1137 1832 1166 1851 ιιι
1185 1823 1256 1858 Περὶ
1272 1822 1385 1858 ἀρχῶν,
1399 1830 1454 1857 quo
1464 1823 1554 1857 capite
1579 1822 1732 1849 libertatem

943 1869 1048 1897 arbitrii
1059 1870 1235 1897 asserendam
1249 1873 1277 1896 et
1297 1868 1522 1903 propugnandam
1540 1867 1678 1902 suscepit:
1695 1865 1732 1894 ibi

943 1916 1041 1951 quippe
1057 1915 1252 1943 tentationibus
1266 1915 1376 1949 obsequi
1386 1934 1394 1944 ,
1407 1914 1447 1940 vel
1467 1914 1618 1947 obsistere,
1634 1914 1661 1940 in
1684 1920 1734 1940 no-

943 1965 999 1994 stra
1015 1961 1135 1995 positunt
1152 1967 1214 1988 esse
1226 1965 1362 1995 potestate
1380 1960 1458 1993 dicit,
1478 1966 1529 1986 nec
1546 1959 1732 1986 necessarium

942 2006 976 2033 ad
990 2006 1016 2033 id
1028 2006 1122 2040 gratiae
1138 2005 1290 2032 subsidium
1306 2004 1429 2040 agnoscit
1447 2012 1455 2035 ;
1476 2004 1523 2030 sed
1541 2003 1658 2038 quadam
1674 2008 1734 2030 tan-

944 2058 999 2081 tum
1032 2051 1203 2082 eruditione,
1234 2060 1294 2085 qua:
1331 2051 1451 2078 salubria
1492 2050 1570 2077 ttohis
1608 2050 1731 2084 exempla

942 2104 970 2126 et
997 2097 1143 2125 sanctioris
1180 2097 1314 2124 doctrinae
1347 2100 1482 2132 praecepta
1522 2102 1572 2130 pro
1611 2099 1734 2130 tempore

942 2148 1078 2178 suggerat.

979 2188 1048 2216 XIV.
1061 2188 1138 2222 Quod
1160 2189 1182 2215 si
1200 2188 1292 2222 gratiae
1305 2195 1355 2215 nos
1371 2194 1451 2222 egere
1471 2186 1581 2213 auxiliis
1605 2190 1734 2221 agnoscat

943 2234 1103 2269 aliquando,
1116 2233 1230 2268 gratiam
1245 2233 1333 2260 solum
1350 2232 1498 2260 voluntatis
1517 2236 1616 2258 nostris
1629 2231 1734 2266 pedise-

943 2288 1035 2316 quam,
1051 2280 1085 2307 ad
1098 2280 1210 2315 eiusque
1227 2285 1329 2306 mutum
1344 2279 1534 2313 compositam,
1547 2282 1572 2304 et
1585 2285 1634 2313 pro
1650 2277 1734 2305 meri-

944 2327 978 2353 tis
990 2335 1005 2353 a
1022 2326 1077 2354 Deo
1105 2327 1131 2353 iu
1156 2326 1283 2354 homines
1308 2331 1446 2360 erogatatn
1460 2335 1469 2359 ',
1484 2333 1536 2352 non
1557 2325 1733 2357 excitantetu,

944 2381 996 2399 nou
1014 2373 1098 2408 gratis
1113 2373 1206 2400 datam
1222 2372 1352 2399 admittit.
1368 2372 1444 2400 Velut
1465 2373 1490 2398 itt
1506 2380 1566 2407 cap.
1577 2371 1605 2404 9,
1618 2370 1732 2402 ttuth,

943 2418 990 2444 lib.
1010 2426 1028 2445 tt
1050 2418 1120 2452 Περὶ
1151 2417 1263 2452 ἀρχῶν,
1279 2418 1316 2445 ait
1346 2427 1356 2443 ‹
1380 2418 1547 2446 voluntarios
1573 2423 1601 2445 et
1632 2416 1733 2444 liberos

940 2555 1083 2592 inqttitlib,
1099 2563 1116 2583 tl
1132 2556 1161 2592 in
1186 2556 1271 2590 Epist.
1288 2557 1323 2583 ad
1336 2555 1424 2588 Rom.,
1440 2564 1514 2584 num.
1527 2556 1555 2586 6,
1574 2564 1584 2582 ι
1602 2555 1654 2592 qui
1674 2554 1733 2592 btet:

939 2590 1030 2621 omnia
1042 2590 1200 2626 spiritaliter
1209 2592 1389 2627 intelligenda
1400 2599 1461 2627 esse
1476 2591 1618 2627 sentimus,
1630 2590 1732 2618 idcirco

941 2635 993 2655 non
1007 2627 1157 2658 auditores,
1168 2626 1215 2653 sed
1233 2626 1351 2654 factores
1369 2626 1437 2661 legis
1452 2626 1640 2660 iutililicandos
1668 2633 1729 2653 cre-

940 2664 1038 2692 dimus,
1060 2670 1111 2689 ttott
1143 2661 1209 2696 legis
1229 2663 1376 2688 secundum
1401 2662 1531 2694 litteram,
1557 2668 1618 2696 qtae
1638 2661 1731 2695 utique

940 2706 989 2733 pro
1001 2698 1042 2724 sui
1059 2696 1277 2733 impossibilitate
1294 2704 1347 2724 non
1361 2703 1451 2732 potest
1470 2698 1569 2733 habere
1583 2696 1728 2733 factorem,

940 2731 987 2759 Sed
1001 2734 1148 2760 secundum
1167 2732 1303 2767 spiritum,
1325 2740 1373 2766 per
1387 2741 1468 2767 quem
1491 2732 1578 2760 solum
1607 2731 1651 2767 lex
1679 2732 1730 2757 im-

941 2768 1008 2802 pleri
1026 2767 1135 2802 potet-it.
1153 2777 1163 2792 ι
1183 2766 1247 2794 Vide
1269 2775 1351 2802 supra
1378 2766 1457 2803 huius
1472 2772 1573 2796 nostra:
1601 2766 1731 2795 observa-

944 2804 1027 2831 tionis
1046 2811 1190 2830 numerum
1204 2807 1339 2838 quartum.
