1912 3079
188 112 240 140 947

828 114 855 144 Ρ.
878 115 1033 145 DANlELlS
1050 117 1167 145 llliETll

1770 119 1824 149 θέε

189 175 281 199 motus
293 178 307 197 a
324 178 353 198 se
366 171 483 199 conditis
496 172 633 199 mentibus
645 172 804 201 Creatorem
821 172 974 206 indulsisse,
992 180 1015 207 Α
1030 176 1055 203 in
1076 178 1308 204 consummatione
1338 183 1471 205 servatam
1490 187 1496 205 ε
1525 187 1535 204 α
1557 178 1680 212 Scilicet,
1704 186 1714 204 I
1735 179 1824 213 inquit

189 224 246 251 quo
258 216 366 244 scilicet
380 217 480 244 bonum
503 216 531 243 in
544 217 586 244 eis
602 219 742 253 proprium
763 219 852 251 fieret,
866 228 927 248 cum
951 222 976 248 id

190 262 328 290 voluntate
356 262 461 296 propria
482 267 656 296 servaretur;
683 273 692 289 ι
722 269 750 292 et
775 266 865 300 capite
889 267 978 301 priore

189 309 236 337 lib.
255 318 285 338 Ill
307 309 449 338 Paulinutn
481 310 545 336 illttd
573 318 713 346 exponens
741 322 747 339 :
775 322 785 338 ι
808 313 877 348 Ergo
902 314 978 349 cujus

190 356 247 382 vult
258 356 413 388 miseretur,
430 360 458 383 et
474 363 554 390 quem
574 357 629 384 vult
655 358 762 385 indurat
773 359 808 391 ",
828 368 838 384 ι
866 360 978 388 minime

189 401 216 428 id
229 401 338 436 quidem
363 402 417 429 Deo
434 403 602 436 propositum
629 411 689 431 esse
715 404 805 435 docet,
836 410 865 432 ut
883 413 977 440 quem-

187 454 269 481 quam
286 447 405 480 induret,
420 448 467 475 sed
482 456 532 482 per
547 448 647 476 bonum
666 450 833 484 propositum
850 451 977 479 indttrare

186 499 248 519 eum
264 492 315 519 dici
338 493 384 526 qui
401 493 557 526 induratur,
571 494 633 529 qttla
650 502 683 522 ex
701 495 752 522 hoc
769 496 853 530 ipsius
879 505 976 532 propo-

186 537 240 565 sito
253 539 387 572 sequitur,
400 545 428 566 ut
441 547 488 573 per
502 539 676 567 inhaerentem
704 541 754 568 sibi
774 542 904 568 malitiam
931 543 976 570 ille

187 583 355 611 induretur:
375 592 435 618 qua:
459 584 497 611 sic
526 592 575 619 pro
598 593 646 613 sua
669 587 864 614 consuetudine
881 587 977 615 dilata-

186 629 228 656 vit
238 628 353 656 Ruﬁnus
366 637 440 656 num.
456 629 509 657 10:
530 640 539 656 ι
556 630 615 658 Uno
634 631 783 667 eodemque
797 640 879 667 opere
905 633 977 661 Deus

187 674 302 703 alterius
320 676 430 710 quidem
447 676 603 709 miseretur,
615 682 644 705 et
665 679 749 706 alium
775 679 894 712 indurat,
921 685 975 707 non

166 721 169 723 ’
186 727 274 755 agens
291 729 379 756 neque
395 721 489 749 volens
505 726 535 749 ut
560 721 704 750 indttretur
720 723 764 751 ille
793 724 839 758 qui
865 725 977 752 indura-

188 771 235 794 tttr
250 775 256 793 ε
278 767 324 794 sed
335 767 399 794 dum
419 767 462 795 ille
478 767 644 803 benignitate
662 777 710 796 sua
731 774 759 797 et
774 771 903 805 patientia
923 771 977 798 uti--

188 817 242 845 tur,
256 813 298 840 his
309 813 418 848 quidem
437 814 482 847 qui
498 814 557 848 ejus
570 814 765 849 benignitatem
778 820 807 843 et
817 816 974 851 patientiam

1030 230 1105 249 num.
1130 223 1155 256 l,
1173 231 1234 258 pag.
1251 223 1312 253 152.
1339 233 1348 250 ι
1371 229 1401 251 ιιι
1427 224 1483 259 ipse
1498 225 1547 252 sibi
1561 232 1621 252 eam
1646 225 1822 259 proprizcin—

1028 269 1140 296 dustrite
1156 270 1253 296 studiis
1267 277 1299 296 ex
1318 270 1364 297 Dei
1377 270 1528 297 imitatione
1541 270 1741 302 conscisceret,
1756 277 1820 297 enm

1027 314 1206 348 possibilitate
1226 315 1277 342 sibi
1306 315 1483 349 perfectionis
1516 315 1543 342 in
1575 315 1662 343 initiis
1680 315 1747 342 data
1772 324 1822 350 per

1028 360 1153 396 imaginis
1165 361 1334 396 dignitatem,
1355 361 1381 388 in
1408 361 1462 389 line
1489 362 1596 390 demum
1612 365 1679 397 'per
1704 369 1820 396 operum

1027 403 1210 438 expletionetn
1227 404 1375 439 perfectam
1391 405 1443 432 sibi
1457 405 1516 440 ipse
1527 406 1735 433 similitudinem
1753 414 1821 433 con-

1027 455 1186 477 summaret.
1207 459 1216 476 )
1247 450 1329 477 Addit
1348 451 1466 484 deinde,
1502 461 1511 477 ι
1534 452 1740 479 similitudinem
1770 451 1821 479 Dei

1027 494 1200 528 sperandam,
1219 502 1278 528 quae
1302 502 1353 529 pro
1381 495 1540 523 meritonttn
1555 496 1724 531 perfectione
1750 504 1822 531 prc-

1027 539 1152 566 stabltur.
1172 548 1181 565 ι
1198 539 1253 567 Nec
1273 541 1323 567 ista
1337 541 1529 573 tolerabiliora,
1543 549 1603 576 quae
1628 542 1744 576 legimus
1771 543 1821 570 lto-

1027 585 1082 612 mil.
1100 585 1130 612 11
1149 585 1178 612 in
1197 584 1281 613 Num.
1302 595 1377 614 num.
1394 588 1421 619 Δ,
1437 594 1498 621 pag.
1516 587 1568 614 508
1586 596 1594 614 :
1613 597 1623 614 ‹
1639 588 1820 616 Otnniaeniut

1027 631 1097 665 apud
1105 631 1190 658 Dettm
1205 632 1312 660 ratione
1326 639 1352 660 et
1362 633 1463 667 judicio
1475 634 1560 667 iiunt;
1576 642 1626 662 nec
1640 635 1674 661 ad
1688 635 1820 670 gratiam,

1027 676 1073 703 sed
1089 684 1137 711 pro
1154 678 1263 711 merito,
1277 688 1286 704 ι
1302 683 1367 711 etc.,
1381 679 1489 713 penitus
1507 687 1603 715 nempe
1623 680 1718 715 gratiae
1736 673 1821 708 betth

1027 721 1117 749 ﬁcium
1145 722 1202 750 haec
1231 724 1383 757 perimunt;
1414 725 1639 759 quemadmodum
1672 730 1702 753 et
1730 726 1775 752 illa
1805 735 1821 752 e

1027 771 1094 795 tom.
1111 776 1126 795 κ
1144 768 1294 800 ἱιιΜαιιΙιη
1312 778 1386 797 ηυιτι.
1402 771 1444 801 Η,
1465 779 1525 805 pag.
1539 771 1592 798 454
1613 781 1619 798 :
1641 771 1777 799 Ἐνταῦθα
1791 772 1821 798 δὲ

1027 814 1108 849 ἡμεῖς
1124 815 1206 850 ἐσμεν
1222 816 1247 842 oi
1273 817 1355 843 αἴτιοι
1373 816 1420 843 τοῦ
1445 816 1513 843 εἶναι
1527 816 1597 844 καλὰ
1617 819 1664 844 καὶ
1686 818 1751 850 ἄξια
1763 819 1820 845 τῶν

188 859 221 886 ad
236 863 420 893 contemptum
435 865 516 894 atque
535 860 708 889 insolentiam
727 862 839 894 ducunt,
864 862 972 889 indura-

1025 859 1178 895 λεγομένων
1195 860 1280 895 ἁγίων
1294 862 1370 897 γένη,
1392 862 1407 898 ἦ
1435 862 1527 898 σαπρὰ
1555 864 1602 889 καὶ
1622 863 1685 896 ἄξια
1701 863 1750 890 τοῦ
1766 864 1821 897 ἔξω

188 909 232 930 tur
245 911 301 935 cor,
319 905 382 931 dum
397 905 540 932 criminum
553 912 634 940 paena
647 906 773 934 dill'ertur
788 916 795 934 ι
811 908 837 934 hi
852 915 918 934 vero
930 909 974 942 qui

186 949 382 983 benignitatem
412 955 439 977 et
466 951 623 985 patientiam
649 952 707 986 ejus
735 954 768 980 ad
804 955 974 982 occasionem

187 997 357 1030 pwnitentia:
365 1005 421 1023 sua:
435 1003 460 1024 et
476 999 677 1026 emendationis
701 1000 850 1034 accipiunt,
870 1002 976 1028 miseri-

186 1042 307 1069 cordiam
320 1048 535 1078 consequuntur.
552 1053 561 1070 I
586 1043 700 1072 Gemino
721 1045 817 1073 deinde
848 1047 975 1082 exemplo

186 1087 352 1115 lttculentius
364 1089 388 1115 id
409 1089 595 1123 demonstrat;
616 1091 708 1124 priore
723 1092 831 1126 quidem
845 1094 928 1127 petito
942 1101 974 1120 ex

187 1133 270 1160 Hebr.
289 1142 328 1166 vt,
343 1134 370 1167 7,
385 1134 412 1166 8,
430 1135 469 1162 ait
485 1136 559 1163 enim
575 1136 694 1163 divinam
722 1137 839 1172 gratiam
859 1139 973 1166 similem

186 1187 246 1207 esse
266 1180 346 1208 imbri
368 1185 454 1209 terras
487 1182 622 1217 irriganti,
647 1191 762 1218 quarum
796 1185 856 1212 aliae
883 1185 976 1220 spinas

144 1244 146 1246 τ
185 1225 251 1252 dant
273 1231 301 1252 et
317 1226 452 1259 tribulos;
468 1232 587 1262 segetem
608 1228 661 1255 illa:
681 1234 709 1256 et
738 1229 844 1257 fructus
869 1230 968 1263 ferunt;

186 1277 236 1304 pro
262 1271 337 1298 varia
359 1272 464 1299 scilicet
490 1273 608 1306 cultura,
626 1276 751 1308 quamvis
777 1276 897 1310 ejusdem
920 1277 976 1304 sint

187 1319 301 1342 naturae.
317 1315 416 1344 Terras
435 1318 537 1352 itaque,
558 1319 609 1346 hoc
622 1324 664 1346 est
678 1322 796 1354 animas,
818 1322 852 1349 ad
877 1322 974 1350 volun-

187 1361 251 1388 tatis
264 1362 406 1390 arbitrium
422 1364 509 1391 excoli
527 1370 554 1392 et
568 1366 656 1398 parari
674 1371 768 1401 putat;
781 1368 894 1395 imbrem
906 1376 974 1397 vero

185 1408 358 1441 postmodum
377 1416 391 1435 a
418 1410 473 1437 Deo
497 1410 612 1438 infundi.
643 1412 715 1439 ldem
742 1414 974 1450 probatexemplo

185 1452 261 1484 solis,
275 1453 321 1488 qui
341 1461 392 1481 una
406 1455 556 1490 eademqtte
579 1457 639 1484 luce
651 1461 679 1484 et
694 1458 785 1486 calore
811 1459 903 1487 limum
931 1461 973 1487 itt—

185 1500 274 1530 durat,
288 1505 318 1526 et
328 1508 419 1527 ceram
436 1501 575 1536 liquefacit
588 1512 594 1529 :
614 1513 623 1528 t
637 1511 690 1531 non
701 1505 774 1539 quod
790 1506 874 1533 virtus
885 1505 970 1540 ejus,»

183 1544 259 1571 addit
288 1545 402 1574 Rufinus
423 1554 498 1574 num.
526 1549 569 1580 ll,
592 1558 601 1574 ι
620 1549 698 1577 aliter
718 1551 744 1576 in
762 1551 837 1584 limo,
853 1557 881 1579 et
893 1551 973 1580 aliter

184 1598 315 1626 operetur
330 1594 357 1620 in
372 1601 452 1626 cera;
466 1595 513 1622 sed
540 1596 611 1630 quod
642 1596 698 1623 limi
716 1597 783 1629 alia,
798 1597 849 1625 alia
865 1606 972 1634 quoque

183 1646 255 1665 certe
276 1639 312 1666 sit
335 1640 464 1673 qualitas,
479 1649 540 1667 cum
566 1642 660 1676 ntiquc
682 1644 831 1670 secundum
846 1649 970 1672 naturam

184 1693 267 1711 unum
291 1686 338 1719 sit,
358 1687 420 1720 quia
452 1691 597 1722 utrumque
612 1688 646 1715 de
672 1694 744 1715 terra
757 1695 809 1717 est.
828 1700 839 1716 ι
856 1691 973 1726 Exponit

183 1730 281 1758 deimle
293 1732 430 1765 quomodo
442 1732 549 1760 auferat
561 1741 576 1760 a
590 1735 668 1761 nobis
682 1734 754 1762 Deus
767 1743 814 1762 cor
825 1736 970 1771 lapideum,

182 1782 210 1803 et
224 1776 355 1804 immittat
368 1785 498 1805 carneum
514 1788 521 1806 :
538 1787 634 1814 nempe
646 1781 805 1808 subversum
823 1782 855 1809 iri
879 1788 973 1810 censet

182 1822 335 1850 libertatem
356 1824 472 1857 arbitrii,
489 1825 511 1852 si
540 1827 667 1859 potestati
688 1827 788 1854 divinae
812 1829 903 1856 cordis
914 1837 971 1856 mu-

182 1868 314 1895 tationem
325 1869 495 1897 tribuamus:
517 1876 572 1898 tum
588 1873 732 1900 sententiae
748 1881 804 1900 sua:
822 1875 972 1908 explanan-

185 1913 226 1940 da:
241 1921 335 1946 causa,
350 1914 489 1942 indoctum
509 1917 628 1950 aliquem
655 1918 739 1945 sumit
763 1919 789 1945 in
805 1919 969 1954 exemplum,

180 1959 226 1993 qui
245 1961 286 1986 vel
311 1960 425 1987 aliorum
441 1961 688 1995 adhortationibus,
699 1964 741 1990 vel
760 1964 869 1991 aliunde
886 1965 970 1999 impe-

182 2006 272 2032 ritiatn
285 2015 362 2034 suam
383 2007 546 2043 intelligens,
561 2010 704 2037 erudiendi
721 2019 803 2038 causa
818 2012 923 2039 accedit
938 2013 970 2038 ad

182 2053 343 2085 doctorem;
368 2055 463 2081 doctor
473 2063 550 2088 vero,
579 2056 720 2083 voluntate
743 2056 800 2091 ejus
817 2064 970 2092 perspecta,

180 2097 313 2124 doctrina:
339 2105 395 2125 suae
409 2105 545 2133 praecepta
560 2101 723 2128 traditurum
742 2109 772 2128 sc
786 2101 946 2136 polliceatur
962 2113 969 2130 :

180 2142 285 2176 Οὕτως,
304 2145 393 2178 inquit
407 2153 482 2173 num.
507 2146 551 2179 15,
567 2154 629 2181 pag.
659 2147 723 2180 124,
755 2149 769 2174 ὁ
797 2147 868 2180 Gaio;
894 2149 971 2183 λόγος

180 2190 377 2224 ἐπαγγέλλεται
397 2191 451 2218 τῶν
468 2193 636 2228 προσιόντων
656 2194 705 2230 τὴν
729 2195 827 2221 κακίαν
843 2195 971 2231 ἐξαιρεῖν,

178 2236 213 2270 ἣν
225 2236 350 2271 ὠνόμασε
365 2238 476 2273 καρδίαν
490 2239 605 2275 λιθίνην,
620 2241 680 2275 οὐχὶ
697 2242 808 2268 ἐκείνων
825 2243 862 2278 μὴ
880 2243 971 2277 βουλο-

180 2280 280 2316 μένων,
298 2282 354 2308 ἀλλ’
371 2284 484 2316 ἑαυτοὺς
498 2285 538 2320 τῷ
553 2286 637 2320 ἰατρῷ
654 2286 708 2313 τῶν
721 2288 880 2322 καμνόντων
897 2297 968 2324 παρ-

178 2327 345 2362 εσχηκότων.
360 2328 441 2361 Quasi
460 2338 512 2356 non
536 2339 551 2357 a
567 2331 622 2359 Deo
637 2334 788 2361 habeamus
800 2334 852 2362 hoc
867 2335 967 2369 ipsum,

179 2376 210 2398 ut
225 2373 365 2405 accedere,
381 2378 418 2406 ut.
435 2376 527 2402 sanari
550 2377 674 2405 velimus.
705 2378 808 2405 Similia
824 2385 889 2406 sunt
907 2389 967 2415 qua:

178 2425 330 2453 sequuntur
346 2430 351 2447 :
379 2421 433 2448 Kal.
446 2421 512 2454 ἔστι,
529 2424 589 2457 φέρ’
605 2425 703 2455 εἰπεῖν,
719 2425 750 2451 τὸ
762 2426 826 2457 τοὺς
851 2426 968 2461 τυφλοὺς

177 2464 338 2500 ἀναϐλέψαι,
358 2466 449 2501 ἔργον,
463 2468 533 2494 κατὰ
548 2468 597 2503 μὲν
617 2470 648 2496 τὸ
667 2469 822 2505 ἠξιωκέναι,
843 2472 896 2498 τῶν
920 2481 963 2498 πι-

177 2511 326 2539 στευόντων
339 2512 469 2540 δύνασθαι
482 2514 696 2550 θεραπεύεσθαι·
713 2516 783 2543 κατὰ
794 2517 822 2543 δὲ
839 2518 888 2554 τὴν
902 2518 969 2544 ἀπο-

177 2559 344 2586 κατάστασιν
361 2561 411 2596 τῆς
435 2562 572 2597 ὁράσεως,
590 2562 638 2590 τοῦ
660 2563 786 2599 Σωτῆρος
812 2564 899 2600 ἡμῶν.
917 2565 968 2592 Βο-

177 2603 249 2638 liqna
267 2605 324 2638 pari
340 2605 405 2633 vitio
418 2607 553 2635 laborant.
568 2608 658 2636 Nihilo
679 2610 788 2636 saniora
816 2616 879 2638 sunt
908 2619 968 2646 qum

178 2650 303 2685 leguntur
315 2652 376 2679 libri
390 2653 509 2686 ejusdem
524 2654 613 2689 capite
625 2654 651 2687 ϐ,
674 2656 700 2683 in
719 2656 816 2691 quibus
831 2658 966 2685 hominem

177 2695 275 2723 divina;
302 2697 426 2732 imaginis
455 2699 626 2734 dignitatem,
649 2707 712 2728 cum
740 2708 929 2735 procrearetur
954 2712 968 2729 a

179 2740 244 2774 Deo,
259 2744 396 2777 accepisse
407 2744 459 2778 ait;
475 2746 660 2775 similitudinis
686 2755 749 2776 vero
768 2748 962 2783 perfectionem

215 2830 236 2846 ν’
253 2829 330 2860 Rom.
346 2842 384 2867 ιι,
404 2834 446 2864 l3.
485 2836 507 2853 ῖ¹
523 2837 598 2865 lium
617 2846 664 2872 xtl,
679 2838 704 2866 6.

1026 905 1175 940 βληθῆναι·
1194 906 1224 932 οὐ
1253 906 1308 942 γὰρ
1327 907 1407 941 φύσις
1430 909 1536 943 ὲνήμῖν
1555 909 1629 935 αἰτία
1652 910 1703 944 τῆς
1732 918 1819 945 πονη-

1027 951 1096 985 ρίας,
1111 950 1180 978 ἀλλὰ
1193 952 1363 988 προαίρεσις,
1380 953 1502 985 ἑκούσιος
1515 952 1582 981 οὖσα
1606 957 1818 991 κακοποιητική.

1025 996 1118 1028 Οὕτως
1139 997 1166 1023 δὲ
1183 997 1243 1024 οὐδὲ
1264 998 1345 1032 φύσις
1367 999 1441 1025 αἰτία
1463 999 1651 1036 δικαιοσύνης,
1667 1001 1706 1033 ὡς
1720 1003 1819 1028 ἀνεπί-

1009 1043 1116 1078 ,δεκτος
1132 1044 1249 1076 ἀδικίας,
1263 1044 1329 1071 ἀλλὰ
1344 1045 1420 1080 λόγος
1435 1046 1465 1073 ὃν
1491 1047 1708 1082 παρεδεξάμεθα,
1729 1050 1744 1075 ὀ
1769 1057 1820 1075 κα-

1024 1090 1198 1123 τασκευάζων
1211 1091 1331 1123 δικαίους
1342 1100 1349 1107 ”
1368 1097 1395 1119 et
1411 1092 1459 1119 ista
1474 1098 1500 1119 et
1514 1098 1586 1120 tumo
1600 1102 1648 1124 xtl,
1668 1102 1743 1120 num.
1762 1094 1813 1125 40,

1024 1144 1085 1170 pag.
1102 1136 1165 1165 56L
1190 1137 1236 1172 Μὴ
1252 1137 1376 1168 συνόντος
1405 1136 1444 1172 τῷ
1473 1138 1632 1174 ἀρνουμένῳ
1658 1139 1820 1174 Πνεῦματος

1024 1181 1122 1217 ἐχθροῦ
1147 1182 1186 1217 τῷ
1202 1182 1333 1218 διδομένῳ
1358 1183 1495 1218 Πνεύματι
1514 1185 1561 1211 καὶ
1582 1185 1663 1220 σοφίᾳ.
1676 1187 1734 1216 τοῖς
1751 1185 1820 1221 πρὸς

1023 1228 1054 1254 τὸ
1067 1229 1207 1263 ὁμολογεῖν
1223 1230 1294 1256 κατά
1306 1238 1367 1256 τινα
1382 1229 1459 1262 ἀξίαν
1474 1230 1564 1257 αὐτῶν
1587 1231 1641 1257 ὑπὸ
1654 1231 1725 1258 Θεοῦ
1757 1232 1820 1267 βοη-

1025 1275 1182 1310 οουμένοις’
1201 1280 1227 1302 et
1253 1276 1310 1302 hu-c
1328 1283 1436 1310 quoque
1459 1284 1474 1302 e
1506 1282 1570 1304 tom.
1593 1285 1653 1310 ut,
1682 1286 1758 1304 Ilulll.
1790 1278 1816 1309 5,

1025 1330 1084 1356 pag.
1101 1323 1164 1353 ῊἸ,
1180 1322 1208 1348 ’0
1221 1322 1250 1348 δὲ
1261 1322 1356 1358 Σωτὴρ
1373 1323 1517 1358 διελέγχων
1531 1323 1577 1349 καὶ
1585 1324 1634 1359 τὴν
1647 1323 1775 1359 τηλικαιλ
1786 1334 1817 1359 ..τι

1027 1368 1214 1403 μεγαλόφωνον
1230 1369 1334 1404 μητέρα
1350 1369 1396 1396 τοῦ
1421 1369 1548 1396 Ἰακώῧου
1568 1369 1614 1396 καὶ
1636 1369 1818 1401 Ἰωάννου,ὡ;

1025 1414 1173 1448 ἁγνοοῦσαν
1189 1415 1261 1445 τίνες
1273 1416 1297 1441 οἱ
1312 1416 1501 1451 ὑπερέχοντες,
1515 1417 1562 1443 καὶ
1577 1417 1617 1442 ὅτι
1631 1417 1648 1452 ὴ
1664 1417 1818 1452 τηλικαύτη

1024 1462 1112 1497 δωρεὰ
1124 1462 1204 1498 χάρις
1212 1462 1271 1488 ἐστὶ
1281 1462 1329 1488 τοῦ
1345 1462 1391 1488 ἐπὶ
1407 1463 1473 1489 πᾶσι
1491 1462 1559 1488 Θεοῦ
1568 1462 1755 1497 συμπνέοντος
1770 1464 1817 1489 καὶ

1027 1507 1219 1543 συνεργοῦντος
1232 1528 1239 1540 ,
1257 1509 1303 1534 καὶ
1321 1508 1455 1543 ἰδρύοντος
1467 1509 1496 1534 ἐν
1519 1510 1552 1544 τῇ
1569 1509 1682 1545 τοιαύτῃ
1693 1509 1815 1544 ὑπεροχῇ

1023 1553 1070 1585 οὒς
1085 1551 1155 1580 οἶδεν
1184 1555 1364 1589 ἐπιτηδείους,
1381 1561 1446 1585 εει-η
1465 1563 1567 1581 necnon
1580 1561 1606 1582 et
1632 1555 1676 1581 illa
1702 1563 1718 1582 e
1744 1561 1817 1582 tumo

1024 1607 1071 1626 xm
1088 1599 1114 1625 in
1127 1599 1221 1631 Joan.,
1237 1609 1311 1627 num.
1330 1602 1355 1632 1,
1375 1601 1450 1636 Τάχα
1463 1602 1518 1636 γὰρ
1532 1601 1620 1636 δόγμα
1634 1601 1660 1627 τί
1674 1603 1743 1633 ἐστι,
1763 1611 1815 1637 μη-

1024 1645 1086 1672 δένα
1102 1646 1249 1681 λαμϐάνειν
1262 1647 1381 1682 δωρεὰν,
1410 1646 1464 1673 τῶν
1483 1647 1520 1682 μὴ
1546 1647 1694 1674 αἰτούντων
1719 1647 1815 1682 αὑτήν.

1026 1691 1165 1719 lianit‘este
1193 1700 1300 1727 quoque
1332 1694 1403 1721 hunc
1425 1694 1546 1728 Apostoli
1571 1694 1659 1720 locum
1689 1694 1715 1720 in
1739 1701 1817 1721 suam

1026 1739 1134 1766 trahens
1166 1739 1329 1766 sententiam
1363 1739 1493 1774 pervertit
1518 1740 1566 1767 lib.
1585 1747 1610 1766 ιχ
1627 1741 1654 1766 in
1672 1740 1759 1774 Εμὶιι.
1782 1741 1818 1766 ad

1026 1783 1113 1816 liom.,
1132 1792 1209 1811 llllm.
1227 1785 1254 1816 5,
1273 1793 1334 1819 pag.
1348 1785 1400 1813 648
1419 1793 1425 1811 :
1441 1794 1450 1811 ι
1469 1784 1608 1813 Habentes
1623 1790 1713 1812 autem
1734 1786 1819 1812 dona-

1027 1831 1112 1857 liones
1125 1831 1276 1857 secundum
1293 1831 1408 1866 gratiam
1424 1839 1484 1866 quae
1498 1831 1561 1858 data
1575 1836 1617 1858 est
1644 1831 1721 1858 nobis
1738 1831 1818 1858 diffe-

1025 1880 1124 1908 rentes,
1134 1877 1191 1904 sive
1201 1878 1370 1912 prophetiam
1383 1878 1530 1905 secundum
1547 1878 1677 1905 rationein
1693 1878 1797 1911 fidei”,
1806 1889 1815 1903 ι

1024 1926 1089 1953 etc.;
1107 1922 1169 1949 hinc
1184 1923 1282 1957 quippe
1300 1923 1403 1958 colligit
1419 1924 1515 1951 donari
1532 1925 1646 1959 gratiam
1659 1932 1674 1951 a
1695 1924 1751 1951 Deo
1774 1932 1818 1952 5e-

1024 1968 1140 1994 cundum
1161 1969 1294 1995 rationem
1311 1969 1372 1996 ﬁdei
1394 1978 1401 1995 :
1421 1974 1476 1996 tum
1498 1978 1531 1996 ex
1550 1971 1644 1997 eodem
1662 1971 1724 1997 loco
1739 1975 1767 1997 et
1783 1980 1814 1998 ct

1025 2013 1079 2040 alio
1094 2013 1221 2047 Epistulae
1243 2015 1343 2049 prioris
1364 2015 1398 2042 ad
1417 2016 1574 2043 Corinthios
1590 2016 1629 2043 sic
1653 2017 1792 2043 concludit
1810 2027 1816 2043 :

1026 2069 1036 2084 ι
1058 2059 1136 2086 Unde
1151 2061 1215 2087 mihi
1248 2061 1356 2088 videtur
1384 2066 1437 2088 tam
1466 2062 1499 2088 ad
1532 2061 1667 2089 llomanos
1685 2070 1767 2097 quam
1782 2065 1816 2089 ad

1025 2105 1182 2132 Corinthios
1203 2107 1343 2139 scribens,
1371 2112 1425 2134 tres
1442 2108 1581 2142 capienda:
1607 2109 1704 2141 gratiae
1722 2109 1817 2136 modos

1025 2152 1132 2184 docere,
1150 2158 1178 2178 ut
1192 2160 1224 2179 cx
1238 2153 1316 2180 nobis
1331 2154 1401 2181 ineo
1414 2154 1456 2188 agi
1476 2154 1577 2187 aliquid
1597 2155 1736 2187 ostendat,
1760 2156 1816 2189 pln-

991 2199 1123 2224 primum
1150 2203 1239 2224 tamen
1265 2199 1291 2225 in
1308 2199 1352 2225 Dei
1377 2200 1519 2235 largitione
1546 2201 1708 2228 consistere.
1740 2201 1817 2229 l'onit

1025 2253 1090 2279 ergo
1104 2250 1130 2272 et
1142 2253 1297 2272 mensuram
1314 2246 1374 2272 iidci
1390 2254 1462 2278 esse,
1478 2254 1528 2281 per
1552 2255 1633 2281 quam
1661 2248 1723 2281 quis
1753 2257 1816 2283 gra-

1026 2291 1090 2316 tiam
1111 2291 1180 2324 capit
1198 2299 1204 2316 :
1223 2292 1298 2325 ponit
1310 2297 1337 2318 et
1352 2293 1385 2319 ad
1402 2292 1425 2318 id
1442 2293 1513 2327 quod
1533 2293 1657 2328 expedit;
1676 2299 1704 2320 ct
1729 2294 1815 2329 Spiri-

1026 2342 1080 2363 lnm
1095 2337 1216 2364 dividere
1231 2343 1311 2371 prout
1325 2338 1393 2365 vult.
1411 2338 1444 2365 Ut
1468 2347 1534 2373 ergo
1551 2344 1625 2365 tanta
1642 2340 1666 2366 itt
1683 2340 1763 2368 nobis
1791 2341 1817 2367 ii-

1024 2383 1071 2410 des
1086 2384 1250 2416 inveniatur,
1266 2390 1367 2419 quanta
1386 2386 1472 2420 possit
1496 2386 1682 2413 sublimiorem
1697 2388 1816 2421 gratiam

1026 2428 1077 2463 (sic
1087 2429 1159 2456 enim
1178 2428 1332 2466 legendum)
1356 2432 1516 2465 promereri,
1533 2433 1619 2459 nostri
1634 2433 1726 2467 operis
1743 2433 1818 2460 vide-

1024 2478 1068 2500 tur
1082 2478 1110 2500 et
1124 2475 1205 2502 studii
1226 2483 1232 2500 ι
1256 2480 1284 2502 ιιι
1302 2481 1391 2503 autem
1406 2478 1439 2503 ad
1463 2477 1488 2504 id
1509 2477 1590 2514 detur
1606 2478 1679 2512 quod
1695 2479 1816 2514 expedit,

1023 2525 1049 2547 et
1063 2520 1127 2547 utile
1139 2521 1175 2547 sit
1196 2521 1350 2555 accipienti,
1368 2522 1413 2549 Dei
1426 2522 1558 2556 judicium
1574 2529 1616 2550 est
1629 2533 1636 2557 ;
1650 2524 1691 2551 vel
1706 2526 1820 2554 omnino

1023 2566 1046 2592 si
1062 2565 1120 2593 dari
1134 2566 1208 2599 velit,
1231 2566 1257 2593 in
1283 2567 1341 2601 ipso
1357 2572 1408 2594 est.
1429 2577 1438 2593 ι
1467 2567 1528 2595 Pari
1543 2569 1649 2596 insania
1666 2572 1821 2604 corrumpit

1023 2611 1121 2638 ibidem
1135 2612 1185 2639 hoc
1203 2613 1342 2640 allerume
1355 2613 1363 2639 Ι
1376 2613 1409 2640 ad
1425 2613 1487 2641 Cor.
1500 2621 1549 2645 xtl.
1564 2614 1598 2641 18
1615 2623 1623 2642 :
1651 2624 1661 2640 ‹
1678 2614 1758 2643 Nunc
1773 2624 1819 2642 an-

1025 2662 1077 2684 tem
1097 2658 1186 2692 posuit
1197 2657 1267 2685 Deus
1281 2659 1400 2686 membra
1412 2680 1420 2692 ,
1441 2660 1654 2694 unumquodque
1666 2668 1764 2689 eorum
1794 2662 1818 2688 in

1023 2710 1148 2737 corpore,
1166 2703 1237 2730 sicut
1265 2704 1359 2732 voluit.
1381 2704 1468 2732 Voluit
1496 2711 1600 2737 autem,
1625 2706 1726 2746 inquit,
1748 2707 1818 2734 Deus

1024 2749 1172 2778 secundum
1185 2749 1318 2778 rationem
1337 2751 1380 2778 vel
1396 2758 1552 2780 mensuram
1576 2752 1637 2780 lidci
1655 2761 1716 2787 qua:
1729 2759 1772 2782 est
1791 2754 1815 2781 in
