1912 3079
19 104 23 108 ’
67 111 127 139 949

467 111 754 141 Ol'llGENlANORUM
774 112 839 141 LIB.
860 113 896 148 ll,
915 113 992 143 CAP.
1014 113 1047 147 ll,
1067 113 1205 147 ρυΑεετ.
1224 112 1279 142 VII.
1649 113 1700 141 950

69 171 165 203 nobis.
181 171 222 198 vel
244 171 329 200 voluit
340 171 373 198 ad
399 171 424 199 id
449 172 521 206 quod
540 172 660 207 expedit.
679 172 734 200 Nisi
749 172 817 200 forte
830 173 866 200 ita
883 176 904 204 Α
919 178 962 200 cet
976 178 1145 200 commentus
1169 177 1223 206 est,
1242 179 1271 201 ut
1288 172 1489 208 aggressionem
1509 171 1571 199 boui
1583 172 1671 206 operis
1687 180 1702 198 a

71 216 177 251 aiiquis
191 222 218 245 et
232 218 282 245 hoc
298 217 363 245 velit
379 218 532 252 intelligere
548 227 555 245 :
569 218 640 246 Deus
658 219 749 253 posuit
768 220 792 246 in
807 226 866 247 tor-

71 269 143 297 pore
154 263 366 297 unumquodque
383 263 535 290 membrum
548 269 628 298 prout
642 264 739 297 voluit,
761 270 787 291 ut
797 285 804 297 ,
822 272 867 291 vo-

72 308 138 342 luit,
158 310 192 336 ad
209 309 358 336 membrum
376 309 462 344 magis
476 309 622 341 referatur,
649 311 701 338 hoc
716 315 769 342 est.
787 316 868 345 prout

72 355 178 387 voluit,
189 360 269 390 prout
282 355 374 391 elegit,
387 361 468 391 prout
488 364 599 390 operam
612 356 696 388 dedit,
721 364 754 384 ne
771 357 867 383 videa-

73 407 123 429 tur
135 403 169 430 de
194 402 304 430 homine
327 402 434 429 arbitrii
452 407 574 437 potestas
595 403 706 430 auferri.
724 413 733 429 ι
748 403 868 437 Denique

73 447 104 474 in
123 448 229 475 catenis
254 449 279 474 iu
309 447 433 474 Psahuos
459 448 521 475 talia
549 448 666 475 refertur
681 448 812 476 elTutiisse
834 450 866 475 ad

72 493 174 528 psalm.
187 501 251 526 cxx,
267 494 295 527 5,
309 501 369 529 pag.
383 494 436 521 820
451 502 457 519 :
485 494 531 530 Μὴ
553 494 624 530 δῲης
648 495 688 527 εἰς
716 495 796 521 σάλον
822 496 867 521 τὸν

72 539 148 566 πόδα.
171 548 235 566 σου·
253 540 290 576 μὴ
315 541 498 576 περιτραπῇς,
531 541 613 576 φησὶ,
632 541 699 577 μηδὲ
726 542 867 569 σκανδαλι-

73 585 159 620 σθῇς·
175 585 224 612 καὶ
239 585 299 612 τότε
311 585 382 618 ἕξεις
398 586 463 612 Θεὸν
474 587 552 622 χεῖρα
565 586 708 623 ὀρέγοντα·
724 587 794 613 ὥστε
803 587 867 623 παρ’

71 630 158 665 ἡμῶν
181 630 221 657 δεῖ
249 628 317 658 εἶναι
334 630 383 663 τὰς
405 630 502 666 ἀρχὰς,
515 631 563 657 καὶ
585 633 598 657 ὁ
619 631 686 664 Θεὸς
702 631 749 657 τοῦ
777 631 867 667 ὀρέξαι

72 677 173 712 χεῖρας
189 676 310 712 ἕτοιμος.

113 720 151 749 Ut
173 722 259 757 magis
283 724 365 750 etiam
391 727 500 758 pateant
524 724 654 750 doctrinae
678 724 757 759 hujus
777 724 867 759 adyta,

73 767 278 796 observandum
305 773 347 796 est
374 769 507 804 duplicem
534 770 561 797 in
590 770 669 798 nobis
695 773 729 798 ab
753 771 869 805 Origene

74 814 208 841 constitui
224 814 314 847 ﬁdem,
324 815 404 842 aliam
422 816 580 847 humanam.
591 824 672 851 quam
688 817 790 844 viribus
805 825 869 852 pro-

73 860 148 894 priis
178 859 250 887 nullo
275 861 399 895 przesidio
417 860 530 888 ﬁrmatis
546 862 645 888 habere
663 863 811 896 possimus,
827 862 867 889 di-

73 906 171 933 vinam
188 905 281 938 aliam,
298 914 358 940 qua:
374 907 451 934 nobis
469 906 514 933 Dei
531 907 617 942 gratia
636 906 867 935 infundatur.Ncc

74 953 212 988 duplicem
235 953 323 980 solum
346 953 436 985 ﬁdem,
455 953 502 980 sed
521 953 634 980 virtutes
654 954 735 980 etiam
749 953 867 987 reliquas

75 998 106 1026 in
132 999 211 1026 nobis
228 999 347 1033 duplices
369 1007 429 1026 esse
452 1003 542 1034 putat,
565 1007 677 1034 quarum
704 999 763 1026 alia:
783 999 836 1026 sint
852 1007 867 1026 a

77 1045 169 1078 nobis,
185 1045 244 1072 alia:
259 1053 273 1072 a
292 1045 346 1072 Deo
363 1054 370 1072 :
388 1045 446 1073 illas
469 1050 558 1073 autem
584 1046 616 1073 ad
640 1045 752 1073 salutetn
772 1053 867 1073 conse-

75 1091 212 1125 quendam
239 1090 306 1118 nihil
322 1090 461 1125 prodesse,
478 1091 529 1118 nisi
553 1090 648 1117 barum
670 1091 808 1118 consortio
821 1099 866 1117 ro-

75 1136 219 1164 borentur.
238 1137 395 1164 Panduntur
420 1138 476 1165 lucc
500 1137 608 1164 oracula
636 1142 713 1164 tract.
731 1146 815 1165 χχχιιι
840 1138 868 1164 in

77 1181 188 1215 Ialm,
203 1190 277 1210 num.
296 1192 305 1208 ι
330 1182 386 1210 69:
413 1192 423 1208 ‹
441 1182 474 1210 Ut
489 1188 564 1218 puta,
584 1183 680 1217 inquit,
713 1184 790 1210 ﬁdem
818 1184 867 1211 ha-

77 1230 152 1257 benti
164 1237 224 1265 quze
237 1235 277 1257 est
289 1238 320 1257 ex
337 1230 426 1263 nobis,
437 1230 545 1258 dabitur
559 1232 644 1265 gratia
667 1230 739 1262 ﬁdei,
753 1238 813 1266 qua:
827 1236 868 1258 est

76 1283 127 1311 per
149 1277 274 1310 spiritum
302 1276 373 1309 ﬁdei,
389 1282 417 1304 et
436 1276 585 1304 abumlabit
600 1285 608 1311 ;
623 1282 649 1304 et
663 1277 794 1311 quidquid
817 1277 866 1304 ha-

77 1323 168 1350 buerit
181 1323 243 1357 quis
260 1330 291 1350 ex
319 1322 437 1350 naturali
463 1322 613 1355 creatione,
636 1330 698 1349 cum
715 1323 868 1350 exercuerit

77 1376 150 1400 etin).
165 1369 265 1403 aer’tpit
280 1369 305 1395 id
326 1371 410 1402 ipsum
428 1377 453 1395 et
470 1377 502 1396 ex
518 1369 604 1404 gratia
623 1369 683 1400 Dei,
700 1375 726 1395 ιιι
749 1370 868 1396 abnmlet

78 1420 105 1441 et
122 1415 228 1441 ﬁrmior
241 1415 277 1441 sit
292 1415 318 1442 in
330 1423 364 1442 eo
376 1415 434 1448 ipso
444 1415 516 1448 quod
531 1415 621 1448 habet,
636 1416 730 1450 {quod
746 1415 778 1442 dt-
794 1415 867 1442 omni

77 1459 171 1487 Ilidctn
187 1461 287 1488 virtute
306 1460 509 1495 intelligendum
536 1468 597 1488 esse
625 1461 729 1489 scribit.
756 1462 866 1490 Denuun

78 1506 217 1533 concludit
234 1514 241 1532 :
260 1516 269 1532 ι
300 1506 446 1542 Propterea
463 1508 484 1534 si
504 1506 627 1534 volumus
641 1513 670 1535 ut
689 1508 768 1535 detur
790 1508 867 1536 nobis

77 1551 167 1579 virtus
184 1552 344 1586 perfectior,
360 1557 387 1580 ct
412 1551 530 1580 abundet
548 1553 574 1579 in
597 1553 673 1580 nobis
695 1553 765 1589 quod
780 1554 868 1588 perfe-

76 1601 152 1623 ctum
164 1601 205 1623 est
223 1597 294 1623 inter
306 1597 439 1628 homines,
455 1604 503 1632 per
519 1597 685 1633 diligentiam
700 1598 772 1625 omni
790 1599 869 1626 modo

74 1643 261 1677 acquiramus,
274 1650 301 1670 et
310 1647 451 1678 postquam
467 1643 687 1677 acquisierimns,
701 1644 777 1678 quasi
791 1644 869 1671 intel-

75 1687 194 1723 ligentes
211 1689 339 1723 quoniant
366 1689 393 1716 in
411 1689 525 1717 nihilum
555 1690 612 1717 haec
632 1695 790 1724 reputantur
811 1690 870 1717 sine

75 1734 165 1767 gratia
181 1735 239 1767 Dei,
256 1735 428 1763 humiliemus
442 1736 626 1770 nosmetipsos
641 1736 691 1762 sub
707 1743 788 1762 manu
801 1735 870 1762 vali-

75 1778 111 1806 da
127 1778 175 1806 Dei
191 1779 225 1811 ⁷⁸,
237 1785 264 1807 et
280 1787 389 1809 oremus
403 1782 461 1809 sine
476 1782 514 1809 ira
533 1782 728 1817 disceptatione
751 1781 869 1809 levantes

72 1833 160 1860 puras
179 1833 275 1854 manus
290 1827 325 1859 ⁷⁷,
339 1832 368 1854 ιιι
391 1828 512 1855 omnium
539 1829 670 1856 bonorum
686 1836 746 1863 qute
767 1832 829 1854 sunt
843 1828 868 1855 in

73 1872 157 1900 nobis
171 1872 301 1907 perfectio
316 1874 396 1901 detur
410 1881 443 1901 ex
455 1874 520 1907 Deo,
535 1879 561 1902 e:
575 1874 656 1902 faciat
671 1882 719 1902 nos
735 1874 868 1908 perfectos

72 1923 104 1946 et
118 1920 301 1952 acceptabiles
318 1919 387 1954 Deo,
402 1921 479 1956 quasi
497 1921 568 1948 ﬁlios
581 1920 639 1948 Dei.
656 1931 665 1947 )
685 1920 813 1947 Eatndem
829 1928 870 1947 re-

73 1965 171 2000 coquit
188 1965 316 1992 crambcn
332 1965 379 1993 lib.
396 1973 422 1994 Iv
441 1966 470 1993 in
489 1965 577 2001 Epist.
598 1967 633 1993 ad
648 1965 735 1997 Rom,
748 1974 820 1992 num.
841 1965 868 1997 5.

72 2015 160 2044 atque
185 2010 222 2038 ita
246 2011 331 2046 accipi
349 2011 407 2039 vult
428 2019 522 2040 vocem
547 2012 618 2040 hanc
633 2011 816 2047 apostolorum
836 2012 869 2038 ad

72 2055 215 2084 Christum
238 2065 245 2084 :
264 2067 274 2083 ι
296 2058 372 2093 Auge
393 2059 471 2086 nobis
488 2059 566 2086 ﬁdem
586 2058 610 2075 ⁷⁸
628 2066 635 2086 :
654 2058 741 2092 Quia,
772 2058 869 2092 inquit,

72 2103 160 2130 etiam
176 2103 242 2131 ﬁdes
254 2104 322 2139 ipsa,
339 2112 392 2139 qua
408 2105 520 2132 credere
531 2105 657 2132 videmur
674 2106 740 2137 Deo,
757 2105 828 2131 dono
843 2105 868 2132 in

72 2149 157 2176 nobis
182 2150 275 2184 gratia:
295 2150 482 2178 conﬁrmatur.
504 2160 514 2177 ι
543 2151 632 2185 Atque
661 2151 732 2178 idem
755 2151 869 2178 subinde

72 2194 192 2228 replicat
205 2195 250 2223 lib.
267 2203 304 2229 ιιι,
328 2203 404 2223 ιιιιιιι.
419 2196 447 2226 5.
474 2203 533 2231 pag.
554 2195 617 2230 649,
639 2196 720 2230 idque
746 2203 869 2230 compro-
884 2207 908 2236 ι)

72 2240 144 2267 bare
158 2241 260 2276 satagit
284 2242 433 2277 apostolico
450 2241 520 2270 isto:
547 2242 631 2270 Alteri
651 2243 716 2277 ﬁdes
731 2243 758 2269 iu
779 2243 869 2269 eodem

72 2287 172 2320 spiritu
184 2287 206 2303 ⁷⁸
224 2296 230 2314 :
246 2297 255 2313 ι
270 2287 346 2321 Quod
362 2288 438 2321 ﬁdes,
463 2288 561 2323 inquit,
585 2296 645 2324 qua:
666 2292 756 2323 speret
773 2293 800 2316 et
811 2295 870 2315 cre-

73 2331 135 2364 dat,
149 2338 176 2359 et
193 2334 295 2368 absque
324 2335 375 2361 ulla
406 2334 575 2362 dubitatione
602 2334 729 2366 conﬁdat,
746 2334 773 2361 in
793 2334 870 2361 nobis

72 2383 118 2406 est
131 2387 139 2412 ;
157 2380 227 2407 ratio
242 2388 307 2416 vero
322 2381 384 2409 ﬁdei
399 2381 495 2416 ipsius,
510 2386 539 2408 et
552 2381 677 2413 scientia,
689 2385 717 2408 et
732 2380 867 2415 perfectus

73 2433 172 2454 eorum
183 2434 243 2462 qua:
258 2426 395 2454 credimus
406 2426 559 2455 intellectus
571 2427 688 2454 donatur
698 2434 712 2452 a
726 2425 790 2453 Deo.
804 2435 813 2452 ι
828 2426 866 2453 Ac

75 2471 187 2498 tandem
206 2478 217 2507 :_
232 2480 241 2497 ι
262 2471 338 2499 Sicut
352 2476 395 2499 est
414 2471 481 2499 ﬁdes
503 2479 583 2506 quant
601 2471 741 2498 docuinms
763 2478 823 2498 che
840 2471 865 2497 in

74 2517 168 2549 nobis,
179 2520 205 2544 et
217 2524 310 2545 rursus
323 2521 365 2545 est
378 2517 444 2545 ﬁdes
454 2524 514 2552 qua
525 2524 573 2552 per
585 2517 698 2552 gratiam
712 2517 800 2549 datur,
814 2517 867 2543 sic-

74 2566 107 2590 ut
127 2570 208 2597 supra
223 2564 341 2591 diximus
353 2564 483 2599 scriptum
494 2571 556 2592 esse
571 2572 579 2592 :
592 2563 645 2590 Alii
660 2563 725 2597 ﬁdes
735 2563 762 2589 in
777 2561 866 2589 eodem

74 2608 195 2643 spiritu;
219 2609 256 2636 ita
282 2609 365 2636 etiam
395 2609 421 2636 iu
442 2616 604 2644 unoquoque
623 2609 719 2636 horqu
736 2615 795 2642 quae
818 2616 866 2635 su-

76 2661 127 2689 pra
141 2655 362 2682 enumeravimus
385 2663 400 2681 a
419 2655 472 2682 Deo
490 2663 538 2690 per
559 2654 675 2690 gratiam
702 2654 772 2686 dari,
786 2659 827 2681 est
839 2658 866 2680 et

76 2700 105 2727 iu
124 2700 204 2728 nobis
223 2700 336 2736 aliquid,
349 2701 383 2728 ad
401 2701 478 2735 cujus
501 2701 686 2735 unusquisque
711 2707 865 2728 mensuram

76 2744 120 2772 vel
137 2745 271 2772 rationem
296 2745 410 2781 gratiam
425 2749 605 2780 promeretur.
626 2755 635 2772 ι
657 2745 719 2773 llaec
736 2752 768 2773 eo
791 2744 866 2772 scili-

111 2834 156 2862 "l
178 2833 250 2862 Pctr.
264 2841 291 2868 ν,
310 2835 336 2862 6.

375 2835 396 2851 ⁷⁷
416 2834 424 2862 l
439 2835 508 2863 'I'im.
526 2844 554 2869 ιι,
571 2835 597 2863 8.
635 2836 657 2852 ⁷⁸
674 2836 738 2863 Luc.
766 2843 830 2868 xvu,
845 2835 872 2865 5.

918 219 1056 247 voluntate
1075 225 1169 246 nostra
1197 221 1391 254 suspenderet;
1416 225 1570 246 successum
1590 225 1654 245 vero
1677 221 1705 244 ct

918 265 1112 299 perfectionem
1130 273 1144 291 a
1167 265 1230 292 Deo.

952 309 1012 337 Jam
1043 318 1108 337 vero
1139 311 1284 344 genuinum
1315 310 1441 346 Origenis
1463 317 1571 337 sensum
1596 309 1704 336 odorari

918 363 1072 393 promptum
1091 362 1134 384 est
1159 358 1184 383 in
1208 356 1314 388 multis.
1332 357 1591 391 quibuslegitimam
1613 355 1704 390 gratia-

920 412 970 430 vnn
988 404 1073 430 visum
1087 409 1129 431 est
1142 404 1300 439 pia-dicasse
1316 413 1322 430 :
1337 409 1365 430 ιιι
1388 411 1447 430 cum
1467 403 1513 430 lib.
1527 410 1555 429 ιιι
1573 394 1643 435 Περὶ
1658 401 1705 435 ἀρ-

918 449 1060 486 χῶν-,εειμ
1071 451 1095 482 l,
1113 458 1188 478 num.
1201 450 1245 483 18,
1258 450 1360 485 optitne
1374 449 1426 476 dici
1442 448 1547 479 essm-it.
1564 448 1704 475 aediﬁcium

919 504 970 522 non
985 495 1155 528 aediﬁcantis,
1172 495 1219 522 sed
1237 495 1282 522 Dei
1295 502 1362 529 opus
1386 502 1465 528 esse;
1486 500 1512 521 et
1536 493 1611 520 urbis
1636 498 1706 520 tutc~

919 542 983 576 lam,
997 549 1050 569 non
1069 542 1228 569 custodibus
1241 547 1267 569 ct
1278 541 1377 576 vigiliis
1392 541 1517 569 militum.
1533 540 1579 567 sed
1596 540 1649 566 Deo
1664 547 1707 567 rc-

919 593 962 616 cte
976 588 1074 615 ascribi
1092 597 1098 615 :
1121 588 1162 615 sic
1178 587 1249 614 enim
1268 595 1324 614 rem
1346 586 1546 621 intelligendam
1557 593 1617 612 esse
1636 585 1705 616 vult,

918 634 1009 669 operis
1019 639 1204 669 susceptorem
1221 633 1303 660 luisse
1314 633 1460 664 hominem,
1474 633 1557 659 Deum
1572 630 1706 665 perfecto-

919 688 975 708 rem
992 689 999 713 ;
1016 688 1064 708 nec
1077 679 1198 707 snﬁicere
1212 679 1377 707 voluntatem
1400 679 1543 706 humanam
1563 677 1595 704 ad
1612 683 1706 704 consc-

919 725 1053 760 quendum
1073 726 1164 757 linem,
1190 725 1240 753 nisi
1266 725 1336 752 Deus
1354 723 1386 751 ad
1405 724 1432 750 id
1452 723 1619 758 opituletur;
1636 722 1707 756 quod

919 779 951 800 eo
965 772 1075 807 probari
1091 777 1166 807 putat
1183 781 1190 798 :
1208 782 1217 797 ι
1235 771 1293 798 Non
1311 771 1436 803 volentis,
1456 777 1542 802 tneque
1560 768 1705 796 currentis.

919 819 966 846 sed
983 818 1136 846 misereutis
1156 822 1197 845 est
1211 817 1257 844 Dei
1272 817 1306 843 5°.
1329 827 1337 842 ι
1353 816 1380 842 lo
1395 823 1475 850 quem
1502 815 1591 842 locum
1610 813 1708 848 repetit

919 865 1012 891 eadem
1029 869 1055 891 et
1068 864 1187 892 extendit
1207 863 1253 891 lib.
1273 871 1308 891 \‘Il
1333 864 1360 890 in
1381 863 1465 896 Epist.
1480 863 1513 888 ad
1529 861 1616 894 Rom,
1631 867 1705 888 num.

918 911 962 944 16,
979 919 1005 946 p.
1025 910 1126 943 6H,ex
1145 918 1232 945 eoque
1251 909 1430 936 demonstrari
1449 909 1496 941 ait,
1513 918 1521 934 ι
1541 908 1612 942 quod
1627 907 1708 934 homo

917 958 1024 992 quidem
1046 957 1164 984 laborem
1186 956 1322 991 impendat
1347 960 1373 982 et
1396 954 1620 984 sullicitmlinem:
1637 953 1708 980 Deus

918 1008 1007 1029 autem
1020 1009 1172 1029 successum
1189 1001 1263 1035 operi
1281 1000 1382 1028 tribuat
1397 1006 1423 1026 et
1438 999 1562 1026 ell'ectum
1576 1007 1583 1030 ς
1606 1008 1614 1024 ι
1633 997 1707 1024 ideo-

918 1054 969 1081 que
983 1046 1073 1081 operis
1086 1053 1218 1073 sununam
1240 1045 1292 1073 Deo
1313 1045 1402 1079 potius
1416 1052 1495 1079 quam
1520 1043 1622 1070 homini
1645 1050 1707 1070 esse

918 1093 1109 1127 dcpulamlant.
1140 1092 1288 1118 Conﬁrmat
1319 1090 1385 1119 illud
1407 1090 1482 1117 Pauli
1505 1090 1604 1121 verbis,
1626 1089 1636 1116 ι
1657 1089 1708 1116 Co-

919 1138 1002 1164 rinth.
1019 1145 1062 1170 ιιι,
1090 1137 1126 1164 6:
1150 1146 1158 1162 ι
1178 1137 1231 1171 ligo
1261 1135 1388 1170 plantavi.
1416 1135 1509 1170 Apollo
1532 1135 1617 1170 rigavi
1639 1156 1646 1167 ,
1662 1135 1708 1162 sed

919 1183 989 1210 Deus
1002 1183 1199 1210 incrementum
1220 1182 1312 1214 dedit;
1333 1192 1342 1207 ι
1364 1187 1418 1208 tum
1434 1182 1493 1209 ait:
1515 1191 1524 1207 ‹
1541 1181 1652 1208 Certum
1665 1186 1707 1208 est

920 1229 1001 1255 Deum
1018 1236 1070 1256 non
1085 1228 1171 1256 solum
1188 1228 1258 1256 scire
1273 1227 1484 1262 uniuscujusque
1497 1228 1663 1262 propositum
1676 1235 1706 1253 ac

919 1274 1096 1307 voluntatem,
1108 1275 1155 1302 scd
1169 1280 1196 1302 et
1220 1275 1357 1309 praescire.
1381 1274 1477 1301 Sciens
1492 1279 1581 1300 autem
1597 1279 1624 1300 ct
1637 1281 1708 1307 pne--

919 1327 1042 1352 noscens,
1055 1325 1180 1355 tanquam
1195 1323 1279 1347 buntts
1291 1320 1460 1354 dispensator
1471 1325 1497 1347 et
1507 1320 1605 1354 justus,
1615 1319 1707 1346 unius-

918 1366 1048 1401 cujusque
1062 1367 1178 1393 motibus
1190 1371 1216 1393 et
1228 1366 1363 1401 proposito
1373 1366 1457 1393 utitur
1469 1366 1501 1393 ad
1513 1373 1544 1393 ea
1558 1373 1639 1400 opera
1649 1365 1691 1392 cili
1700 1382 1706 1385 -

919 1411 1026 1444 cienda,
1041 1419 1100 1446 quan
1119 1411 1330 1445 uniuscujusque
1348 1412 1455 1438 animus
1471 1419 1503 1438 ac
1519 1411 1643 1439 voluntas
1659 1411 1706 1438 eli-

919 1459 973 1493 git;
994 1467 1003 1484 ι
1018 1463 1045 1484 et
1058 1463 1206 1493 postremo,
1222 1466 1284 1493 pag.
1299 1457 1351 1485 615
1368 1466 1375 1485 :
1402 1467 1412 1484 ι
1427 1458 1460 1486 Ut
1477 1458 1539 1485 boui
1556 1458 1644 1490 enim,
1668 1458 1709 1484 in-

919 1505 988 1539 quit,
1005 1514 1014 1530 (
1039 1509 1085 1532 aut
1100 1505 1162 1532 mali
1179 1506 1264 1533 simus
1277 1510 1376 1533 nostrte
1387 1505 1535 1532 voluntatis
1548 1508 1607 1536 est;
1625 1503 1710 1530 malm

919 1555 1008 1578 autent
1021 1552 1054 1576 ad
1071 1550 1220 1584 cuiusmodi
1235 1551 1361 1582 verbera.
1371 1556 1397 1579 et
1413 1551 1499 1579 bonus
1512 1552 1544 1577 ad
1560 1549 1709 1583 cuiusmodi

919 1595 1032 1631 glorianti
1049 1596 1208 1627 destinetur,
1224 1595 1374 1623 voluntatis
1397 1601 1438 1623 est
1455 1596 1511 1623 Dei.
1536 1606 1545 1621 ι
1563 1595 1621 1622 Νοιι
1638 1595 1716 1622 aliud.

920 1647 1018 1668 sonant
1037 1641 1116 1669 verba
1145 1643 1201 1669 base
1216 1649 1231 1668 e
1245 1641 1292 1669 lib.
1316 1650 1344 1670 ιιι
1374 1641 1444 1676 Περὶ
1472 1641 1585 1676 ἀρκῶν,
1606 1649 1665 1675 cap.
1681 1641 1710 1671 '2.

920 1695 995 1714 num.
1009 1686 1027 1713 2
1048 1696 1056 1714 ι
1079 1697 1087 1712 ι
1110 1687 1226 1714 Evidens
1253 1687 1336 1722 igitur
1363 1687 1433 1714 ratio
1449 1692 1502 1719 est,
1519 1687 1579 1722 quia
1597 1687 1668 1714 sicut
1685 1687 1709 1714 in

921 1732 998 1759 bouis
1020 1733 1102 1760 rebus
1128 1733 1275 1760 lmmanum
1302 1734 1471 1767 propositum
1494 1733 1580 1761 solum
1603 1740 1651 1767 per
1667 1740 1710 1759 se-

921 1777 1008 1812 ipsum
1028 1778 1213 1813 imperfectum
1237 1782 1280 1806 est
1301 1778 1334 1806 ad
1348 1779 1609 1807 consummationem
1622 1778 1682 1805 boni
1701 1787 1710 1810 ς

920 1822 1054 1856 adiutorio
1070 1830 1186 1857 namque
1200 1823 1291 1851 divino
1307 1824 1340 1850 ad
1353 1823 1472 1859 perfecta
1484 1831 1597 1858 quaeque
1613 1823 1711 1857 perdu-

919 1868 1003 1902 citur,
1022 1877 1032 1894 ›
1052 1874 1105 1896 etr.
1122 1869 1149 1896 ln
1163 1869 1205 1897 his
1221 1869 1352 1904 Origenes
1374 1869 1513 1904 splendide
1528 1870 1711 1905 ἡμιπελαγια-

919 1915 998 1948 νίζει,
1014 1916 1207 1950 inceptionem,
1223 1916 1274 1943 hoc
1287 1921 1340 1949 est,
1357 1916 1431 1950 velle,
1446 1917 1547 1943 homini
1570 1917 1709 1950 tribuens;

921 1962 976 1989 Deo
994 1968 1058 1989 vero
1071 1962 1212 1994 duntaxat,
1223 1962 1480 1996 per/itere.Rttﬁnus
1495 1969 1558 1989 vero
1574 1963 1651 1996 quasi
1665 1969 1711 1996 pa-

921 2016 980 2035 rum
990 2008 1032 2035 his
1046 2008 1148 2035 erroris
1163 2008 1272 2039 inesset.
1290 2009 1367 2035 novis
1379 2016 1409 2036 ea
1428 2009 1584 2035 deliriorttm
1600 2016 1710 2035 suorum

921 2054 1122 2082 accessionibus
1132 2053 1287 2082 infuscavit.
1302 2054 1355 2082 Sed
1367 2054 1492 2089 Origenis
1505 2055 1624 2081 insanias
1634 2061 1709 2081 reve-

921 2100 978 2128 lare
991 2100 1177 2136 pergamust
1187 2101 1213 2128 in
1229 2101 1280 2127 ﬁne
1293 2101 1392 2136 prioris
1406 2101 1503 2135 capitis
1521 2100 1580 2127 libri
1599 2108 1630 2128 ιιι
1641 2100 1715 2134 napi

921 2146 1033 2181 ἀρχῶν,
1050 2145 1184 2177 ιιιιιιι.22,
1208 2151 1351 2180 postquam
1373 2145 1484 2180 pulchre
1508 2145 1581 2172 visus
1598 2150 1639 2172 est
1665 2146 1710 2172 Dei

921 2192 1064 2220 scientiam
1081 2200 1143 2220 cum
1166 2192 1290 2220 libertate
1305 2192 1476 2224 conciliasse,
1489 2192 1579 2218 omnia
1598 2191 1710 2219 conclu-

921 2239 998 2266 sione
1010 2239 1126 2273 pessima
1138 2239 1277 2273 depravat,
1292 2247 1352 2267 cmn
1369 2239 1406 2266 ait
1420 2238 1522 2265 nullum
1536 2240 1569 2265 ad
1582 2239 1711 2266 honorem

923 2284 964 2311 vel
980 2284 1155 2319 ignominiam
1171 2291 1185 2310 a
1200 2284 1254 2311 Deo
1270 2285 1370 2318 parari,
1383 2285 1431 2311 ἐὰν
1450 2285 1487 2320 μὴ
1502 2284 1568 2320 ὓλην
1583 2285 1644 2312 τινὰ
1655 2284 1713 2312 δια-

922 2331 1009 2365 φορᾶς
1032 2332 1082 2366 σχῇ
1106 2331 1155 2366 τὴν
1175 2331 1311 2366 ἡμετέραν
1323 2331 1493 2367 προαίρεσιν.
1505 2331 1648 2359 κλίνουσαν
1667 2332 1713 2358 ἐπὶ

919 2376 954 2403 τὰ
967 2377 1086 2413 χείρονα,
1103 2377 1119 2412 ἢ
1136 2377 1182 2403 ἐπὶ
1201 2377 1235 2403 τὰ
1252 2377 1408 2413 κρείττονα,
1424 2378 1496 2412 quod
1516 2379 1596 2404 itcrat
1618 2378 1663 2405 lib.
1681 2386 1711 2408 lt,

917 2429 977 2456 cap.
989 2421 1016 2452 9,
1033 2429 1107 2448 num.
1118 2422 1147 2454 2,
1161 2421 1177 2449 6
1192 2427 1220 2449 et
1234 2429 1291 2457 seq.
1301 2422 1382 2449 Libro
1400 2430 1507 2457 quoque
1529 2422 1621 2457 operis
1641 2421 1712 2454 ejus-

917 2467 978 2494 dem
997 2467 1098 2502 priore.
1115 2475 1174 2501 cap.
1191 2467 1218 2500 5,
1233 2475 1307 2495 num.
1319 2468 1346 2500 5,
1358 2469 1422 2495 dicit
1438 2478 1448 2494 ‹
1465 2468 1491 2495 in
1512 2468 1563 2495 illis
1574 2467 1639 2494 solis
1652 2473 1712 2494 esse

917 2520 983 2547 opus
1003 2512 1122 2546 Spiritus
1150 2512 1249 2546 sancti,
1262 2513 1307 2547 qui
1333 2513 1389 2548 jam
1413 2521 1443 2540 se
1462 2513 1496 2540 ad
1513 2512 1623 2540 meliora
1647 2519 1712 2539 con-

917 2563 1036 2590 vertunt,
1053 2563 1080 2585 et
1100 2565 1147 2593 per
1170 2559 1228 2586 vias
1253 2559 1352 2586 Christi
1371 2559 1433 2586 Jesu
1453 2559 1599 2591 incedunt,
1619 2558 1645 2585 id
1670 2563 1712 2586 est

920 2604 964 2639 qui
979 2609 1042 2631 sunt
1059 2605 1086 2632 in
1114 2605 1192 2633 bonis
1206 2605 1325 2637 actibus,
1339 2605 1403 2632 etin
1429 2605 1484 2632 Deo
1507 2608 1678 2639 permanent.
1697 2613 1708 2630 ι

920 2650 998 2684 quasi
1025 2650 1124 2685 aliquis
1151 2650 1184 2677 ad
1208 2651 1323 2678 meliora
1342 2651 1462 2678 converti
1492 2655 1584 2684 queat,
1608 2649 1710 2684 absque

919 2704 1002 2732 opere
1014 2701 1041 2723 et
1055 2697 1143 2731 gratia
1168 2695 1288 2732 Spiritus
1309 2696 1407 2724 sancti.
1424 2695 1481 2723 Nec
1501 2695 1710 2731 patrocinentur

920 2744 943 2771 ei
962 2743 1112 2779 sequentia,
1130 2750 1190 2770 cum
1203 2743 1241 2770 ait
1255 2751 1329 2771 num.
1344 2743 1362 2769 7
1377 2753 1384 2770 :
1403 2752 1412 2769 ς
1433 2742 1563 2779 Spiritum
1584 2746 1711 2770 sanctum

911 2837 932 2853 ”
947 2836 955 2864 Ι
980 2835 1042 2864 Cur.
1064 2844 1111 2869 xu,
1129 2835 1147 2864 9
1195 2835 1217 2852 “
1232 2834 1312 2865 Rom.
1328 2844 1364 2870 ιι,
1380 2836 1422 2864 l6.
