1912 3079
244 124 297 152 953

243 180 356 216 ἀρχῶν,
373 188 434 216 cap.
446 181 473 214 I,
489 188 564 208 nunt.
580 181 614 207 l7
628 189 635 208 :
655 191 664 206 ‹
676 180 734 208 Non
749 181 929 209 dissimulatio
939 181 1035 208 divina:

244 226 439 258 Providentiae,
458 227 505 254 sed
526 226 651 254 humana:
673 228 771 254 utentis
796 228 936 254 arbitrium
953 235 1032 255 causa

245 271 295 299 sibi
318 271 475 306 perditionis
492 271 601 299 exsistit
617 281 624 299 :
641 272 756 300 contulit
769 273 850 300 etiam
867 273 984 307 indignis
1006 277 1034 300 et

245 317 390 345 incredulis
416 317 530 351 gratiam
555 317 758 346 benefactorum
779 326 902 351 suorum,
926 323 954 345 ut
971 326 1034 346 vere

245 371 324 391 omne
338 370 370 389 os
380 362 553 394 obstruatur;
569 368 709 398 totumque
735 372 749 391 a
767 372 797 392 se
817 369 844 392 et
865 365 930 392 nihil
946 372 960 391 a
980 365 1034 392 Deo

245 410 339 437 deesse
359 410 409 437 sibi
432 419 509 438 mens
525 411 642 439 humana
664 417 829 447 cognoscat;
846 421 855 437 ι
878 412 903 439 id
922 412 1033 440 Rnliuus

244 455 278 483 de
293 463 343 483 suo
358 456 479 491 intrusit,
502 458 600 492 quippe
615 458 685 492 quod
700 458 770 485 absit
790 466 804 485 a
820 458 949 485 vicesimo
969 457 1034 485 Plii-

244 500 348 529 focoliae
366 503 464 537 capite,
492 511 546 538 quo
570 503 749 538 fragmentum
768 504 832 531 illud
860 504 949 539 operis
961 505 1032 538 Περὶ

243 546 356 582 ἀρχῶν,
372 547 408 575 ita
424 554 453 576 ut
467 549 502 577 ab
517 549 635 585 Origene
654 549 783 586 scriptum
796 555 847 584 est,
858 550 952 578 Grece
966 558 1033 578 con—

246 593 358 621 liuctnr.

280 637 373 667 XVIII.
389 640 510 668 Diximus
525 641 667 676 Origenem
691 642 825 678 aliquibus
842 643 974 669 duntaxat
991 643 1033 669 in-

246 686 345 711 fectum
364 686 445 713 fuisse
457 687 604 720 erroribus,
618 696 650 715 ex
672 689 704 716 iis
722 689 767 723 qui
788 697 802 715 a
815 688 923 723 Pelagio
943 689 1034 715 multis

246 736 307 765 post
321 732 400 759 anuis
422 735 580 767 propugnati
599 739 671 761 sunt.
687 735 746 768 Quo
767 735 799 761 de
815 742 912 769 genere
937 735 1032 770 dogma

246 776 311 803 illud
336 781 386 808 est,
416 778 486 811 quod
505 778 640 812 perfectos
662 780 784 807 homines
807 780 859 807 vim
889 781 1033 815 quamdam

245 821 357 855 adipisci
377 822 480 853 defluit,
502 830 554 857 qua
572 825 689 851 roborati
706 829 876 859 peccatorum
902 825 1033 853 illecebris

246 875 279 894 ac
289 867 430 895 lenociniis
442 868 526 895 obniti
542 877 587 903 per
601 878 661 898 sese
675 870 787 905 possint,
800 871 998 905 tandemquch
1012 872 1036 898 id

245 913 392 940 ascendant
418 914 592 949 perfectionis
614 917 730 948 culmen,
753 922 782 943 ιιι
802 924 835 943 ne
856 917 907 944 levi
925 917 1032 951 quidem

245 960 425 988 teutationum
444 969 508 988 aura
526 961 719 996 percellantur,
746 962 877 997 planeque
892 963 946 989 sitit
960 964 1033 989 ἀπα-

245 1005 311 1038 θεῖς.
327 1006 434 1040 Optime
443 1015 507 1034 vero
518 1009 690 1042 conjunctnm
704 1008 768 1035 illud
784 1013 825 1036 est
840 1017 899 1035 t'IIIII
914 1009 1035 1044 superio-

246 1058 276 1078 re
293 1052 352 1086 ejus
366 1052 508 1080 doctrina:
522 1061 584 1080 nam
595 1054 639 1087 qui
659 1062 691 1081 ex
708 1062 767 1081 sese
783 1059 872 1088 potest
886 1055 953 1082 bene
970 1063 1033 1090 age-

245 1104 288 1129 re,
305 1105 371 1124 sane
388 1105 420 1125 ex
438 1106 498 1125 sese
513 1098 583 1125 male
597 1107 649 1126 non
665 1107 745 1134 agere
757 1105 853 1135 potest.
867 1100 950 1132 llanc,
965 1109 1034 1135 prac-

246 1146 289 1170 tcr
303 1143 382 1176 alias,
402 1144 562 1179 suggillandi
575 1144 699 1179 Origenis
713 1153 821 1173 causam
838 1147 918 1174 habet
940 1147 1035 1174 lliuro-

246 1195 341 1223 uymns
365 1196 372 1215 :
398 1197 460 1215 nam
479 1190 504 1215 in
524 1190 635 1224 epistola
659 1192 692 1217 ad
704 1191 916 1226 Ctesiphontem,
930 1201 989 1226 cap.
1005 1193 1034 1224 2.

245 1235 412 1262 consimilem
427 1235 541 1270 Pelagii,
554 1237 601 1264 sed
613 1237 768 1272 nequiorem
781 1237 862 1264 etiam
873 1239 1033 1265 sententiam

247 1279 384 1312 refellens,
414 1281 454 1308 sic
483 1281 568 1316 ipsum
589 1282 761 1316 alloquitur:
786 1292 795 1308 ι
823 1283 868 1310 Vis
893 1284 981 1311 adhuc
1007 1289 1036 1312 et

247 1324 328 1352 alium
355 1333 434 1353 nosse
463 1327 499 1354 tui
528 1327 630 1354 erroris
656 1328 825 1363 principem?
844 1329 965 1356 doctrina
989 1335 1034 1357 tua

245 1370 373 1406 Origenis
391 1372 563 1400 rumusculos
581 1378 633 1400 est.
658 1372 685 1400 ln
713 1381 746 1400 eo
767 1375 838 1401 enim
859 1375 974 1409 psalmo,
991 1376 1035 1404 ubi

245 1416 377 1451 scriptum
403 1423 456 1450 est,
486 1423 515 1444 ut
540 1419 573 1445 de
594 1419 701 1446 cteteris
729 1424 831 1447 taceam
853 1428 859 1446 :
886 1421 997 1455 Insuper
1012 1427 1036 1449 et

246 1469 328 1498 Itaque
342 1464 377 1489 ad
395 1468 494 1491 noctem
509 1464 664 1491 erudirrunt
676 1473 716 1492 me
729 1474 801 1493 renes
816 1468 867 1494 mei
878 1467 900 1483 "'
913 1476 920 1500 ;
940 1469 1037 1496 asserit

247 1507 335 1535 virum
359 1514 492 1542 sanctum,
514 1510 546 1537 de
560 1518 674 1544 quorum
693 1511 818 1538 videlicet
836 1517 863 1539 et
878 1518 904 1539 tu
924 1521 1036 1540 numero

245 1560 286 1585 es,
301 1561 363 1582 cum
380 1555 412 1582 ad
425 1556 555 1583 virtutum
573 1557 676 1584 venerit
693 1559 885 1593 summitatem,
897 1567 930 1586 ne
944 1560 968 1586 in
987 1567 1035 1587 uo-

246 1604 291 1627 ctc
304 1601 414 1634 quidem
435 1608 465 1627 ea
484 1602 550 1636 pati,
566 1609 626 1637 qua:
643 1602 781 1630 hominum
804 1609 876 1637 sunt,
895 1612 944 1632 nec
960 1605 1034 1640 cogi-

247 1644 350 1672 tatioue
365 1646 490 1673 vitiorum
506 1647 596 1682 aliqua
625 1648 747 1681 titillari;
769 1658 778 1674 ι
797 1654 824 1676 et
852 1650 878 1676 in
903 1651 1035 1685 prooemio

246 1687 420 1723 Dialogorum
432 1691 556 1718 adversus
572 1691 748 1727 Pelagianor:
767 1702 776 1719 ι
791 1693 856 1721 Illud
870 1701 958 1722 autem
974 1695 1035 1723 Dri-

245 1734 321 1768 genis
344 1736 482 1771 proprium
502 1743 553 1771 est,
583 1738 748 1773 impossibile
774 1747 835 1768 esse
857 1741 1001 1768 hunianam
1019 1750 1034 1769 a

245 1781 378 1816 principio
391 1790 476 1817 usque
491 1784 523 1810 ad
533 1790 647 1812 mortem
663 1794 714 1812 non
728 1793 839 1821 percare
853 1793 993 1820 naturam;
1009 1792 1036 1816 et

246 1835 354 1855 rursum
385 1838 445 1858 esse
476 1831 605 1865 possibile
635 1840 696 1859 cum
728 1839 758 1860 se
784 1833 880 1868 aliquis
911 1835 944 1861 ad
978 1842 1035 1862 me-

245 1873 312 1901 liora
344 1878 511 1904 converterit
541 1878 574 1905 ad
610 1883 713 1907 tantam
751 1880 934 1907 fortitudinem
970 1887 1033 1914 per-

244 1920 350 1952 venire.
366 1926 395 1948 ut
411 1922 479 1949 ultra
496 1930 609 1958 pecCare
629 1932 682 1950 non
703 1925 806 1959 possit;
827 1934 837 1951 ι
855 1931 883 1952 et
903 1926 928 1952 in
946 1933 1035 1960 prote-

245 1967 300 1994 Inio
335 1968 395 1996 libri
425 1978 449 1996 Iv
479 1970 625 1997 Comment.
657 1972 683 1997 in
713 1971 811 1998 ,ιρι-ειη.
842 1978 852 1998 :
881 1981 890 1997 ε
919 1972 1035 2000 lia'resis

245 2012 406 2050 Pythagora
436 2020 463 2042 ct
492 2015 609 2043 Zenonis
640 2016 774 2048 ἀπαθείας
804 2017 851 2043 καί
878 2018 1036 2053 ἀναμαρτη-

243 2060 315 2093 «fug,
346 2061 371 2088 id
392 2066 435 2088 est
462 2062 688 2097 impassibilitatis
712 2067 740 2089 et
762 2063 958 2097 iutpcccantim,
976 2070 1036 2098 quae

243 2106 308 2134 olim
325 2107 350 2134 in
364 2106 490 2142 Origene,
502 2113 527 2135 et
539 2108 639 2135 dudum
656 2109 681 2135 in
693 2109 832 2142 discipulis
844 2109 902 2143 ejus
913 2108 1036 2136 Gruuuio

244 2152 383 2187 (liminum
396 2153 527 2189 intelligo)
539 2153 709 2188 Evagrioque
719 2154 843 2187 Pontico,
856 2160 883 2182 et
894 2153 1036 2183 Joviniano

240 2197 363 2233 jugulata
380 2204 432 2231 est,
448 2200 531 2234 cmpit
543 2201 713 2228 reviviscere.
732 2210 741 2226 ι
758 2200 858 2228 Multos
871 2201 972 2228 erroris
984 2202 1035 2228 hu-

242 2243 288 2277 jus
303 2244 395 2272 afliues
413 2245 495 2273 fuisse
511 2251 587 2273 notat
603 2247 629 2274 in
643 2247 713 2274 libro
732 2252 874 2281 sequente.
894 2247 921 2274 in
933 2247 1032 2275 .lcrem.

246 2297 314 2316 uti.
333 2289 468 2318 Palladius
489 2299 607 2326 quoque,
624 2292 862 2327 llelcnopolilanus
878 2293 1032 2328 cpiscopus,

244 2343 327 2370 quem
338 2336 465 2372 Origenis
477 2337 621 2372 disciplina
638 2339 769 2366 imbutum
783 2338 866 2366 fuisse
879 2344 994 2372 constat,
1008 2341 1033 2367 in

246 2382 298 2410 hac
315 2381 450 2414 ἀπαθείας
470 2383 564 2411 haeresi
591 2389 714 2412 versatus
726 2389 784 2417 est;
813 2392 875 2411 nam
896 2389 963 2413 sect.
987 2393 1034 2413 vui

246 2425 387 2454 Lusium
401 2427 538 2459 Πίσων-ιω,
552 2429 692 2457 Ammonis
706 2429 844 2464 ipsiusque
860 2430 953 2457 uxoris
967 2431 1035 2458 scri-

245 2473 312 2501 bens
327 2474 421 2505 vitam,
438 2474 478 2501 sic
495 2474 533 2502 ait
547 2483 552 2501 :
568 2483 577 2500 ι
595 2474 661 2502 Cum
681 2476 740 2503 ha'c
754 2476 793 2503 sic
809 2475 916 2507 fierent,
932 2482 958 2503 et
976 2485 1036 2510 pcr-

244 2520 366 2548 venisset
388 2526 502 2555 uterque
526 2521 559 2547 ad
577 2520 816 2555 impatibilitatem,
834 2524 888 2550 vim
903 2528 930 2550 et
946 2523 1036 2549 ellica-

243 2566 315 2594 ciam
345 2567 464 2594 habuere
488 2575 584 2602 preces
605 2569 761 2599 Ammonis;
782 2578 792 2594 ι
809 2574 837 2596 et
856 2574 923 2596 sect.
941 2569 985 2601 l2,
1002 2569 1035 2596 de

244 2613 377 2641 Ammone
397 2621 492 2649 agens,
522 2615 634 2650 ejusque
664 2616 803 2643 sororibus
830 2624 861 2643 ac
893 2615 1036 2648 fratribus,

245 2669 314 2696 quos
335 2661 446 2690 eosdem
464 2670 525 2690 esse
548 2670 657 2695 censeo.
684 2663 729 2698 qui
750 2663 849 2691 fratres
863 2663 946 2698 Longi
971 2663 1035 2690 dicti

245 2711 319 2740 sunt,
347 2712 375 2735 et
394 2715 409 2734 a
423 2707 574 2743 Theophilo
593 2709 689 2741 Nitria,
706 2714 734 2736 et
746 2709 863 2744 Egypto
881 2709 986 2744 expulsi
1003 2709 1035 2735 ad

245 2751 378 2782 J'Jliinein
392 2753 614 2790 Chrysostomum
626 2755 805 2791 confugerunt
821 2755 872 2783 :dc
892 2756 1035 2788 Ammone,

255 2866 258 2868 ν
285 2845 309 2863 ⁸⁵
323 2845 395 2874 l'sal.
407 2853 453 2880 xv,
464 2847 489 2874 7.
529 2849 550 2864 “
577 2848 647 2875 l'sat.
662 2855 757 2880 cum,
771 2849 831 2875 Ioo.

883 123 914 151 P.
935 122 1094 150 DANIELIS
1112 120 1227 150 HUETII

906 2847 985 2875 itom.
998 2855 1054 2882 νιιι,
1063 2849 1107 2875 55.

1816 122 1858 150 956

1050 184 1073 211 Α
1088 180 1208 213 inquam,
1224 180 1259 205 ita
1275 178 1370 206 scribit
1387 188 1393 206 :
1409 188 1418 204 ι
1435 178 1490 206 lloc
1508 178 1532 206 ei
1551 185 1601 206 suo
1621 177 1752 212 suffragio
1770 179 1858 206 tribue.

1088 226 1135 253 bat
1148 225 1289 259 Evagrius,
1304 225 1348 260 qui
1367 230 1426 252 erat
1440 226 1480 252 vir
1495 225 1664 252 discernendi
1675 225 1702 251 vi
1716 225 1836 259 praeditos
1848 236 1856 251 ι

1087 271 1196 306 (nempe
1210 270 1337 298 Ponticus
1347 270 1390 298 ille
1405 270 1591 306 llyperborita)
1606 279 1615 296 ι
1631 278 1660 298 se
1673 270 1776 297 nullum
1787 270 1858 298 immi-

1088 325 1148 344 nem
1164 317 1274 349 vidisse,
1291 317 1421 352 quiesset
1438 317 1523 352 magis
1540 317 1710 351 impatibilis,
1729 321 1757 344 et
1771 317 1858 344 alienus

1087 364 1120 391 ab
1135 363 1259 391 omnibus
1273 363 1355 390 animi
1368 363 1625 397 perturbationibus.
1638 372 1648 388 ι
1664 362 1735 391 llinc
1745 362 1859 398 Hierony-

1088 416 1148 436 mus
1163 415 1278 443 promm.
1303 409 1328 435 in
1346 408 1472 444 Dialogos
1480 409 1603 435 adversus
1619 407 1789 443 Pelagianos,
1801 408 1859 434 ἀπει-

1088 453 1161 486 θείας
1175 459 1324 482 assertores
1337 455 1479 489 exagitans
1495 464 1501 482 :
1519 463 1529 480 ι
1545 454 1691 488 Palladius,
1708 454 1806 489 inquit,
1815 462 1860 482 scr-

1086 499 1147 527 vilis
1163 500 1289 535 nequitia:
1304 500 1426 528 eamdem
1445 501 1568 528 haeresim
1584 501 1740 528 instaurare
1762 505 1860 528 conatus

1086 550 1138 573 est.
1154 555 1164 572 ι
1184 546 1343 573 lnstauravit
1361 551 1388 573 et
1408 551 1471 574 ante
1486 554 1572 574 annos
1589 546 1784 582 propemodum
1805 553 1859 580 qu:-

1086 592 1244 625 driugentos
1257 591 1410 627 Bogouatus
1427 591 1582 626 btereticus,
1595 592 1779 628 Begardorum
1788 597 1812 619 et
1821 592 1861 619 Be-

1087 637 1229 671 ghinarum
1244 645 1349 672 parens.

1122 680 1150 708 lu
1167 682 1200 708 iis
1211 688 1284 710 certe
1298 690 1357 717 quae
1369 687 1514 717 supersunt
1524 682 1753 718 Origcuianorum
1765 691 1860 718 operum

1088 727 1211 760 reliquiis
1232 735 1283 754 non
1299 727 1456 762 frequentes
1477 734 1623 755 occurrunt
1644 728 1727 762 hujus
1741 730 1861 764 opinionis

1087 778 1156 800 notm
1179 783 1185 800 :
1210 782 1271 800 nam
1298 775 1368 808 quod
1390 779 1478 800 exstat
1503 775 1529 801 in
1558 777 1567 802 I
1598 776 1692 803 homil.
1718 776 1747 802 in
1765 776 1861 809 hunc,

1087 826 1160 845 num.
1180 818 1220 848 lfi.
1237 825 1312 853 prout
1336 819 1370 845 ab
1384 818 1545 855 Hieronymo
1563 828 1694 848 conversa
1711 824 1776 848 est:
1793 830 1802 846 ι
1819 821 1862 848 Ιιιι-

1053 865 1073 894 Β
1089 865 1214 899 possibile
1228 869 1269 891 est
1285 865 1355 891 enim
1370 866 1439 899 quod
1457 867 1539 892 semel
1563 867 1709 893 viviticavit
1726 866 1804 899 Deus,
1825 872 1862 894 aut

1085 911 1119 938 ab
1131 919 1163 937 eo
1181 910 1248 944 ipso,
1258 914 1305 937 aut
1319 910 1352 937 ab
1368 911 1421 937 alio
1433 910 1536 943 occidi;
1557 921 1567 936 ι
1585 912 1617 937 ad
1640 912 1725 938 vitam
1736 917 1861 943 :eternam,

1085 960 1245 989 sanctosque
1265 963 1295 983 ca
1311 956 1430 983 fruentes
1450 955 1618 983 referendum
1633 965 1696 984 esse
1708 959 1862 986 ostendinnu

1085 1001 1111 1028 in
1125 1001 1373 1032 observationibus;
1394 1006 1421 1029 ct
1438 1002 1472 1029 ab
1497 1002 1660 1037 llieronymo
1683 1008 1810 1038 praeterea
1830 1005 1862 1031 in-

1086 1051 1188 1074 trusum
1208 1052 1258 1074 est.
1275 1047 1359 1074 'l‘ouio
1378 1048 1484 1082 quidem
1498 1057 1545 1075 xui
1573 1050 1599 1075 in
1612 1049 1721 1081 Ilattli.,
1737 1057 1808 1077 num.
1825 1051 1861 1082 29,

1086 1094 1211 1128 parvulos
1226 1093 1295 1125 illos,
1314 1102 1427 1128 quorum
1444 1095 1547 1122 similes
1568 1095 1626 1122 vult
1648 1103 1699 1122 nos
1717 1095 1785 1123 efﬁci
1798 1097 1863 1123 Chrio

1085 1144 1153 1172 stus,
1174 1145 1202 1166 et
1222 1140 1318 1172 quibus
1338 1141 1493 1167 scandalum
1517 1148 1531 1167 a
1552 1141 1629 1168 nobis
1656 1141 1774 1176 praeberi
1794 1147 1861 1174 vetat,

1085 1193 1207 1220 quosque
1226 1186 1331 1214 Patrem
1346 1186 1482 1213 cmleslem
1496 1187 1584 1221 perire
1602 1186 1671 1214 velle
1686 1191 1779 1222 negat,
1791 1187 1863 1215 homi-

1086 1240 1133 1260 nes
1145 1233 1336 1267 perfectionem
1352 1238 1511 1261 consecutos
1529 1233 1684 1269 significare
1697 1235 1805 1268 conjicit
1814 1235 1862 1262 Ori-

1086 1286 1184 1313 genes;
1214 1279 1312 1306 deinde
1328 1279 1464 1314 subiungit
1485 1279 1616 1313 ejusmodi
1643 1280 1774 1314 parvulos
1791 1288 1862 1314 neque

1087 1324 1176 1359 perire
1200 1332 1287 1359 neque
1302 1324 1475 1352 offensionem
1500 1325 1554 1359 pati
1572 1331 1661 1359 posse,
1680 1325 1745 1359 quia
1767 1337 1773 1353 :
1793 1334 1802 1350 ι
1818 1324 1861 1351 Par

1087 1371 1169 1397 multa
1181 1370 1353 1405 diligentibus
1369 1379 1466 1398 nomen
1484 1370 1540 1403 Dei.
1556 1376 1583 1398 et
1606 1378 1659 1398 non
1673 1376 1718 1397 est
1736 1371 1788 1398 illis
1799 1379 1864 1398 scan-

1086 1415 1175 1443 dalum
1183 1416 1227 1447 9“,
1246 1426 1255 1441 ι
1273 1416 1422 1451 meritoque
1436 1424 1482 1443 eos
1500 1417 1591 1443 dicere
1604 1424 1704 1451 posse:
1721 1426 1731 1442 ε
1751 1417 1813 1450 Quis
1826 1423 1863 1443 nos

1086 1462 1222 1495 separabit
1232 1469 1246 1488 a
1264 1461 1444 1489 charitatc"?
1464 1471 1473 1488 I
1488 1461 1543 1489 Sed
1559 1462 1711 1490 Ezechielis
1727 1467 1814 1489 tamen
1827 1469 1864 1488 att-

1086 1507 1211 1535 ctoritate
1225 1508 1320 1542 probat
1333 1507 1399 1542 justi
1416 1508 1533 1535 animam
1551 1515 1612 1535 esse
1632 1509 1778 1536 mutationi
1794 1509 1864 1535 obno-

1048 1552 1071 1582 C
1086 1555 1168 1586 xiam,
1183 1559 1210 1581 et
1223 1562 1238 1580 a
1253 1553 1299 1581 Dei
1314 1554 1446 1581 mandatis
1461 1561 1539 1588 posse
1549 1555 1702 1585 discedere,
1715 1555 1752 1581 ita
1767 1559 1794 1580 ut
1806 1555 1864 1588 prio-

1087 1600 1123 1627 ris
1140 1601 1197 1634 ejus
1211 1599 1321 1633 justitite
1342 1599 1413 1626 nulla
1433 1600 1563 1627 habeatur
1577 1601 1662 1632 ratio;
1682 1605 1766 1634 atque
1779 1600 1864 1626 idcirco

1085 1645 1229 1679 quominus
1237 1644 1349 1672 offensio
1360 1645 1400 1672 eis
1413 1651 1427 1671 a
1441 1645 1518 1672 nobis
1527 1645 1690 1679 praebeatur,
1704 1645 1864 1672 Servatorem

1086 1690 1212 1716 mandato
1227 1697 1275 1716 suo
1293 1688 1446 1723 prohibere.
1463 1688 1544 1716 Libro
1559 1697 1668 1724 quoque
1688 1690 1715 1716 in
1732 1689 1863 1724 Epistulam

1085 1736 1120 1761 ad
1140 1735 1273 1762 Romanos
1292 1736 1397 1770 quinto.
1422 1743 1496 1762 num.
1515 1736 1541 1768 t,
1568 1743 1630 1770 pag.
1654 1735 1722 1768 546,
1741 1737 1774 1763 de
1791 1741 1864 1762 morte

1087 1781 1189 1816 peccati
1205 1780 1318 1814 loquens
1337 1791 1343 1808 :
1365 1791 1375 1806 ι
1393 1780 1441 1808 llic
1452 1789 1517 1816 ergo
1533 1782 1624 1813 homo,
1642 1781 1743 1816 inquit,
1761 1782 1803 1816 qui
1817 1780 1863 1815 jam

1089 1826 1251 1854 reformatur
1276 1831 1304 1853 et
1324 1831 1466 1861 reparatur
1484 1828 1517 1853 ad
1537 1826 1682 1862 imaginem
1705 1827 1764 1859 Dei,
1793 1833 1865 1860 neque

1087 1878 1220 1906 terrenus,
1237 1880 1322 1908 neque
1337 1875 1363 1900 in
1378 1873 1428 1900 hoc
1441 1873 1540 1900 mundo
1558 1878 1609 1905 est,
1628 1874 1676 1900 sed
1693 1874 1720 1900 in
1732 1873 1864 1901 coelisesse

1086 1919 1184 1946 dicitur
1213 1919 1384 1946 c0nversatio
1406 1919 1485 1953 ejus:
1502 1924 1530 1947 et
1557 1919 1617 1946 ideo
1637 1920 1788 1947 secundum
1814 1924 1863 1944 euut

1085 1965 1131 2000 qui
1152 1965 1240 1992 dicit:
1262 1964 1312 1992 Vos
1335 1970 1422 1992 autem
1452 1973 1504 1992 non
1526 1965 1587 1992 estis
1610 1968 1642 1992 de
1664 1966 1714 1992 hoc
1736 1963 1863 1997 mundo“,

1087 2019 1159 2038 mors
1174 2011 1200 2038 in
1214 2019 1275 2038 eum
1299 2019 1350 2038 non
1366 2015 1454 2046 potest
1472 2011 1656 2045 pertransire;
1679 2020 1688 2036 ι
1705 2015 1734 2037 et
1755 2010 1862 2038 deinde:

1089 2066 1098 2081 ε
1110 2056 1186 2090 Quod
1202 2057 1223 2083 si
1237 2061 1375 2090 peccatum
1389 2062 1416 2084 et
1432 2064 1505 2084 mors
1517 2057 1543 2083 in
1561 2057 1631 2083 hunc
1645 2049 1864 2083 mundum-intro-

1086 2104 1143 2134 ivit,
1162 2109 1187 2130 et
1208 2104 1233 2130 in
1255 2104 1305 2131 hoc
1325 2104 1424 2131 tnundo
1437 2104 1549 2136 habitat,
1565 2110 1667 2130 certum
1684 2110 1727 2130 est
1742 2104 1836 2130 alienos
1851 2110 1862 2128 a

1087 2156 1184 2183 morte,
1200 2155 1228 2178 et
1241 2159 1254 2177 a
1272 2155 1382 2185 peccato
1397 2158 1457 2177 esse
1470 2158 1527 2182 eos,
1540 2151 1585 2184 qui
1603 2157 1651 2184 per
1668 2149 1815 2182 Christum,
1831 2147 1862 2174 vel

1088 2204 1148 2224 cum
1164 2196 1274 2224 Christo
1292 2197 1388 2223 mortui
1404 2201 1467 2223 sunt
1481 2197 1542 2223 huic
1559 2197 1669 2228 mundo,
1691 2202 1718 2222 et
1738 2204 1797 2223 cum
1816 2196 1862 2228 ipso

1050 2238 1071 2266 Ι)
1088 2242 1256 2273 resuscitati,
1282 2249 1343 2268 cum
1366 2243 1424 2276 ipso
1457 2242 1538 2268 etiam
1559 2243 1585 2268 in
1603 2241 1762 2268 ctelestibus
1784 2240 1863 2267 sedere

1087 2293 1253 2319 meruerunt,
1269 2290 1502 2315 conversationem
1519 2295 1570 2315 non
1581 2288 1636 2322 jam
1651 2288 1677 2314 in
1698 2289 1750 2314 hoc
1767 2286 1862 2316 munda.

1085 2334 1132 2361 sed
1144 2334 1170 2360 in
1185 2334 1263 2361 cmlis
1275 2334 1415 2361 habentes.
1432 2343 1441 2360 ι
1455 2334 1520 2361 Item
1535 2334 1593 2361 libri
1609 2334 1729 2368 ejusdem
1743 2341 1814 2360 num.
1826 2332 1861 2363 f0,

1085 2379 1136 2407 sub
1155 2380 1247 2412 finem,
1264 2387 1327 2415 pag.
1347 2379 1409 2411 568,
1429 2380 1486 2407 haac
1501 2381 1636 2407 habentur
1654 2388 1662 2408 :
1684 2389 1693 2405 ι
1715 2380 1744 2407 Si
1759 2380 1825 2406 enim
1840 2378 1860 2404 in

1086 2428 1113 2456 id
1127 2430 1216 2455 anima
1235 2428 1412 2462 perfectionis
1433 2428 1596 2460 ascenderit,
1617 2432 1646 2454 ιιι
1660 2435 1693 2454 ex
1720 2433 1777 2453 toto
1794 2426 1861 2453 corde

1089 2481 1149 2503 suo,
1167 2479 1194 2500 et
1217 2481 1249 2500 ex
1274 2477 1328 2500 tota
1344 2473 1432 2500 anima
1450 2480 1511 2505 sua,
1531 2478 1558 2500 et
1571 2480 1603 2500 ex
1617 2473 1682 2500 totis
1702 2472 1803 2499 viribus
1816 2470 1860 2497 suis

1089 2519 1182 2554 diligat
1198 2519 1292 2550 Deum,
1307 2524 1334 2547 et
1349 2519 1502 2554 proximum
1514 2527 1591 2546 suum
1604 2525 1732 2553 tanquam
1746 2518 1860 2552 seipsum,

1090 2564 1134 2591 ubi
1150 2564 1202 2592 erit
1216 2565 1320 2599 peccati
1341 2564 1438 2592 locus!
1453 2573 1463 2590 ι
1477 2569 1558 2598 atque
1570 2564 1640 2591 hunc
1653 2565 1691 2591 ait
1704 2561 1860 2598 perfectionis

1089 2613 1202 2646 gradum
1219 2616 1374 2639 assecutum
1386 2611 1468 2638 fuisse
1481 2611 1650 2646 Apostolum.
1673 2618 1734 2637 cum
1747 2610 1841 2637 dicebat
1853 2616 1859 2632 :

1091 2665 1101 2682 ι
1117 2656 1185 2690 Quis
1203 2664 1253 2684 nos
1272 2656 1408 2690 separabit
1431 2664 1445 2683 ιι
1466 2657 1598 2684 charitate
1622 2656 1678 2688 Dei,
1700 2664 1762 2690 qua:
1787 2659 1823 2681 est
1839 2653 1858 2678 in

1087 2704 1196 2732 Christo
1219 2703 1330 2732 Iesu”?
1346 2714 1355 2730 ι
1384 2709 1439 2730 ιιιιιι
1461 2703 1630 2730 subnectitur
1652 2713 1658 2730 :
1681 2712 1691 2729 ι
1711 2702 1750 2729 Ex
1778 2700 1858 2735 quibus

1088 2750 1214 2778 omnibus
1231 2750 1372 2777 evidenter
1392 2748 1554 2780 ostenditur,
1578 2748 1640 2782 quia
1665 2748 1687 2775 si
1705 2748 1762 2775 lucc
1772 2743 1857 2775 omnia,

1147 2848 1170 2861 '”
1184 2848 1262 2874 Joun.
1276 2853 1320 2878 xv,
1337 2847 1380 2872 19.
1418 2845 1439 2859 ’⁸⁸
1452 2850 1530 2871 hom.
1548 2850 1607 2874 \‘lll,
1619 2840 1663 2868 7:5.
