1912 3079
35 119 94 163 9Ξξ7

439 121 729 150 υιιιαΕΝιΑΝοιιυιί
747 120 813 150 LlB.
833 121 866 154 ll,
886 121 963 150 CAP.
983 122 1017 157 Il,
1036 122 1175 157 QUA'IST.
1197 124 1251 153 Vll.

1616 129 1669 158 958

35 189 103 216 qua:
131 181 302 208 ennmeravit
321 181 474 215 Apostolus,
497 190 624 217 separare
644 191 693 212 nos
708 192 759 210 non
776 191 827 218 pos

887 183 946 211 θεία
971 185 1104 221 ὲπισχοπὴ
1131 186 1178 212 ἐπὶ
1195 186 1230 213 τὰ
1254 187 1367 215 τοιαῦτα
1391 189 1472 216 αὑτὸν
1492 190 1582 224 ἄγειν⁸
1600 190 1671 225 λέγω

35 231 106 254 sunt
122 235 139 254 a
161 228 295 254 charitate
313 227 368 261 Dei,
381 236 443 255 cum
460 228 486 255 in
502 227 565 254 illud
577 228 638 262 quis
650 229 757 256 culmen
775 236 837 263 pcr-

36 273 172 301 l'ectionis
199 273 362 305 ascenderit,
389 273 474 300 multo
495 273 580 308 magis
596 275 707 301 libertas
728 273 835 302 arbitrii

35 327 91 346 nos
113 320 152 346 ab
166 320 226 354 ejus
244 319 379 346 eharitale
397 327 524 354 separare
547 328 600 347 non
623 321 734 354 poterit.
753 330 763 346 ι
784 319 835 348 Ve-

37 373 102 391 rum
127 366 186 392 haec
207 366 241 393 ab
259 367 408 400 interprete
425 365 532 397 Ruﬁno,
555 373 635 400 quem
655 374 669 393 a
691 365 835 401 Pelagiana

35 408 185 436 fermento
199 411 250 438 sibi
268 411 335 438 satis
352 419 405 437 non
417 411 523 437 cavisse
543 418 622 438 neruo
635 414 731 444 nescit,
746 412 836 446 inqui-

35 459 104 481 nata
122 454 210 482 fuisse
223 463 368 490 possumus
382 455 527 491 suspicari.
544 456 776 489 Quemadmodum
788 465 834 484 att-

35 505 96 528 ι
115 501 276 536 reprehensi
289 502 322 528 ab
334 501 499 537 Hieronymo
509 503 612 530 erroris
628 502 770 536 Origenem
783 503 833 530 loci

33 547 63 574 hi
89 556 148 575 non
175 549 241 575 satis
268 548 369 583 liquido
393 554 553 584 coarguunt,
584 549 620 575 ita
649 556 735 583 neque
767 549 835 576 satis

33 600 143 628 purgat
159 594 257 628 illeqni
273 599 363 621 exstat
374 599 439 622 tam.
456 602 503 621 xm
530 594 557 621 in
569 593 676 625 Matt/1..
693 603 766 622 num.
780 594 832 621 25:

39 638 222 667 ’Δνένδεκτον
246 639 300 675 γὰρ
325 641 399 667 ἐστιν
423 640 565 676 ἄνθρωπον
583 640 726 676 εὑρεθῆναι
746 639 833 676 πάντη

32 686 248 722 ἀναμάρτητον,
274 687 320 713 καὶ
336 687 420 722 χωρὶς
439 687 576 723 ἁμαρτιας
597 685 761 722 ἀνειληφότα
784 686 834 722 τὴν

32 732 160 767 ἀρετήν’
180 741 266 768 neque
282 735 448 760 sanctiortnn
468 734 511 759 illa
531 733 746 768 patriarcharum
767 740 834 760 enit-

34 777 174 807 Ineralio,
190 785 249 812 quae
268 783 310 805 est
330 778 375 804 lib.
394 786 407 803 v
423 779 448 804 iu
465 777 549 811 Epist.
560 778 594 804 ad
614 777 701 811 llom.,
716 785 789 804 ιιιιιιι.
806 777 832 810 1,

34 829 100 857 pag.
112 822 179 853 547,
189 831 303 857 quorum
318 824 453 850 neminem
466 828 576 858 peccato
587 824 732 850 inununem
747 823 832 850 vixis-

34 876 64 895 se
87 869 205 903 probat;
220 869 274 903 (cui
290 869 485 896 euntneratioui
507 869 670 896 contrariam
690 877 704 895 a
725 868 832 903 Pelagio

35 913 211 946 institutam,
228 922 322 941 eorum
336 914 449 946 scilicet,
469 923 478 940 ι
495 915 539 948 qui
553 922 605 940 non
617 913 696 940 modo
708 921 760 940 non
773 921 833 948 pec-

33 967 133 990 casse.
150 960 198 986 sed
211 960 293 986 etiam
306 959 377 994 jnste
390 959 491 986 vixisse
508 959 670 991 referuntur,
694 968 704 985 ι
721 958 832 986 exhibet

34 1006 211 1040 Augustinus
232 1006 258 1032 in
275 1005 322 1032 lib.
339 1004 376 1032 De
390 1011 484 1032 natura
502 1011 525 1032 et
542 1006 639 1040 gratia,
663 1013 723 1040 cap.
739 1005 785 1037 55,
800 1005 833 1032 de

34 1058 88 1084 qua
111 1051 220 1077 consuli
244 1051 323 1077 velim
346 1050 444 1084 Pelagii
463 1050 546 1085 ipsius
561 1050 701 1084 epistulari]
727 1050 758 1077 ad
782 1051 832 1078 De-

34 1096 214 1127 metriadem,
227 1101 253 1122 et
272 1095 425 1131 llieronymi
446 1095 542 1122 librmn
558 1104 565 1122 ι
580 1097 639 1123 adv.
658 1096 829 1132 Pelagium);

35 1141 125 1167 vitam
141 1141 213 1168 enim
232 1141 265 1168 ab
281 1142 434 1168 hominibus
449 1143 577 1176 perlectis
591 1148 677 1170 actam
696 1142 832 1177 intelligit,

34 1190 186 1220 antequam
205 1187 238 1212 ail
255 1194 386 1213 summam
400 1187 592 1221 perfectionem
610 1189 784 1222 erepsissent.
803 1189 831 1215 ld

34 1231 187 1257 conﬁrmat
209 1231 277 1258 alter
305 1231 350 1258 ille
380 1232 454 1260 locus
476 1240 492 1259 e
517 1238 581 1260 tom.
601 1241 674 1260 χχχιι
691 1235 717 1259 in
736 1233 831 1267 luam,

36 1285 117 1303 uuln.
132 1277 175 1307 12,
190 1284 251 1312 pag.
268 1277 320 1304 456
336 1287 342 1304 :
368 1278 536 1313 Ἐμέμνηντο
548 1279 611 1314 γὰρ,
625 1278 711 1315 οἶμαι,
727 1280 830 1316 ἀνορω-

35 1331 81 1350 ποι
98 1324 180 1356 ὄντες
194 1324 234 1350 ὅτι.
250 1326 353 1360 τρεπτή
366 1326 438 1352 ἐστιν
453 1327 468 1361 ἡ
483 1326 640 1362 προαίρεσις
652 1327 706 1353 τῶν
718 1327 757 1353 ἔτι
769 1336 833 1363 προ-

35 1370 208 1402 κοπτόντων,
233 1371 280 1397 καὶ
303 1371 480 1408 ἐπιδεχομένη
504 1373 539 1399 τὰ
557 1373 664 1400 ἐναντία
688 1374 774 1400 Οέλειν
791 1372 832 1406 οἷς

34 1415 174 1451 πρότερον
191 1416 330 1452 προέθετο.
362 1417 513 1444 Mniabiluvn
529 1426 589 1446 esse
616 1420 653 1446 ait
676 1428 767 1447 eorum
785 1428 831 1447 vo-

36 1462 176 1489 luntatem
192 1463 237 1496 qni
253 1463 405 1496 proficiunt,
423 1472 474 1490 non
492 1465 536 1498 qui
554 1465 662 1498 perfecti
676 1471 749 1493 sunt.

72 1508 110 1535 At
128 1509 173 1535 vix
194 1509 274 1536 ullam
297 1509 414 1536 admittit
430 1510 646 1542 excusationem,
662 1512 734 1545 quod
749 1511 782 1538 ab
797 1519 829 1539 co

35 1555 172 1589 scriptum
193 1559 235 1581 est
252 1560 317 1582 tom.
337 1564 373 1582 χιι
400 1556 428 1583 in
448 1555 543 1583 Matth.
560 1565 634 1583 num.
650 1557 696 1589 25,
716 1558 759 1584 nhi
778 1558 829 1586 hoc

35 1601 141 1628 Christi
164 1602 197 1627 ad
216 1601 323 1628 l‘ctrnm
341 1609 481 1636 exponens
505 1610 512 1628 :
543 1611 552 1627 ι
578 1602 738 1630 Seandalum
763 1603 827 1631 mihi

35 1646 109 1677 es",
131 1655 141 1671 ι
161 1646 259 1680 quaerit
275 1647 409 1679 quomodo
425 1651 498 1673 stare
511 1647 574 1673 illud
594 1648 678 1681 possit
696 1656 758 1675 cmn
777 1647 829 1675 isto

36 1692 184 1728 Propheta:
201 1702 207 1720 :
225 1702 234 1717 ι
251 1693 302 1719 Pax
326 1693 407 1719 multa
425 1693 595 1728 diligentibus
613 1701 709 1720 nomen
726 1694 782 1728 Dei,
800 1698 829 1721 et

37 1742 151 1764 nonest
165 1738 217 1764 illis
231 1738 388 1764 scandalum
400 1738 438 1767 ’"z
458 1748 467 1764 ι
480 1743 505 1764 et
518 1738 569 1765 isto
579 1738 698 1773 Apostoli
713 1748 719 1765 ι
735 1749 744 1764 ι
759 1739 829 1766 Cha-

37 1784 105 1810 ritas
123 1791 261 1818 nunquam
279 1784 408 1810 excidit"
425 1793 432 1810 :
453 1793 462 1810 ι
479 1785 676 1819 respondetque
696 1793 747 1812 ιιιιιι
764 1786 828 1811 Ser-

37 1835 163 1855 vatorem
186 1830 276 1861 modo,
293 1830 338 1856 sed
359 1834 385 1856 et
406 1837 467 1856 eum
494 1829 539 1863 qni
564 1829 590 1856 in
614 1831 746 1857 charilatc
766 1838 827 1864 pcr-

38 1874 187 1901 fectionem
204 1874 317 1908 adeptus
333 1879 384 1907 est,
405 1874 532 1901 seandalo
549 1874 692 1901 obnoxium
717 1882 767 1901 non
782 1882 824 1901 es-

38 1929 85 1954 se;
110 1921 159 1947 sed
174 1928 236 1947 eum
254 1925 342 1947 tamen
358 1921 403 1954 qni
421 1925 524 1955 peccat,
541 1924 670 1954 quantum
687 1920 712 1946 in
727 1928 757 1946 se
773 1926 826 1952 est,

37 1966 198 1993 scandalum
224 1967 286 1993 huic
305 1967 432 2000 pratbcre.
454 1966 614 1992 ltainuosmn
639 1973 701 1992 vero
722 1966 828 2000 penitus

37 2012 110 2038 istud
125 2012 197 2045 quod
211 2011 324 2038 habetur
338 2012 431 2038 eodem
449 2017 531 2042 torno,
546 2019 619 2037 ιιιιιιι.
632 2011 658 2042 ιι,
675 2019 735 2044 pag.
754 2011 825 2037 510:

42 2058 71 2085 '0
88 2055 139 2084 οὖν
153 2057 353 2093 ἀναμάρτητθς,
372 2058 417 2084 καὶ
432 2057 529 2092 μηκέτι
543 2057 668 2092 δεόμενος
682 2056 736 2083 τῶν
753 2065 828 2092 νομι-

37 2104 94 2130 κῶν
120 2103 221 2130 Θυσιῶν
242 2104 413 2138 ὑπερϐέῧηκε
436 2102 587 2134 τελειωθεὶς
616 2103 685 2138 τάχα
712 2103 758 2129 καὶ
781 2103 827 2129 τὸν

37 2148 225 2184 msupattxbv
235 2149 326 2184 νόμον,
339 2149 385 2176 καὶ
396 2148 505 2182 γέγονεν
520 2149 551 2174 ὲκ
562 2147 600 2182 τῷ
612 2148 681 2182 ὑπὲρ
694 2148 773 2174 αὑτὸν
789 2148 828 2174 νό-

886 228 915 256 se
932 230 982 266 τὴν
1007 229 1150 267 ἐπαινετὴν
1173 233 1315 266 ἀπάθειαν,
1342 234 1387 260 καὶ
1412 235 1503 262 πᾶσαν
1529 235 1577 271 τὴν
1604 235 1671 272 ἀρε.-

885 277 944 312 τήν.
1624 285 1627 287 >

902 336 910 343 -
922 321 991 350 XIX.
1006 323 1059 351 Sed
1077 331 1126 351 nec
1142 324 1209 357 fugit
1229 324 1393 358 diligentiam
1418 325 1534 360 lpreusls
1551 327 1670 362 episcopi

887 367 973 395 isthoe
994 368 1119 404 Origenis
1135 369 1341 397 delirameutum
1359 371 1413 406 jam
1436 377 1499 398 ante
1515 376 1635 399 notatmn
1655 381 1670 399 a

886 412 1253 449 Magdeburgensibns,cent.
1273 424 1315 448 ιιι,
1332 425 1391 452 cap.
1406 417 1449 449 10,
1463 419 1533 452 quod
1551 418 1671 445 luculen—

887 464 928 487 ter
943 462 1061 496 exagitat
1079 467 1142 489 tom.
1154 462 1175 495 I,
1191 462 1236 489 lib.
1251 471 1288 496 vt,
1304 471 1363 497 cap.
1380 464 1413 490 12
1426 469 1452 491 et
1468 463 1510 497 l5,
1529 470 1556 491 et
1575 465 1671 499 praeci-

885 513 936 539 pue
958 505 1004 532 lib.
1024 513 1048 533 tv
1070 507 1134 533 tomi
1156 506 1288 540 ejusdem,
1310 515 1369 541 cap.
1386 508 1430 539 19,
1457 509 1500 534 ubi
1517 509 1585 536 hanc
1599 508 1671 536 ἀπά-

886 548 963 577 θειαν
985 559 1000 578 e
1017 551 1259 586 Pythagoreorum,
1275 552 1441 585 Stoicorum,
1454 553 1589 588 Diogenis,
1605 553 1670 590 Pyr-

887 597 979 624 rhonis
1000 597 1167 632 aliorutuque
1188 597 1408 633 philosophorum
1427 599 1527 626 scholis
1546 607 1670 627 manasse

885 643 1061 670 demonstrat.
1087 643 1113 669 lu
1137 651 1191 677 quo
1207 644 1290 671 miror
1304 643 1356 671 hoc
1370 644 1503 671 excidisse
1520 652 1528 671 ε
1545 654 1554 670 ι
1579 646 1671 678 Quan-

884 695 964 722 quam
978 696 1025 715 uec
1038 688 1168 723 Origenes
1182 689 1261 723 hujus
1274 689 1496 724 impassibilitatis
1508 690 1610 724 primus
1623 698 1670 717 au-

884 738 942 760 t-tor
956 734 1016 761 fuit.
1040 733 1107 761 Nam
1135 740 1163 761 ut
1184 735 1249 762 nihil
1265 736 1298 762 de
1316 735 1463 763 Manichaee
1477 736 1668 763 dicam.........

881 780 938 814 jam
953 781 1017 806 olim
1034 780 1118 807 Stoici
1132 784 1261 814 putantur
1277 781 1361 808 fuisse
1385 781 1455 808 illius
1468 779 1602 813 ἀπαθείας
1619 789 1669 808 au-

884 831 984 851 ctores.
1003 835 1012 851 ι
1029 825 1110 858 Quasi
1121 826 1264 860 Origeneut
1281 824 1443 853 Manichaans
1461 831 1580 861 tempore
1598 835 1669 861 pra:-

883 871 1013 902 cesserit,
1042 879 1122 904 quem
1150 876 1253 898 certum
1278 876 1321 899 est
1345 872 1423 898 annis
1455 876 1516 906 post
1545 871 1670 906 Origenis

882 916 984 942 obitum
1001 916 1111 943 circiter
1126 917 1221 951 viginti
1243 921 1271 944 et
1296 924 1349 943 uno
1373 917 1495 944 litt-resina
1510 923 1586 945 suam
1608 925 1668 952 pro-

884 962 1027 996 mulgasse.
1045 960 1112 989 Tum
1136 963 1187 990 hec
1202 963 1271 996 loco,
1298 966 1326 989 et
1347 962 1393 989 lib.
1415 969 1452 996 vt,
1477 971 1537 997 cap.
1554 963 1588 989 η
1602 964 1668 990 ιοιιιὶ

881 1011 1016 1043 ejusdem,
1048 1007 1259 1042 l’riscilliantnn,
1293 1007 1481 1041 Maniclnenm,
1512 1007 1667 1042 Gnosticos,

883 1055 1024 1090 Evagrinm
1056 1056 1275 1091 llyperboritam,
1303 1055 1485 1088 Joviniannm,
1517 1054 1667 1090 Pelagium,

883 1101 1019 1136 totiusque
1045 1109 1114 1134 pene
1141 1100 1227 1136 Syriae
1255 1100 1399 1128 ltzerclicos
1423 1101 1572 1127 doctrinam
1599 1102 1669 1128 hanc

882 1148 915 1174 ab
939 1147 1054 1182 Origene
1078 1147 1225 1181 sumpsisse
1251 1151 1362 1174 auctore
1389 1147 1468 1174 docet
1487 1146 1667 1183 Hieronymo;

883 1193 1006 1228 interqtte
1024 1201 1072 1220 eos
1087 1193 1230 1228 Evagrium
1248 1193 1346 1220 librqu
1365 1193 1482 1220 edidisse
1505 1193 1576 1230 Ιζερὶ
1591 1193 1668 1220 ἀπα-

881 1238 973 1272 θείας,
996 1239 1040 1274 qui
1063 1247 1077 1265 ιι
1093 1238 1190 1265 Rnlluo
1205 1239 1300 1266 Latine
1315 1246 1461 1266 conversus
1478 1244 1529 1266 est.
1549 1239 1669 1266 Solerter

881 1285 978 1312 dcitule
1002 1284 1128 1311 observat
1148 1293 1200 1311 non
1227 1285 1294 1311 satis
1321 1290 1399 1312 caule
1423 1283 1614 1320 Hieronymum
1641 1284 1667 1310 in

881 1329 960 1362 epist.
988 1329 1021 1356 ad
1044 1328 1168 1363 Ctesiph.
1194 1334 1287 1355 contra
1310 1329 1401 1363 Pelag.
1433 1337 1492 1364 cap.
1523 1329 1555 1361 2,
1582 1334 1610 1356 et
1640 1329 1667 1356 in

882 1382 996 1409 promtu.
1021 1375 1053 1401 ad
1077 1373 1182 1409 Dialog.
1209 1380 1300 1401 contra
1322 1374 1412 1410 Pelag.
1440 1380 1468 1402 et
1495 1375 1521 1401 in
1550 1381 1665 1408 procem.

881 1419 1025 1447 Comment.
1042 1419 1069 1445 in
1087 1418 1198 1452 Jerem.,
1218 1419 1263 1446 lib.
1276 1427 1314 1452 tv,
1331 1419 1489 1447 distinxisse
1502 1420 1545 1447 illa
1556 1421 1619 1451 duo,
1630 1419 1668 1446 fa-

880 1465 1009 1492 cultatem
1026 1465 1126 1491 habere
1141 1473 1192 1491 nt-u
1208 1465 1348 1500 peccandi,
1366 1470 1392 1491 ct
1404 1474 1456 1492 non
1470 1466 1570 1492 habere
1582 1466 1667 1493 facul-

883 1515 963 1538 tatem
977 1511 1124 1544 peccandi;
1145 1510 1195 1537 hoc
1207 1515 1258 1542 est,
1275 1519 1349 1544 posse
1364 1519 1414 1537 non
1433 1519 1550 1545 peccare,
1569 1518 1594 1538 et
1616 1520 1668 1538 non

881 1564 955 1590 posse
970 1563 1084 1590 peccare.
1099 1555 1218 1588 Quorum
1229 1555 1343 1582 alterunt
1356 1563 1371 1582 e
1386 1555 1472 1583 libero
1484 1557 1581 1590 pendet
1593 1557 1668 1583 arbi-

882 1602 943 1633 trio,
962 1610 1015 1636 quo
1029 1601 1057 1627 lit
1076 1605 1103 1628 ul
1119 1609 1263 1635 possumus
1277 1609 1399 1636 peccare,
1417 1601 1458 1628 ιιι-Ι
1475 1610 1527 1628 ιιοιι
1543 1610 1667 1636 peccare,

880 1647 974 1682 gratia:
989 1647 1067 1673 modo
1092 1647 1125 1673 ad
1147 1646 1171 1672 id
1192 1650 1356 1680 postrcunnn
1374 1640 1498 1681 suppetat
1521 1647 1667 1681 auxilium;

879 1692 993 1718 alterum
1008 1699 1073 1718 vero
1090 1691 1192 1717 arbitrii
1213 1690 1322 1718 humani
1341 1692 1491 1718 libertatem
1511 1692 1589 1724 tollit,
1606 1696 1634 1719 et
1651 1701 1667 1718 a

882 1736 1076 1763 Valcntiniauis
1093 1736 1322 1770 propugnabatur,
1343 1736 1387 1770 qui
1403 1737 1525 1763 homines
1545 1745 1666 1772 πνευμα-

877 1783 969 1813 τικοὺς
992 1781 1049 1815 ejus
1065 1789 1124 1808 esse
1148 1781 1274 1808 volebant
1302 1787 1416 1814 tuatui-ae,
1443 1790 1502 1816 qua:
1529 1786 1666 1816 peccatum

877 1828 950 1856 nullo
961 1829 1040 1854 modo
1052 1828 1203 1862 reciperet:
1217 1828 1287 1860 quod
1299 1828 1410 1863 dogma,
1421 1828 1609 1863 dogmatisque
1619 1836 1666 1854 au-

877 1879 966 1901 ctores
988 1873 1124 1908 perpetuis
1143 1873 1346 1900 velitationibus
1373 1873 1503 1906 Origenes
1535 1875 1663 1908 urgebat;

878 1927 1014 1954 nunquam
1034 1927 1086 1945 non
1104 1920 1154 1946 hoc
1171 1919 1321 1951 inculcans,
1340 1919 1441 1946 uullatu
1465 1927 1525 1947 esse
1543 1924 1665 1946 naturam

877 1973 937 1999 quae
957 1973 1007 1991 non
1028 1964 1063 1991 sit
1084 1965 1145 1991 boui
1174 1969 1201 1992 et
1221 1965 1283 1991 mali
1302 1973 1400 1999 capax,
1420 1965 1487 1992 adeo
1509 1970 1538 1992 ut
1564 1972 1597 1992 ne
1614 1965 1666 1999 ipsi

878 2011 985 2046 quidem
1000 2010 1087 2046 angeli
1111 2019 1124 2037 a
1147 2015 1269 2045 peccato,
1295 2011 1453 2045 peccatique
1472 2011 1561 2045 pinnis
1573 2016 1667 2038 essent

878 2058 1021 2084 inununcs.
1044 2057 1188 2091 Pcrpcram
1212 2064 1276 2088 ergo
1296 2056 1472 2090 llieronymns
1489 2056 1514 2082 in
1532 2057 1612 2090 epist.
1630 2057 1663 2082 ad

877 2103 1007 2137 Ctesiph..
1020 2111 1079 2137 cap.
1097 2103 1122 2135 l,
1136 2101 1336 2137 ἀναμάρτητον,
1353 2102 1422 2129 idem
1433 2109 1492 2128 esse
1501 2106 1583 2133 retur,
1593 2101 1664 2136 quod

877 2151 932 2176 sine
942 2154 1064 2183 peccato;
1074 2157 1133 2175 nam
1147 2149 1346 2185 ἀναμάρτητον,
1356 2153 1407 2181 cst,
1423 2148 1535 2182 incapux
1547 2148 1645 2181 peccati
1656 2155 1665 2175 :

39 2205 95 2231 μῳ.
114 2195 250 2221 I’ra-tcrea
277 2200 341 2222 :otu.
359 2201 393 2220 xv
416 2195 443 2220 in
468 2194 538 2220 idem
551 2194 734 2227 Evangelimn,
753 2201 824 2219 nutu.
846 2205 867 2232 D
883 2196 1015 2230 perfectos
1031 2201 1120 2221 autem
1137 2203 1188 2221 non
1204 2195 1346 2229 incapaces
1364 2194 1466 2229 peccati
1483 2194 1590 2220 volebat
1605 2193 1666 2221 Ori-

36 2242 63 2272 ϋ,
82 2248 145 2275 pag.
169 2241 231 2272 659,
253 2241 335 2268 tradit
352 2248 449 2274 pueros
469 2241 567 2273 quibus
586 2247 680 2266 manus
702 2239 828 2274 imposuit

36 2287 131 2319 Jesns,
145 2287 202 2320 jalll
216 2287 330 2321 amplius
344 2288 495 2314 daemonum
509 2286 655 2313 assultibus
669 2286 709 2312 vel
725 2286 827 2319 peccati

37 2334 177 2360 illecebris
193 2334 300 2367 percelli
318 2342 368 2360 non
380 2342 473 2369 posse;
490 2338 516 2360 et
530 2342 603 2359 Illllll.
622 2334 663 2364 l7,
681 2341 740 2367 pag.
754 2333 805 2359 676
821 2343 827 2360 ;

36 2378 124 2413 Οὗτος
143 2380 176 2416 δὴ
188 2382 203 2407 ὁ
216 2381 503 2416 ἀνθυπαλλασσόμενος
520 2380 580 2406 ἀντὶ
596 2379 709 2405 πλούτου
722 2380 827 2411 πενίαν,

39 2427 112 2462 ὑπὲρ
136 2426 184 2453 τοῦ
204 2426 303 2458 τέλειος
321 2426 456 2460 γενέσθαι,
480 2426 600 2457 πεισθεὶς
611 2427 666 2456 τοῖς
684 2425 769 2460 Ἰησοῦ
784 2425 828 2451 λό-

38 2482 110 2507 γοις,
125 2472 232 2508 ἀθρόως
244 2472 277 2499 ἂν
289 2472 443 2508 βοηοηῡείη,
461 2473 498 2504 ὡς
520 2471 567 2498 καὶ
583 2473 607 2498 οἱ
622 2471 765 2498 ἁπόςτολοι
782 2468 830 2497 τοῦ

36 2518 171 2554 Χριστοῦ,
189 2518 256 2554 πρὸς
286 2517 316 2544 τὸ
336 2518 462 2552 γενέσθαι
484 2518 564 2552 σοφὸς
590 2519 618 2543 ἐν
644 2517 765 2552 Χριστῷ,
784 2517 831 2543 καὶ

35 2564 174 2599 ἀνδρεῖος,
194 2564 241 2590 καὶ
260 2563 372 2595 δίκαιος,
385 2564 431 2590 καὶ
443 2563 569 2598 σώφρων,
583 2563 629 2590 καὶ
641 2563 718 2594 ἐκτὸς
731 2563 830 2594 παν-τὰς

37 2609 152 2640 πάθους
182 2607 300 2644 φήσειδὲ
315 2611 329 2635 ὁ
351 2609 437 2641 οὕτως
464 2609 690 2644 ἀπολογούμενος,
716 2609 757 2635 ὅτι
781 2609 832 2634 οὐκ

36 2655 146 2690 ἀνάγκη
157 2655 237 2681 τοῦτο
260 2655 390 2690 νοηθῆναι
404 2655 486 2690 αὐτῆς
499 2655 604 2690 ἡμέρας
619 2655 772 2690 ἀπαντῆσαι
781 2653 829 2689 κτῷ

37 2700 229 2736 ἀποδεδομένῳ
252 2701 287 2727 τὰ
313 2700 479 2735 ὑπάρχοντα,
510 2701 557 2727 καὶ
580 2700 675 2726 διδόντι
693 2701 825 2735 πτωχοῖς·

38 2745 95 2771 ἀλλ’
124 2746 190 2777 tam;
215 2746 261 2772 ἀπ’
276 2746 383 2781 ἐκείνης
408 2746 457 2781 μὲν
483 2747 532 2781 τῆς
553 2746 658 2782 ἡμέρας
682 2745 793 2778 ἄρξεται
811 2746 827 2779 ἡ

73 2839 95 2853 ἰ’
118 2835 216 2863 Matth.
233 2845 288 2868 ιιιί,
302 2836 344 2864 25.
379 2837 399 2850 ⁸⁷
419 2834 490 2862 ΙέιιιΙ.
513 2835 678 2866 cx\tn,ltiii.

718 2836 740 2851 “"
760 2835 769 2862 Ι
784 2835 846 2862 Cur.

883 2249 974 2276 genes,
1001 2249 1088 2275 neque
1108 2241 1241 2275 l'elagins.
1262 2241 1308 2266 sed
1328 2245 1439 2274 peccato
1458 2247 1551 2267 carere
1567 2247 1665 2274 posse;

884 2287 938 2314 imo
951 2294 1015 2314 vero
1032 2288 1194 2321 przcdieabat
1211 2287 1334 2322 Pelagius
1348 2294 1400 2314 non
1414 2287 1438 2313 id
1450 2287 1505 2321 agi,
1517 2291 1605 2313 utrum
1617 2286 1666 2314 ali-

882 2332 943 2366 quis
964 2335 1065 2366 peccatt
1094 2340 1141 2366 per
1168 2337 1251 2359 totam
1277 2332 1357 2358 vitam
1383 2331 1477 2359 fuisset
1495 2340 1601 2366 exsors,
1619 2332 1666 2360 sed

884 2383 972 2404 utrum
991 2378 1112 2404 homines
1128 2378 1373 2411 peccati'exsortes
1394 2385 1454 2404 esse
1470 2382 1579 2411 queant.
1596 2378 1666 2411 qttod

882 2431 930 2457 per
954 2423 1058 2450 arbitrii
1079 2423 1157 2450 liberi
1173 2424 1245 2450 vires
1268 2423 1325 2450 ﬁeri
1349 2430 1429 2457 posse
1447 2423 1613 2454 allirutabat;
1640 2427 1668 2449 et

881 2469 1059 2496 Adamantius
1073 2476 1180 2504 quoque
1200 2470 1333 2496 neminem
1352 2469 1410 2496 sine
1430 2473 1542 2504 peccato
1564 2468 1666 2495 vixisse

883 2515 1005 2549 putabat,
1021 2520 1050 2540 ut
1065 2522 1144 2549 supra
1164 2515 1232 2542 dlxi.
1247 2515 1327 2549 Atqui
1344 2515 1401 2541 lit-ri
1418 2522 1495 2548 posse
1510 2522 1563 2541 non
1583 2522 1666 2548 nega-

883 2560 928 2586 bat
943 2560 1111 2594 Angustinns
1125 2565 1154 2587 ut
1165 2568 1226 2587 esse
1239 2565 1331 2595 posset
1342 2562 1422 2588 homo
1441 2562 1466 2588 in
1484 2562 1534 2588 hac
1546 2561 1599 2588 vita
1608 2561 1666 2588 sine

883 2612 1006 2640 peccato.
1022 2606 1046 2632 id
1063 2606 1141 2632 modo
1152 2607 1246 2640 gratiae
1259 2606 1370 2639 auxilio,
1382 2613 1434 2633 nou
1451 2612 1552 2633 natura
1565 2606 1666 2634 viribus

883 2653 1029 2679 referretur
1044 2656 1180 2686 acceptum
1195 2660 1202 2678 :
1216 2660 1226 2677 σ
1238 2651 1305 2678 Nam
1318 2652 1361 2686 qui
1374 2652 1478 2684 dicunt,
1494 2662 1503 2678 ι
1515 2652 1600 2687 inquit
1614 2652 1660 2679 lib.

885 2698 922 2725 Dc
942 2702 1040 2732 peccat.
1055 2705 1129 2728 ιιιεν..
1148 2697 1195 2725 lib.
1210 2705 1241 2730 ll,
1259 2706 1319 2733 cap.
1333 2697 1360 2729 6,
1379 2707 1387 2723 I
1406 2705 1465 2725 csse
1479 2705 1557 2732 posse
1570 2698 1596 2724 iu
1613 2698 1664 2725 hac

879 2745 935 2771 vita
947 2745 1082 2771 hominem
1098 2744 1154 2771 sine
1169 2750 1289 2779 peccato,
1306 2752 1357 2771 ιι·)ιι
1376 2749 1416 2772 cst
1431 2745 1469 2772 cis
1481 2744 1610 2771 continuo
1625 2745 1665 2771 itt-

869 2842 929 2866 χιιι,
945 2834 971 2860 8.
