1912 3079
267 139 321 170 959

906 133 937 162 P.
957 131 1115 160 DANIELIS
1133 130 1249 160 llUETll
1831 131 1866 158 ειῡο

267 203 348 227 cauta
363 197 515 225 temeritate
534 194 732 223 obsistendum.
749 193 794 222 Sic
804 193 875 221 enim
894 201 954 221 esse
977 200 1056 227 posse
1071 194 1094 223 Δ
1109 191 1232 219 renovari
1246 191 1280 217 ad
1305 189 1489 225 pmnilentiam
1501 210 1508 222 ,
1527 196 1635 217 rursum
1659 188 1867 224 cruciﬁgentessi-

269 244 469 279 negaverimus,
495 247 521 269 et
545 241 664 268 hominis
688 240 773 267 libero
797 241 921 272 arbitrio,
942 240 988 274 qui
1009 241 1061 267 hoe

269 290 383 317 volendo
402 288 516 322 appetit,
529 292 556 314 et
570 287 615 314 Dei
629 287 723 313 virtuti
739 286 780 313 vel
797 286 997 317 inisericordize,
1014 286 1060 320 qui

268 335 321 361 huc
335 333 489 368 adjuvando
504 332 597 363 ellieit,
610 332 812 367 derogabitnus.
827 342 836 358 ι
856 331 910 359 Nec
922 331 987 359 satis
1000 339 1061 366 pro-

269 379 327 413 prie
342 379 412 405 idem
431 377 612 413 Hieronymus
630 378 655 404 in
672 382 787 412 promtu.
809 378 856 405 lib.
878 383 902 404 tv
915 377 1058 404 Comment.

268 433 296 451 ut
310 423 419 455 Jerem.,
435 422 643 458 dvapap’r‘qsiav
667 422 814 449 reddidisse
831 423 947 454 \idetur,
964 422 1061 456 impcc-

269 469 395 500 euntium,
414 469 439 495 id
454 473 506 500 est,
521 474 572 494 non
586 475 708 502 peccare;
723 467 797 501 quod
813 467 974 493 reddendum
990 471 1058 498 erat,

267 514 522 550 iiiipecmbilitatem,
541 513 566 541 id
587 519 639 544 est,
661 522 711 539 non
731 521 806 547 posse
824 521 940 547 peccare.
963 512 1060 547 Perpe-

269 571 326 589 rattt
346 569 452 597 quoque
464 561 593 595 Scriptum
608 562 641 588 ab
653 567 686 588 eo
701 566 742 586 est
757 567 870 594 promtu.
887 559 992 594 Dia/0g.
1009 559 1060 585 nd-

268 617 334 637 vers.
350 607 442 643 Pelag.
463 616 472 635 :
489 618 498 634 ι
517 607 582 635 Illud
601 612 690 634 autem
712 606 836 642 Origt-uis
856 607 991 640 propritnn
1006 611 1058 638 est,

268 661 330 681 esse
342 653 480 689 possibile,
498 661 558 679 cutn
581 660 611 679 se
630 651 728 687 aliquis
742 651 774 678 ad
792 651 901 678 tneliora
918 655 1059 678 converte-

270 699 318 731 rit,
333 699 366 726 ad
382 704 483 726 lautam
498 698 680 726 fortitudinem
698 699 854 732 pervenire,
871 703 899 725 ut
910 698 979 725 ultra
995 705 1058 732 pec-

269 752 332 771 rare
355 752 407 771 non
431 744 526 779 possit,
544 753 553 769 ι
572 750 621 778 pro
633 751 666 770 eo
682 744 753 778 quod
769 743 891 769 scribere
907 743 1011 774 debttit,
1031 747 1058 769 ut

269 788 340 817 ultra
357 799 408 817 non
421 797 527 823 peccare
541 790 634 824 pauit.
646 789 769 816 Genuina
785 796 849 824 ergo
862 796 892 815 ea
903 788 953 815 fuit
965 788 1059 823 Orige-

270 836 312 863 nis
329 836 474 869 sententia,
491 835 614 863 homines
639 837 734 862 omnes
757 834 875 869 peccatis
901 842 960 861 esse
977 835 1058 862 obno-

271 881 344 914 xios;
357 880 403 916 qtti
416 888 481 908 vero
493 880 666 915 acquireudre
680 880 787 912 virtuti,
801 885 828 907 et
843 879 948 907 delictis
962 887 1058 914 expur-

268 927 364 961 gandis
377 927 481 953 dederit
496 933 619 961 cperant,
630 931 658 954 et
676 927 710 954 ad
721 926 913 961 perfectionem
929 933 1058 953 conscen-

269 971 351 1003 derit,
366 971 492 998 vitiorum
505 971 680 999 incitamenta
694 971 813 1006 propriis
826 970 927 998 viribus
939 978 1059 1005 pessum-

269 1018 335 1046 dare
355 1026 437 1053 posse
451 1019 473 1046 si
489 1017 562 1051 velit,
579 1019 611 1045 ab
631 1019 717 1052 iisqtte
734 1019 889 1053 neutiquam
905 1018 1012 1045 tetttari.
1027 1018 1057 1046 In

269 1071 325 1099 quo
347 1063 472 1100 geminus
492 1070 534 1092 est
549 1073 637 1096 error,
666 1064 737 1100 quod
752 1065 839 1092 virum
853 1065 1003 1100 perfectum
1024 1064 1058 1092 ad

270 1111 416 1138 calcandos
433 1112 538 1146 peccati
564 1111 710 1139 blanditias
734 1112 827 1145 gratia:
855 1111 982 1147 przPsidio
1004 1119 1058 1139 non

268 1160 350 1192 egere
367 1157 443 1190 Velit,
458 1162 486 1184 et
501 1157 572 1192 quod
589 1157 783 1185 tcutationibus
798 1165 859 1184 eum
876 1158 987 1184 minime
999 1165 1059 1192 pcr-

269 1203 328 1230 celli
347 1209 471 1235 censeat;
487 1211 548 1230 cum
568 1208 673 1231 certum
687 1204 722 1230 sit
739 1203 822 1230 vitatu
837 1203 954 1231 hominis
972 1209 1059 1230 certa-

270 1257 330 1276 tueu
350 1257 411 1277 esse
437 1255 610 1285 perpetuum,
632 1254 658 1276 et
684 1249 768 1278 Paulo
789 1250 839 1285 ipsi
860 1250 953 1277 datum
975 1250 1059 1278 {uisse

269 1294 410 1323 stimulum
429 1295 530 1323 carnis.

306 1341 364 1370 XX.
385 1340 618 1374 Quemadmodum
633 1346 742 1369 evectos
753 1342 785 1368 ad
800 1349 937 1369 summum
951 1343 1060 1370 virtutis

269 1387 375 1420 apicem
390 1386 513 1413 homines
529 1386 647 1420 pem-aiis
664 1387 799 1414 obnoxios
817 1395 868 1414 non
885 1395 946 1414 esse
963 1387 1059 1414 deﬁni—

269 1431 308 1459 vit
323 1431 518 1463 Adamantius;
536 1432 571 1458 ita
591 1433 740 1460 asseruisse
758 1433 830 1460 visus
844 1438 887 1460 est
910 1441 962 1460 non
980 1441 1060 1468 posse

268 1483 316 1504 eos
341 1483 482 1512 emergere
496 1484 510 1503 ιι
530 1476 615 1510 vitiis,
633 1481 662 1504 et
685 1477 719 1503 ad
737 1477 865 1504 virtutem
891 1479 1011 1514 regredi,
1027 1487 1058 1507 ac

1115 237 1264 271 bitttetipsis
1281 235 1377 262 Filium
1396 235 1454 268 Dei,
1471 240 1498 262 et
1511 235 1630 262 ostenttti
1647 235 1866 266 liabentes;tucc-

1115 290 1168 309 non
1185 287 1211 308 et
1235 283 1284 308 ista
1301 290 1315 308 e
1338 289 1396 315 cap.
1414 280 1457 313 10,
1482 288 1552 308 vers.
1579 281 1626 312 26,
1641 280 1695 307 27:
1717 289 1726 305 ι
1743 279 1867 310 Voltnttarie

1111 327 1187 355 enim
1219 326 1394 362 pet-cantibus
1413 327 1491 353 ttobis
1521 332 1583 361 post
1609 331 1749 361 acceptam
1774 327 1868 354 notitiam

1111 372 1311 407 veritatis,jam
1331 381 1383 399 non
1398 372 1559 406 relinquitur
1582 380 1630 407 pro
1653 372 1772 406 peccatis
1791 373 1866 405 hostia;

1112 418 1242 446 terribilis
1272 423 1361 445 autem
1386 419 1508 452 quaedam
1527 419 1693 453 exspectatio
1714 417 1829 452 iudicii.»
1842 418 1869 446 In-

1111 466 1143 493 de
1156 471 1182 493 et
1193 466 1314 492 Novatus
1326 466 1352 492 in
1369 466 1492 492 haeresim
1509 465 1632 492 inductus
1646 470 1698 492 est.
1710 466 1791 498 Quam
1803 471 1869 493 autem

1111 512 1154 539 Itis
1170 511 1246 538 Pauli
1275 512 1341 539 locis
1361 511 1558 546 expositionem
1584 511 1709 538 adhibuit
1728 511 1869 544 Pltilastrius,

1111 557 1233 584 eamdem
1249 555 1414 591 Origeniano
1427 555 1464 582 illi
1480 563 1623 590 possumus
1636 555 1776 582 adhibere.
1789 555 1828 583 Sic
1838 556 1869 582 ill:

1110 611 1139 630 se
1157 603 1236 630 habet
1247 611 1307 637 cap.
1330 601 1384 629 88:
1403 611 1412 628 ι
1434 601 1631 628 Ρωιιίιιιιιὶιιοιῐι
1642 601 1727 628 etiam
1745 602 1871 628 nonexclu—

1109 648 1149 674 dit
1162 648 1293 678 docetnlo,
1310 647 1357 674 sed
1373 647 1508 673 diversum
1520 647 1632 682 gradum
1650 646 1788 681 dignitatis
1803 652 1871 673 osten-

1110 693 1150 719 dit
1168 693 1240 720 inter
1254 693 1325 719 hunc
1342 692 1386 727 qui
1405 693 1537 726 integrum
1551 691 1708 722 custodivit,
1722 696 1750 718 et
1763 691 1826 718 illum
1840 693 1871 726 qui

1109 739 1242 774 peccavit.
1262 738 1406 773 Dignitatis
1419 742 1460 765 est
1472 738 1552 772 igitur
1563 737 1757 764 detrimentum
1772 737 1795 763 iu
1807 738 1871 771 coqui

1110 784 1243 819 peccavit,
1255 791 1307 811 tton
1327 784 1454 811 damnum
1469 783 1572 811 salutis.
1590 782 1657 810 Nam
1676 783 1699 809 si
1723 781 1819 810 fortiter
1830 783 1872 816 quis

1112 829 1275 865 pugnaverit
1290 837 1338 864 per
1359 828 1646 864 martyrium,rceipiet
1659 828 1796 863 pristinam
1808 828 1871 863 digni-

1111 881 1192 904 tatem
1209 885 1217 910 ;
1233 881 1279 903 aut
1291 876 1314 904 si
1326 876 1458 911 c0udigne
1472 876 1498 902 in
1513 876 1564 904 hoc
1579 876 1680 903 sarculo
1695 875 1798 907 vixerit,
1812 876 1871 910 impe-

1110 928 1161 952 trat
1178 925 1249 960 quod
1265 924 1404 952 desiderat
1421 924 1542 959 adipisci.
1560 923 1627 952 Nam
1650 925 1678 952 in
1706 925 1761 960 ipsa
1787 926 1871 960 epistola

1110 970 1324 1005 rebaptizatores
1340 970 1471 1002 excludit,
1488 978 1540 997 non
1558 971 1725 1005 baptismum
1740 973 1873 1007 ptenitentie

1110 1017 1235 1051 abnegat.
1265 1026 1275 1042 ι
1294 1016 1426 1043 Cancrum
1449 1016 1553 1043 consuli
1574 1017 1651 1044 velim
1679 1016 1784 1044 Sixtum
1798 1018 1873 1045 Sellt’ll-

1108 1070 1165 1090 sem
1180 1062 1227 1091 lib.
1241 1070 1267 1090 vt
1283 1062 1410 1090 Bibliotlt.
1424 1062 1515 1090 aduot.
1529 1063 1590 1095 ll9,
1603 1068 1630 1089 et
1643 1063 1692 1090 ltb.
1707 1072 1755 1095 \'tl,
1768 1064 1872 1097 Μωρέ-8,

1109 1110 1155 1144 qui
1181 1109 1238 1137 lucc
1253 1109 1371 1144 aliaque,
1385 1117 1446 1137 cotn
1468 1110 1635 1144 explicandae
1662 1110 1728 1136 huic
1747 1109 1814 1137 Pauli
1831 1119 1874 1138 sett-

1111 1157 1211 1189 teutim,
1230 1161 1284 1182 tum
1313 1156 1447 1184 adversus
1464 1157 1611 1184 adductutn
1627 1156 1757 1192 Origenis
1782 1159 1874 1185 testimo-

1111 1203 1185 1229 nitttn
1205 1203 1324 1237 collegit.

1151 1247 1218 1274 XXI.
1238 1248 1334 1275 Mirum
1355 1256 1437 1284 porro
1455 1249 1613 1276 sentientem
1639 1247 1786 1283 Origenem
1809 1249 1874 1283 perfe-

1111 1300 1168 1321 clos
1182 1295 1305 1322 homines
1317 1303 1394 1330 posse
1412 1303 1462 1321 non
1480 1294 1717 1329 peccare,dixisse
1734 1299 1818 1322 tamen
1827 1302 1874 1329 pre-

1110 1341 1195 1375 n-ptis
1207 1341 1305 1368 divinis
1319 1349 1422 1368 utoretn
1437 1341 1491 1374 geri
1506 1348 1558 1367 non
1571 1343 1659 1375 posse.
1671 1340 1721 1367 Cui
1739 1340 1874 1367 conlnrium

1111 1385 1233 1421 Pelagius
1248 1386 1366 1412 decrevit
1387 1386 1412 1411 in
1434 1385 1490 1412 suis
1505 1384 1664 1417 Sententiis,
1689 1389 1758 1412 teste
1770 1383 1873 1419 Ilierouy

1112 1440 1166 1464 uno,
1180 1432 1225 1466 qui
1244 1432 1289 1459 lib.
1307 1440 1313 1458 ι
1326 1438 1418 1458 contra
1430 1430 1522 1466 Pelag.
1538 1431 1595 1458 haee
1609 1431 1709 1458 scribit
1723 1441 1730 1457 :
1753 1440 1762 1457 ι
1782 1432 1875 1458 Ceutesi~

1111 1485 1172 1505 unts
1198 1477 1292 1504 titulus
1313 1482 1373 1510 est,
1391 1484 1468 1510 posse
1482 1476 1618 1503 hominem
1631 1476 1692 1503 sine
1708 1481 1813 1511 peccato
1825 1483 1874 1506 ess‘.

270 1521 394 1548 renovari
409 1529 455 1556 per
468 1520 656 1556 paenitentiam
671 1529 728 1554 eos,
750 1522 796 1557 qui
811 1527 872 1558 post
887 1529 1027 1558 acceptum
1043 1532 1058 1552 a
1072 1534 1093 1564 ε
1110 1528 1138 1550 et
1154 1523 1200 1550 Dei
1218 1523 1344 1550 mandata
1364 1523 1441 1550 l'arile
1459 1522 1596 1550 custodire
1607 1542 1613 1552 .
1629 1521 1650 1548 si
1674 1522 1750 1549 velit.
1769 1532 1778 1548 ι
1794 1522 1832 1548 Sic
1844 1530 1874 1548 au-

271 1568 326 1594 l)eo
338 1568 434 1602 gratim
452 1568 551 1594 divina:
568 1567 658 1594 lutnen
684 1568 780 1595 iterum
801 1576 861 1596 sese
876 1570 995 1604 peccatis
1009 1571 1058 1598 ob-

268 1615 430 1643 strinxerim
449 1625 455 1643 :
474 1615 586 1643 Petrum
602 1617 710 1652 quidem
722 1625 784 1645 cum
799 1617 937 1646 Christum
949 1620 1058 1653 ejuran-

269 1662 304 1687 do
321 1660 453 1696 peccavit,
471 1662 591 1689 nondutn
605 1663 742 1698 accepisse
758 1663 889 1698 Spiritutn
909 1670 1056 1696 sanctum:

268 1705 347 1734 nobis
358 1713 423 1733 vero
434 1706 456 1733 si
469 1713 502 1733 eo
516 1713 630 1742 accepto
641 1708 853 1742 peecaverimus,
868 1717 954 1744 neque
967 1711 993 1737 in
1007 1711 1059 1739 hoe

269 1752 378 1785 saeculo,
388 1760 476 1788 neque
485 1753 511 1780 in
524 1753 615 1780 futuro
629 1754 735 1781 veniam
748 1754 782 1781 iri
793 1763 964 1784 concessum.
977 1765 986 1782 ι
1004 1756 1059 1785 lloc

268 1799 390 1839 attende,
407 1808 416 1824 ι
434 1799 522 1834 inquit
541 1804 620 1827 tract.
636 1808 708 1827 xxxv
728 1801 756 1827 in
777 1801 887 1834 .llatth.,
909 1812 982 1830 nunt.
997 1804 1058 1837 114,

269 1853 331 1880 pag.
348 1845 411 1878 915,
426 1855 435 1871 ι
452 1846 580 1880 quoniatu
596 1847 734 1881 antegalli
749 1853 913 1880 cautmn,et
926 1855 988 1878 ante
998 1850 1057 1885 Spi-

271 1893 351 1919 ritum
367 1892 538 1925 sanctuut,iu
554 1898 674 1928 teutpore
690 1894 777 1921 noctis
796 1895 947 1929 profundae,
962 1897 1060 1924 etiam-

269 1938 292 1964 ui
309 1937 465 1972 frequenter
485 1939 658 1973 denegaverit
676 1940 746 1973 qttis,
766 1941 854 1967 vivere
869 1947 957 1975 potest
971 1943 1060 1977 :quod

271 1984 443 2012 manifestum
459 1990 548 2012 estex
564 1993 609 2017 eo,
631 1988 702 2020 quod
723 1991 764 2013 ter
786 1986 928 2022 denegavit
951 1988 1058 2016 Petrus.

271 2030 298 2056 Si
317 2036 406 2057 autent
424 2035 484 2064 post
509 2031 573 2066 galli
597 2038 717 2065 cantum,
733 2032 773 2059 vel
799 2033 880 2060 semel
896 2033 921 2060 in
940 2042 1060 2068 quocun-

269 2082 322 2109 que
337 2075 457 2109 periculo
470 2076 633 2103 constitutus
653 2076 828 2111 denegaverit
845 2078 904 2111 quis
914 2099 922 2109 ,
937 2078 1061 2112 itttpossi~

269 2122 323 2149 bile
338 2128 379 2149 est
402 2130 463 2149 ettm
492 2122 615 2149 renovari
645 2122 670 2148 itt
695 2123 895 2156 ptenitcntiam,
911 2129 940 2150 ut.
962 2124 1059 2152 iterum

269 2167 413 2202 crttciligat
436 2167 486 2194 sibi
507 2166 605 2193 Filium
622 2166 680 2193 Dei.
697 2176 706 2193 ι
722 2167 847 2194 Clemens
866 2168 973 2202 quidem
995 2169 1059 2196 Alc-

1112 1575 1166 1596 tettt
1184 1568 1315 1603 Origenes
1332 1569 1378 1596 lib.
1407 1577 1442 1601 It,
1461 1569 1487 1595 in
1502 1567 1593 1603 ΔΕρὶςι.
1612 1569 1646 1595 ad
1672 1567 1763 1599 Rom.,
1777 1577 1839 1595 Itum.
1851 1568 1873 1595 θ’

1114 1626 1123 1642 ι
1142 1615 1196 1643 Nos
1211 1624 1275 1643 vero
1289 1616 1334 1650 qui
1360 1616 1416 1642 haec
1431 1615 1521 1642 ontnia
1544 1615 1707 1650 spiritaliter
1731 1615 1875 1649 intelligenda

1112 1663 1255 1694 sentimus,
1269 1662 1371 1689 idcirco
1393 1666 1421 1689 ct
1434 1669 1486 1688 non
1503 1661 1650 1693 auditores,
1669 1661 1719 1689 sed
1738 1661 1841 1688 factores
1852 1660 1875 1686 le-

1115 1709 1157 1744 gis
1170 1707 1360 1744 jostilicandos
1373 1708 1520 1740 credimus,
1538 1714 1590 1734 non
1611 1707 1681 1740 legis
1698 1706 1836 1734 secundum
1851 1706 1876 1732 Ιιιρ

1113 1759 1211 1786 teratu,
1226 1762 1286 1789 qua:
1299 1754 1392 1788 utique
1406 1761 1454 1788 pro
1469 1754 1509 1780 sui
1522 1753 1742 1788 impossibilitate
1753 1761 1800 1779 non
1812 1757 1876 1786 potest

1114 1800 1213 1828 habere
1226 1800 1367 1833 faetorem,
1380 1799 1426 1827 sed
1445 1800 1592 1826 secundum
1607 1800 1748 1834 spiritum,
1765 1807 1807 1834 per
1817 1806 1875 1833 queat

1113 1846 1199 1874 solum
1217 1845 1259 1872 lex
1275 1845 1380 1881 impleri
1404 1845 1516 1881 poterit;
1538 1855 1547 1871 ι
1563 1850 1591 1872 et
1603 1853 1678 1872 mtm.
1696 1845 1740 1879 14,
1756 1844 1875 1880 p:tg.l99:

1115 1902 1125 1919 ι
1142 1892 1216 1920 Licet
1238 1900 1290 1919 non
1312 1891 1477 1920 crediderint
1498 1891 1607 1926 quidam
1629 1890 1794 1924 ludas-orum,
1811 1892 1838 1917 de
1849 1890 1876 1916 in-

1113 1938 1242 1966 lidelitate
1268 1943 1357 1965 tamen
1372 1945 1466 1964 eorum
1490 1937 1635 1964 dicendum
1661 1943 1716 1967 est.
1736 1938 1803 1972 quod
1827 1936 1876 1963 Deus

1113 1984 1222 2020 quidem
1238 1984 1311 2011 solus
1331 1984 1367 2011 sit
1381 1991 1474 2016 verax,
1486 1984 1559 2011 outni
1577 1990 1669 2011 autem
1683 1989 1765 2011 ponto
1776 1985 1808 2012 sit
1820 1990 1875 2009 meu-

1114 2030 1166 2057 dax
1183 2038 1190 2056 :
1206 2030 1269 2064 quia
1282 2029 1362 2056 etiatn
1377 2029 1400 2056 si
1417 2029 1478 2064 quis
1500 2029 1589 2064 justus
1603 2034 1662 2062 est.
1678 2037 1789 2058 necesse
1805 2033 1876 2055 estta-

1114 2084 1174 2103 men
1188 2081 1216 2103 ut
1232 2075 1258 2102 in
1270 2075 1360 2110 aliquo
1373 2083 1388 2102 ιι
1404 2075 1518 2102 veritate
1535 2075 1654 2108 decidat,
1670 2084 1753 2109 quam
1772 2076 1796 2102 in
1809 2074 1876 2102 οιιιιιι·

1113 2121 1164 2148 bus
1188 2129 1299 2149 servare
1315 2121 1440 2149 humana:
1454 2129 1557 2149 natura:
1567 2131 1636 2157 pene
1651 2122 1813 2157 impossibile
1825 2126 1874 2147 est!

1113 2166 1242 2194 Graviora
1257 2173 1319 2194 sunt
1333 2167 1414 2194 etiatu
1434 2172 1460 2195 et
1477 2170 1560 2203 magis
1578 2175 1708 2202 expressa
1726 2176 1783 2202 qum
1793 2170 1875 2194 exstant

269 2214 432 2240 xandrinunt
447 2212 574 2240 Stramat.
588 2213 634 2239 lib.
651 2220 680 2244 ιι,
694 2213 816 2239 iteratatn
831 2213 899 2240 hanc
920 2213 1064 2247 putuitndi-
1080 2215 1102 2245 ι)
1116 2218 1195 2241 tract.
1213 2221 1284 2240 xxxv
1301 2213 1328 2240 in
1350 2213 1457 2247 Mutth.,
1472 2222 1547 2241 num.
1569 2214 1612 2247 88,
1631 2223 1693 2249 pag.
1709 2214 1770 2245 900,
1785 2211 1875 2243 90l,ubi

270 2266 331 2286 nem
349 2267 401 2293 qua
428 2264 486 2294 post
501 2260 703 2286 conversionem
726 2259 806 2285 homo
831 2260 947 2293 peccatis
958 2260 1062 2288 deditus

271 2306 400 2340 tangitur,
415 2314 476 2333 esse
492 2306 607 2333 aﬂirntat
620 2306 696 2340 quasi
714 2307 856 2340 quamdam
872 2306 932 2332 novi
959 2307 1061 2341 peccati

271 2352 487 2384 meditationem;
510 2352 620 2379 minime
643 2359 706 2378 vero
727 2352 764 2378 ita
781 2352 890 2384 insanit,
908 2358 936 2379 ut
957 2352 1060 2379 homini

270 2403 330 2433 post
342 2398 414 2425 illam
428 2399 616 2432 paenitentiam
634 2398 756 2433 peccauti
772 2398 873 2425 nnllutn
888 2399 921 2425 ad
935 2399 1060 2426 virttttctn

271 2451 424 2479 regressum
443 2448 536 2478 patere
555 2449 642 2478 putet,
657 2452 706 2471 nee
728 2444 811 2470 nllutn
830 2444 907 2471 alteri
926 2445 1061 2479 pmniten-

270 2489 314 2516 tia:
333 2489 418 2516 locum
448 2496 592 2524 superesse
615 2489 690 2516 velit.
714 2489 816 2523 Nempe
840 2496 873 2516 eo
896 2489 1061 2524 impulerunt

268 2539 412 2569 utrumque
433 2542 576 2570 perperam
599 2540 709 2569 accepta
734 2535 825 2562 istlnec
845 2542 877 2561 ex
891 2534 1007 2569 Epistola
1026 2535 1060 2562 ad

268 2580 397 2608 Hebraios
408 2588 468 2615 cap.
484 2588 520 2612 νι,
538 2588 611 2608 vers.
625 2579 692 2607 4-6:
707 2589 716 2605 ι
732 2580 899 2614 [inpossibile
925 2581 998 2607 enim
1017 2584 1061 2608 est

267 2634 316 2655 eos
325 2627 372 2662 qui
389 2627 471 2654 semel
487 2632 551 2654 sunt
561 2625 714 2657 illmninati,
728 2630 905 2662 gustaverunt
918 2627 999 2653 etiarn
1011 2626 1060 2653 do-

268 2671 464 2704 nuutcmleste,
485 2677 514 2699 et
527 2671 679 2706 participes
699 2670 764 2698 facti
783 2675 847 2698 sunt
868 2670 988 2706 Spiritus
1002 2679 1062 2698 san-

270 2716 319 2744 cti.
333 2716 516 2744 Gustaverunt
531 2717 705 2744 nihilominus
717 2716 815 2744 bonutn
825 2716 873 2744 Dei
889 2717 999 2744 verbum
1009 2717 1062 2744 vir-

269 2764 394 2796 tutesque
413 2761 503 2789 iaculi
528 2761 645 2794 venturi,
667 2766 695 2790 et
715 2761 834 2797 prolapsi
859 2762 940 2797 suntl,
953 2769 1060 2790 rursum

304 2848 327 2864 "
342 2848 436 2877 Matth.
447 2847 571 2882 xxvr.3l.

1115 2258 1210 2292 quaerit
1225 2264 1314 2286 utrum
1337 2260 1426 2294 posito
1440 2259 1540 2287 Christi
1567 2260 1696 2287 vatieiuio
1714 2261 1774 2291 hoc,
1786 2258 1875 2286 scandi-

1115 2305 1169 2332 lum
1184 2306 1210 2332 in
1227 2313 1256 2332 se
1281 2313 1410 2340 passuros
1424 2313 1484 2334 esse
1499 2307 1635 2341 apostolos
1646 2315 1761 2339 omnes,
1777 2307 1828 2333 lieri
1843 2313 1876 2339 μο-

1116 2352 1197 2380 tuerit
1214 2356 1242 2378 ut
1258 2352 1414 2379 scandalum
1427 2352 1522 2380 Petrus
1533 2361 1585 2380 non
1600 2358 1756 2389 pateretur;
1769 2353 1830 2387 quod
1842 2351 1876 2377 duo

1115 2397 1175 2432 plici
1193 2398 1273 2425 solvit
1289 2399 1483 2432 responsione;
1502 2399 1599 2433 pritna,
1621 2409 1630 2425 ι
1649 2400 1778 2434 quoniam
1791 2403 1875 2425 necesse

1113 2448 1238 2474 crat,ore
1251 2443 1393 2469 Verissium
1403 2443 1575 2477 prtedirente,
1586 2444 1648 2478 quia
1664 2452 1754 2470 0""188
1771 2452 1808 2470 nos
1818 2450 1875 2467 mtu-

1114 2488 1339 2521 dulizabimini",
1352 2490 1408 2516 lieri
1419 2489 1489 2523 qttod
1506 2490 1662 2524 praedictum
1681 2495 1740 2517 erat
1755 2490 1788 2516 ab
1800 2488 1872 2518 lesuu

1113 2534 1198 2562 altera
1210 2554 1217 2566 ,
1235 2543 1244 2560 ι
1271 2535 1399 2569 quoniam
1422 2535 1468 2569 qui
1496 2540 1626 2563 exoratus
1641 2543 1656 2562 a
1674 2534 1812 2566 Ninivitis.
1831 2538 1874 2566 QUI!

1114 2580 1279 2614 praedixerat
1301 2588 1349 2614 per
1359 2579 1454 2608 Jonam
1479 2588 1531 2608 non
1548 2580 1611 2608 fecit
1634 2586 1744 2616 propter
1765 2579 1873 2615 pteniten-

1115 2625 1180 2652 tiam
1205 2624 1396 2658 Ninivitarum,
1414 2625 1454 2654 sic
1479 2626 1608 2660 possibile
1623 2625 1684 2659 fuit,
1700 2630 1730 2653 ut
1760 2623 1874 2660 repellent

1113 2670 1196 2699 etiam
1212 2679 1227 2698 ιι
1243 2671 1323 2698 Petro
1336 2671 1491 2699 scandalum
1504 2672 1678 2708 deprecante.
1695 2681 1704 2698 ι
1723 2671 1787 2699 Vera
1796 2674 1830 2697 est
1840 2675 1873 2702 μοι

1114 2716 1214 2744 slerior
1231 2715 1385 2751 responsio,
1402 2716 1477 2751 prior
1497 2716 1563 2744 falsa
1580 2725 1587 2744 z
1604 2717 1691 2752 posito
1713 2715 1782 2742 enim
1794 2709 1872 2741 Christi

1116 2762 1254 2796 vaticinia,
1273 2766 1349 2790 certo
1363 2762 1475 2791 ctl'cctus
1496 2768 1657 2791 consecutus
1672 2768 1723 2795 est,
1736 2769 1786 2789 non
1800 2763 1872 2786 neces-
