1912 3079
38 103 84 131 961

430 102 718 132 ORIGENIANORUM
735 103 802 131 LIB.
824 102 856 137 ll,
874 103 951 132 CAP.
974 102 1004 138 ll,
1024 102 1167 138 QUAEST.
1189 104 1244 134 VII.

40 166 118 194 sario.
137 165 266 200 Disputat
281 169 387 200 postea,
404 173 438 193 an
452 170 595 201 postquam
612 166 738 201 praedixit
750 166 831 194 Chri-
845 168 869 196 Δ
884 169 947 193 test.
960 165 999 193 Ex
1013 173 1048 193 eo
1065 171 1154 194 autetn
1170 166 1241 201 quod
1252 166 1371 195 nondum
1385 166 1465 195 datus
1477 172 1537 196 erat
1547 167 1678 204 Spiritus,

39 218 94 241 stus
109 211 233 239 futurum
253 217 283 239 ut
297 217 361 240 ante
375 212 541 248 gallicinium
564 217 606 239 ter
625 222 639 240 a
657 213 736 240 Petro
748 221 832 249 nege-

41 265 91 290 tur,
118 257 249 292 precibus
266 258 411 292 impetrare
425 258 543 293 potuerit
562 257 670 289 Petrus.
685 259 831 294 quominus

39 304 193 332 vaticinium
206 302 275 330 illttd
293 303 469 339 impleretur;
488 304 687 339 respondetque
705 305 831 340 precibus

39 349 174 386 prohiberi
189 349 313 384 potuisse
327 350 444 378 vaticinii
469 350 548 385 hujus
571 350 709 383 enectum,
721 351 744 378 si
765 351 830 379 illud

37 397 159 425 Christus
182 397 342 432 jnratnento
368 405 419 425 non
441 398 576 425 ﬁrmasset
591 407 599 431 ;
614 399 661 426 sed
679 399 740 434 quia
756 398 831 433 jure-

38 445 149 480 jurando
181 446 322 471 ﬁrmatum
352 444 441 472 fuerat
462 453 476 472 a
505 445 631 477 Christo,
652 453 712 473 cum
738 446 828 474 dixit:

42 490 140 517 «Amen
152 490 215 516 dico
229 490 276 517 tibi
286 490 321 522 ’°,
338 500 347 516 ι
365 489 422 517 fieri
435 498 487 518 non
503 491 621 526 potuisse
633 496 661 517 nt
677 500 728 518 non
745 492 829 520 dene-

40 542 121 572 garet.
134 536 246 564 Falsum
268 537 293 564 id
310 545 427 572 quoque,
442 545 505 564 nam
526 537 632 568 etiamsi
655 543 730 565 certo
747 546 829 573 nega-

21 615 24 619 ,
41 588 112 612 turus
128 583 221 614 fuerit,
237 583 324 617 potuit
344 589 431 610 tamen
451 591 503 613 non
530 590 638 617 negare.
655 584 754 610 Ibidem
774 583 824 610 Pe-

41 635 106 657 trum
135 638 144 654 ι
164 629 324 656 derelictum
345 639 354 655 ι
380 629 463 656 fuisse
485 629 586 657 sciscit.
613 639 621 655 ι
638 630 670 657 Et
689 630 829 664 quoniam,

40 675 132 708 inquit,
164 682 218 700 non
239 674 325 702 solum
343 675 558 706 inconsiderate,
588 675 634 702 sed
658 682 725 709 pene
746 675 826 702 etiam

42 721 116 754 itnpie
131 720 215 747 dixit:
231 720 288 746 Etsi
300 728 388 747 omnes
403 720 577 747 scandalizuti
587 721 684 754 fuerint
695 722 721 747 in
734 726 768 755 te,
779 729 825 756 ego

41 776 86 794 non
96 767 340 800 scandalizabor“,
352 775 401 795 ttec
415 767 538 803 cogitans
550 767 683 794 lubricam
701 773 825 794 naturam

43 813 191 844 humanam,
209 820 338 847 magnum
364 812 474 847 protulit
494 813 606 839 verbmn
623 821 630 840 :
651 812 711 839 ideo
728 820 778 839 nec
795 812 827 838 ad

883 211 952 239 falso
973 212 1110 241 concludit
1132 220 1268 241 neminem
1290 213 1411 248 potuisse
1430 214 1520 242 dicere
1534 215 1678 242 Dominum

882 257 973 285 Jesum
990 258 1017 286 in
1031 257 1133 292 Spiritu
1149 263 1242 285 sancto
1255 266 1263 290 ς
1274 259 1397 294 quamvis
1407 260 1479 287 enitn
1494 260 1612 288 nondum
1628 261 1678 288 da-

884 303 1034 331 Iusl'uisSrt
1061 303 1180 340 Spiritus
1203 309 1315 332 sanctus
1330 304 1404 340 larga
1432 305 1477 332 illa
1503 310 1530 333 et
1556 306 1677 334 mirabili

883 350 1023 383 missione,
1041 358 1093 384 qua
1113 349 1242 385 apostolis
1262 350 1368 378 infusus
1389 355 1431 378 est
1459 352 1484 378 in
1503 351 1676 383 PentecoSIe,

882 395 961 422 datus
977 401 1064 422 tamen
1080 395 1168 422 fuerat
1182 395 1236 422 alio
1254 397 1334 424 modo
1347 397 1414 424 viris
1423 396 1504 431 justis
1516 402 1578 424 ante
1598 397 1677 424 Chri-

881 441 915 469 sti
929 446 1031 475 ortum,
1049 447 1076 468 et
1105 442 1167 468 dtnn
1187 441 1259 469 inter
1284 443 1408 471 homines
1432 448 1542 478 ageret,
1558 449 1586 470 et
1602 449 1677 479 post-

880 495 961 522 quam
975 488 1001 517 in
1024 488 1123 515 coelum
1142 496 1172 515 se
1195 489 1306 524 recepit.
1330 488 1463 519 Prazclara
1477 494 1519 517 est
1532 490 1674 524 Augustini

881 534 915 560 de
929 541 960 560 ea
989 541 1019 561 re
1041 534 1198 563 dissertatio
1228 538 1337 561 tractat.
1373 542 1447 566 xxx”
1470 535 1497 561 in
1523 534 1616 569 Joan.,
1631 535 1675 562 ubi

880 578 998 605 ostendit
1008 579 1072 614 quid
1095 584 1261 613 postremam
1280 579 1350 606 hanc
1373 579 1444 606 inter
1458 579 1575 614 Spiritus
1588 579 1675 607 sancti

882 624 1040 651 missionem
1066 624 1188 658 aliasque
1199 625 1372 659 superiorum
1392 630 1543 659 temporum
1557 625 1674 652 intersit.

881 669 964 704 Igitur
987 677 1048 697 cum
1065 671 1202 697 Christum
1229 671 1339 705 negavit
1362 671 1469 702 Petrus.
1489 671 1539 698 etsi
1558 671 1675 698 nondum

880 709 960 744 datus
975 717 1070 751 fuisset
1091 717 1214 753 Spiritus
1227 723 1338 745 sattctus
1356 718 1470 746 solemni
1492 718 1536 745 illa
1553 724 1580 745 et
1596 726 1676 752 aspe-

879 763 970 789 ctabili
987 763 1114 790 missione
1131 772 1190 798 qua:
1203 764 1229 790 in
1245 763 1407 790 Pentecoste
1417 763 1675 798 conligit,suppetc-

880 808 926 835 bat
938 808 988 843 ipsi
1004 813 1093 836 tamen
1109 810 1196 844 gratia
1217 810 1319 842 divina,
1335 818 1383 845 per
1404 811 1535 843 Spiritum
1549 816 1674 837 sanctutn

42 858 170 885 modicum
194 863 238 885 est
253 858 409 889 derelictus,
433 862 463 885 ut
480 858 583 886 scilicet
607 858 764 893 denegaret,
783 858 824 885 vel
844 862 863 889 Β
878 860 998 890 erogata.
1015 863 1067 890 qua
1083 855 1221 883 Christum
1235 857 1357 892 neglecto
1378 858 1473 884 monis
1489 857 1610 892 periculo
1626 865 1674 890 pu-

42 903 117 931 semel
130 903 281 939 denegaret
295 912 302 935 ;
315 904 361 931 sed
374 904 553 933 abundantius
570 905 777 938 derelinquitnr,
795 909 824 930 nt

43 956 80 977 ter
99 951 256 987 denegaret.
280 961 289 977 ι
312 951 455 986 Subjnngit
468 952 638 987 postmodum
662 951 760 978 melius
771 951 822 978 sibi

43 998 221 1025 cottsulturnm
253 997 336 1024 fuisse
362 997 489 1029 Petrum,
513 997 533 1025 si
558 1003 700 1032 perspecta
722 1002 826 1027 natura:

44 1044 157 1072 humanm
172 1044 377 1077 imbecillitate,
393 1052 452 1080 quai
478 1049 573 1079 suapte
595 1044 619 1071 vi
641 1049 667 1072 et
692 1045 824 1076 industria

43 1090 133 1118 Christi
158 1098 258 1118 nomen
285 1091 406 1126 proﬁteri
437 1098 607 1127 nequaquam
634 1095 734 1126 potest,
763 1099 839 1118 eum-

43 1141 148 1169 orasset,
165 1142 194 1164 ut
208 1137 392 1164 necessariam
409 1137 443 1165 ad
462 1137 487 1165 id
510 1137 625 1172 gratiam
649 1137 700 1164 sihi
716 1137 824 1165 confer-

44 1187 88 1209 ret.
99 1181 203 1218 Optime
219 1183 245 1210 id
256 1183 430 1218 quitlem,sed
444 1183 538 1211 vitiosa
547 1188 610 1210 sunt
625 1190 685 1218 quae
706 1191 825 1218 sequun-

45 1234 83 1257 tur
99 1240 104 1256 :
120 1238 129 1255 ι
148 1229 203 1257 Nec
237 1230 322 1262 enim,
346 1229 444 1264 inquit,
478 1233 584 1264 poterat
614 1229 672 1256 ﬁcri
704 1235 732 1256 ut
754 1229 823 1257 facta

44 1274 245 1309 interrogatione
259 1275 392 1310 potuisset
408 1275 498 1302 dicere
522 1274 661 1302 Dominum
684 1274 777 1302 Jesum
794 1275 821 1302 in

45 1319 134 1354 Spiritu
148 1326 255 1353 sancto.
269 1326 314 1348 aut
327 1320 469 1349 confessus
493 1320 602 1353 fuisset,
624 1329 684 1348 cum
707 1321 823 1357 Spiritus

43 1370 141 1395 sanctus
154 1367 275 1394 nondum
292 1366 388 1394 fuisset
415 1368 503 1394 datus.
523 1377 532 1393 ι
549 1367 638 1402 Atque
664 1369 721 1395 lnec
741 1368 824 1395 αὑτο-

44 1409 106 1443 λεξεὶ
117 1413 212 1446 repetit
227 1411 342 1440 inferius
359 1420 433 1439 num.
446 1413 506 1444 1M,
525 1421 586 1447 pag.
604 1413 667 1446 9l‘2,
682 1418 709 1440 et
725 1421 821 1441 novum

45 1458 142 1491 insuper
158 1458 255 1492 dogma
277 1458 419 1492 congerit:
443 1467 452 1484 ‹
480 1459 667 1487 Abundantius
696 1459 823 1487 conside-

45 1508 126 1530 rantes
148 1504 220 1533 Petri
247 1505 435 1540 negationem,
457 1505 571 1532 dicimus
597 1507 724 1539 quoniam
745 1514 820 1533 nemo

44 1554 115 1582 potest
127 1549 212 1576 dicere
229 1549 370 1577 Dominum
383 1550 541 1583 Jesum,nisi
562 1551 588 1577 in
602 1550 702 1584 Spiritu
718 1556 819 1583 sancto,

44 1596 104 1625 sicut
114 1595 206 1623 Paulus
219 1604 270 1623 nos
286 1596 412 1623 docet":
427 1602 450 1623 et
463 1597 578 1623 nondum
593 1603 648 1624 erat
662 1602 724 1624 tunc
736 1597 760 1624 in
774 1598 823 1627 ho-

45 1641 149 1669 minibus
159 1642 273 1676 Spirittts
282 1649 400 1675 sanctus,
409 1644 532 1678 quoniam
545 1643 623 1670 Iesus
634 1644 748 1672 nondum
766 1644 823 1677 fue-

46 1691 79 1712 rat
100 1688 296 1724 honori/italus,
317 1691 387 1716 sicut
409 1689 474 1716 dicit
496 1689 614 1716 Joannes
627 1689 660 1716 ⁸³.
676 1689 821 1724 Propterea

45 1740 90 1759 non
108 1740 165 1762 erat
180 1735 316 1769 possibile,
334 1743 420 1771 neque
437 1735 511 1762 illum
528 1735 607 1762 talem
625 1735 734 1763 Petrum
757 1741 823 1765 tunc

44 1776 125 1805 lusum
140 1780 332 1811 conliteri.nec
343 1786 431 1807 tamen
444 1781 680 1815 reprehendendus
694 1789 746 1808 non
757 1789 822 1809 con-

47 1823 113 1851 litens
127 1824 227 1853 Jesntn.
245 1827 376 1860 Quoniam
392 1827 425 1854 ad
442 1827 602 1854 conlitentcs
625 1828 722 1854 dicitur
738 1837 744 1855 :
760 1827 822 1855 Non

45 1871 98 1897 uti;
108 1880 147 1899 vos
158 1874 202 1908 qui
214 1874 364 1908 loquimini,
383 1875 428 1901 sed
446 1874 562 1907 Spiritus
575 1873 666 1901 Patris
682 1874 759 1901 vestri
776 1874 822 1910 qui

45 1915 147 1950 loquitur
165 1920 191 1946 in
206 1921 277 1947 vallis
287 1920 319 1947 9*.
330 1919 384 1947 Non
405 1924 507 1952 autem,
520 1927 580 1946 cum
595 1920 630 1946 sit
644 1924 739 1954 potens
758 1919 822 1953 Spi-

47 1962 104 1990 ritus
127 1965 168 1992 ille
191 1966 280 1994 Patris
307 1967 395 1996 nostri
411 1967 482 2001 loqui
507 1966 534 1993 in
552 1967 645 1999 nobis,
670 1972 697 1993 et
717 1975 777 1994 cum
794 1967 820 1994 in

46 2014 126 2037 nostra
154 2013 188 2039 sit
212 2018 346 2047 potestate
370 2013 461 2040 locum
483 2013 550 2040 dare
565 2013 591 2040 in
614 2013 693 2040 nobis
707 2013 821 2048 Spiritui

46 2061 138 2088 sancto,
155 2063 245 2085 etnon
268 2058 387 2090 diabolo,
404 2058 427 2085 si
449 2058 684 2093 denegaverimus,
705 2065 820 2086 excusa-

46 2100 133 2129 tionem
163 2104 243 2131 ullam
262 2104 431 2135 habebimus.
456 2113 465 2130 ι
483 2104 523 2131 Ac
549 2105 675 2138 primum.
692 2103 761 2138 quod
784 2103 822 2131 ait

46 2144 188 2177 tlerclictum
216 2149 299 2177 fuisse
321 2149 440 2179 Petrum,
458 2157 512 2177 non
537 2156 591 2176 uno
610 2148 689 2176 modo
707 2148 819 2183 intelligi

880 905 948 927 terat
965 901 1096 936 proﬁteri.
1110 901 1188 929 Ferri
1201 910 1266 938 ergo
1283 910 1338 929 non
1365 908 1453 937 potest
1468 903 1541 938 quod
1559 903 1674 938 subiicit

877 948 1008 985 Origenes
1030 959 1036 976 :
1057 959 1065 975 ι
1086 950 1233 985 Propterea
1263 959 1316 978 non
1339 956 1400 978 erat
1426 951 1570 986 possibile,
1586 959 1674 987 neque

878 995 953 1022 illum
966 996 1045 1024 talem
1058 996 1166 1024 Petrum
1180 1001 1244 1024 tunc
1257 996 1350 1024 Jesunt
1367 997 1504 1029 conﬁteri,
1520 1005 1570 1025 nec
1581 1003 1670 1025 tamen

877 1042 1118 1076 reprehendendus
1130 1047 1189 1070 erat
1207 1051 1260 1069 non
1284 1044 1418 1070 contitens
1430 1043 1530 1071 .lesutn.
1552 1052 1562 1070 ι
1585 1043 1641 1071 Nec
1656 1052 1671 1071 a

876 1087 957 1116 Petro
972 1088 1058 1116 solum
1074 1093 1137 1116 tttnc
1154 1089 1272 1117 abfuisse
1288 1094 1364 1124 putat
1379 1089 1510 1124 Spiritum
1527 1095 1651 1117 sanctum
1661 1109 1670 1122 ,

876 1134 924 1162 sed
933 1133 1053 1165 adfuisse
1063 1134 1146 1162 etiam
1160 1135 1286 1170 spiritum
1300 1134 1418 1169 Spiritus
1431 1135 1510 1170 hujus
1519 1136 1671 1168 inimicum,

875 1185 955 1213 quem
970 1178 1006 1206 iis
1020 1179 1176 1214 impertitnr
1193 1180 1274 1213 Deus,
1291 1188 1362 1215 quos
1382 1188 1435 1215 ope
1457 1189 1504 1208 sua
1529 1180 1672 1209 sublevare

875 1224 942 1257 vult,
961 1225 1040 1252 docet
1069 1225 1140 1252 idem
1171 1230 1235 1253 tom.
1263 1234 1301 1253 xu
1333 1226 1360 1253 in
1388 1226 1498 1259 Matth"
1524 1235 1598 1254 num.
1623 1226 1670 1260 40,

875 1278 936 1305 pag.
953 1271 1018 1299 Sitit).
1034 1271 1099 1299 561.

909 1316 991 1344 XXII.
1007 1316 1198 1344 Verumtamen
1227 1316 1290 1344 licet
1314 1317 1462 1352 aliquando
1489 1319 1588 1347 divinis
1617 1327 1670 1346 non

875 1370 954 1396 posse
971 1364 1104 1390 mandatis
1123 1363 1304 1398 obtemperari
1329 1365 1441 1392 delinire
1457 1365 1531 1393 visus
1546 1366 1592 1399 sit,
1603 1373 1671 1393 cou~

875 1409 989 1437 trarittm
1014 1414 1103 1437 tamen
1132 1410 1232 1437 occiuit
1249 1411 1320 1438 hom.
1335 1411 1351 1438 9
1372 1411 1399 1437 in
1418 1410 1513 1443 Iosue.
1535 1419 1611 1440 num.
1627 1412 1643 1440 9
1659 1420 1668 1440 :

877 1463 887 1480 ε
904 1455 1011 1488 Annon,
1036 1455 1130 1491 inquit,
1150 1456 1198 1484 tibi
1219 1456 1326 1484 videtur
1341 1457 1410 1484 inter
1428 1457 1554 1485 nmlicres
1577 1457 1671 1484 existi-

875 1502 991 1529 mandus
1006 1501 1051 1530 ille
1067 1502 1119 1535 vir,
1134 1502 1178 1537 qui
1198 1502 1265 1530 dicit
1285 1510 1292 1528 :
1306 1501 1365 1530 Non
1390 1511 1498 1537 possunt
1521 1503 1671 1532 observare

874 1556 935 1582 qua:
949 1549 1052 1583 scripta
1069 1554 1143 1581 sunt,
1160 1550 1276 1576 vendere
1290 1557 1350 1584 qua:
1364 1550 1462 1582 habeo,
1478 1555 1506 1576 et
1519 1551 1584 1577 dare
1600 1550 1670 1585 patr-

872 1595 982 1629 peribus
996 1602 1048 1623 non
1064 1603 1219 1630 possum....
1231 1602 1329 1623 caetera
1348 1596 1447 1624 similia
1462 1605 1523 1631 qua:
1538 1597 1670 1625 mandan-

874 1644 927 1671 tnr.
942 1641 987 1675 qui
1004 1641 1069 1667 dicit
1084 1641 1195 1676 implere
1208 1649 1259 1668 non
1280 1649 1399 1675 possmn,
1415 1642 1479 1676 quid
1497 1642 1544 1669 tibi
1560 1643 1670 1670 videtur

873 1685 957 1718 aliud,
973 1694 1053 1720 quam
1069 1687 1140 1714 inter
1152 1687 1288 1719 mulieres,
1299 1695 1358 1722 quae
1373 1687 1437 1714 nihil
1452 1687 1530 1715 virile
1544 1693 1668 1722 possunt.

872 1739 934 1758 esse
958 1733 1141 1759 numerandus
1162 1732 1174 1759 7
1190 1741 1200 1758 ι
1231 1737 1257 1760 et
1274 1738 1339 1760 tom.
1357 1741 1400 1759 xw
1420 1734 1448 1759 in
1467 1733 1576 1765 [Matt/1.,
1592 1741 1668 1761 ιιιιιιι.

871 1776 918 1808 25,
934 1782 962 1803 et
980 1783 1046 1804 tottt.
1069 1785 1113 1808 xv,
1136 1785 1211 1804 ttulit.
1232 1777 1260 1810 5,
1279 1785 1498 1813 unumquemque
1523 1779 1589 1805 dicit
1616 1780 1668 1806 im-

872 1829 981 1857 petrare
996 1829 1076 1856 posse
1090 1830 1104 1848 a
1117 1823 1170 1849 Deo
1186 1825 1285 1850 donum
1302 1824 1446 1856 castitatis,
1468 1825 1668 1858 quiamvis‘uni-

872 1870 970 1905 cuith
984 1877 1143 1898 concessum
1160 1879 1213 1898 tton
1241 1872 1287 1898 sit.
1313 1871 1453 1906 Repugnat
1473 1876 1604 1906 praeterea
1624 1880 1668 1900 stt-

872 1923 920 1951 pra
936 1923 952 1943 a
974 1915 1051 1943 nobis
1065 1923 1213 1950 expensum
1240 1917 1348 1951 dogma,
1369 1925 1423 1951 qtto
1442 1917 1532 1950 justos
1551 1917 1668 1950 ἀπαθεῖς

872 1969 933 1990 esse
953 1962 1056 1994 tradit;
1072 1969 1134 1988 nam
1152 1969 1213 1989 cutn
1235 1970 1267 1989 ex
1288 1963 1372 1990 variis
1387 1963 1561 1996 testimoniis,
1574 1964 1669 1998 ipsiuss

872 2015 925 2042 que
946 2008 1027 2034 etiam
1052 2006 1208 2043 Hieronymi
1226 2009 1391 2037 auctoritate
1418 2010 1624 2043 probaverimus
1639 2010 1665 2038 in

877 2054 930 2084 hoc
959 2055 1068 2087 errore}
1079 2059 1215 2081 versatum
1243 2054 1558 2090 Origeut-m.quomodo
1588 2055 1666 2083 alteri

873 2100 946 2133 huic,
962 2108 1043 2135 quem
1057 2100 1262 2135 investigamus,
1275 2101 1415 2128 adhaerere
1429 2101 1525 2136 potuit,
1538 2101 1665 2130 mandata

873 2146 919 2174 Dei
946 2147 1037 2174 omnia
1060 2154 1095 2174 ne
1121 2147 1164 2173 vix
1185 2147 1294 2182 quidem
1315 2148 1418 2175 servari
1443 2149 1547 2183 posse?
1563 2156 1625 2175 natn
1642 2149 1665 2175 si

46 2195 137 2226 potest;
151 2203 209 2222 nam
226 2195 266 2224 vel
280 2195 352 2222 omni
368 2196 463 2230 gratia:
489 2195 635 2229 cujuslith
651 2195 752 2223 auxilio
772 2197 818 2222 de-
837 2206 860 2233 ο
872 2193 976 2223 servari
993 2193 1120 2220 tmtndata
1136 2201 1189 2220 non
1206 2199 1418 2228 possunt,nemo
1430 2199 1518 2228 potest
1530 2193 1667 2222 mandatis

46 2236 153 2267 stitutum
167 2240 250 2269 fuisse
261 2241 329 2271 vult.
342 2241 420 2277 cujus
431 2240 524 2276 gratia:
536 2248 599 2276 ope,
613 2245 704 2275 spreto
721 2241 816 2268 mortis

47 2285 136 2312 terrore
149 2286 282 2315 Christum
304 2292 398 2322 aperte
422 2287 542 2314 conﬁteri
567 2287 720 2320 potuisset:
736 2291 817 2321 atque

47 2327 99 2356 huic
106 2334 241 2361 sententia:
254 2341 315 2361 cum
331 2333 445 2360 solemni
459 2340 545 2360 sacra:
560 2331 697 2361 facultatis
716 2331 817 2360 theolo-

46 2373 102 2408 gica:
117 2376 274 2410 Parisicnsis
300 2379 408 2407 decreto
433 2378 610 2409 temeritatis,
626 2377 774 2412 impietatis
792 2382 819 2405 et

47 2418 163 2451 hereseos
185 2429 246 2452 nota
265 2425 353 2452 inusta
375 2425 420 2457 sit,
450 2431 520 2452 anno
538 2423 620 2455 1656,
641 2423 818 2450 temerarium

45 2471 138 2501 quoque
149 2476 218 2497 esset
230 2476 258 2497 et
273 2470 383 2505 impium
397 2471 449 2497 ulla
464 2478 523 2498 eam
538 2469 712 2497 cavillatione
726 2473 753 2497 et
772 2476 817 2496 ar-

46 2516 156 2542 lluntento
168 2517 236 2543 tueri
253 2524 260 2542 :
275 2516 316 2543 vel
329 2516 354 2543 ei
366 2516 483 2543 defuisse
498 2519 591 2542 censet
600 2523 655 2541 non
672 2514 817 2542 vehemen-

46 2558 89 2582 tem
105 2559 184 2589 solum
197 2561 268 2589 illaut
285 2561 331 2588 Dei
355 2562 560 2596 aspirationem,
578 2565 605 2587 et
617 2559 735 2587 divinam
750 2559 815 2594 Osp-

47 2601 145 2639 μότητα,
156 2615 205 2642 qua
224 2608 355 2642 itnpnlstts
366 2608 393 2634 in
411 2608 514 2635 medios
529 2614 589 2634 sese
610 2606 707 2633 fluctus
719 2606 817 2640 pracci-

47 2647 170 2682 l'ilaverat.
185 2659 212 2681 et
232 2654 378 2682 satellitum
406 2658 522 2680 turmam
548 2653 644 2679 stricto
656 2652 747 2686 gladio
768 2659 818 2686 pro

45 2691 139 2724 Christo
150 2704 299 2727 certaturus
314 2700 467 2732 invaserat,
486 2699 532 2726 sed
553 2699 647 2734 gratiae
664 2699 746 2725 etiam
761 2697 817 2725 eili-

46 2740 105 2767 cacis
118 2746 259 2775 auxilium;
277 2751 358 2780 atque
371 2745 397 2772 id
411 2750 485 2772 recte
503 2749 530 2772 et
544 2744 678 2772 catholice
695 2743 748 2771 dici
768 2750 816 2777 po-

74 2831 93 2847 "
107 2834 190 2864 Matth.
206 2846 277 2871 χχιι,
289 2838 324 2866 '55
360 2837 381 2853 ⁹¹
399 2838 475 2870 ὼΜ..
489 2838 533 2864 55.
573 2839 594 2853 "
619 2836 628 2863 Ι
644 2837 704 2864 Cor.
726 2845 762 2864 xtl
774 2856 781 2869 ,
800 2837 826 2864 '5.

874 2246 926 2265 non
939 2238 1082 2274 relragari,
1099 2246 1133 2266 ac
1146 2247 1225 2269 nemo
1236 2239 1350 2274 proinde
1362 2244 1450 2274 potest
1464 2247 1518 2267 non
1536 2247 1665 2275 peccare.

872 2284 938 2318 Qua:
956 2292 1016 2311 cum
1031 2292 1063 2311 ex
1090 2286 1204 2312 adverso
1225 2285 1347 2320 opposita
1372 2293 1434 2315 esse
1451 2286 1606 2318 videantur,
1624 2287 1668 2314 sic

872 2331 1017 2359 conciliata
1036 2331 1070 2358 ab
1090 2331 1137 2358 illo
1157 2331 1243 2360 fuisse
1264 2332 1404 2366 suspicor,
1425 2332 1542 2364 ἀπαθεῖς
1556 2334 1664 2368 quidem

872 2383 932 2407 esse
955 2376 1043 2410 justas
1069 2376 1192 2405 homines
1212 2385 1244 2404 ac
1267 2378 1423 2412 perfectos,
1445 2386 1523 2412 posse
1546 2386 1594 2406 eos
1611 2387 1666 2406 non

874 2430 998 2457 peccare,
1017 2422 1116 2449 divinis
1132 2422 1234 2457 legibus
1252 2430 1348 2457 parere
1363 2432 1442 2458 posse
1458 2434 1466 2458 ;
1482 2425 1604 2460 reliquos
1618 2433 1666 2453 vc-s

874 2461 905 2495 ro
917 2468 1040 2495 homines
1055 2473 1189 2502 praecepta
1206 2469 1297 2500 omnia
1308 2477 1419 2497 servare
1432 2478 1484 2497 nou
1500 2478 1664 2504 possem-am

875 2524 884 2540 ε
899 2515 963 2541 illud
972 2514 1098 2549 Origenis
1110 2515 1247 2549 proprium
1258 2524 1268 2541 ι
1280 2515 1361 2542 fuisse
1371 2516 1479 2543 tradidit
1488 2515 1665 2552 Hieronymus

872 2567 987 2595 pronam.
1001 2560 1105 2595 Dialog.
1116 2561 1218 2587 advers.
1236 2560 1340 2596 Pelag.,
1351 2571 1359 2587 t
1379 2562 1545 2596 impossibile
1563 2567 1604 2591 est
1614 2563 1664 2589 hu-

872 2614 980 2633 tnanam
997 2615 1011 2632 a
1030 2607 1164 2642 principio
1181 2614 1267 2642 usque
1284 2608 1317 2635 ad
1343 2612 1457 2635 mortem
1472 2615 1526 2636 non
1551 2616 1665 2642 peccare

872 2657 997 2683 naturam
1014 2661 1022 2679 :
1037 2657 1065 2679 et
1081 2660 1190 2683 rursum
1210 2660 1270 2680 esse
1286 2653 1427 2688 possibile,
1441 2661 1502 2680 cum
1519 2661 1548 2681 se
1566 2654 1664 2688 aliquis

871 2699 905 2725 ad
924 2697 1035 2724 meliora
1048 2698 1227 2732 converterit,
1238 2699 1271 2725 ad
1283 2703 1386 2726 tantam
1401 2698 1587 2727 fortitudinem
1602 2707 1663 2734 per-

870 2743 976 2777 venire,
988 2748 1016 2771 ut
1031 2743 1101 2770 ultra
1119 2751 1233 2778 peccare
1249 2752 1302 2771 non
1316 2745 1413 2780 possit.
1427 2754 1436 2771 ι
1448 2745 1558 2773 Petrum
1571 2751 1661 2774 autem

866 2835 979 2873 ”_loau.
998 2843 1052 2870 vn,
1075 2836 1118 2864 59.
1157 2837 1180 2852 "
1199 2836 1294 2864 Matth.
1309 2845 1336 2870 χ,
1353 2837 1397 2865 20.
