1912 3079
213 121 267 151 963

854 117 885 146 Ρ.
905 115 1063 145 DANIELIS
1079 113 1196 142 IIUETII

1806 110 1859 138 90‘

214 181 256 209 vel
269 182 386 208 nondum
404 180 486 207 fuisse
501 178 648 213 perfectum
657 178 775 211 censuit,
786 185 846 205 cum
864 176 1003 204 Christum
1020 178 1043 206 Α
1057 178 1095 207 ιο,
1115 180 1177 201 cttm
1195 173 1255 200 sine
1277 172 1406 206 operibus
1417 170 1503 198 otiosa
1520 175 1562 197 est
1578 169 1660 202 ﬁdes;
1679 167 1753 194 adeo
1771 173 1802 194 ut
1822 169 1857 194 ita

215 229 344 263 negavit;
361 231 471 260 accepto
495 232 586 252 autem
613 230 708 252 sancto
724 224 827 260 Spiritu
846 223 930 251 fuisse
944 231 1007 259 per-

217 275 314 302 fectum
330 279 356 300 et
372 272 477 307 ἀπαοῆ,
492 271 532 297 vol
550 275 661 307 prapter
676 271 813 297 ﬁrmatam
828 269 1007 305 jurejurando

215 315 316 344 Christi
332 315 551 342 vaticinationem
566 315 599 342 de
613 314 704 341 futuro
715 314 800 349 ipsius
812 319 934 349 peccato,
944 321 1007 348 pec-

216 366 304 389 catum
319 362 404 389 vitare
421 369 474 388 non
494 361 625 396 potuisse.
636 360 712 394 Quod
732 365 821 387 autem
836 360 874 387 ait
889 368 896 386 :
915 369 924 386 ι
937 360 1008 394 Quo-

217 406 288 433 niam
302 414 413 434 necesse
423 411 482 433 erat
495 406 553 433 ﬁeri
568 406 638 441 qttod
654 406 811 441 praedictum
821 411 901 433 erata
914 405 1004 437 Jesu,»

217 452 251 479 ab
270 451 418 486 interprete
452 451 603 486 profectuttt
630 451 714 478 fuisse
741 456 844 486 putem,
869 459 930 478 tiam
946 452 1007 478 Ori-

218 505 301 533 genes
319 503 384 526 tom.
400 506 428 524 ιιι
447 497 592 524 Comment.
615 497 643 524 iu
671 497 776 530 Genes.,
802 505 876 526 num.
900 497 927 530 6,
946 505 1007 532 pag.

221 543 262 574 11,
290 542 368 569 aliter
396 543 487 569 sentit.
517 542 602 570 Verba
627 541 686 575 ejus
699 546 761 568 sunt
782 551 788 569 :
810 541 847 568 Οὐ
871 541 925 577 γὰρ
947 542 1009 568 ἐπεὶ

218 588 473 622 ἔγνωσται,γίνεται
483 596 490 602 ·
500 587 556 614 ἀλλ’
572 587 632 613 ἐπεὶ
652 587 774 621 γίνεσθαι
790 587 912 623 ἔμελλεν,
926 587 1010 623 ἔγνω-

220 641 291 659 σται.
312 632 460 667 Διασταὶ-ἧς
481 632 508 659 δὲ
535 632 628 658 δεῖται.
644 633 676 659 Εἰ
697 633 746 668 μὲν
765 633 820 668 γὰρ
841 633 881 665 τὸ,
901 633 1009 665 πάντως

219 678 305 709 ἔσται,
323 678 393 705 οὕτω
412 687 453 710 τις
469 677 624 714 ἐρμηνεύει,
643 678 681 710 ὠς
705 678 827 714 ἀνάγκην
845 676 912 705 εἶναι
934 679 1010 713 γενέ-

221 725 282 751 σθαι
297 725 327 751 τὸ
344 724 568 761 προεγνωσμένον
578 745 584 756 ,
608 724 639 751 οὑ
658 724 784 760 διδόαμεν
804 724 879 760 αὐτῷ
890 734 897 740 ·
910 725 940 751 οὐ
955 724 1010 761 γὰρ

220 771 346 806 ἐροῦμεν,
368 771 428 796 ἐπεὶ
455 770 642 806 προέγνωσται
659 770 759 797 Ἰούδαν
783 770 916 806 προδότην
933 771 1011 805 γενέ-

222 817 293 848 σθαι,
304 818 344 843 ὅτι
357 817 430 842 πᾶσα
448 816 552 851 ἀνάγκη
563 814 597 852 ἦν
611 816 710 843 Ἰούδαν
724 817 857 853 προδότην
872 817 1007 851 γενέσθαι,

1058 225 1080 250 si
1107 222 1309 257 intelligendus.
1329 227 1408 255 posse
1423 219 1567 254 aliquando
1587 217 1754 247 hominem,
1768 216 1858 250 qualis

1059 271 1127 298 latro
1145 271 1206 302 fuit,
1220 269 1323 297 Christi
1340 269 1366 296 in
1385 271 1507 295 extremo
1520 265 1654 300 supplicio
1678 264 1791 294 socius.
1800 264 1857 291 sols

1058 317 1110 344 ﬁdc
1123 315 1275 351 iustiﬁcari,
1296 314 1369 342 nullo
1384 314 1464 341 etiam
1491 311 1638 340 accedente
1657 317 1749 345 opere
1765 310 1856 341 bono;

1059 363 1165 396 quando
1182 362 1286 390 scilicet
1303 360 1419 388 faciendi
1435 359 1496 395 ejus
1509 359 1570 386 data
1589 366 1644 386 tton
1662 363 1707 385 est
1723 356 1856 387 facultas,

1058 407 1100 434 vel
1118 406 1245 435 occasio:
1268 416 1277 432 t
1299 405 1406 433 Initium
1434 402 1706 440 namquejustiﬁcari
1722 409 1741 429 a
1759 400 1828 433 Deo,
1846 411 1855 427 ι

1057 453 1189 488 Origenes
1204 452 1251 480 lib.
1263 459 1288 480 tv
1305 455 1447 486 sequente,
1459 458 1534 479 num.
1548 451 1574 481 I.
1587 457 1649 484 pag.
1669 448 1738 478 525.
1759 457 1769 473 ε
1792 447 1858 474 fides

1058 505 1099 527 est
1116 507 1175 533 utne
1198 497 1286 526 credit
1307 498 1333 524 in
1353 497 1549 532 justiﬁcantem
1562 503 1570 524 :
1584 500 1611 522 et
1625 495 1686 522 lucc
1708 494 1781 520 ﬁdes
1796 501 1856 519 cum

1055 546 1202 581 juStiﬁcata
1223 544 1314 577 fuerit,
1325 548 1452 578 tauquam
1463 542 1540 569 radix
1551 542 1637 568 imbre
1649 544 1787 574 suscepto
1804 538 1858 565 Ine-

1059 597 1101 620 ret
1116 592 1141 618 iu
1162 591 1260 618 anima:
1281 589 1354 621 solo,
1379 593 1408 616 ut
1425 595 1487 615 cum
1513 595 1561 621 per
1579 586 1667 621 legem
1697 584 1747 612 Dei
1770 584 1856 611 excoli
1883 598 1887 603 -

1059 638 1184 673 cmperit,
1198 640 1310 671 surgant
1325 636 1351 662 in
1369 642 1400 661 ea
1417 633 1484 661 rami
1497 633 1542 667 qui
1559 633 1663 659 fructus
1682 638 1804 665 operttm
1818 630 1855 657 fe-

1059 689 1129 711 rant.
1139 682 1196 710 Non
1208 690 1273 717 ergo
1286 690 1319 709 ex
1331 681 1458 716 operibus
1473 680 1547 706 radix
1561 678 1686 712 justitite,
1699 677 1749 705 sed
1765 684 1801 703 ex
1815 685 1857 703 ra-

1058 730 1119 757 dice
1130 728 1244 763 iustitiae
1262 728 1366 754 fructus
1380 734 1491 761 operum
1507 725 1614 756 crescit,
1629 734 1637 749 I
1656 728 1685 750 et
1705 722 1791 757 paulo
1811 730 1856 749 su-

1059 775 1149 809 perius
1163 782 1223 809 pag.
1247 773 1299 800 522
1315 781 1320 798 :
1339 781 1348 797 ε
1364 771 1422 798 .Iatn
1438 779 1502 798 sane
1514 770 1606 797 eonsid
1617 769 1699 795 ~rabis
1713 788 1722 800 ,
1740 767 1764 794 si
1784 773 1813 793 ttt
1826 766 1857 793 de

1061 819 1112 845 ﬁde
1125 818 1224 845 dicttttn
1239 821 1291 850 est,
1301 817 1363 851 quia
1377 821 1525 849 repntatum
1539 819 1575 841 cst
1591 815 1615 840 ei
1630 813 1665 839 ad
1675 812 1816 846 justitiam
1824 811 1856 840 ”,

222 862 368 896 Sequenda
378 870 484 897 quoque
501 862 595 893 eodem
608 862 725 890 faciunt.
736 863 911 890 Commodam
927 863 1009 890 etiam
1027 860 1048 887 Β
1063 867 1097 892 ita
1125 869 1152 892 et
1169 865 1202 892 de
1226 864 1287 890 aliis
1313 863 1457 890 virtutibus
1480 861 1534 888 dici
1555 860 1652 894 possit,
1676 859 1758 893 quia.
1781 858 1854 884 verbi

223 909 369 935 admittunt
387 908 595 942 explicationem
623 915 683 942 qum
705 909 826 935 subnexa
847 913 910 935 sunt
925 909 951 935 in
964 917 1011 936 eo-

223 953 283 980 dent
296 953 491 983 Connuenlurio
504 953 531 979 in
543 952 706 985 Matt/neum,
725 957 832 979 tractat.
843 961 924 982 xxxv.
937 961 1011 979 num.

223 999 268 1032 88,
296 1007 358 1034 pag.
383 999 446 1031 901,
477 999 534 1026 ﬁeri
560 1007 612 1025 non
638 1000 759 1032 potuisse
786 1004 815 1026 ttt
839 999 934 1026 Petrus
960 1006 1012 1025 non

224 1050 359 1080 pet-caret,
378 1049 520 1079 postquam
540 1045 700 1071 vaticinium
724 1052 801 1071 suum
821 1044 1011 1078 jurejurando,

225 1092 315 1124 Amm,
331 1090 456 1118 Christus
470 1090 653 1117 conﬁrmavit.
665 1090 731 1117 Nam
742 1090 784 1120 τὸ.
796 1090 855 1124 ﬁeri
864 1099 951 1123 posse,
965 1090 1014 1115 du-

225 1136 287 1171 plici
298 1136 376 1163 modo
391 1136 535 1163 enuntiare
553 1136 647 1164 Grzece
661 1136 748 1171 potuit
765 1136 896 1172 Origenes
910 1132 973 1169 οἷόν,
983 1144 1014 1162 τε

225 1179 306 1214 εἶναι,
325 1186 353 1210 et
364 1182 476 1209 δυνατὸν
489 1180 572 1209 εἶναι·
594 1190 710 1217 quorum
731 1182 805 1217 prior
820 1181 940 1209 excludit
965 1189 1014 1209 ne-

226 1229 391 1260 cessitatem,
418 1233 446 1254 et
476 1236 536 1254 cum
559 1227 687 1255 libertate
713 1227 747 1254 ad
768 1227 910 1261 opposita,
927 1230 956 1254 ut
978 1226 1016 1253 lo-

226 1277 348 1306 quuntur
377 1272 534 1303 consentit;
562 1271 696 1306 posterior
724 1278 791 1298 vero
826 1270 1015 1298 necessitatem

228 1319 352 1351 includit,
367 1324 394 1345 et
409 1319 562 1346 libertatem
580 1318 712 1345 excludit.
725 1317 914 1345 Distinctionis
937 1317 1017 1352 hujus

228 1370 415 1399 argumentum
428 1372 537 1391 arcesso
549 1372 564 1391 e
582 1364 642 1390 libr.
667 1372 684 1391 ιι
702 1369 792 1390 contra
808 1363 924 1395 Celsum,
942 1372 1016 1391 nutn.

229 1412 273 1440 I8.
293 1411 338 1438 ubi
357 1412 398 1438 sic
411 1411 445 1438 de
460 1410 580 1444 ejusdem
603 1409 678 1436 .ludze
703 1409 854 1443 proditione
874 1414 901 1436 et
916 1409 1017 1436 Chriin

229 1457 357 1484 vaticinio
371 1456 488 1490 loquitur
504 1463 511 1480 :
523 1456 578 1490 Οὐχ
589 1454 643 1481 οἷόν
655 1464 684 1481 τε
695 1453 728 1490 ἦν
740 1454 801 1481 οὔτε
820 1454 866 1482 τὸν
880 1454 1019 1489 ἐγνωσμέ-

228 1511 273 1529 νον
284 1502 321 1534 ῶς
334 1501 513 1538 προδώσοντα,
526 1501 561 1537 μὴ
572 1501 725 1536 προδοῦναι,
734 1500 795 1527 οὔτε
808 1500 853 1527 τὸν
861 1499 1020 1536 ἐλεγχθέντα

229 1548 425 1585 ἀρνησόμενον,
446 1547 483 1582 μὴ
497 1546 678 1583 ἀρνήσασθαι.
703 1546 784 1580 Quasi
801 1547 875 1573 dicas
890 1555 896 1575 :
916 1556 925 1571 ι
938 1545 1019 1572 Nullo
1033 1538 1054 1566 ο

231 1595 312 1622 modo
327 1594 446 1621 futurum
459 1599 529 1620 erat.
548 1603 558 1618 ι
579 1594 610 1620 At
624 1594 702 1627 paulo
717 1592 830 1619 inferius
850 1600 923 1619 num.
935 1591 971 1618 20
982 1593 1020 1618 sic

231 1641 313 1668 habet
333 1648 340 1667 :
357 1640 413 1667 Kal.
433 1639 493 1666 ὅλον
503 1648 534 1674 γε
555 1639 633 1666 τοῦτο
649 1640 724 1674 ὲντῇ
745 1638 897 1676 προγνώσει
911 1638 958 1665 τοῦ
977 1637 1020 1664 θε-

231 1686 372 1718 σπίζοντος
390 1686 455 1713 αὐτὸ
471 1686 599 1721 τυγχάνει
617 1685 730 1712 δυνατοῦ
753 1686 829 1717 ὄντος
852 1685 929 1712 τοῦδέ
949 1693 1020 1716 τινος

231 1732 366 1767 γενέσθαι,
376 1732 453 1758 ἔσται
469 1732 500 1758 τὸ
514 1732 605 1767 ἕτερον
616 1731 705 1758 αὐτῶν
716 1731 747 1758 τὸ
762 1732 836 1758 δέτι.
852 1731 906 1758 Καὶ
921 1731 951 1757 οὗ
970 1740 1021 1765 φα-

233 1778 283 1814 μὲν
299 1779 340 1805 ὅτι
353 1779 368 1804 ὁ
385 1778 581 1813 προγινώσκων
596 1777 701 1812 ὑφελὼν
715 1777 744 1804 τὸ
762 1777 873 1804 δυνατὸν
890 1775 960 1804 εἶναι
975 1786 1022 1811 γε-

231 1823 324 1851 νέσθαι
336 1824 384 1851 καὶ
404 1825 441 1860 μὴ
453 1824 578 1858 γενέσθαι
598 1824 678 1851 οἱονεὶ
691 1824 811 1850 τοιοῦτον
827 1833 853 1850 τι
863 1823 936 1858 λέγει
947 1832 953 1838 ·
963 1823 1021 1850 τάδε

232 1869 342 1901 πάντως
351 1869 437 1902 ἔσται,
448 1870 494 1896 καὶ
514 1870 644 1896 ἀδύνατον
658 1870 759 1906 ἑτέρως
773 1869 917 1904 γενέσθαι·
929 1874 956 1896 et
973 1869 1019 1896 lib.

233 1922 271 1941 Vtt
290 1915 434 1942 Comment.
451 1915 477 1941 in
490 1915 575 1950 Epist.
594 1916 628 1942 ad
640 1915 728 1947 Ram.,
744 1923 817 1944 num.
835 1915 861 1947 8,
879 1923 939 1950 pag.
949 1914 1019 1941 605:

237 1969 247 1986 ι
268 1960 324 1988 Non
337 1968 403 1995 ergo
413 1961 475 1995 quia
492 1961 628 1996 prophetat
640 1962 836 1996 pnedixerunt,
847 1961 947 1988 ideirco
960 1968 1022 1996 pro-

234 2007 301 2034 didit
321 2005 406 2034 Judas
426 2015 433 2034 :
450 2007 496 2034 sed
521 2007 583 2041 quia
610 2007 718 2034 futurus
744 2013 818 2034 esset
835 2007 974 2042 proditor.
991 2015 1021 2035 ea

234 2060 294 2088 qute
309 2052 354 2080 ille
375 2061 408 2080 ex
424 2053 553 2088 propositi
567 2053 607 2080 stti
620 2053 740 2087 nequitia
757 2057 881 2088 gesturus
889 2057 946 2079 erat
958 2060 1024 2087 prte-

235 2099 363 2126 dixerunt
380 2099 529 2133 prophetat,
545 2107 606 2125 ettut
624 2098 716 2132 utique
737 2098 821 2125 Judas
841 2099 867 2125 itt
891 2103 1024 2133 potestate

237 2145 384 2176 habuisset,
404 2149 433 2172 ut
448 2150 520 2172 esset
542 2145 639 2172 similis
657 2145 739 2171 Petro
756 2149 783 2171 et
799 2143 895 2171 Joaunl
909 2164 917 2176 ,
937 2145 959 2171 si
976 2153 1024 2171 vo-

237 2186 342 2214 luisset.
364 2197 373 2213 ι
398 2186 467 2214 Ilinc
485 2188 552 2214 adeo
572 2197 581 2213 ι
607 2187 687 2222 chis
715 2187 923 2221 possibilitatem
948 2194 1024 2214 asse-

238 2233 324 2260 ruisse
343 2242 353 2259 ι
366 2233 510 2267 Origeoem
534 2233 778 2268 blagdeburgenses
803 2233 945 2268 conquesti
961 2239 1024 2261 suttt

237 2283 311 2305 cent.
331 2286 370 2310 ιιι,
386 2286 445 2313 cap.
457 2279 498 2306 10.

273 2330 367 2358 XXIII.
386 2331 463 2359 Patet
483 2333 564 2360 etiam
582 2333 839 2368 reprehensionibus
864 2333 941 2362 locus
964 2333 1022 2362 Ori-

239 2377 316 2413 genis
333 2385 349 2404 e
364 2377 411 2404 lib.
426 2385 455 2405 ιιι
474 2379 500 2404 in
520 2378 605 2412 Epist.
625 2379 659 2406 ad
678 2379 768 2412 Rom.,
789 2387 863 2406 num.
877 2379 909 2412 9,
923 2379 950 2406 in
968 2387 1023 2414 quo

238 2423 370 2459 exemplis
378 2429 406 2450 et
421 2425 569 2452 rationibus
580 2425 767 2452 demonstrare
782 2425 876 2452 nititur
887 2425 942 2453 sola
961 2425 1023 2458 ﬁdo,

239 2469 340 2503 absque
367 2468 428 2495 ullis
441 2468 567 2502 operibus
581 2469 657 2505 legis,
671 2469 807 2497 hominem
825 2470 927 2504 justum
944 2469 1024 2500 cﬁici,

237 2513 315 2548 juxta
330 2514 396 2542 illud
411 2514 534 2548 Apostoli
550 2513 630 2542 Rom.
647 2514 784 2548 ttt,27,28
801 2523 827 2541 ε(
847 2514 896 2542 Ubi
909 2520 951 2542 est
962 2522 1026 2550 ergo

239 2560 366 2595 gloriatio
390 2560 403 2586 ?
417 2559 533 2587 Exclttsa
559 2566 613 2588 cst.
635 2560 687 2588 Per
709 2568 789 2595 quam
814 2561 926 2596 legem?
944 2561 1027 2588 1¹ιιοιος

241 2614 299 2634 rum
313 2606 324 2633 τ
338 2605 408 2638 Νοιι,
424 2607 471 2633 sed
488 2615 536 2642 per
553 2606 638 2642 legem
665 2606 737 2634 ﬁdei.
760 2605 932 2633 Arbitratnur
954 2607 1026 2634 enitn

237 2651 380 2685 iustiﬁcari
393 2651 530 2679 hominem
545 2659 593 2686 per
610 2652 701 2682 ﬁdem,
711 2651 770 2679 sine
783 2652 912 2687 operibus
928 2652 1024 2687 legis.»

239 2698 275 2723 At
290 2701 394 2724 certutn
409 2703 449 2725 est
461 2703 551 2725 tamen
566 2698 808 2732 dejustiﬁcationis
823 2697 906 2726 initiis
922 2698 957 2725 ibi
971 2699 1028 2726 dis-

240 2749 331 2768 serere
344 2742 560 2776 Origettetn,uott
576 2743 608 2770 de
627 2751 773 2778 progressu
785 2742 844 2777 ejus
859 2748 888 2771 et
898 2751 1027 2778 augmen-

277 2828 300 2845 ’⁵
318 2829 395 2856 Rottt.
411 2837 446 2861 tv,
457 2830 484 2857 5.

1063 911 1160 946 gratia,
1181 909 1367 937 misericordia
1393 907 1538 942 unicuique
1564 905 1684 940 reputari
1708 908 1801 937 potest
1826 904 1856 929 ad

1060 957 1207 991 justitiam,
1220 961 1265 982 aut
1288 954 1431 989 sapientia,
1449 958 1494 980 aut
1518 953 1643 983 scientia,
1659 956 1708 977 aut
1735 956 1857 976 mansue—

1065 1005 1138 1037 tudo,
1157 1009 1184 1030 et
1199 1002 1349 1033 humilitas,
1363 1001 1406 1028 vel
1423 1006 1497 1027 certe
1514 1000 1536 1026 si
1555 999 1629 1026 omni
1646 997 1773 1024 credenti
1795 996 1858 1022 ﬁdes

1065 1051 1098 1078 ad
1111 1049 1244 1085 justitiam
1259 1051 1411 1082 reputetur.
1428 1056 1437 1072 ι
1452 1046 1520 1073 Tum
1535 1046 1563 1072 in
1581 1044 1656 1071 Rom.
1671 1051 1708 1075 tv,
1723 1043 1773 1073 18.
1783 1049 1855 1068 num.

1065 1097 1091 1130 ϐ,
1108 1103 1169 1130 pag.
1183 1094 1232 1121 531
1250 1100 1256 1118 :
1277 1103 1287 1119 ι
1307 1093 1375 1121 Puto
1397 1092 1467 1127 quod
1495 1091 1580 1127 pritna
1599 1089 1696 1116 salutis
1721 1088 1820 1121 initia,
1832 1094 1848 1114 e

1067 1143 1123 1177 ipsa
1141 1141 1325 1170 fundamenta,
1344 1138 1410 1165 ﬁdes
1435 1141 1478 1165 est
1493 1145 1500 1164 :
1525 1135 1665 1171 profectus
1680 1141 1750 1162 vero
1763 1138 1792 1161 et
1810 1140 1857 1160 au-

1066 1192 1174 1224 gmenta
1187 1186 1293 1214 aedilicii
1306 1205 1313 1218 ,
1329 1193 1390 1220 spes
1411 1190 1451 1211 est
1468 1193 1475 1212 :
1496 1182 1627 1218 perfectio
1643 1186 1736 1208 autem
1753 1185 1783 1208 et
1805 1180 1857 1208 cul-

1067 1242 1128 1261 men
1146 1235 1227 1260 totins
1250 1232 1350 1268 operis,
1375 1231 1504 1258 ebaritas.
1522 1239 1531 1255 ι
1554 1229 1638 1256 Idem.
1666 1232 1735 1254 tom.
1764 1234 1809 1253 nt
1833 1226 1857 1252 iu

1068 1281 1178 1312 Matth,
1195 1288 1271 1307 Illlm.
1287 1278 1321 1306 27
1332 1298 1340 1309 .
1355 1285 1417 1313 pag.
1434 1277 1496 1308 760,
1514 1276 1593 1303 ﬁdem
1615 1275 1718 1308 absque
1731 1273 1857 1307 operibus

1068 1327 1184 1354 similem
1201 1333 1261 1353 esse
1272 1325 1336 1351 dicit
1355 1324 1416 1350 licni
1437 1331 1451 1349 ει
1467 1322 1573 1350 Christo
1585 1321 1724 1350 arefactte.
1745 1326 1807 1354 qua:
1820 1318 1857 1345 fo-

1071 1373 1103 1399 lia
1114 1376 1217 1398 tantum
1231 1370 1332 1405 absque
1351 1369 1482 1397 fructibus
1498 1365 1767 1400 ostentabat.ltaque
1786 1369 1858 1399 post-

1070 1425 1149 1453 quam
1162 1419 1277 1452 probare
1292 1420 1406 1442 conatus
1421 1418 1465 1441 est
1481 1413 1537 1441 sola
1565 1412 1617 1439 ﬁde
1637 1411 1778 1438 hominem
1791 1409 1857 1437 clibi

1067 1463 1181 1498 justum,
1197 1461 1299 1495 absque
1313 1459 1441 1496 operibus
1455 1458 1532 1492 legis,
1545 1458 1638 1492 priore
1662 1457 1722 1483 loco
1746 1456 1809 1483 libri
1831 1464 1856 1482 ιιι

1071 1509 1097 1535 in
1111 1507 1194 1542 Epist.
1207 1507 1241 1534 ad
1253 1506 1329 1533 Rom.
1342 1506 1435 1533 statim
1454 1504 1563 1539 subiicit
1580 1511 1654 1531 num.
1672 1504 1702 1535 9,
1717 1510 1780 1538 pag.
1792 1502 1857 1530 5I'l:

1073 1563 1083 1581 ι
1100 1555 1153 1582 Sed
1171 1554 1295 1581 forta~sis
1319 1553 1376 1580 haec
1401 1551 1500 1586 aliquis
1522 1550 1635 1578 audiens
1658 1549 1824 1580 resolvatur,
1834 1553 1858 1575 et

1071 1601 1138 1628 bene
1153 1599 1248 1635 agendi
1268 1597 1459 1633 negligentiam
1484 1596 1582 1630 capiat,
1607 1595 1745 1630 siquidem
1763 1594 1797 1621 ad
1819 1593 1859 1628 ju-

1070 1646 1242 1674 stiﬁcandum
1257 1646 1325 1672 ﬁdes
1337 1644 1394 1672 sola
1411 1643 1534 1670 suiliciat.
1559 1642 1598 1669 Ad
1613 1649 1696 1676 quem
1720 1641 1856 1670 dicemus.

1071 1693 1132 1728 quia
1145 1696 1205 1727 post
1224 1690 1448 1725 justiﬁeationem
1474 1689 1497 1716 si
1519 1689 1617 1723 injuste
1632 1687 1695 1722 quis
1710 1689 1791 1721 agat,
1803 1685 1858 1712 sine

1070 1738 1153 1765 dubio
1165 1736 1368 1771 justilicationis
1383 1735 1500 1770 gratiam
1521 1733 1623 1768 sprevit
1638 1740 1645 1765 ;
1667 1742 1677 1758 ι
1692 1737 1722 1759 et
1741 1736 1858 1765 postmo-

1071 1782 1132 1810 dum
1148 1789 1222 1808 num.
1242 1780 1285 1812 ιθ,
1300 1788 1360 1815 pag.
1379 1779 1431 1807 5i9
1447 1787 1454 1805 :
1473 1788 1482 1805 t
1496 1778 1572 1811 Quod
1584 1777 1606 1804 si
1625 1776 1751 1811 requirat
1765 1775 1859 1809 aliquis

1071 1827 1216 1859 curiosius,
1232 1827 1248 1853 ii
1264 1826 1308 1860 qui
1324 1833 1356 1853 ex
1374 1825 1426 1852 ﬁde
1437 1824 1641 1859 justiﬁcantur,
1658 1829 1708 1857 per
1722 1829 1804 1857 quem
1817 1821 1858 1855 jn-

1074 1873 1240 1905 stitieeutur;
1257 1871 1318 1900 licet
1339 1871 1463 1898 fortassis
1489 1869 1572 1896 multa
1593 1869 1620 1895 in
1645 1869 1699 1895 hoc
1717 1867 1856 1895 curiositas

1071 1919 1206 1949 videatur,
1222 1922 1310 1944 tamen
1322 1916 1516 1944 convenienter
1525 1915 1614 1941 dicere
1626 1912 1856 1948 possumus,qu

1073 1964 1117 1998 qui
1130 1971 1163 1990 ex
1177 1963 1228 1990 ﬁde
1239 1963 1422 1997 justiﬁcantttr
1433 1983 1440 1993 ,
1458 1961 1535 1988 initio
1554 1967 1587 1987 ex
1607 1959 1660 1987 ﬁde
1678 1965 1799 1994 sumpto,
1815 1966 1857 1993 per

1073 2010 1291 2045 atlitupletionetn
1320 2010 1452 2036 bonorum
1477 2015 1588 2042 operum
1617 2011 1854 2036 consumtttautnr;

1073 2061 1099 2084 et
1115 2057 1160 2091 qui
1173 2064 1222 2091 per
1235 2056 1313 2082 ﬁdettt
1324 2054 1519 2090 justiﬁcantur,
1529 2061 1543 2079 a
1556 2053 1635 2079 bonis
1645 2052 1779 2086 operibus
1788 2059 1856 2078 exor-

1074 2102 1108 2133 si,
1125 2109 1172 2136 per
1193 2101 1271 2128 ﬁdem
1300 2108 1432 2127 summam
1460 2099 1654 2135 perfectionem
1680 2098 1828 2131 accipiunt.
1845 2106 1853 2122 ι

1074 2147 1197 2180 Quanam
1209 2153 1272 2181 ergo
1287 2146 1338 2172 lide
1351 2145 1521 2180 scripserunt
1535 2143 1782 2178 Magdehttrgcnscs
1790 2148 1854 2170 cent.

1077 2199 1117 2225 ιιι,
1133 2200 1194 2227 cap.
1211 2191 1262 2224 10,
1281 2191 1425 2226 Origenem
1450 2200 1460 2217 ι
1476 2189 1681 2225 justiticationis
1702 2189 1803 2216 fontem
1823 2188 1855 2214 fe-

1076 2239 1146 2266 cisse
1159 2238 1228 2264 bona
1245 2237 1350 2272 operai
1365 2245 1374 2262 ι

1114 2283 1210 2311 XXIV.
1226 2283 1264 2310 De
1282 2287 1395 2318 peccato
1405 2281 1518 2317 originis
1528 2283 1562 2308 ab
1576 2282 1681 2309 Adamn
1699 2281 1726 2307 in
1741 2279 1854 2307 homines

1076 2335 1223 2366 propagato
1235 2338 1288 2357 non
1316 2337 1367 2356 uua
1383 2333 1426 2357 est
1448 2329 1564 2364 [prensis
1587 2329 1706 2363 episcopi
1734 2327 1854 2354 adversus

1077 2376 1267 2404 Adamantium
1277 2375 1397 2410 querela.
1408 2375 1432 2401 Is
1442 2379 1508 2402 tom.
1522 2374 1541 2406 l,
1552 2374 1596 2401 lib.
1615 2381 1652 2406 νι,
1665 2381 1726 2408 cap.
1738 2372 1853 2406 I7,post-

1077 2429 1158 2457 quam
1171 2421 1312 2455 Origenem
1331 2420 1420 2448 fassus
1434 2425 1475 2447 est
1489 2420 1521 2447 de
1535 2425 1646 2454 peccatu
1661 2418 1776 2453 originis
1786 2425 1800 2444 a
1813 2425 1853 2444 cn-

1080 2467 1177 2495 tltoliea
1191 2467 1309 2494 Ecclesia
1333 2466 1478 2494 dissentire
1499 2466 1657 2500 neutiquam
1673 2465 1772 2496 videri,
1789 2463 1854 2491 Pela-

1077 2514 1164 2549 gianis
1180 2518 1281 2545 tamen,
1295 2518 1324 2539 ttt
1336 2513 1370 2539 de
1382 2520 1413 2539 ea
1430 2520 1458 2539 re
1470 2511 1535 2539 falsa
1550 2512 1742 2546 opinarentur,
1758 2515 1851 2545 portam

1078 2560 1217 2594 aperuisse
1229 2559 1305 2586 dicit.
1316 2558 1376 2585 Mox
1385 2568 1400 2585 e
1410 2558 1480 2585 libro
1487 2566 1504 2585 v
1512 2557 1770 2584 Commentariorum
1779 2556 1851 2591 ipsius

1077 2607 1103 2633 in
1119 2605 1203 2640 Epist.
1230 2606 1265 2633 ad
1282 2605 1357 2632 Rom.
1383 2605 1517 2640 praecipua
1531 2604 1637 2637 colligit
1649 2603 1753 2637 capita,
1768 2603 1851 2637 quibus

1079 2653 1230 2679 doctrinam
1250 2651 1312 2686 ejus
1324 2658 1406 2686 super
1419 2651 1471 2678 hoc
1488 2657 1650 2686 argumento
1669 2648 1800 2676 contineri
1811 2655 1850 2682 pu-

1080 2702 1139 2731 tat;
1153 2705 1213 2732 qute
1221 2697 1390 2733 singulatim,
1402 2698 1450 2724 sed
1464 2697 1557 2732 paucis
1564 2695 1790 2730 examinabimus.
1801 2694 1849 2721 Pri-

1080 2751 1152 2771 mum
1168 2744 1218 2771 hoc
1234 2749 1275 2771 est
1293 2743 1434 2776 tnttttdutu,
1448 2743 1474 2770 itt
1492 2749 1571 2777 quem
1589 2747 1735 2776 peccatum
1752 2741 1850 2768 intrasse
