1912 3079
67 153 98 182 33

447 149 734 179 ORIGENIANORUM
755 149 819 176 [ΑΒ.
842 148 872 182 ll,

893 148 970 176 CAP.
991 146 1024 180 ll,
1044 145 1184 180 QUAEST.
1208 145 1263 173 \‘II.
1623 143 1676 174 906

51 212 125 238 docet
137 210 286 246 Apostolus
302 217 350 245 per
362 215 503 244 peccatum
522 209 630 241 Adauti,
642 214 765 236 terrenos
776 215 836 234 esse
851 211 872 239 Α
888 206 954 233 ιίοιιί
971 209 1069 241 quarta
1080 211 1203 233 connexa
1218 207 1277 236 est,
1296 203 1384 230 visum
1403 201 1489 230 fuisse
1516 200 1580 237 ipsi,
1601 209 1675 229 mor-

52 257 234 287 ltomines;2.
251 262 365 284 mortem
393 263 454 291 qua:
479 256 505 282 iu
536 263 631 283 omnes
657 254 833 289 pertransiit,

52 305 160 328 mortem
170 308 233 328 esse
248 301 356 333 animae,
370 308 423 327 non
436 301 574 335 corporis;
590 301 617 328 5.
632 305 746 327 mortem
762 300 834 326 illam

51 355 101 375 non
109 347 291 382 pertransisse
306 347 332 374 in
347 355 452 380 omnes,
464 348 511 375 sed
522 349 548 374 in
562 347 672 379 multos,
681 347 726 382 qui
740 354 836 382 nempe

51 398 109 420 actu
128 398 328 427 peccaverunt;
350 393 378 420 4.
395 401 446 420 non
461 393 487 420 in
511 401 606 421 omnes
622 401 751 429 regnasse
767 401 836 420 mor-

51 442 113 471 tem,
129 438 175 465 sed
190 437 216 464 in
233 446 279 465 eos
291 438 473 473 duntaxatqui
486 438 837 473 peccaveruntiusimilitn-

51 484 137 511 dinem
154 484 386 518 praevaricationis
402 485 484 518 Adze;
507 484 534 511 5.
561 492 614 512 non
631 492 725 511 omnes
741 484 829 511 homi-

51 538 106 563 nes,
121 531 167 557 sed
186 531 289 557 multos
304 530 384 558 unius
397 530 498 558 delicto
514 536 673 566 peccatores
699 531 782 558 fuisse
796 530 836 557 el-

52 575 152 606 fectos;
180 575 207 602 6.
223 575 365 603 Christum
399 576 490 611 plures
516 577 548 604 ad
574 577 657 604 vitam
675 576 834 608 reduxisse,

51 630 126 656 quam
139 622 272 649 Adamum
292 622 326 649 ad
343 627 477 656 mortem;
499 623 527 650 7.
544 623 678 650 Adamum
697 630 757 650 esse
781 623 836 650 for-

53 674 118 693 mam
130 666 227 699 futuri,
240 668 302 702 quia
313 668 416 701 peccati
433 667 517 702 ipsius
526 668 668 702 exmnplar
684 668 835 700 imitantes,

53 718 204 748 peccatores
218 713 306 740 ellecti
335 719 408 741 sunt.
437 714 618 742 Observatum
638 720 728 742 autem
753 715 835 742 velim

53 765 109 786 ante
121 760 223 792 omnia,
241 760 274 786 ab
285 760 401 795 Origene
413 760 470 787 hare
482 760 669 797 ἁλληγορικῶς
678 760 760 788 fuisse
774 768 836 795 pro-

52 806 145 841 posita,
166 814 220 834 non
246 807 420 842 δογματικῶς
440 807 568 838 deﬁnita;
591 812 736 841 antequam
762 807 835 834 enim

53 853 83 879 ad
96 860 125 879 ea
139 852 262 884 accedat,
282 853 417 888 explicato
432 853 531 880 littera).
549 861 641 880 sensu.
665 862 675 879 ι
691 853 836 880 Videamus

54 906 129 930 nunc,
148 907 158 924 ι
177 898 267 932 inquit
285 907 359 925 num.
376 899 403 931 1,
423 906 485 934 pag.
500 898 564 930 51.5,
584 908 593 924 ε
613 898 676 933 quid
696 898 778 926 etiam
795 898 838 925 in-

55 945 132 970 terior
146 942 243 970 habeat
260 943 427 970 intellectus.
444 952 452 970 ι
467 944 543 977 Quod
557 952 589 971 ex
604 944 688 977 ipsius
701 943 837 978 opinatio-

60 996 118 1016 num
134 990 317 1016 inconstantia
346 995 371 1017 et
393 989 549 1017 diversitate
566 990 664 1018 clarius
677 991 756 1019 etiam
777 999 838 1020 sese

55 1036 152 1070 prodet.
169 1035 236 1062 Nam
252 1037 369 1070 primum
380 1036 452 1071 quod
468 1037 576 1068 attinet,
589 1041 730 1072 postquam
748 1042 836 1066 terre—

55 1088 100 1108 nos
111 1081 234 1108 homines
248 1086 275 1108 et
294 1081 374 1108 rebus
403 1081 519 1108 terrenis
538 1082 645 1110 deditos
658 1102 666 1116 ,
692 1083 838 1117 allegorice

56 1128 175 1154 mundum
194 1135 258 1155 esse
274 1127 353 1160 dixit,
384 1128 410 1154 in
436 1135 516 1163 quem
544 1133 685 1162 peceatum
714 1129 836 1162 intravit,

55 1174 175 1201 mundum
187 1174 285 1201 deinde
298 1174 378 1201 aliter
391 1175 512 1209 exponit,
525 1181 614 1209 eoque
630 1175 777 1210 signiﬁcari
793 1176 839 1203 do-

56 1225 174 1246 cetnum.
191 1221 216 1251 Ι,
238 1228 299 1256 pag.
319 1220 382 1253 547,
405 1230 414 1246 ‹
431 1225 568 1248 terrenum
587 1222 657 1248 hunc
682 1221 783 1253 locum,
810 1222 836 1249 in

55 1272 104 1300 quo
117 1265 240 1293 homines
261 1267 384 1293 habitant
398 1275 406 1298 ;
421 1267 463 1294 vel
478 1273 613 1294 terrenam
631 1273 657 1294 et
668 1268 836 1300 corporalem

56 1311 143 1343 vitam,
159 1313 250 1346 inqua
270 1320 343 1340 mors
359 1313 444 1340 habet
464 1313 568 1346 locum;
592 1314 634 1340 cui
653 1313 763 1344 mundo,
787 1314 838 1341 hoc

57 1363 104 1388 est,
117 1362 228 1384 terrena:
238 1358 312 1391 vitae,
322 1359 469 1387 cruciﬁxus
480 1367 509 1386 se
518 1359 610 1386 dicunt
626 1360 712 1387 sancti
724 1364 752 1386 et
767 1368 839 1386 mor-

58 1408 122 1430 tuos.
141 1414 150 1430 ι
170 1404 227 1431 Non
256 1405 340 1432 multo
366 1410 456 1432 autem
486 1405 599 1432 inferius
617 1413 677 1440 pag.
699 1405 762 1438 549,
786 1406 837 1433 ala

58 1448 147 1477 habet:
163 1459 172 1476 (
190 1450 303 1477 Videtur
320 1451 397 1482 mihi,
415 1451 513 1485 inquit,
532 1451 603 1486 quod
623 1451 666 1478 hic
690 1452 837 1486 Apostolus

58 1494 126 1522 illam
140 1499 262 1527 a-tatein,
277 1504 335 1530 qua:
352 1498 471 1523 nendum
485 1497 517 1523 ad
534 1497 711 1532 rapacitatem
726 1496 838 1524 rationis

58 1541 172 1573 accessit,
185 1549 236 1568 non
249 1545 304 1568 tam
318 1542 450 1574 homines,
465 1550 547 1576 quam
564 1541 692 1568 mundum
713 1541 830 1575 appella-
850 1553 872 1582 ο

57 1586 129 1612 verit.
143 1595 152 1612 ι
166 1587 260 1613 Altera
281 1586 389 1621 querela
408 1586 465 1613 lucc
490 1590 543 1617 est,
562 1585 664 1612 dixisse
690 1584 835 1620 Origencm

58 1638 164 1660 mortem
185 1641 246 1668 quae
264 1634 291 1660 in
313 1641 408 1661 omnes
425 1633 548 1660 homines
581 1632 746 1666 pertransiit,
766 1639 839 1658 mor-

60 1683 106 1705 tem
118 1687 176 1706 essc
189 1681 299 1712 animm,
317 1688 370 1706 non
398 1679 530 1714 corporis.
552 1679 649 1706 Fateor
675 1683 788 1705 mortem
804 1677 836 1704 il-

60 1724 106 1751 lam
119 1726 218 1758 passim
234 1726 321 1760 accipi
336 1726 371 1753 ab
384 1733 417 1753 eo
431 1733 478 1760 pro
494 1730 579 1752 morte
590 1724 707 1760 peccati,
723 1724 781 1758 sed,
801 1728 830 1750 ut

58 1771 165 1806 reliqua,
196 1773 348 1807 allegorico
372 1780 479 1800 sensu:
503 1771 582 1806 cujus
611 1770 706 1797 mortis
722 1775 837 1797 mortem

59 1824 206 1854 corpoream
220 1819 346 1847 umbram
363 1818 480 1853 appellat
495 1825 572 1844 num.
587 1817 612 1850 1,
626 1824 686 1851 pag.
703 1816 765 1849 5L7,
774 1817 837 1850 quia

61 1873 71 1890 ι
87 1872 246 1901 quocunque
267 1865 312 1892 illa
328 1864 481 1896 incesserit,
498 1863 569 1890 hanc
588 1869 703 1890 necesse
720 1865 763 1889 est
773 1860 838 1888 sub-

60 1912 139 1946 sequi,
152 1912 224 1940 velut
240 1912 364 1939 umbram
384 1918 500 1945 corpus;
517 1920 526 1936 ι
543 1914 624 1944 atque
639 1908 741 1936 idcirco
765 1914 839 1934 mor-

59 1962 127 1985 tuum
154 1958 240 1986 fuisse
265 1958 418 1990 Christum,
433 1957 496 1992 quia
518 1964 568 1991 pro
591 1955 671 1982 nobis
688 1954 776 1982 lactus
797 1958 839 1980 est

59 2009 200 2036 pet-catum.
211 2005 247 2032 At
259 2008 373 2031 mortem
386 2003 471 2038 illaut,
480 2010 561 2037 quam
576 2008 702 2036 regnasse
712 2001 746 2028 ab
754 1999 837 2027 Adam

58 2056 136 2085 usque
151 2052 184 2079 ad
201 2051 314 2086 Moysen
329 2049 528 2085 aitAp0stolus
556 2048 637 2075 Rom.
655 2055 682 2080 v,
698 2047 744 2079 l4,
765 2054 839 2073 mor-

60 2101 106 2124 tem
120 2099 254 2132 corporis,
270 2103 298 2125 et
309 2098 473 2125 descensum
486 2096 519 2122 ad
543 2095 646 2122 inferos
675 2101 729 2120 non
754 2091 838 2119 semel

59 2143 243 2179 interpretatur
261 2144 393 2178 Origenes
410 2143 458 2170 lib.
483 2150 499 2168 v
526 2142 554 2168 in
578 2140 663 2174 Epist.
686 2141 720 2165 ad
737 2137 813 2165 Rutn.
829 2158 837 2170 ,

59 2197 116 2223 puta
137 2199 198 2219 cum
213 2192 254 2219 ait
278 2198 353 2218 num.
368 2189 405 2216 ιε
425 2198 434 2214 ε
457 2188 598 2222 Quomodo
619 2193 697 2218 sane,
715 2185 755 2212 vel
777 2192 838 2218 qua:

59 2237 240 2265 condemnatio
253 2238 280 2264 in
298 2244 394 2264 omnes
416 2236 541 2262 homines
558 2232 664 2260 venerit
688 2231 835 2258 videndum
852 2226 875 2254 D

59 2287 97 2310 CSI
112 2292 118 2311 :
134 2289 160 2312 et
172 2285 296 2312 sullicere
311 2283 426 2311 forsitan
442 2285 543 2316 potest,
560 2278 711 2307 secundum
731 2277 837 2312 simpli-

59 2336 112 2356 cem
121 2332 327 2367 expositionem,
339 2329 498 2357 utdicantns
508 2325 764 2355 condemnationem
777 2329 838 2351 esse

60 2375 140 2403 delicti
157 2384 328 2405 comunmem
352 2376 423 2403 hanc
436 2379 552 2402 mortem
571 2380 634 2408 qua:
647 2371 776 2399 omnibus
790 2377 838 2397 ve-

62 2423 97 2449 nit
109 2429 133 2450 et
146 2426 247 2456 veniet,
264 2423 370 2451 etiamsi
381 2424 446 2458 justi
459 2422 613 2448 videantur.
635 2429 644 2445 ι
665 2419 838 2446 Existimavit

61 2476 118 2505 ergo
130 2471 258 2506 Origenes
273 2479 325 2497 non
338 2475 479 2504 peccatum
491 2467 590 2498 solum,
607 2465 680 2500 quod
699 2472 771 2492 mors
789 2469 835 2491 est

62 2515 160 2546 animae.
171 2517 217 2543 sed
233 2521 346 2544 mortem
364 2515 447 2542 etiam
462 2519 621 2548 corpoream
644 2511 671 2537 iu
685 2518 766 2537 omne
791 2517 837 2544 ge-

63 2567 108 2587 nus
118 2562 260 2590 humanum
270 2569 317 2595 per
325 2561 419 2588 Adami
430 2560 533 2594 lapsum
545 2558 627 2585 luisse
639 2557 838 2587 transmissam,

63 2607 126 2640 Quod
142 2610 232 2643 synodi
252 2608 419 2636 Tridentina:
433 2608 555 2636 decreto,
586 2611 654 2630 sess.
670 2602 697 2634 5,
725 2609 786 2628 can.
802 2601 836 2631 εὶ,

64 2654 163 2683 benitns
172 2661 382 2683 consentaneum
404 2658 456 2680 est.
475 2651 502 2679 ιιι
517 2650 675 2681 .Iausenins,
688 2648 761 2675 velut
776 2655 791 2674 a
807 2655 839 2674 sc

64 2698 227 2734 dissentiens,
244 2702 356 2729 minime
372 2699 525 2728 dissimulat
543 2703 608 2725 tom.
622 2697 642 2727 I,
656 2697 704 2722 lib.
719 2703 761 2726 ιιι,
777 2701 839 2728 cap.

65 2743 104 2772 15.
119 2745 206 2775 Tertia
220 2747 374 2775 criminatio
385 2745 448 2773 talis
465 2750 515 2775 est.
534 2743 678 2771 censuisse
705 2741 839 2767 Adaman-

67 2790 135 2823 Iitnu,
148 2800 260 2821 mortem
277 2794 349 2820 illam
368 2800 428 2826 quae
452 2799 481 2818 tn
502 2797 607 2822 omnes,
623 2789 700 2823 juxta
722 2785 837 2813 Paulum

67 2834 136 2866 liotn.
149 2847 175 2872 v,
193 2841 234 2871 l2,
246 2839 413 2875 pertransiit,
424 2837 451 2864 in
464 2836 562 2864 multos
575 2840 677 2861 tantum
695 2838 838 2867 pertrans-

67 2880 132 2918 iisse,
154 2887 198 2921 qui
221 2894 319 2921 uctnpe
344 2890 406 2912 actu
435 2886 628 2918 peccaVeruut.
645 2880 693 2907 Cui
710 2878 840 2907 erimina-

852 883 873 910 Β

890 256 943 278 tem
957 252 1030 278 illam
1042 253 1075 278 de
1090 258 1142 286 qua
1156 249 1257 277 Paulus
1274 249 1353 276 lltnn.
1367 257 1393 282 v,
1406 249 1451 280 Η,
1466 256 1520 275 non
1536 248 1565 275 in
1579 255 1678 275 omnes

888 305 1028 333 regnasse.
1044 298 1092 324 sed
1116 297 1142 323 in
1158 303 1205 323 eos
1230 298 1374 327 duntaxat,
1390 294 1436 329 qui
1450 298 1634 329 peccaverunt
1649 294 1676 321 in

886 343 1092 371 similitudinem
1106 341 1340 378 praevaricationis
1351 341 1426 368 Adae.
1439 340 1591 375 Utrobique
1605 348 1677 367 mor-

886 395 939 417 tem
960 389 1064 423 percati
1080 389 1203 423 intelligit
1218 397 1226 416 :
1244 395 1275 414 ac
1294 388 1408 423 proinde
1421 388 1521 422 pendet
1531 387 1594 414 hinc
1609 394 1678 421 quo-

886 444 939 471 que
956 437 1051 471 quinta
1066 435 1216 466 accusatio,
1234 433 1384 461 allirinasse
1397 433 1497 467 ipsum,
1514 440 1567 459 non
1579 439 1676 460 oumes

887 482 1023 512 homines,
1035 480 1082 507 sed
1096 479 1195 506 multos
1210 478 1291 505 unius
1306 477 1407 504 delicto
1428 480 1585 511 peceatores
1615 482 1677 502 esse

886 527 1010 555 cﬂectos.
1026 525 1173 560 Distinguit
1189 528 1279 552 autem
1290 523 1423 558 Origenes
1440 522 1584 549 transitum
1602 529 1676 549 mor-

887 574 944 601 tisa
954 580 1036 607 regno
1045 572 1140 599 mortis
1153 580 1159 598 :
1176 581 1184 596 ε
1198 570 1343 598 Peccatqu
1352 569 1435 600 enim,
1449 578 1458 594 ι
1471 567 1556 601 inquit
1567 567 1674 599 num.l,

886 628 947 655 pag.
976 619 1028 646 550
1044 638 1051 650 ,
1072 628 1082 644 ‹
1103 617 1261 653 pertransiit
1286 617 1369 643 etiam
1398 615 1426 642 in
1451 614 1552 650 juslos,
1574 619 1601 642 et
1624 614 1676 642 levi

887 667 1004 702 quadam
1019 672 1067 692 eos
1082 664 1246 699 contagione
1262 662 1423 697 perstrinxit
1438 671 1445 689 :
1464 661 1491 688 in
1508 660 1674 696 pratvarica-

888 713 992 740 toribus
1009 719 1084 744 vero,
1096 710 1123 738 id
1139 715 1182 738 est
1196 729 1204 741 ,
1235 709 1278 736 bis
1293 709 1339 743 qui
1358 716 1387 735 se
1402 708 1427 735 ci
1449 712 1505 735 tota
1533 711 1626 734 mente
1644 713 1678 734 ac

887 759 1029 786 devotione
1053 756 1214 792 subjiciunt,
1229 763 1344 790 regnum
1369 758 1452 786 tenet,
1471 758 1499 780 et
1511 753 1584 780 oumi
1600 756 1678 788 pote-

887 809 957 831 state
976 803 1142 831 dominatur.
1158 812 1167 828 ι
1186 801 1220 828 At
1238 806 1352 828 mortem
1367 800 1440 826 illam
1456 806 1539 834 super
1553 806 1600 826 eos
1613 802 1677 825 tan-

889 856 945 878 tum
962 858 1072 885 regnum
1091 849 1212 876 tenuisse
1225 847 1347 881 vnlt,qni
1364 845 1445 873 simili
1460 852 1529 877 sese,
1546 850 1575 872 ut
1589 844 1675 872 Adam

888 897 1004 924 crimine
1019 895 1243 930 inquinaverunt.
1263 893 1422 928 Quanquam
1450 891 1512 918 alibi
1531 895 1674 924 peccatur»

887 943 1003 977 originis
1019 948 1102 976 super
1118 947 1214 968 omnes
1233 946 1363 972 regnasse
1383 939 1444 964 ait:
1463 945 1472 962 ι
1492 935 1548 964 Νοιι
1564 943 1640 970 ergo,
1662 944 1674 962 ι

888 988 976 1023 inquit
989 994 1062 1013 unm.
1076 985 1104 1016 2,
1119 993 1181 1020 pag.
1199 985 1262 1017 55!,
1283 993 1291 1009 ι
1309 983 1375 1010 nihil
1394 982 1571 1016 peccantilms
1587 980 1677 1014 nobis,

889 1041 964 1061 mors
979 1032 1104 1068 regnavit
1117 1031 1143 1058 in
1160 1031 1260 1058 nobis:
1281 1040 1291 1057 ι
1308 1034 1336 1058 et
1349 1037 1411 1057 mox
1429 1039 1435 1056 :
1453 1037 1464 1054 ε
1481 1027 1535 1055 Sed
1552 1026 1678 1061 regnavit

889 1086 962 1106 mors
978 1079 1013 1105 ab
1028 1077 1114 1105 Adam
1133 1084 1219 1112 ttsque
1235 1077 1267 1102 ad
1282 1075 1391 1111 Moysen
1411 1075 1437 1102 in
1455 1082 1503 1102 eos
1514 1074 1560 1110 qui
1575 1081 1675 1109 pecca-

889 1129 988 1153 verunt
1014 1124 1040 1151 in
1058 1123 1264 1151 similitudinem
1287 1121 1521 1157 praevaricationis
1541 1120 1615 1148 Δότε.
1633 1119 1678 1148 Vi-

889 1172 972 1198 desne
987 1175 1017 1196 nt
1032 1177 1047 1196 a
1060 1173 1173 1204 peccato
1189 1169 1292 1196 nullum
1316 1167 1416 1194 Paulus
1430 1166 1565 1194 excuset?
1583 1176 1593 1193 ι
1614 1165 1678 1193 I'er-

887 1216 1032 1244 transiisse
1060 1221 1150 1243 autem
1178 1219 1294 1242 mortem
1312 1214 1339 1241 in
1363 1221 1459 1241 omnes
1475 1213 1580 1240 iteratis
1608 1213 1676 1240 locis

888 1265 988 1291 diserte
1006 1261 1116 1295 asserit,
1130 1265 1160 1288 ut
1174 1268 1235 1287 cum
1250 1268 1325 1286 num.
1344 1259 1370 1289 l,
1387 1266 1449 1294 pag.
1465 1258 1529 1291 547,
1550 1257 1677 1292 corporis

889 1315 1002 1337 mortem
1024 1308 1148 1336 umbram
1166 1314 1228 1334 esse
1243 1305 1309 1333 dicit
1322 1305 1416 1332 mortis
1430 1304 1533 1340 peccati
1546 1313 1553 1337 ;
1570 1312 1601 1330 ac
1615 1311 1678 1339 pro-

888 1355 951 1382 inde
972 1353 1075 1381 nullum
1097 1358 1186 1380 morte
1213 1350 1319 1386 peccati
1344 1357 1406 1378 esse
1433 1351 1593 1379 immunem,
1615 1349 1678 1382 quia

888 1408 1048 1437 corpoream
1063 1404 1177 1427 mortem
1194 1406 1274 1425 nemo
1295 1397 1382 1424 vitare
1398 1401 1498 1431 potest.
1529 1395 1555 1422 Id
1582 1395 1679 1430 probat

888 1449 985 1476 deinde
994 1445 1216 1475 commemoratis
1231 1444 1356 1478 priorum
1369 1447 1522 1477 temporum
1539 1441 1606 1468 viris
1616 1448 1664 1467 san
1674 1455 1680 1460 ι

888 1494 984 1521 ctitate
993 1490 1139 1524 nobilibus,
1150 1498 1219 1524 quos
1227 1497 1324 1517 omnes
1331 1494 1444 1524 peccato
1455 1487 1587 1514 obnoxios
1596 1486 1680 1512 fuisse

889 1541 1070 1568 demonstrat.
1089 1537 1164 1565 Idem
1178 1545 1231 1563 non
1251 1537 1334 1563 multo
1356 1539 1418 1570 post
1436 1534 1592 1564 conﬁrmat,
1610 1539 1679 1567 apo-

888 1588 1013 1615 stolicum
1029 1586 1096 1614 illud
1115 1586 1265 1621 explanatis
1279 1583 1360 1610 Rom.
1377 1589 1403 1615 v,
1420 1580 1472 1608 l8:
1484 1589 1493 1605 ι
1509 1579 1593 1615 Igitur
1608 1579 1680 1606 sicut

888 1643 938 1670 per
949 1635 1029 1662 unius
1043 1633 1170 1661 delictum
1186 1632 1213 1659 in
1224 1637 1319 1658 omnes
1334 1628 1458 1656 homines
1471 1627 1498 1654 in
1513 1625 1679 1654 condemna-

890 1681 1000 1713 tionem,
1022 1689 1031 1706 ι
1047 1684 1102 1707 etc.
1115 1687 1124 1704 ι
1136 1678 1167 1705 Ει
1185 1677 1319 1709 sullicere,
1341 1684 1350 1700 ι
1365 1674 1453 1709 inquit
1465 1681 1542 1700 num.
1557 1672 1584 1703 ὁ,
1599 1683 1607 1697 ι
1622 1672 1678 1700 lor-

889 1727 960 1755 sitan
976 1731 1065 1760 potest
1080 1724 1230 1752 secundant
1246 1721 1400 1757 simplicem
1419 1719 1630 1754 expositionem,
1646 1721 1676 1745 ut

887 1772 1011 1799 dicamus
1029 1769 1286 1798 condemnationem
1303 1774 1365 1794 esse
1395 1765 1488 1793 delicti
1504 1771 1676 1792 communem

888 1819 958 1846 banc
974 1823 1100 1848 mortem,
1109 1823 1169 1851 quae
1177 1814 1305 1842 omnibus
1317 1812 1402 1845 venit,
1412 1816 1440 1839 et
1453 1811 1556 1843 veniet,
1567 1809 1676 1839 etiamsi

885 1863 951 1898 justi
967 1862 1127 1895 videantur;
1144 1870 1154 1887 ι
1172 1865 1254 1894 atque
1271 1860 1341 1885 hanc
1356 1864 1417 1885 esse
1430 1856 1497 1883 dicit
1511 1855 1674 1890 simplicem.

888 1916 941 1936 non
969 1907 1144 1942 allegoricam
1170 1904 1382 1938 expositionem.
1412 1901 1467 1929 Nec
1490 1900 1677 1935 superioribus

889 1959 1029 1990 repugnet,
1046 1953 1117 1988 quod
1128 1952 1167 1979 ait
1184 1959 1260 1979 mnn.
1276 1951 1304 1983 2,
1318 1957 1379 1984 pag.
1398 1948 1462 1976 555.
1485 1958 1494 1974 ι
1511 1948 1568 1975 Non
1581 1955 1678 1975 milites

889 1999 1025 2031 homines,
1047 1997 1118 2025 sicut
1135 1996 1214 2029 solet,
1237 1996 1263 2022 in
1281 1994 1390 2022 czcteris
1404 1993 1480 2028 ponit
1495 1992 1676 2028 (Apostolus),

888 2046 933 2073 sed
946 2046 1058 2074 multos,
1071 2043 1118 2079 qui
1135 2043 1216 2070 unius
1233 2041 1334 2069 delicto
1350 2044 1510 2075 peccatores
1533 2037 1675 2065 constituti

887 2096 968 2123 sunt;
986 2101 994 2116 ι
1022 2098 1082 2117 nam
1107 2096 1205 2116 omnes
1227 2088 1327 2114 multos
1350 2093 1411 2114 esse
1436 2085 1540 2112 fatetur
1556 2083 1674 2120 num.q5,

888 2144 950 2171 pag.
975 2136 1037 2168 556,
1063 2135 1242 2170 consultoque
1260 2141 1353 2160 vocem
1384 2139 1472 2158 omnes
1488 2130 1522 2157 ab
1547 2129 1676 2164 Apostolo

889 2181 972 2209 fuisse
983 2182 1124 2212 ntnissam,
1140 2190 1148 2206 t
1169 2188 1201 2207 ne
1218 2180 1288 2207 forte
1302 2178 1323 2206 si
1338 2177 1452 2205 dixisset
1468 2184 1518 2213 per
1531 2175 1611 2203 unius
1635 2175 1676 2202 iu-

889 2228 1069 2255 obedientiam
1083 2231 1239 2261 peccatores
1254 2224 1340 2251 factos
1353 2231 1415 2251 esse
1427 2229 1532 2255 omnes,
1542 2226 1569 2249 et
1583 2228 1677 2249 neces-

890 2275 964 2303 sario
990 2273 1192 2306 subjnuxisset:
1210 2272 1245 2298 ita
1270 2275 1296 2297 et
1318 2277 1366 2304 per
1387 2269 1469 2296 unius
1488 2267 1675 2295 obedientiam

887 2321 953 2356 justi
965 2319 1167 2347 constituentur
1184 2324 1289 2348 omnrs,
1316 2316 1455 2343 videretur
1471 2321 1504 2340 ex
1521 2311 1675 2347 huiusmodi

889 2366 1081 2404 promissionis
1113 2363 1264 2392 securitate
1291 2362 1426 2389 resolvere
1447 2360 1554 2387 animos
1579 2364 1676 2385 eorum

890 2402 991 2448 quibus
1015 2410 1125 2445 expedit
1145 2416 1206 2436 esse
1220 2408 1270 2435 sub
1296 2412 1378 2434 metu.
1400 2415 1409 2432 ι
1430 2405 1532 2432 Deinde
1547 2411 1622 2431 nutri.
1637 2402 1675 2435 ὅ,

890 2468 952 2495 pag.
967 2458 1030 2491 556,
1043 2457 1106 2488 557,
1123 2455 1196 2483 aliud
1210 2461 1271 2481 esse
1283 2457 1361 2480 docet
1377 2459 1509 2486 peccare;
1526 2449 1598 2477 aliud
1610 2456 1675 2483 pec-

891 2510 1009 2533 ratorem
1023 2510 1102 2535 esse;
1122 2508 1236 2536 peccare
1255 2507 1350 2526 omnes
1363 2498 1444 2525 etiam
1464 2496 1564 2530 justos,
1580 2501 1677 2529 pecca-

891 2558 964 2580 tores
981 2557 1041 2578 esse
1058 2549 1102 2583 qui
1123 2555 1194 2582 saepe
1221 2546 1357 2580 pet-cando
1376 2551 1455 2570 usum
1482 2540 1611 2575 peccandi
1643 2546 1676 2566 ac

891 2596 1114 2625 consuetudinem
1129 2596 1341 2623 contraxerunt;
1357 2593 1513 2624 peccatores
1523 2586 1606 2621 igitur
1616 2592 1676 2612 esse

894 2644 1003 2673 inultos,
1020 2649 1073 2669 non
1089 2647 1199 2671 omnes;
1215 2644 1329 2673 peccare
1345 2640 1435 2662 autem
1449 2633 1598 2659 universos.
1612 2630 1676 2657 Per-

893 2691 986 2725 spicua
1001 2695 1067 2716 vero
1080 2694 1111 2714 ea
1128 2689 1192 2714 sunt
1207 2692 1282 2711 num.
1296 2683 1321 2713 l,
1339 2689 1400 2716 pag.
1415 2679 1467 2707 5M
1482 2688 1492 2705 ι
1507 2688 1513 2706 :
1526 2678 1558 2706 Et
1575 2682 1604 2705 ut
1616 2677 1675 2705 cvi-

894 2736 1001 2764 dcntins
1013 2733 1171 2762 ostenderet
1188 2737 1283 2758 omnes
1298 2729 1420 2756 homines
1434 2731 1462 2752 et
1477 2725 1576 2753 multos
1592 2724 1679 2752 homi-

895 2790 944 2810 ιιι-ε
957 2782 1028 2809 idem
1042 2786 1114 2812 esse,
1128 2777 1233 2805 addidit
1249 2775 1291 2803 his
1307 2783 1314 2801 :
1331 2774 1406 2801 Sicut
1422 2772 1493 2799 enim
1520 2779 1566 2806 per
1588 2770 1680 2798 ἱιιοὺοο

893 2828 1018 2856 dientiam
1049 2826 1126 2853 unius
1152 2823 1264 2850 hominis
1286 2826 1433 2855 peccatores
1459 2818 1594 2846 conuituti
1617 2820 1679 2844 sunt

894 2874 981 2905 multi,
997 2873 1035 2900 ita
1050 2877 1074 2898 et
1096 2879 1140 2905 per
1155 2871 1231 2897 unius
1249 2867 1424 2895 obedientium
1434 2865 1503 2901 justi
1517 2865 1678 2892 constituen-
