1912 3079
40 126 99 154 969

436 125 724 154 ORICENIANORUM
744 125 808 152 LIB.
826 124 858 158 II,
875 124 952 152 CAP.
973 124 1005 159 II,
1022 124 1162 158 QUEST.
1182 124 1238 153 VII.

1624 127 1674 154 970

43 185 303 220 Magdeburgcnses.
318 191 399 212 cent.
410 193 452 215 tu.
470 194 530 219 cap.
553 186 596 212 l0.
613 186 640 213 Si
657 187 721 220 quid
737 186 763 212 in
781 186 835 213 illis
849 191 870 217 Α
887 193 936 212 uos
950 185 1031 212 Deum
1047 185 1080 212 ad
1096 184 1194 212 nobilia
1207 184 1329 219 quzedam
1345 184 1371 212 in
1389 185 1468 213 terris
1481 185 1602 213 obeunda
1616 193 1675 214 mu-

41 235 137 258 tamen
148 230 352 258 Commentariis
365 231 392 257 in
402 231 547 263 Epistulam
559 232 593 257 ml
606 231 735 258 Romanos
744 232 836 258 ortho-

42 277 126 303 doxa:
140 276 201 303 Iidei
217 283 312 310 parum
325 281 539 312 cqusetttaneunt
552 281 688 308 occurret,
704 277 836 304 memine-

43 322 82 348 rit
97 321 320 351 eruditus.lector
335 328 389 348 non
407 326 461 348 tam
486 321 595 348 illorum
621 326 759 349 auctorem
776 322 836 348 exi-

42 367 212 394 stimandum
224 374 285 394 esse
299 366 461 402 Origenem,
478 374 559 401 quam
574 367 701 394 Ruﬁnum
715 375 722 399 ;
741 374 756 394 a
783 374 838 401 quo

42 421 101 440 non
116 418 169 440 tam
201 413 385 447 interpretati,
410 420 491 447 quam
521 413 608 440 recusi
630 419 658 441 et
683 413 836 447 iuterpolati

41 464 133 491 sunt;
150 459 279 486 liulinum
296 464 386 486 autem
405 464 459 486 tam
476 466 560 494 prave
580 460 613 487 tle
627 464 739 494 peccato
753 459 838 495 origi-

42 505 89 532 nis
104 506 237 536 sensisse,
254 510 284 532 ιιι
300 505 370 540 apud
390 505 604 541 Carthagiueuse
618 505 762 533 concilium
775 513 838 540 pro-

43 551 137 579 fessus
153 552 188 578 sit
204 551 347 579 Caelestius
373 559 404 578 se
429 552 464 579 ab
490 559 522 578 eo
545 552 681 586 accepisse
707 551 837 579 nefarium

43 597 115 624 illud
136 597 244 632 dogma,
267 598 408 624 traducem
429 597 533 632 peccati
558 605 611 625 non
626 605 698 630 esse,
713 603 740 624 ut
756 598 839 625 rel’ert

41 642 215 677 Augustinus
231 643 278 669 lib.
292 650 311 669 II
326 642 363 669 De
377 648 476 677 peccat.
496 643 606 677 origin.,
622 650 685 677 cap.
706 644 734 670 3.

81 687 200 714 Notetur
238 687 347 714 interim
380 687 504 722 capitalis
529 687 684 723 Hieronymi
709 688 838 716 adversus

42 732 195 767 Origenem
218 732 399 765 insimulatio,
426 733 453 759 in
476 741 528 768 qua
547 734 646 761 desiuit
668 734 735 761 liber
757 733 838 768 ipsius

43 778 147 805 tertius
161 779 287 805 adversus
305 777 463 812 Pelagianos
478 786 488 805 .'
503 788 512 805 ι
533 779 609 812 Quod
625 779 648 806 si
661 779 771 813 injuste,
797 779 838 806 in-

43 823 121 857 quit,
138 823 216 850 vobis
230 823 410 859 (Pelagianis)
426 825 532 851 videtur
544 825 694 852 alienorum
715 826 838 852 remissio

44 875 238 904 peccatorum,
250 878 310 906 qua:
321 871 353 904 [tt
367 878 414 905 per
425 871 594 905 baptismum,
606 879 658 905 qua
668 879 720 898 non
738 872 839 906 indiget

44 916 93 950 qui
113 923 230 950 peccare
243 924 295 943 non
309 917 397 951 potuit
413 926 420 944 :
439 917 554 944 transite
570 917 603 944 ad
625 918 766 944 Amasinm
795 925 840 944 ve-

44 967 151 993 strum,
164 962 356 996 quiprteterita
371 963 398 989 in
412 963 490 990 celis
500 964 648 997 etautiqua
660 963 757 990 delicta
771 964 839 991 solvi

43 1007 116 1035 dicit
132 1009 159 1034 in
174 1008 328 1041 baptismo;
356 1013 387 1034 ut
408 1008 486 1042 cujus
505 1008 532 1035 in
558 1008 664 1035 ceteris
677 1008 841 1036 auctoritate

45 1053 194 1085 ducimini,
204 1054 287 1080 etiam
303 1054 330 1080 in
342 1054 394 1081 hac
414 1059 493 1088 parte
509 1061 630 1081 errorem
647 1054 810 1088 sequamini.
829 1064 838 1080 ι

46 1099 194 1126 Amasium
208 1099 293 1132 illum,
306 1099 450 1133 Origeuem
472 1099 603 1134 intelligo,
623 1100 700 1133 quasi
721 1100 758 1126 ab
775 1099 843 1126 ada-

49 1147 155 1171 manda
169 1145 305 1172 diceretur
317 1145 502 1176 Adamantius,
516 1145 554 1172 sic
565 1146 599 1172 ab
612 1145 726 1172 ornando
741 1146 842 1172 dictum

47 1190 205 1216 Amasium.
233 1190 319 1222 Quem
335 1198 397 1216 cttm
415 1194 527 1224 peccata
557 1190 583 1216 iit
610 1189 680 1217 cmlo
696 1189 731 1216 al)
746 1189 844 1216 attiutis

48 1235 172 1263 admissa
180 1236 331 1263 credidisse
340 1235 402 1262 lassi
413 1235 507 1268 simus,
517 1236 611 1263 eadem
626 1236 758 1271 baptismo
770 1235 842 1262 ablui

48 1287 163 1316 putasse
179 1289 231 1308 non
255 1289 405 1316 negamus:
425 1284 447 1309 si
469 1283 549 1309 modo
567 1284 733 1309 concedatur
748 1289 842 1316 pecca-

50 1332 109 1353 Iutn
125 1334 235 1361 quoque
254 1327 424 1362 propaginis,
441 1328 475 1355 ab
491 1328 596 1354 Atlatno
619 1329 782 1360 derivatum,
797 1335 845 1354 eo-

48 1373 113 1399 dem
134 1371 271 1406 baptismo
293 1373 378 1399 deleri
394 1373 538 1400 censuisse
550 1373 631 1400 etiam
651 1373 756 1407 ipsum;
771 1372 844 1408 quod

50 1426 136 1443 unum
151 1418 179 1444 in
193 1419 338 1452 praesentia
358 1419 584 1454 propugnanduiu
599 1419 783 1453 suscepimus.

87 1463 175 1491 XXV.
189 1463 319 1498 Superest
334 1464 390 1498 jam
409 1470 438 1492 ut
454 1464 488 1492 de
502 1464 559 1491 suis
579 1465 651 1492 circa
668 1463 844 1500 prmdestina—

50 1510 159 1537 tionem
180 1510 288 1544 placitis
300 1509 434 1545 Origenes
447 1518 559 1538 causam
583 1510 667 1538 dicat.
690 1509 846 1537 Meminisse

48 1562 118 1590 ergo
132 1560 240 1589 oportet
258 1555 339 1583 toties
349 1556 405 1589 jam
424 1563 438 1582 a
453 1556 531 1582 nobis
546 1554 684 1582 decantati
699 1554 844 1589 dogmatis,

50 1608 108 1635 quo
123 1606 229 1628 mentes
249 1605 397 1636 antequam
427 1601 605 1628 illabereutur
619 1600 782 1635 corporibus
797 1600 846 1626 du-

51 1647 127 1674 xisse
141 1647 226 1674 vitam
241 1647 268 1674 in
284 1647 353 1674 caelo
377 1647 555 1678 asseveravit,
567 1651 595 1673 et
615 1653 663 1681 pro
675 1651 735 1674 aeta
749 1646 785 1672 ibi
802 1644 844 1671 vel

52 1698 131 1720 recte
145 1692 187 1719 vel
197 1693 267 1720 male
279 1693 344 1726 vita,
356 1693 457 1727 partim
474 1692 627 1726 angelicum
644 1692 767 1718 ordinem
783 1690 846 1718 ade-

51 1745 126 1774 ptas,
146 1738 245 1773 partim
270 1738 296 1765 in
318 1743 419 1766 terram
438 1738 522 1765 fuisse
537 1738 680 1769 detrusas;
706 1744 756 1764 nee
771 1737 846 1764 varia

51 1785 143 1811 solum
159 1792 286 1819 corpora,
302 1785 462 1819 variamque
482 1784 589 1811 vivendi
606 1784 631 1810 in
648 1783 727 1810 terris
741 1788 843 1810 sortem

53 1835 151 1857 nactae
158 1838 228 1863 esse,
239 1831 286 1857 sed
301 1831 405 1856 variqu
417 1830 498 1857 etiam
514 1829 608 1863 gratiae
626 1828 723 1855 divinae
738 1829 846 1855 modum

52 1876 143 1903 fuisse
158 1877 337 1911 promeritas,
355 1883 475 1910 Vasaqtte
488 1875 579 1902 ﬁctilia
595 1874 637 1901 vel
661 1881 754 1906 aurea,
780 1881 848 1901 con-

54 1922 176 1949 tumelia:
188 1922 230 1949 vel
245 1922 356 1949 honoris
367 1921 452 1949 fuisse
462 1920 589 1954 elI‘ectas;
605 1920 642 1947 ita
659 1925 748 1947 tamen
766 1912 861 1947 utea-7

52 1969 117 1995 dem
137 1968 245 1994 arbitrii
271 1968 397 1994 libertate
414 1973 536 1999 utentes,
557 1974 624 1993 nova
639 1967 735 2002 gratia:
759 1966 849 1998 inene-

53 2018 150 2040 ruenta
174 2021 330 2047 capessere.
358 2019 385 2040 et
405 2013 439 2040 ad
455 2013 609 2047 superiores
625 2012 722 2038 iterum
755 2010 848 2037 revehi

53 2059 171 2093 gradus,
183 2060 225 2086 vel
243 2060 275 2086 ad
294 2059 438 2086 inferiores
468 2059 552 2086 relabi
578 2058 694 2092 possint.
709 2057 748 2084 Ac
761 2061 848 2084 totum

55 2107 83 2132 iu
105 2106 159 2133 hoc
176 2111 335 2141 argumento
350 2105 410 2132 libri
427 2104 537 2132 secundi
550 2104 619 2138 Περὶ
633 2102 735 2137 ἀρχῶν
748 2110 848 2130 nonutu

53 2158 143 2187 caput
155 2152 296 2180 contrivit.
321 2153 375 2179 Sed
393 2156 420 2178 et
443 2151 513 2177 idem
532 2155 626 2185 aperte
644 2149 727 2176 tradit
748 2148 796 2176 lib.
809 2155 848 2175 vu

55 2200 83 2225 in
100 2198 189 2233 Epist.
205 2199 239 2224 ad
260 2197 349 2229 Rom.,
364 2204 439 2224 num.
452 2196 496 2227 17,
514 2196 578 2223 illud
590 2195 733 2222 Paulinum
745 2195 754 2210 ¹
769 2202 848 2221 enar-

62 2253 130 2272 raus
147 2252 154 2271 :
176 2254 186 2270 ι
201 2245 297 2271 Annon
326 2244 407 2271 habet
436 2246 594 2277 potestatem
611 2241 707 2275 ﬁgulus
722 2240 770 2267 luti
783 2260 791 2272 .
814 2247 848 2267 ex

55 2292 154 2318 eadem
167 2298 256 2318 massa
275 2290 365 2317 facere
375 2288 447 2315 aliud
461 2288 571 2322 quidem
595 2294 644 2314 vas
665 2286 691 2313 in
707 2287 850 2317 honorem,

55 2338 134 2364 aliud
153 2344 219 2364 vero
233 2337 260 2363 in
271 2336 467 2363 contumeliam
480 2335 492 2355 ν
510 2344 519 2360 ι

94 2383 328 2417 Quemadmodum
356 2387 445 2409 autem
473 2380 621 2408 arbitratus
643 2382 686 2405 est
714 2378 851 2405 Adaman-

57 2433 125 2464 tius,
146 2438 207 2466 qua':
219 2438 233 2458 a
245 2431 323 2458 nobis
333 2435 409 2465 gesta
427 2434 490 2457 sunt
505 2429 588 2460 oliui.
611 2432 757 2461 antequam
779 2433 843 2453 cor-

57 2487 124 2513 pora
136 2479 303 2510 subiremus,
323 2484 433 2504 causam
456 2475 564 2503 dedisse
588 2474 654 2505 Deo,
672 2480 722 2500 cur
748 2476 852 2499 mentes

59 2529 173 2552 nostras
189 2524 305 2551 terrenis
318 2524 394 2550 hisce
408 2522 525 2549 molibus
542 2520 705 2555 implicaret,
726 2519 797 2545 adeo
821 2521 852 2544 ut

58 2572 93 2598 ad
109 2571 181 2598 hanc
197 2571 224 2597 iu
236 2570 318 2597 terris
329 2569 463 2604 agendam
475 2568 558 2594 vitam
571 2566 641 2593 Deus
650 2573 700 2592 nos
709 2564 851 2599 praedesti-

60 2617 181 2650 naverit,
197 2624 231 2644 ex
246 2616 368 2651 praevisis
380 2615 414 2641 ab
426 2613 501 2641 omni
515 2617 587 2640 retro
600 2619 657 2639 :evo
669 2610 773 2637 meritis
788 2609 851 2636 vitae

61 2664 135 2690 illius
153 2664 179 2690 in
193 2662 263 2690 caelo
278 2662 426 2694 traductae;
443 2659 480 2686 ita
494 2667 528 2686 ex
545 2657 669 2693 prtevisis
679 2656 784 2683 meritis
797 2659 853 2682 ter-

62 2710 158 2736 restris
172 2709 252 2742 hujus
265 2707 326 2734 vita:
338 2714 419 2742 quam
432 2712 504 2732 nunc
518 2705 632 2740 agimus,
647 2702 853 2737 prtedestlnasse

97 2765 105 2780 ¹
124 2765 204 2791 Ilom.
222 2771 260 2795 ix,
274 2763 320 2789 2t.
357 2762 367 2777 '
386 2762 464 2789 Rom.
482 2767 539 2792 \‘tll,
553 2758 598 2786 50.

636 2757 682 2784 ³11
697 2756 770 2783 Tim.
786 2763 816 2788 ιι,
830 2753 875 2781 l9.

889 231 943 263 nia,
959 231 1055 258 deinde
1069 237 1136 257 vero
1151 235 1213 264 post
1227 231 1330 258 obitutn
1345 231 1378 258 ad
1395 231 1519 266 gloriam,
1532 232 1674 258 existima-

889 275 935 303 vit.
953 276 1011 311 (Μ)
1025 275 1055 302 ld
1071 275 1175 302 duobus
1191 276 1324 310 prmeipue
1344 276 1409 303 locis
1430 275 1537 308 asserit,
1559 283 1673 310 quorum

888 323 963 356 prior
977 327 1019 350 est
1039 321 1085 349 lib.
1101 330 1109 349 ι
1129 323 1157 349 in
1172 320 1258 354 Epist.
1270 322 1304 348 ad
1320 321 1407 354 Rom,
1419 322 1537 356 num.-5,
1560 322 1674 350 Paulum

888 367 924 395 ibi
937 375 952 394 a
964 373 1059 395 ventre
1077 368 1172 396 matris
1184 375 1240 396 suae
1253 373 1394 404 propterea
1407 373 1576 404 segregatum
1590 368 1674 396 luisse

888 413 953 441 dicit
983 414 1010 440 in
1031 413 1204 449 Evangelium
1230 414 1288 447 Dei,
1315 416 1378 449 quia
1400 424 1409 440 ι
1424 421 1520 442 causas
1543 414 1569 441 in
1595 421 1628 441 eo
1648 420 1676 442 et

890 459 1000 490 merita,
1013 459 1111 494 quibus
1135 459 1161 487 in
1186 461 1238 488 hoc
1252 460 1388 495 segregari
1402 460 1535 492 debuerit,
1553 460 1675 488 viditille

888 511 968 538 quem
992 512 1045 531 non
1064 505 1129 533 latet
1153 513 1238 533 mens.
1263 505 1391 533 Prtevidlt
1403 506 1476 534 enim
1499 507 1571 542 quod
1589 507 1674 534 abun-

889 549 999 578 dantius
1011 558 1092 586 quam
1108 551 1199 578 ceteri
1216 559 1311 578 omnes
1324 550 1494 579 labora'turus
1509 556 1580 580 esset
1596 552 1623 584 in
1640 552 1675 579 Εο
1716 551 1719 554 ⁴

889 595 1014 630 vaugelio
1089 596 1151 624 Haec
1168 604 1244 632 ergo,
1265 602 1291 624 et
1311 597 1393 624 tnulta
1412 597 1465 625 alia
1480 597 1521 624 his
1533 597 1630 625 similia
1649 598 1674 624 in

888 646 921 666 eo
939 640 971 666 de
982 645 1078 668 ventre
1097 641 1192 668 matris
1203 641 1353 676 praevidens
1363 641 1450 674 Jesus,
1469 649 1518 677 pro
1533 643 1575 669 his
1587 649 1676 678 segre-

889 686 960 720 gavit
979 693 1041 712 eutn
1061 686 1087 713 in
1105 686 1289 721 Evangelium.
1302 696 1312 714 ι
1339 686 1373 714 Et
1389 694 1451 714 mox
1467 696 1474 714 :
1495 696 1504 714 ι
1517 687 1591 721 Quos
1606 694 1676 722 prte-

889 733 969 760 SCIIII
985 733 1055 760 Deus
1074 733 1140 761 tales
1166 733 1271 762 futuros
1291 739 1319 762 ut
1334 734 1442 762 Christo
1453 742 1483 763 se
1500 735 1526 762 in
1544 735 1677 770 passioni-

889 778 940 806 bus
953 779 1167 810 conl‘ormarent,
1180 780 1253 814 ipsos
1268 779 1348 806 etiam
1363 779 1515 808 conformes
1527 787 1559 808 ac
1576 780 1678 809 similes

891 824 1014 858 imaginis
1030 824 1088 858 ejus
1102 825 1301 859 praedestinavit
1315 829 1341 853 et
1351 824 1453 860 εισι-ιω.
1471 825 1678 860 Prteceditergo

892 870 1060 904 pnescieutia
1077 870 1123 897 Dei
1143 877 1190 904 per
1201 878 1280 905 quam
1294 875 1442 898 noscuntur
1453 871 1498 906 qui
1513 871 1539 898 in
1556 879 1586 899 se
1601 871 1677 899 labe-

891 923 936 942 res
947 920 974 942 et
988 916 1102 943 virtutes
1117 916 1234 943 habituri
1248 916 1314 946 sint.
1328 921 1355 944 et
1370 917 1404 944 ita
1417 917 1617 952 praedestinatio
1633 925 1678 944 se-

892 961 1004 996 quitur;
1023 969 1073 989 nec
1095 966 1184 989 tamen
1208 969 1303 989 rursus
1327 963 1572 997 prtedestiuatiouis
1596 969 1677 990 cauea

893 1009 1032 1042 putabilur
1060 1009 1242 1043 praescieutia.
1265 1008 1341 1042 Quod
1360 1009 1431 1037 enim
1460 1010 1529 1044 apud
1555 1009 1679 1037 homines

893 1054 1105 1089 uniuscujusque
1124 1054 1250 1082 meritum
1272 1058 1448 1089 pensaturex
1465 1054 1610 1090 praeteritis
1629 1062 1678 1090 ge-

894 1101 954 1132 stis,
968 1100 1019 1127 hoc
1033 1101 1102 1134 apud
1115 1100 1198 1127 Deum
1216 1099 1353 1134 iudicatur
1365 1107 1398 1127 ex
1415 1100 1520 1128 futuris.
1534 1110 1543 1126 ι
1560 1100 1680 1129 Habetur

895 1146 969 1173 locus
996 1146 1065 1173 alter
1092 1145 1139 1172 lib.
1155 1153 1191 1172 vti
1212 1145 1356 1173 Comment.
1384 1146 1411 1173 in
1425 1145 1510 1180 Epist.
1536 1147 1571 1174 ad
1591 1146 1680 1179 Rom.,

894 1199 968 1219 num.
981 1191 1008 1222 8.
1023 1191 1068 1219 ubi
1081 1192 1197 1226 hocApo
1215 1192 1259 1217 ιοΙὶ
1269 1193 1279 1207 ³
1294 1191 1442 1225 explanatis
1460 1200 1467 1219 :
1485 1201 1494 1218 ι
1505 1191 1577 1225 Quos
1590 1197 1679 1220 autem

894 1237 1104 1272 praedestinavit,
1121 1237 1170 1264 hos
1190 1243 1216 1263 et
1230 1237 1336 1264 vocavit
1352 1246 1358 1264 :
1374 1242 1402 1264 et
1422 1245 1489 1272 quos
1500 1237 1617 1270 vocavit,
1630 1237 1680 1265 ltos

893 1287 920 1309 ct
934 1282 1110 1315 juslillcavit;
1126 1289 1194 1316 quos
1212 1287 1301 1308 autem
1315 1281 1483 1316 justillcavlt.
1499 1281 1558 1310 illos
1576 1287 1602 1309 et
1619 1282 1678 1317 glo-

895 1327 1021 1359 r‘iﬁcavit,
1035 1336 1044 1352 ι
1064 1327 1180 1362 primum
1207 1327 1286 1354 aliter
1302 1327 1487 1361 accipiendum
1513 1327 1593 1355 docet
1606 1327 1680 1360 illud,

898 1382 908 1398 ι
921 1380 988 1406 quos
1004 1372 1151 1406 prtcscivit,
1165 1381 1174 1398 ι
1203 1372 1343 1407 superiore
1367 1377 1605 1400 commemoratum
1622 1380 1683 1401 ver-

895 1417 993 1450 siculo,
1005 1424 1086 1452 quam
1105 1416 1184 1452 vulgo
1204 1416 1289 1450 accipi
1312 1416 1402 1446 solet:
1421 1417 1485 1451 quia
1503 1416 1526 1444 si
1546 1416 1564 1444 ii
1579 1420 1682 1444 tantum

897 1468 1113 1498 praenoscuutur,
1129 1463 1175 1498 qui
1189 1463 1433 1498 przedestinantur;
1449 1463 1495 1498 qui
1511 1470 1565 1490 non
1582 1463 1684 1497 prcede-

896 1509 1043 1543 stinantur,
1069 1509 1161 1544 utique
1175 1515 1227 1536 non
1252 1512 1458 1543 przeuoscuntur
1480 1508 1683 1543 :cognitionem

897 1563 962 1591 ergo
975 1555 1047 1582 illam
1063 1563 1112 1590 pro
1129 1555 1232 1582 amoris
1251 1562 1331 1588 nexu,
1347 1560 1374 1581 et
1388 1553 1499 1582 all'eetus
1516 1554 1624 1582 vinculo
1636 1562 1682 1581 su-

898 1601 1023 1628 mendam
1050 1601 1145 1635 probat
1166 1600 1256 1628 multis
1270 1600 1417 1635 Scriptura:
1433 1599 1603 1631 testlmoniis,
1619 1604 1682 1634 puta

898 1648 951 1675 isto
965 1656 973 1675 :
992 1657 1001 1672 ‹
1014 1647 1148 1681 Cognovit
1169 1646 1298 1673 Dominus
1319 1653 1366 1673 eos
1381 1646 1424 1680 qui
1447 1650 1510 1673 sunt
1527 1646 1586 1680 ejus
1597 1645 1617 1677 ',
1635 1654 1644 1671 ι
1658 1646 1683 1672 id

897 1697 940 1720 est
962 1692 1059 1727 diligit,
1082 1699 1143 1719 cum
1159 1696 1248 1718 tamen
1272 1699 1321 1718 nec
1334 1699 1380 1718 eos
1395 1692 1439 1725 qui
1466 1698 1518 1717 non
1543 1696 1607 1718 sunt
1625 1691 1684 1725 c-jus

898 1738 1006 1771 ignoret
1020 1745 1027 1763 :
1042 1736 1224 1771 prmeognosei
1238 1743 1302 1770 ergo
1317 1743 1363 1763 eos
1377 1744 1391 1762 a
1409 1736 1463 1763 Deo
1475 1735 1539 1767 vult.
1557 1744 1566 1760 ι
1579 1735 1605 1761 ἱιι
1621 1736 1685 1769 qui-

898 1783 958 1815 bus.
973 1782 1063 1809 sciens
1081 1780 1173 1815 quales
1189 1786 1426 1813 essent,,amorem
1442 1788 1520 1807 suum
1535 1781 1605 1808 Deus
1618 1779 1685 1807 alle-

898 1833 1028 1862 ctumque
1048 1826 1195 1861 posuisset.
1212 1835 1223 1853 ι
1243 1826 1344 1859 Quaerit
1361 1826 1532 1861 postmodum
1550 1833 1605 1861 quo
1621 1833 1685 1854 sen-

898 1882 930 1902 su
947 1873 1177 1908 interpretandum
1196 1873 1233 1900 sit
1247 1872 1311 1899 illud
1324 1872 1442 1906 Apostoli
1456 1880 1463 1898 :
1484 1881 1494 1898 ι
1507 1872 1582 1906 Quos
1596 1879 1686 1900 voca-

898 1919 950 1952 vit,
962 1919 1012 1946 hos
1022 1923 1049 1946 et
1062 1918 1231 1953 iustiﬁcavit,
1242 1927 1252 1944 ι
1269 1925 1330 1944 cum
1342 1917 1417 1944 multi
1434 1918 1521 1945 vocati
1535 1918 1600 1950 sint,
1617 1925 1685 1953 pau-

899 1966 923 1993 ci
940 1965 1032 1993 electi.
1048 1964 1205 1999 Respondet
1219 1963 1316 1998 duplex
1335 1970 1395 1990 esse
1406 1963 1558 1991 vocationis
1579 1971 1685 1999 genus;

900 2011 974 2039 aliud
990 2010 1139 2039 secundum
1154 2009 1332 2044 propositum,
1351 2017 1404 2036 nou
1421 2009 1544 2036 vocantis
1565 2008 1622 2042 Dei,
1638 2010 1685 2036 sed

899 2059 988 2086 vocati
1001 2057 1130 2090 hominis,
1147 2063 1201 2091 quo
1211 2056 1339 2083 virtutem
1356 2055 1547 2090 amplectitur;
1568 2055 1685 2089 quicun-

899 2111 951 2138 que
964 2108 1054 2132 autem
1081 2103 1222 2130 vocatione
1243 2101 1376 2135 ejusmodi
1391 2101 1477 2128 vocati
1499 2101 1565 2133 sint,
1592 2100 1643 2127 bos
1658 2105 1687 2126 et

897 2150 1060 2185 jnstiﬂcatos
1073 2156 1134 2176 esse
1157 2157 1164 2175 :
1190 2147 1261 2175 aliud
1281 2155 1342 2175 esse
1357 2147 1507 2174 vocati0nis
1521 2154 1616 2182 genus,
1633 2153 1686 2174 non

900 2196 1048 2224 secundum
1070 2196 1169 2222 bonum
1194 2194 1371 2229 propositum,
1393 2201 1446 2228 quo
1460 2198 1591 2220 vocantur
1603 2192 1687 2220 etiam

904 2241 1021 2276 reprobi,
1036 2249 1069 2268 ne
1082 2241 1186 2268 meritis
1198 2239 1332 2267 alliciendi
1343 2239 1432 2274 pinnis
1451 2239 1504 2266 hoc
1514 2243 1628 2266 utantur
1638 2238 1687 2266 ob-

903 2291 991 2320 tentu,
1014 2287 1116 2314 idcirco
1129 2294 1190 2314 sese
1203 2287 1286 2314 fuisse
1299 2293 1314 2312 a
1328 2285 1426 2312 virtute
1437 2284 1550 2317 alienos,
1564 2284 1631 2319 quia
1645 2285 1691 2312 de‘

901 2333 984 2360 fuerit
1004 2333 1055 2360 sibi
1072 2333 1189 2360 vacatio.
1219 2332 1248 2360 Si
1265 2331 1327 2366 quis
1346 2336 1437 2359 autem
1458 2331 1629 2365 propositum
1655 2330 1688 2358 il-

903 2379 960 2411 lud,
976 2378 1123 2406 secundum
1138 2377 1209 2412 quod
1222 2377 1312 2404 vocari
1329 2383 1378 2404 nos
1391 2385 1406 2402 a
1423 2375 1477 2403 Deo
1493 2375 1563 2402 dixit
1576 2375 1689 2410 Aposto-

902 2425 955 2458 lus,
974 2425 1008 2452 ad
1027 2424 1111 2452 Deum
1132 2424 1227 2451 referri
1252 2423 1327 2455 velit,
1352 2421 1473 2449 futurum
1496 2422 1560 2449 illud
1581 2427 1688 2456 quoque

901 2470 1036 2507 posterius
1050 2475 1125 2497 recto
1139 2470 1262 2496 humana:
1277 2467 1424 2495 voluntatis
1434 2467 1583 2502 proposito,
1598 2473 1631 2493 ac
1644 2473 1688 2493 re-

902 2517 998 2552 ligiosa
1018 2520 1116 2548 mente.
1131 2520 1159 2542 et
1177 2515 1273 2542 salutis
1293 2515 1439 2542 desiderio.
1456 2514 1567 2540 Demum
1580 2512 1606 2539 id
1624 2512 1690 2539 sub-

903 2560 1009 2587 nectit:
1027 2569 1036 2586 ι
1054 2559 1109 2586 Hoc
1127 2567 1192 2594 ergo
1205 2564 1286 2594 pacto
1306 2566 1394 2593 neque
1405 2559 1432 2585 in
1445 2557 1612 2592 praeseieutia
1629 2555 1689 2588 Dei,

904 2606 945 2633 vel
960 2605 1067 2638 salutis,
1084 2605 1127 2633 vel
1144 2605 1302 2640 perditionis
1325 2608 1424 2631 nostra:
1447 2609 1529 2630 causa
1551 2600 1689 2632 consistit.

905 2658 993 2687 neque
1007 2651 1166 2685 justilleatio
1180 2658 1213 2678 ex
1228 2650 1284 2677 sola
1295 2649 1434 2677 voluntate
1449 2646 1587 2682 pendebit,
1600 2651 1691 2680 neque

906 2697 1052 2733 gloriﬁcari
1083 2697 1118 2725 de
1137 2701 1230 2724 nostra
1260 2696 1367 2731 penitus
1395 2697 1528 2730 potestate
1553 2690 1690 2720 sublatura

94 2810 155 2845 tu)
184 2808 221 2845 λά
241 2792 342 2845 duobus
375 2804 588 2845 prwcipueAlocis
613 2803 717 2845 tigerit,
743 2806 796 2829 etc.
813 2799 879 2828 Vide
898 2799 979 2827 etiam
1007 2799 1105 2827 librum
1134 2797 1171 2826 De
1200 2797 1316 2824 oratione
1347 2795 1462 2828 num.6,
1483 2792 1691 2829 pag.207-209,

63 2853 89 2873 et
101 2837 202 2873 ‘hot'nil.
218 2844 250 2870 M
264 2845 290 2870 in
303 2837 397 2873 Nunt"
415 2837 488 2868 nuin.
502 2839 531 2871 9.,
545 2846 604 2874 pag.
621 2837 681 2864 325.

205 2891 342 2920 ΡΑτιιοι..
358 2890 417 2919 Gn.
436 2886 521 2917 XVII

1476 2873 1512 2904 3|
