  <div class='ocr_page' id='page_1' title='image "/cluster/home/n/w/nwhite01/storage/ocr_20150623/17/njp.32101010944583/671.png"; bbox 0 0 1912 3079; ppageno 0'>
   <div class='ocr_carea' id='block_1_1' title="bbox 233 126 286 154">
    <p class='ocr_par' dir='ltr' id='par_1_1' title="bbox 233 126 286 154">
     <span class='ocr_line' id='line_1_1' title="bbox 233 126 286 154; baseline 0 -1"><span class='ocrx_word' id='word_1_1' title='bbox 233 126 286 154; x_wconf 76' lang='lat'><strong>955</strong></span> 
     </span>
    </p>
   </div>
   <div class='ocr_carea' id='block_1_2' title="bbox 872 123 1217 154">
    <p class='ocr_par' dir='ltr' id='par_1_2' title="bbox 872 123 1217 154">
     <span class='ocr_line' id='line_1_2' title="bbox 872 123 1217 154; baseline -0.006 0"><span class='ocrx_word' id='word_1_2' title='bbox 872 125 903 154; x_wconf 84' lang='lat' dir='ltr'><strong>P.</strong></span> <span class='ocrx_word' id='word_1_3' title='bbox 924 125 1083 153; x_wconf 74' lang='lat' dir='ltr'><strong>DANIELIS</strong></span> <span class='ocrx_word' id='word_1_4' title='bbox 1102 123 1217 153; x_wconf 81' lang='lat' dir='ltr'><strong>HUETII</strong></span> 
     </span>
    </p>
   </div>
   <div class='ocr_carea' id='block_1_3' title="bbox 1812 124 1864 152">
    <p class='ocr_par' dir='ltr' id='par_1_3' title="bbox 1812 124 1864 152">
     <span class='ocr_line' id='line_1_3' title="bbox 1812 124 1864 152; baseline 0 0"><span class='ocrx_word' id='word_1_5' title='bbox 1812 124 1864 152; x_wconf 78' lang='lat'><strong>956</strong></span> 
     </span>
    </p>
   </div>
   <div class='ocr_carea' id='block_1_4' title="bbox 232 180 1021 217">
    <p class='ocr_par' dir='ltr' id='par_1_4' title="bbox 232 181 1021 217">
     <span class='ocr_line' id='line_1_4' title="bbox 232 181 1021 217; baseline 0.003 -9"><span class='ocrx_word' id='word_1_6' title='bbox 232 181 345 217; x_wconf 73' lang='grc' dir='ltr'><strong>ἀρχῶν,</strong></span> <span class='ocrx_word' id='word_1_7' title='bbox 362 189 423 217; x_wconf 87' lang='lat' dir='ltr'><strong>cap.</strong></span> <span class='ocrx_word' id='word_1_8' title='bbox 435 182 462 215; x_wconf 82' lang='lat' dir='ltr'><strong>l,</strong></span> <span class='ocrx_word' id='word_1_9' title='bbox 477 189 553 210; x_wconf 86' lang='lat' dir='ltr'><strong>nutu.</strong></span> <span class='ocrx_word' id='word_1_10' title='bbox 570 182 603 209; x_wconf 81' lang='grc' dir='ltr'><strong><em>Π</em></strong></span> <span class='ocrx_word' id='word_1_11' title='bbox 617 191 625 210; x_wconf 87' lang='lat'><strong>:</strong></span> <span class='ocrx_word' id='word_1_12' title='bbox 644 192 653 209; x_wconf 81' lang='grc' dir='ltr'><strong>ι</strong></span> <span class='ocrx_word' id='word_1_13' title='bbox 666 182 723 210; x_wconf 82' lang='grc' dir='ltr'>Νοιι</span> <span class='ocrx_word' id='word_1_14' title='bbox 738 183 918 212; x_wconf 85' lang='lat' dir='ltr'><strong>dissimulatio</strong></span> <span class='ocrx_word' id='word_1_15' title='bbox 928 184 1021 210; x_wconf 70' lang='lat' dir='ltr'><strong>divina:</strong></span> 
     </span>
    </p>
   </div>
   <div class='ocr_carea' id='block_1_5' title="bbox 1075 180 1864 217">
    <p class='ocr_par' dir='ltr' id='par_1_5' title="bbox 1077 180 1864 216">
     <span class='ocr_line' id='line_1_5' title="bbox 1077 180 1864 216; baseline -0.004 -7"><span class='ocrx_word' id='word_1_16' title='bbox 1077 183 1197 216; x_wconf 88' lang='lat' dir='ltr'><strong>inquam,</strong></span> <span class='ocrx_word' id='word_1_17' title='bbox 1213 182 1248 208; x_wconf 87' lang='lat' dir='ltr'><strong>ita</strong></span> <span class='ocrx_word' id='word_1_18' title='bbox 1264 181 1359 208; x_wconf 82' lang='lat' dir='ltr'><strong>scribit</strong></span> <span class='ocrx_word' id='word_1_19' title='bbox 1376 191 1382 209; x_wconf 90' lang='lat'>:</span> <span class='ocrx_word' id='word_1_20' title='bbox 1398 191 1407 207; x_wconf 89' lang='grc' dir='ltr'><strong>ι</strong></span> <span class='ocrx_word' id='word_1_21' title='bbox 1424 181 1480 210; x_wconf 79' lang='lat' dir='ltr'><strong>Hoc</strong></span> <span class='ocrx_word' id='word_1_22' title='bbox 1497 181 1522 209; x_wconf 86' lang='lat' dir='ltr'><strong>ei</strong></span> <span class='ocrx_word' id='word_1_23' title='bbox 1541 188 1591 209; x_wconf 86' lang='lat' dir='ltr'><strong>suo</strong></span> <span class='ocrx_word' id='word_1_24' title='bbox 1610 180 1740 215; x_wconf 71' lang='lat' dir='ltr'><strong>snﬂ‘ragio</strong></span> <span class='ocrx_word' id='word_1_25' title='bbox 1758 181 1864 208; x_wconf 74' lang='lat' dir='ltr'><strong>ll&#39;ibtlr-</strong></span> 
     </span>
    </p>
   </div>
   <div class='ocr_carea' id='block_1_6' title="bbox 233 227 1021 260">
    <p class='ocr_par' dir='ltr' id='par_1_6' title="bbox 233 227 1021 260">
     <span class='ocr_line' id='line_1_6' title="bbox 233 227 1021 260; baseline 0.001 -4"><span class='ocrx_word' id='word_1_26' title='bbox 233 227 428 260; x_wconf 63' lang='lat' dir='ltr'><strong>Providentiae,</strong></span> <span class='ocrx_word' id='word_1_27' title='bbox 447 229 495 255; x_wconf 85' lang='lat' dir='ltr'><strong>sed</strong></span> <span class='ocrx_word' id='word_1_28' title='bbox 515 228 640 256; x_wconf 68' lang='lat' dir='ltr'><strong>humana:</strong></span> <span class='ocrx_word' id='word_1_29' title='bbox 662 230 760 256; x_wconf 88' lang='lat' dir='ltr'><strong>mentis</strong></span> <span class='ocrx_word' id='word_1_30' title='bbox 785 230 926 256; x_wconf 88' lang='lat' dir='ltr'><strong>arbitriutn</strong></span> <span class='ocrx_word' id='word_1_31' title='bbox 942 238 1021 257; x_wconf 87' lang='lat' dir='ltr'><strong>causa</strong></span> 
     </span>
    </p>
   </div>
   <div class='ocr_carea' id='block_1_7' title="bbox 233 273 1023 309">
    <p class='ocr_par' dir='ltr' id='par_1_7' title="bbox 233 273 1023 309">
     <span class='ocr_line' id='line_1_7' title="bbox 233 273 1023 309; baseline 0.003 -9"><span class='ocrx_word' id='word_1_32' title='bbox 233 273 284 301; x_wconf 82' lang='lat' dir='ltr'><strong>sibi</strong></span> <span class='ocrx_word' id='word_1_33' title='bbox 307 273 464 307; x_wconf 88' lang='lat' dir='ltr'><strong>perditionis</strong></span> <span class='ocrx_word' id='word_1_34' title='bbox 482 273 590 300; x_wconf 78' lang='lat' dir='ltr'><strong>exsistit</strong></span> <span class='ocrx_word' id='word_1_35' title='bbox 607 283 612 300; x_wconf 98' lang='lat'>:</span> <span class='ocrx_word' id='word_1_36' title='bbox 631 274 744 302; x_wconf 91' lang='lat' dir='ltr'><strong>contulit</strong></span> <span class='ocrx_word' id='word_1_37' title='bbox 758 275 838 302; x_wconf 85' lang='lat' dir='ltr'><strong>etiam</strong></span> <span class='ocrx_word' id='word_1_38' title='bbox 856 275 972 309; x_wconf 74' lang='lat' dir='ltr'><strong>indignis</strong></span> <span class='ocrx_word' id='word_1_39' title='bbox 996 280 1023 302; x_wconf 86' lang='lat' dir='ltr'><strong>et</strong></span> 
     </span>
    </p>
   </div>
   <div class='ocr_carea' id='block_1_8' title="bbox 234 318 1023 353">
    <p class='ocr_par' dir='ltr' id='par_1_8' title="bbox 234 318 1023 353">
     <span class='ocr_line' id='line_1_8' title="bbox 234 318 1023 353; baseline 0.003 -7"><span class='ocrx_word' id='word_1_40' title='bbox 234 318 379 346; x_wconf 82' lang='lat' dir='ltr'><strong>incredulis</strong></span> <span class='ocrx_word' id='word_1_41' title='bbox 406 319 520 353; x_wconf 77' lang='lat' dir='ltr'><strong>gratiam</strong></span> <span class='ocrx_word' id='word_1_42' title='bbox 544 319 747 348; x_wconf 77' lang='lat' dir='ltr'><strong>benefactorum</strong></span> <span class='ocrx_word' id='word_1_43' title='bbox 768 328 891 353; x_wconf 88' lang='lat' dir='ltr'><strong>suorum,</strong></span> <span class='ocrx_word' id='word_1_44' title='bbox 915 325 943 347; x_wconf 90' lang='lat' dir='ltr'><strong>ttt</strong></span> <span class='ocrx_word' id='word_1_45' title='bbox 960 328 1023 348; x_wconf 90' lang='lat' dir='ltr'><strong>vere</strong></span> 
     </span>
    </p>
   </div>
   <div class='ocr_carea' id='block_1_9' title="bbox 234 364 1023 401">
    <p class='ocr_par' dir='ltr' id='par_1_9' title="bbox 234 364 1023 401">
     <span class='ocr_line' id='line_1_9' title="bbox 234 364 1023 401; baseline 0.003 -9"><span class='ocrx_word' id='word_1_46' title='bbox 234 372 314 392; x_wconf 86' lang='lat' dir='ltr'><strong>omne</strong></span> <span class='ocrx_word' id='word_1_47' title='bbox 327 371 359 391; x_wconf 89' lang='lat' dir='ltr'><strong>os</strong></span> <span class='ocrx_word' id='word_1_48' title='bbox 369 364 542 396; x_wconf 84' lang='lat' dir='ltr'><strong>obstruatur;</strong></span> <span class='ocrx_word' id='word_1_49' title='bbox 558 370 698 401; x_wconf 88' lang='lat' dir='ltr'><strong>totumque</strong></span> <span class='ocrx_word' id='word_1_50' title='bbox 724 374 738 393; x_wconf 91' lang='lat' dir='ltr'><strong>a</strong></span> <span class='ocrx_word' id='word_1_51' title='bbox 756 374 786 394; x_wconf 89' lang='lat' dir='ltr'><strong>se</strong></span> <span class='ocrx_word' id='word_1_52' title='bbox 806 372 833 394; x_wconf 86' lang='lat' dir='ltr'><strong>et</strong></span> <span class='ocrx_word' id='word_1_53' title='bbox 854 367 919 394; x_wconf 90' lang='lat' dir='ltr'><strong>niltil</strong></span> <span class='ocrx_word' id='word_1_54' title='bbox 935 375 950 394; x_wconf 88' lang='lat' dir='ltr'><strong>a</strong></span> <span class='ocrx_word' id='word_1_55' title='bbox 969 367 1023 395; x_wconf 88' lang='lat' dir='ltr'><strong>Deo</strong></span> 
     </span>
    </p>
   </div>
   <div class='ocr_carea' id='block_1_10' title="bbox 233 411 1022 450">
    <p class='ocr_par' dir='ltr' id='par_1_10' title="bbox 233 411 1022 450">
     <span class='ocr_line' id='line_1_10' title="bbox 233 411 1022 450; baseline 0.005 -12"><span class='ocrx_word' id='word_1_56' title='bbox 233 411 328 438; x_wconf 77' lang='lat' dir='ltr'><strong>deesse</strong></span> <span class='ocrx_word' id='word_1_57' title='bbox 348 411 398 439; x_wconf 83' lang='lat' dir='ltr'><strong>sibi</strong></span> <span class='ocrx_word' id='word_1_58' title='bbox 421 420 498 440; x_wconf 87' lang='lat' dir='ltr'><strong>mens</strong></span> <span class='ocrx_word' id='word_1_59' title='bbox 515 414 631 440; x_wconf 90' lang='lat' dir='ltr'><strong>humana</strong></span> <span class='ocrx_word' id='word_1_60' title='bbox 653 419 818 450; x_wconf 73' lang='lat' dir='ltr'><strong>cognoscat;</strong></span> <span class='ocrx_word' id='word_1_61' title='bbox 835 424 844 440; x_wconf 74' lang='grc' dir='ltr'><strong>ι</strong></span> <span class='ocrx_word' id='word_1_62' title='bbox 867 415 892 442; x_wconf 87' lang='lat' dir='ltr'><strong>id</strong></span> <span class='ocrx_word' id='word_1_63' title='bbox 911 414 1022 442; x_wconf 75' lang='lat' dir='ltr'><strong>Rufinus</strong></span> 
     </span>
    </p>
   </div>
   <div class='ocr_carea' id='block_1_11' title="bbox 233 457 1023 494">
    <p class='ocr_par' dir='ltr' id='par_1_11' title="bbox 233 457 1023 494">
     <span class='ocr_line' id='line_1_11' title="bbox 233 457 1023 494; baseline 0.004 -11"><span class='ocrx_word' id='word_1_64' title='bbox 233 457 267 484; x_wconf 83' lang='lat' dir='ltr'><strong>de</strong></span> <span class='ocrx_word' id='word_1_65' title='bbox 281 464 332 484; x_wconf 89' lang='lat' dir='ltr'><strong>suo</strong></span> <span class='ocrx_word' id='word_1_66' title='bbox 347 457 468 492; x_wconf 79' lang='lat' dir='ltr'><strong>intrusit,</strong></span> <span class='ocrx_word' id='word_1_67' title='bbox 491 459 589 494; x_wconf 81' lang='lat' dir='ltr'><strong>quippe</strong></span> <span class='ocrx_word' id='word_1_68' title='bbox 603 461 674 494; x_wconf 89' lang='lat' dir='ltr'><strong>quod</strong></span> <span class='ocrx_word' id='word_1_69' title='bbox 689 460 759 487; x_wconf 92' lang='lat' dir='ltr'><strong>absit</strong></span> <span class='ocrx_word' id='word_1_70' title='bbox 779 469 793 487; x_wconf 88' lang='lat' dir='ltr'><strong>a</strong></span> <span class='ocrx_word' id='word_1_71' title='bbox 809 461 938 488; x_wconf 82' lang='lat' dir='ltr'><strong>vicesimo</strong></span> <span class='ocrx_word' id='word_1_72' title='bbox 958 459 1023 487; x_wconf 78' lang='lat' dir='ltr'><strong>Phi-</strong></span> 
     </span>
    </p>
   </div>
   <div class='ocr_carea' id='block_1_12' title="bbox 233 501 1021 541">
    <p class='ocr_par' dir='ltr' id='par_1_12' title="bbox 233 501 1021 541">
     <span class='ocr_line' id='line_1_12' title="bbox 233 501 1021 541; baseline 0.006 -12"><span class='ocrx_word' id='word_1_73' title='bbox 233 501 337 530; x_wconf 72' lang='lat' dir='ltr'><strong>localic</strong></span> <span class='ocrx_word' id='word_1_74' title='bbox 354 504 453 538; x_wconf 85' lang='lat' dir='ltr'><strong>capite,</strong></span> <span class='ocrx_word' id='word_1_75' title='bbox 481 513 535 540; x_wconf 93' lang='lat' dir='ltr'><strong>quo</strong></span> <span class='ocrx_word' id='word_1_76' title='bbox 558 505 737 540; x_wconf 72' lang='lat' dir='ltr'><strong>fragmentum</strong></span> <span class='ocrx_word' id='word_1_77' title='bbox 756 506 821 533; x_wconf 93' lang='lat' dir='ltr'><strong>illud</strong></span> <span class='ocrx_word' id='word_1_78' title='bbox 848 507 938 541; x_wconf 89' lang='lat' dir='ltr'><strong>operis</strong></span> <span class='ocrx_word' id='word_1_79' title='bbox 950 507 1021 541; x_wconf 76' lang='grc' dir='ltr'><strong>Περὶ</strong></span> 
     </span>
    </p>
   </div>
   <div class='ocr_carea' id='block_1_13' title="bbox 232 548 1022 587">
    <p class='ocr_par' dir='ltr' id='par_1_13' title="bbox 232 548 1022 587">
     <span class='ocr_line' id='line_1_13' title="bbox 232 548 1022 587; baseline 0.006 -11"><span class='ocrx_word' id='word_1_80' title='bbox 232 548 345 584; x_wconf 76' lang='grc' dir='ltr'><strong>ἀρχῶν,</strong></span> <span class='ocrx_word' id='word_1_81' title='bbox 361 549 397 577; x_wconf 90' lang='lat' dir='ltr'><strong>ita</strong></span> <span class='ocrx_word' id='word_1_82' title='bbox 413 555 442 578; x_wconf 92' lang='lat' dir='ltr'><strong>ut</strong></span> <span class='ocrx_word' id='word_1_83' title='bbox 455 551 490 578; x_wconf 81' lang='lat' dir='ltr'><strong>ab</strong></span> <span class='ocrx_word' id='word_1_84' title='bbox 507 551 624 586; x_wconf 76' lang='lat' dir='ltr'><strong>Origene</strong></span> <span class='ocrx_word' id='word_1_85' title='bbox 643 552 773 587; x_wconf 89' lang='lat' dir='ltr'><strong>scriptum</strong></span> <span class='ocrx_word' id='word_1_86' title='bbox 784 557 836 586; x_wconf 85' lang='lat' dir='ltr'><strong>est,</strong></span> <span class='ocrx_word' id='word_1_87' title='bbox 847 552 940 580; x_wconf 67' lang='lat' dir='ltr'><strong>Grazce</strong></span> <span class='ocrx_word' id='word_1_88' title='bbox 955 561 1022 581; x_wconf 91' lang='lat' dir='ltr'><strong>con-</strong></span> 
     </span>
    </p>
   </div>
   <div class='ocr_carea' id='block_1_14' title="bbox 234 594 347 623">
    <p class='ocr_par' dir='ltr' id='par_1_14' title="bbox 234 594 347 623">
     <span class='ocr_line' id='line_1_14' title="bbox 234 594 347 623; baseline 0.009 -2"><span class='ocrx_word' id='word_1_89' title='bbox 234 594 347 623; x_wconf 86' lang='lat' dir='ltr'><strong>tinetur.</strong></span> 
     </span>
    </p>
   </div>
   <div class='ocr_carea' id='block_1_15' title="bbox 269 639 1021 679">
    <p class='ocr_par' dir='ltr' id='par_1_15' title="bbox 269 639 1021 679">
     <span class='ocr_line' id='line_1_15' title="bbox 269 639 1021 679; baseline 0.004 -11"><span class='ocrx_word' id='word_1_90' title='bbox 269 639 361 668; x_wconf 72' lang='lat' dir='ltr'><strong>XVlll.</strong></span> <span class='ocrx_word' id='word_1_91' title='bbox 378 642 499 669; x_wconf 74' lang='lat' dir='ltr'><strong>Diximus</strong></span> <span class='ocrx_word' id='word_1_92' title='bbox 513 642 656 678; x_wconf 80' lang='lat' dir='ltr'><strong>Origenetn</strong></span> <span class='ocrx_word' id='word_1_93' title='bbox 680 644 814 679; x_wconf 77' lang='lat' dir='ltr'><strong>aliquibus</strong></span> <span class='ocrx_word' id='word_1_94' title='bbox 830 645 962 672; x_wconf 79' lang='lat' dir='ltr'><strong>duntaxat</strong></span> <span class='ocrx_word' id='word_1_95' title='bbox 979 646 1021 671; x_wconf 89' lang='lat' dir='ltr'><strong>in-</strong></span> 
     </span>
    </p>
   </div>
   <div class='ocr_carea' id='block_1_16' title="bbox 235 687 1022 726">
    <p class='ocr_par' dir='ltr' id='par_1_16' title="bbox 235 687 1022 726">
     <span class='ocr_line' id='line_1_16' title="bbox 235 687 1022 726; baseline 0.009 -15"><span class='ocrx_word' id='word_1_96' title='bbox 235 687 334 713; x_wconf 82' lang='lat' dir='ltr'><strong>fectum</strong></span> <span class='ocrx_word' id='word_1_97' title='bbox 353 687 434 715; x_wconf 81' lang='lat' dir='ltr'><strong>fuisse</strong></span> <span class='ocrx_word' id='word_1_98' title='bbox 445 689 592 722; x_wconf 86' lang='lat' dir='ltr'><strong>erroribus,</strong></span> <span class='ocrx_word' id='word_1_99' title='bbox 607 698 639 717; x_wconf 86' lang='lat' dir='ltr'><strong>ex</strong></span> <span class='ocrx_word' id='word_1_100' title='bbox 661 691 693 718; x_wconf 91' lang='lat' dir='ltr'><strong>iis</strong></span> <span class='ocrx_word' id='word_1_101' title='bbox 710 691 756 725; x_wconf 87' lang='lat' dir='ltr'><strong>qui</strong></span> <span class='ocrx_word' id='word_1_102' title='bbox 776 699 790 717; x_wconf 88' lang='lat' dir='ltr'><strong>a</strong></span> <span class='ocrx_word' id='word_1_103' title='bbox 803 690 912 726; x_wconf 70' lang='lat' dir='ltr'><strong>Pelagio</strong></span> <span class='ocrx_word' id='word_1_104' title='bbox 931 691 1022 718; x_wconf 87' lang='lat' dir='ltr'><strong>ntnltis</strong></span> 
     </span>
    </p>
   </div>
   <div class='ocr_carea' id='block_1_17' title="bbox 234 734 1021 772">
    <p class='ocr_par' dir='ltr' id='par_1_17' title="bbox 234 734 1021 772">
     <span class='ocr_line' id='line_1_17' title="bbox 234 734 1021 772; baseline 0.009 -14"><span class='ocrx_word' id='word_1_105' title='bbox 234 737 295 766; x_wconf 81' lang='lat' dir='ltr'><strong>post</strong></span> <span class='ocrx_word' id='word_1_106' title='bbox 310 734 389 760; x_wconf 84' lang='lat' dir='ltr'><strong>annis</strong></span> <span class='ocrx_word' id='word_1_107' title='bbox 410 737 569 769; x_wconf 82' lang='lat' dir='ltr'><strong>propugnati</strong></span> <span class='ocrx_word' id='word_1_108' title='bbox 587 741 659 763; x_wconf 86' lang='lat' dir='ltr'><strong>sunt.</strong></span> <span class='ocrx_word' id='word_1_109' title='bbox 675 737 735 770; x_wconf 88' lang='lat' dir='ltr'><strong>Quo</strong></span> <span class='ocrx_word' id='word_1_110' title='bbox 755 737 787 763; x_wconf 85' lang='lat' dir='ltr'><strong>de</strong></span> <span class='ocrx_word' id='word_1_111' title='bbox 804 744 901 772; x_wconf 79' lang='lat' dir='ltr'><strong>genere</strong></span> <span class='ocrx_word' id='word_1_112' title='bbox 926 737 1021 772; x_wconf 89' lang='lat' dir='ltr'><strong>dogma</strong></span> 
     </span>
    </p>
   </div>
   <div class='ocr_carea' id='block_1_18' title="bbox 234 777 1021 818">
    <p class='ocr_par' dir='ltr' id='par_1_18' title="bbox 234 777 1021 818">
     <span class='ocr_line' id='line_1_18' title="bbox 234 777 1021 818; baseline 0.008 -15"><span class='ocrx_word' id='word_1_113' title='bbox 234 777 300 804; x_wconf 83' lang='lat' dir='ltr'><strong>illud</strong></span> <span class='ocrx_word' id='word_1_114' title='bbox 324 782 374 809; x_wconf 75' lang='lat' dir='ltr'><strong>est,</strong></span> <span class='ocrx_word' id='word_1_115' title='bbox 404 779 474 812; x_wconf 89' lang='lat' dir='ltr'><strong>quod</strong></span> <span class='ocrx_word' id='word_1_116' title='bbox 493 780 629 813; x_wconf 84' lang='lat' dir='ltr'><strong>perfectos</strong></span> <span class='ocrx_word' id='word_1_117' title='bbox 651 782 773 809; x_wconf 84' lang='lat' dir='ltr'><strong>homines</strong></span> <span class='ocrx_word' id='word_1_118' title='bbox 796 782 848 809; x_wconf 87' lang='lat' dir='ltr'><strong>vim</strong></span> <span class='ocrx_word' id='word_1_119' title='bbox 877 784 1021 818; x_wconf 84' lang='lat' dir='ltr'><strong>quamdam</strong></span> 
     </span>
    </p>
   </div>
   <div class='ocr_carea' id='block_1_19' title="bbox 234 823 1021 861">
    <p class='ocr_par' dir='ltr' id='par_1_19' title="bbox 234 823 1021 861">
     <span class='ocr_line' id='line_1_19' title="bbox 234 823 1021 861; baseline 0.008 -13"><span class='ocrx_word' id='word_1_120' title='bbox 234 823 345 856; x_wconf 76' lang='lat' dir='ltr'><strong>adipisci</strong></span> <span class='ocrx_word' id='word_1_121' title='bbox 365 823 469 855; x_wconf 83' lang='lat' dir='ltr'><strong>deﬁnit,</strong></span> <span class='ocrx_word' id='word_1_122' title='bbox 490 831 542 860; x_wconf 85' lang='lat' dir='ltr'><strong>qua</strong></span> <span class='ocrx_word' id='word_1_123' title='bbox 560 826 677 853; x_wconf 87' lang='lat' dir='ltr'><strong>ruborati</strong></span> <span class='ocrx_word' id='word_1_124' title='bbox 694 831 864 861; x_wconf 81' lang='lat' dir='ltr'><strong>peccatorum</strong></span> <span class='ocrx_word' id='word_1_125' title='bbox 890 827 1021 855; x_wconf 78' lang='lat' dir='ltr'><strong>illecebris</strong></span> 
     </span>
    </p>
   </div>
   <div class='ocr_carea' id='block_1_20' title="bbox 1077 228 1861 263">
    <p class='ocr_par' dir='ltr' id='par_1_20' title="bbox 1077 228 1861 263">
     <span class='ocr_line' id='line_1_20' title="bbox 1077 228 1861 263; baseline -0.001 -8"><span class='ocrx_word' id='word_1_126' title='bbox 1077 229 1123 255; x_wconf 92' lang='lat' dir='ltr'><strong>bat</strong></span> <span class='ocrx_word' id='word_1_127' title='bbox 1137 228 1278 262; x_wconf 65' lang='lat' dir='ltr'><strong>Evagrius,</strong></span> <span class='ocrx_word' id='word_1_128' title='bbox 1293 229 1338 263; x_wconf 90' lang='lat' dir='ltr'><strong>qui</strong></span> <span class='ocrx_word' id='word_1_129' title='bbox 1357 233 1416 255; x_wconf 83' lang='lat' dir='ltr'><strong>erat</strong></span> <span class='ocrx_word' id='word_1_130' title='bbox 1429 229 1470 255; x_wconf 90' lang='lat' dir='ltr'><strong>vir</strong></span> <span class='ocrx_word' id='word_1_131' title='bbox 1484 228 1652 255; x_wconf 78' lang='lat' dir='ltr'><strong>discernendi</strong></span> <span class='ocrx_word' id='word_1_132' title='bbox 1664 228 1690 255; x_wconf 92' lang='lat' dir='ltr'><strong>vi</strong></span> <span class='ocrx_word' id='word_1_133' title='bbox 1704 228 1837 263; x_wconf 66' lang='lat' dir='ltr'><strong>praditus</strong></span> <span class='ocrx_word' id='word_1_134' title='bbox 1852 238 1861 253; x_wconf 86' lang='lat' dir='ltr'><strong>I</strong></span> 
     </span>
    </p>
   </div>
   <div class='ocr_carea' id='block_1_21' title="bbox 1076 273 1864 309">
    <p class='ocr_par' dir='ltr' id='par_1_21' title="bbox 1076 273 1864 309">
     <span class='ocr_line' id='line_1_21' title="bbox 1076 273 1864 309; baseline 0 -9"><span class='ocrx_word' id='word_1_135' title='bbox 1076 274 1184 309; x_wconf 88' lang='lat' dir='ltr'><strong>(nempe</strong></span> <span class='ocrx_word' id='word_1_136' title='bbox 1199 273 1326 301; x_wconf 87' lang='lat' dir='ltr'><strong>Ponticus</strong></span> <span class='ocrx_word' id='word_1_137' title='bbox 1336 273 1380 301; x_wconf 91' lang='lat' dir='ltr'><strong>ille</strong></span> <span class='ocrx_word' id='word_1_138' title='bbox 1394 273 1580 309; x_wconf 84' lang='lat' dir='ltr'><strong>llypetborita)</strong></span> <span class='ocrx_word' id='word_1_139' title='bbox 1595 282 1604 299; x_wconf 82' lang='grc' dir='ltr'><strong>ι</strong></span> <span class='ocrx_word' id='word_1_140' title='bbox 1620 281 1650 301; x_wconf 88' lang='lat' dir='ltr'><strong>se</strong></span> <span class='ocrx_word' id='word_1_141' title='bbox 1661 273 1763 300; x_wconf 88' lang='lat' dir='ltr'><strong>nulluttt</strong></span> <span class='ocrx_word' id='word_1_142' title='bbox 1777 274 1864 300; x_wconf 88' lang='lat' dir='ltr'><strong>homi-</strong></span> 
     </span>
    </p>
   </div>
   <div class='ocr_carea' id='block_1_22' title="bbox 1077 319 1864 355">
    <p class='ocr_par' dir='ltr' id='par_1_22' title="bbox 1077 319 1864 355">
     <span class='ocr_line' id='line_1_22' title="bbox 1077 319 1864 355; baseline 0 -9"><span class='ocrx_word' id='word_1_143' title='bbox 1077 327 1137 346; x_wconf 87' lang='lat' dir='ltr'><strong>nctn</strong></span> <span class='ocrx_word' id='word_1_144' title='bbox 1153 319 1263 352; x_wconf 83' lang='lat' dir='ltr'><strong>vidisse,</strong></span> <span class='ocrx_word' id='word_1_145' title='bbox 1281 320 1326 355; x_wconf 91' lang='lat' dir='ltr'><strong>qni</strong></span> <span class='ocrx_word' id='word_1_146' title='bbox 1338 325 1410 347; x_wconf 83' lang='lat' dir='ltr'><strong>esset</strong></span> <span class='ocrx_word' id='word_1_147' title='bbox 1427 320 1512 355; x_wconf 78' lang='lat' dir='ltr'><strong>magis</strong></span> <span class='ocrx_word' id='word_1_148' title='bbox 1529 320 1698 354; x_wconf 83' lang='lat' dir='ltr'><strong>impalibilis,</strong></span> <span class='ocrx_word' id='word_1_149' title='bbox 1716 324 1745 347; x_wconf 89' lang='lat' dir='ltr'><strong>et</strong></span> <span class='ocrx_word' id='word_1_150' title='bbox 1759 320 1864 347; x_wconf 80' lang='lat' dir='ltr'><strong>alienus</strong></span> 
     </span>
    </p>
   </div>
   <div class='ocr_carea' id='block_1_23' title="bbox 1076 365 1865 400">
    <p class='ocr_par' dir='ltr' id='par_1_23' title="bbox 1076 365 1865 400">
     <span class='ocr_line' id='line_1_23' title="bbox 1076 365 1865 400; baseline -0.003 -7"><span class='ocrx_word' id='word_1_151' title='bbox 1076 367 1109 393; x_wconf 91' lang='lat' dir='ltr'><strong>ab</strong></span> <span class='ocrx_word' id='word_1_152' title='bbox 1124 366 1249 393; x_wconf 87' lang='lat' dir='ltr'><strong>omnibus</strong></span> <span class='ocrx_word' id='word_1_153' title='bbox 1263 366 1344 393; x_wconf 88' lang='lat' dir='ltr'><strong>anitni</strong></span> <span class='ocrx_word' id='word_1_154' title='bbox 1357 366 1614 400; x_wconf 81' lang='lat' dir='ltr'><strong>perturbationibus.</strong></span> <span class='ocrx_word' id='word_1_155' title='bbox 1627 375 1637 391; x_wconf 77' lang='grc' dir='ltr'><strong>ι</strong></span> <span class='ocrx_word' id='word_1_156' title='bbox 1652 365 1722 394; x_wconf 82' lang='lat' dir='ltr'><strong>[line</strong></span> <span class='ocrx_word' id='word_1_157' title='bbox 1732 365 1865 400; x_wconf 81' lang='lat' dir='ltr'><strong>Hierony-</strong></span> 
     </span>
    </p>
   </div>
   <div class='ocr_carea' id='block_1_24' title="bbox 1077 411 1865 447">
    <p class='ocr_par' dir='ltr' id='par_1_24' title="bbox 1077 411 1865 447">
     <span class='ocr_line' id='line_1_24' title="bbox 1077 411 1865 447; baseline 0 -9"><span class='ocrx_word' id='word_1_158' title='bbox 1077 419 1137 438; x_wconf 93' lang='lat' dir='ltr'><strong>mns</strong></span> <span class='ocrx_word' id='word_1_159' title='bbox 1152 418 1268 446; x_wconf 74' lang='lat' dir='ltr'><strong>premnt.</strong></span> <span class='ocrx_word' id='word_1_160' title='bbox 1292 412 1317 438; x_wconf 93' lang='lat' dir='ltr'><strong>in</strong></span> <span class='ocrx_word' id='word_1_161' title='bbox 1335 411 1461 446; x_wconf 78' lang='lat' dir='ltr'><strong>Dialogus</strong></span> <span class='ocrx_word' id='word_1_162' title='bbox 1469 412 1592 438; x_wconf 71' lang='lat' dir='ltr'><strong>adversus</strong></span> <span class='ocrx_word' id='word_1_163' title='bbox 1608 411 1778 447; x_wconf 72' lang='lat' dir='ltr'><strong>Pelagianos,</strong></span> <span class='ocrx_word' id='word_1_164' title='bbox 1793 411 1865 437; x_wconf 76' lang='grc' dir='ltr'><strong>ἁπα-</strong></span> 
     </span>
    </p>
   </div>
   <div class='ocr_carea' id='block_1_25' title="bbox 1077 456 1866 493">
    <p class='ocr_par' dir='ltr' id='par_1_25' title="bbox 1077 456 1866 493">
     <span class='ocr_line' id='line_1_25' title="bbox 1077 456 1866 493; baseline 0.001 -10"><span class='ocrx_word' id='word_1_165' title='bbox 1077 456 1150 489; x_wconf 73' lang='grc' dir='ltr'><strong>θεεας</strong></span> <span class='ocrx_word' id='word_1_166' title='bbox 1164 461 1313 484; x_wconf 86' lang='lat' dir='ltr'><strong>assertores</strong></span> <span class='ocrx_word' id='word_1_167' title='bbox 1326 457 1468 493; x_wconf 81' lang='lat' dir='ltr'><strong>exagitans</strong></span> <span class='ocrx_word' id='word_1_168' title='bbox 1484 467 1490 485; x_wconf 90' lang='lat'>:</span> <span class='ocrx_word' id='word_1_169' title='bbox 1509 467 1518 484; x_wconf 81' lang='grc' dir='ltr'><strong>ι</strong></span> <span class='ocrx_word' id='word_1_170' title='bbox 1535 457 1678 491; x_wconf 79' lang='lat' dir='ltr'><strong>Palladius,</strong></span> <span class='ocrx_word' id='word_1_171' title='bbox 1695 457 1799 493; x_wconf 83' lang='lat' dir='ltr'><strong>inquit.</strong></span> <span class='ocrx_word' id='word_1_172' title='bbox 1811 465 1866 484; x_wconf 86' lang='lat' dir='ltr'><strong>ser-</strong></span> 
     </span>
    </p>
   </div>
   <div class='ocr_carea' id='block_1_26' title="bbox 1075 502 1866 538">
    <p class='ocr_par' dir='ltr' id='par_1_26' title="bbox 1075 502 1866 538">
     <span class='ocr_line' id='line_1_26' title="bbox 1075 502 1866 538; baseline 0.003 -9"><span class='ocrx_word' id='word_1_173' title='bbox 1075 502 1136 529; x_wconf 89' lang='lat' dir='ltr'><strong>vilis</strong></span> <span class='ocrx_word' id='word_1_174' title='bbox 1152 503 1278 538; x_wconf 72' lang='lat' dir='ltr'><strong>neqttitize</strong></span> <span class='ocrx_word' id='word_1_175' title='bbox 1292 503 1415 530; x_wconf 82' lang='lat' dir='ltr'><strong>eamdem</strong></span> <span class='ocrx_word' id='word_1_176' title='bbox 1434 503 1557 531; x_wconf 68' lang='lat' dir='ltr'><strong>haeresim</strong></span> <span class='ocrx_word' id='word_1_177' title='bbox 1573 504 1726 531; x_wconf 88' lang='lat' dir='ltr'><strong>instaurare</strong></span> <span class='ocrx_word' id='word_1_178' title='bbox 1748 508 1866 531; x_wconf 77' lang='lat' dir='ltr'><strong>conatus</strong></span> 
     </span>
    </p>
   </div>
   <div class='ocr_carea' id='block_1_27' title="bbox 1075 548 1865 585">
    <p class='ocr_par' dir='ltr' id='par_1_27' title="bbox 1075 548 1865 585">
     <span class='ocr_line' id='line_1_27' title="bbox 1075 548 1865 585; baseline -0.001 -9"><span class='ocrx_word' id='word_1_179' title='bbox 1075 553 1128 576; x_wconf 87' lang='lat' dir='ltr'><strong>est.</strong></span> <span class='ocrx_word' id='word_1_180' title='bbox 1143 557 1153 574; x_wconf 83' lang='lat' dir='ltr'><strong>t</strong></span> <span class='ocrx_word' id='word_1_181' title='bbox 1173 548 1332 576; x_wconf 85' lang='lat' dir='ltr'><strong>Instauravil</strong></span> <span class='ocrx_word' id='word_1_182' title='bbox 1350 554 1377 576; x_wconf 91' lang='lat' dir='ltr'><strong>et</strong></span> <span class='ocrx_word' id='word_1_183' title='bbox 1397 554 1460 577; x_wconf 83' lang='lat' dir='ltr'><strong>ante</strong></span> <span class='ocrx_word' id='word_1_184' title='bbox 1475 557 1561 577; x_wconf 87' lang='lat' dir='ltr'><strong>annos</strong></span> <span class='ocrx_word' id='word_1_185' title='bbox 1579 550 1773 585; x_wconf 87' lang='lat' dir='ltr'><strong>propemodum</strong></span> <span class='ocrx_word' id='word_1_186' title='bbox 1797 556 1865 583; x_wconf 89' lang='lat' dir='ltr'><strong>qna-</strong></span> 
     </span>
    </p>
   </div>
   <div class='ocr_carea' id='block_1_28' title="bbox 1075 594 1866 631">
    <p class='ocr_par' dir='ltr' id='par_1_28' title="bbox 1075 594 1866 631">
     <span class='ocr_line' id='line_1_28' title="bbox 1075 594 1866 631; baseline 0.003 -11"><span class='ocrx_word' id='word_1_187' title='bbox 1075 594 1233 627; x_wconf 86' lang='lat' dir='ltr'><strong>dtingentos</strong></span> <span class='ocrx_word' id='word_1_188' title='bbox 1246 594 1399 630; x_wconf 81' lang='lat' dir='ltr'><strong>Dogonatus</strong></span> <span class='ocrx_word' id='word_1_189' title='bbox 1416 594 1570 629; x_wconf 69' lang='lat' dir='ltr'><strong>haereticus,</strong></span> <span class='ocrx_word' id='word_1_190' title='bbox 1584 595 1766 631; x_wconf 80' lang='lat' dir='ltr'><strong>Begardorutn</strong></span> <span class='ocrx_word' id='word_1_191' title='bbox 1777 599 1806 623; x_wconf 85' lang='lat' dir='ltr'><strong>et</strong></span> <span class='ocrx_word' id='word_1_192' title='bbox 1817 594 1866 622; x_wconf 83' lang='lat' dir='ltr'><strong>Be-</strong></span> 
     </span>
    </p>
   </div>
   <div class='ocr_carea' id='block_1_29' title="bbox 1076 639 1338 675">
    <p class='ocr_par' dir='ltr' id='par_1_29' title="bbox 1076 639 1338 675">
     <span class='ocr_line' id='line_1_29' title="bbox 1076 639 1338 675; baseline 0.008 -10"><span class='ocrx_word' id='word_1_193' title='bbox 1076 639 1218 674; x_wconf 84' lang='lat' dir='ltr'><strong>gbinarnm</strong></span> <span class='ocrx_word' id='word_1_194' title='bbox 1233 647 1338 675; x_wconf 87' lang='lat' dir='ltr'><strong>parens.</strong></span> 
     </span>
    </p>
   </div>
   <div class='ocr_carea' id='block_1_30' title="bbox 1111 683 1865 722">
    <p class='ocr_par' dir='ltr' id='par_1_30' title="bbox 1111 683 1865 722">
     <span class='ocr_line' id='line_1_30' title="bbox 1111 683 1865 722; baseline 0.005 -12"><span class='ocrx_word' id='word_1_195' title='bbox 1111 683 1139 710; x_wconf 87' lang='lat' dir='ltr'><strong>ht</strong></span> <span class='ocrx_word' id='word_1_196' title='bbox 1156 685 1189 711; x_wconf 88' lang='lat' dir='ltr'><strong>iis</strong></span> <span class='ocrx_word' id='word_1_197' title='bbox 1199 690 1273 712; x_wconf 82' lang='lat' dir='ltr'><strong>certe</strong></span> <span class='ocrx_word' id='word_1_198' title='bbox 1286 693 1346 720; x_wconf 66' lang='lat' dir='ltr'><strong>quae</strong></span> <span class='ocrx_word' id='word_1_199' title='bbox 1358 690 1502 721; x_wconf 86' lang='lat' dir='ltr'><strong>supersunt</strong></span> <span class='ocrx_word' id='word_1_200' title='bbox 1512 685 1737 721; x_wconf 84' lang='lat' dir='ltr'><strong>Origeniauorum</strong></span> <span class='ocrx_word' id='word_1_201' title='bbox 1750 694 1865 722; x_wconf 84' lang='lat' dir='ltr'><strong>operum</strong></span> 
     </span>
    </p>
   </div>
   <div class='ocr_carea' id='block_1_31' title="bbox 1077 729 1866 768">
    <p class='ocr_par' dir='ltr' id='par_1_31' title="bbox 1077 729 1866 768">
     <span class='ocr_line' id='line_1_31' title="bbox 1077 729 1866 768; baseline 0.005 -12"><span class='ocrx_word' id='word_1_202' title='bbox 1077 729 1200 763; x_wconf 84' lang='lat' dir='ltr'><strong>reliquiis</strong></span> <span class='ocrx_word' id='word_1_203' title='bbox 1221 739 1271 756; x_wconf 87' lang='lat' dir='ltr'><strong>tton</strong></span> <span class='ocrx_word' id='word_1_204' title='bbox 1288 730 1444 764; x_wconf 82' lang='lat' dir='ltr'><strong>frequentes</strong></span> <span class='ocrx_word' id='word_1_205' title='bbox 1466 737 1612 758; x_wconf 81' lang='lat' dir='ltr'><strong>occurrunt</strong></span> <span class='ocrx_word' id='word_1_206' title='bbox 1632 731 1712 765; x_wconf 81' lang='lat' dir='ltr'><strong>hujus</strong></span> <span class='ocrx_word' id='word_1_207' title='bbox 1727 733 1866 768; x_wconf 85' lang='lat' dir='ltr'><strong>opinionis</strong></span> 
     </span>
    </p>
   </div>
   <div class='ocr_carea' id='block_1_32' title="bbox 1076 777 1866 812">
    <p class='ocr_par' dir='ltr' id='par_1_32' title="bbox 1076 777 1866 812">
     <span class='ocr_line' id='line_1_32' title="bbox 1076 777 1866 812; baseline 0.004 -9"><span class='ocrx_word' id='word_1_208' title='bbox 1076 780 1145 803; x_wconf 65' lang='lat' dir='ltr'><strong>nota!</strong></span> <span class='ocrx_word' id='word_1_209' title='bbox 1167 785 1174 803; x_wconf 87' lang='lat'>:</span> <span class='ocrx_word' id='word_1_210' title='bbox 1199 785 1260 803; x_wconf 87' lang='lat' dir='ltr'><strong>nattt</strong></span> <span class='ocrx_word' id='word_1_211' title='bbox 1287 777 1356 811; x_wconf 89' lang='lat' dir='ltr'><strong>quod</strong></span> <span class='ocrx_word' id='word_1_212' title='bbox 1379 782 1466 803; x_wconf 78' lang='lat' dir='ltr'><strong>exstat</strong></span> <span class='ocrx_word' id='word_1_213' title='bbox 1492 777 1519 804; x_wconf 91' lang='lat' dir='ltr'><strong>itt</strong></span> <span class='ocrx_word' id='word_1_214' title='bbox 1546 779 1556 805; x_wconf 79' lang='lat' dir='ltr'><strong>l</strong></span> <span class='ocrx_word' id='word_1_215' title='bbox 1586 779 1679 806; x_wconf 90' lang='lat' dir='ltr'><strong>hotnil.</strong></span> <span class='ocrx_word' id='word_1_216' title='bbox 1702 779 1731 806; x_wconf 78' lang='lat' dir='ltr'><strong>in</strong></span> <span class='ocrx_word' id='word_1_217' title='bbox 1751 779 1866 812; x_wconf 74' lang='lat' dir='ltr'><strong>Jerem.,</strong></span> 
     </span>
    </p>
   </div>
   <div class='ocr_carea' id='block_1_33' title="bbox 1076 821 1867 858">
    <p class='ocr_par' dir='ltr' id='par_1_33' title="bbox 1076 821 1867 858">
     <span class='ocr_line' id='line_1_33' title="bbox 1076 821 1867 858; baseline 0.004 -11"><span class='ocrx_word' id='word_1_218' title='bbox 1076 829 1149 848; x_wconf 90' lang='lat' dir='ltr'><strong>nttm.</strong></span> <span class='ocrx_word' id='word_1_219' title='bbox 1168 821 1209 851; x_wconf 82' lang='lat' dir='ltr'><strong>lli.</strong></span> <span class='ocrx_word' id='word_1_220' title='bbox 1225 828 1300 856; x_wconf 86' lang='lat' dir='ltr'><strong>prout</strong></span> <span class='ocrx_word' id='word_1_221' title='bbox 1325 823 1358 848; x_wconf 84' lang='lat' dir='ltr'><strong>ah</strong></span> <span class='ocrx_word' id='word_1_222' title='bbox 1372 821 1534 858; x_wconf 79' lang='lat' dir='ltr'><strong>Hieronymo</strong></span> <span class='ocrx_word' id='word_1_223' title='bbox 1551 831 1680 851; x_wconf 86' lang='lat' dir='ltr'><strong>conversa</strong></span> <span class='ocrx_word' id='word_1_224' title='bbox 1696 828 1741 852; x_wconf 87' lang='lat' dir='ltr'><strong>est</strong></span> <span class='ocrx_word' id='word_1_225' title='bbox 1755 832 1763 850; x_wconf 89' lang='lat'><strong>:</strong></span> <span class='ocrx_word' id='word_1_226' title='bbox 1783 834 1793 850; x_wconf 74' lang='grc' dir='ltr'><strong>ι</strong></span> <span class='ocrx_word' id='word_1_227' title='bbox 1814 825 1867 851; x_wconf 91' lang='grc' dir='ltr'>Ιιιι-</span> 
     </span>
    </p>
   </div>
   <div class='ocr_carea' id='block_1_34' title="bbox 234 867 1021 908">
    <p class='ocr_par' dir='ltr' id='par_1_34' title="bbox 234 868 1021 908">
     <span class='ocr_line' id='line_1_34' title="bbox 234 868 1021 908; baseline 0.009 -14"><span class='ocrx_word' id='word_1_228' title='bbox 234 876 267 895; x_wconf 86' lang='lat' dir='ltr'><strong>ac</strong></span> <span class='ocrx_word' id='word_1_229' title='bbox 278 868 419 896; x_wconf 84' lang='lat' dir='ltr'><strong>lenociniis</strong></span> <span class='ocrx_word' id='word_1_230' title='bbox 430 870 514 897; x_wconf 85' lang='lat' dir='ltr'><strong>obniti</strong></span> <span class='ocrx_word' id='word_1_231' title='bbox 531 879 576 905; x_wconf 79' lang='lat' dir='ltr'><strong>per</strong></span> <span class='ocrx_word' id='word_1_232' title='bbox 590 880 649 899; x_wconf 88' lang='lat' dir='ltr'><strong>sese</strong></span> <span class='ocrx_word' id='word_1_233' title='bbox 663 872 776 908; x_wconf 89' lang='lat' dir='ltr'><strong>possint,</strong></span> <span class='ocrx_word' id='word_1_234' title='bbox 788 874 987 907; x_wconf 83' lang='lat' dir='ltr'><strong>tandemquch</strong></span> <span class='ocrx_word' id='word_1_235' title='bbox 1000 875 1021 901; x_wconf 83' lang='lat' dir='ltr'><strong>id</strong></span> 
     </span>
    </p>
   </div>
   <div class='ocr_carea' id='block_1_35' title="bbox 1075 867 1867 908">
    <p class='ocr_par' dir='ltr' id='par_1_35' title="bbox 1077 867 1867 902">
     <span class='ocr_line' id='line_1_35' title="bbox 1077 867 1867 902; baseline 0.005 -9"><span class='ocrx_word' id='word_1_236' title='bbox 1077 867 1202 901; x_wconf 80' lang='lat' dir='ltr'><strong>possibile</strong></span> <span class='ocrx_word' id='word_1_237' title='bbox 1216 872 1258 894; x_wconf 78' lang='lat' dir='ltr'><strong>est</strong></span> <span class='ocrx_word' id='word_1_238' title='bbox 1273 867 1343 894; x_wconf 85' lang='lat' dir='ltr'><strong>enim</strong></span> <span class='ocrx_word' id='word_1_239' title='bbox 1358 869 1427 901; x_wconf 87' lang='lat' dir='ltr'><strong>quod</strong></span> <span class='ocrx_word' id='word_1_240' title='bbox 1446 870 1527 895; x_wconf 87' lang='lat' dir='ltr'><strong>semel</strong></span> <span class='ocrx_word' id='word_1_241' title='bbox 1551 869 1694 896; x_wconf 81' lang='lat' dir='ltr'><strong>viviﬁcavit</strong></span> <span class='ocrx_word' id='word_1_242' title='bbox 1711 869 1795 902; x_wconf 77' lang='lat' dir='ltr'><strong>Deus,</strong></span> <span class='ocrx_word' id='word_1_243' title='bbox 1821 875 1867 897; x_wconf 82' lang='lat' dir='ltr'><strong>aut</strong></span> 
     </span>
    </p>
   </div>
   <div class='ocr_carea' id='block_1_36' title="bbox 233 915 1020 954">
    <p class='ocr_par' dir='ltr' id='par_1_36' title="bbox 233 915 1020 954">
     <span class='ocr_line' id='line_1_36' title="bbox 233 915 1020 954; baseline 0.009 -14"><span class='ocrx_word' id='word_1_244' title='bbox 233 915 380 942; x_wconf 73' lang='lat' dir='ltr'><strong>ascendant</strong></span> <span class='ocrx_word' id='word_1_245' title='bbox 406 916 580 950; x_wconf 78' lang='lat' dir='ltr'><strong>perfectionis</strong></span> <span class='ocrx_word' id='word_1_246' title='bbox 602 919 718 950; x_wconf 77' lang='lat' dir='ltr'><strong>culmen,</strong></span> <span class='ocrx_word' id='word_1_247' title='bbox 742 924 770 945; x_wconf 92' lang='lat' dir='ltr'><strong>ut</strong></span> <span class='ocrx_word' id='word_1_248' title='bbox 790 926 823 946; x_wconf 89' lang='lat' dir='ltr'><strong>ne</strong></span> <span class='ocrx_word' id='word_1_249' title='bbox 845 919 895 946; x_wconf 87' lang='lat' dir='ltr'><strong>levi</strong></span> <span class='ocrx_word' id='word_1_250' title='bbox 913 919 1020 954; x_wconf 84' lang='lat' dir='ltr'><strong>quidem</strong></span> 
     </span>
    </p>
   </div>
   <div class='ocr_carea' id='block_1_37' title="bbox 232 962 1021 999">
    <p class='ocr_par' dir='ltr' id='par_1_37' title="bbox 232 962 1021 999">
     <span class='ocr_line' id='line_1_37' title="bbox 232 962 1021 999; baseline 0.008 -13"><span class='ocrx_word' id='word_1_251' title='bbox 232 962 413 989; x_wconf 75' lang='lat' dir='ltr'><strong>mutationum</strong></span> <span class='ocrx_word' id='word_1_252' title='bbox 432 971 496 990; x_wconf 85' lang='lat' dir='ltr'><strong>aura</strong></span> <span class='ocrx_word' id='word_1_253' title='bbox 514 963 708 998; x_wconf 86' lang='lat' dir='ltr'><strong>pcrccllantur,</strong></span> <span class='ocrx_word' id='word_1_254' title='bbox 734 964 866 999; x_wconf 86' lang='lat' dir='ltr'><strong>planeque</strong></span> <span class='ocrx_word' id='word_1_255' title='bbox 881 965 935 992; x_wconf 88' lang='lat' dir='ltr'><strong>sittt</strong></span> <span class='ocrx_word' id='word_1_256' title='bbox 948 966 1021 991; x_wconf 81' lang='grc' dir='ltr'><strong>ἁπα-</strong></span> 
     </span>
    </p>
   </div>
   <div class='ocr_carea' id='block_1_38' title="bbox 232 1006 1023 1046">
    <p class='ocr_par' dir='ltr' id='par_1_38' title="bbox 232 1006 1023 1046">
     <span class='ocr_line' id='line_1_38' title="bbox 232 1006 1023 1046; baseline 0.006 -13"><span class='ocrx_word' id='word_1_257' title='bbox 232 1006 299 1039; x_wconf 78' lang='grc' dir='ltr'>θιϊς.</span> <span class='ocrx_word' id='word_1_258' title='bbox 315 1007 422 1042; x_wconf 85' lang='lat' dir='ltr'><strong>Optime</strong></span> <span class='ocrx_word' id='word_1_259' title='bbox 431 1017 495 1035; x_wconf 81' lang='lat' dir='ltr'><strong>vero</strong></span> <span class='ocrx_word' id='word_1_260' title='bbox 506 1010 678 1044; x_wconf 80' lang='lat' dir='ltr'><strong>cattjttnctum</strong></span> <span class='ocrx_word' id='word_1_261' title='bbox 692 1011 756 1037; x_wconf 91' lang='lat' dir='ltr'><strong>illud</strong></span> <span class='ocrx_word' id='word_1_262' title='bbox 772 1016 813 1038; x_wconf 86' lang='lat' dir='ltr'><strong>est</strong></span> <span class='ocrx_word' id='word_1_263' title='bbox 827 1019 887 1038; x_wconf 69' lang='lat' dir='ltr'><strong>cum</strong></span> <span class='ocrx_word' id='word_1_264' title='bbox 902 1012 1023 1046; x_wconf 90' lang='lat' dir='ltr'><strong>superio-</strong></span> 
     </span>
    </p>
   </div>
   <div class='ocr_carea' id='block_1_39' title="bbox 234 1054 1021 1092">
    <p class='ocr_par' dir='ltr' id='par_1_39' title="bbox 234 1054 1021 1092">
     <span class='ocr_line' id='line_1_39' title="bbox 234 1054 1021 1092; baseline 0.008 -13"><span class='ocrx_word' id='word_1_265' title='bbox 234 1060 264 1080; x_wconf 87' lang='lat' dir='ltr'><strong>re</strong></span> <span class='ocrx_word' id='word_1_266' title='bbox 281 1054 341 1087; x_wconf 85' lang='lat' dir='ltr'><strong>ejus</strong></span> <span class='ocrx_word' id='word_1_267' title='bbox 354 1054 496 1081; x_wconf 89' lang='lat' dir='ltr'><strong>doctrina:</strong></span> <span class='ocrx_word' id='word_1_268' title='bbox 510 1063 572 1082; x_wconf 87' lang='lat' dir='ltr'><strong>ttam</strong></span> <span class='ocrx_word' id='word_1_269' title='bbox 583 1056 627 1089; x_wconf 85' lang='lat' dir='ltr'><strong>qui</strong></span> <span class='ocrx_word' id='word_1_270' title='bbox 648 1063 679 1082; x_wconf 83' lang='lat' dir='ltr'><strong>ex</strong></span> <span class='ocrx_word' id='word_1_271' title='bbox 696 1063 755 1083; x_wconf 86' lang='lat' dir='ltr'><strong>sese</strong></span> <span class='ocrx_word' id='word_1_272' title='bbox 772 1061 859 1091; x_wconf 85' lang='lat' dir='ltr'><strong>potest</strong></span> <span class='ocrx_word' id='word_1_273' title='bbox 875 1057 942 1084; x_wconf 85' lang='lat' dir='ltr'><strong>bene</strong></span> <span class='ocrx_word' id='word_1_274' title='bbox 959 1066 1021 1092; x_wconf 61' lang='lat' dir='ltr'><strong>age-</strong></span> 
     </span>
    </p>
   </div>
   <div class='ocr_carea' id='block_1_40' title="bbox 233 1100 1022 1138">
    <p class='ocr_par' dir='ltr' id='par_1_40' title="bbox 233 1100 1022 1138">
     <span class='ocr_line' id='line_1_40' title="bbox 233 1100 1022 1138; baseline 0.006 -13"><span class='ocrx_word' id='word_1_275' title='bbox 233 1105 276 1131; x_wconf 89' lang='lat' dir='ltr'><strong>re,</strong></span> <span class='ocrx_word' id='word_1_276' title='bbox 293 1106 359 1126; x_wconf 88' lang='lat' dir='ltr'><strong>sane</strong></span> <span class='ocrx_word' id='word_1_277' title='bbox 377 1107 408 1127; x_wconf 82' lang='lat' dir='ltr'><strong>ex</strong></span> <span class='ocrx_word' id='word_1_278' title='bbox 426 1107 486 1127; x_wconf 88' lang='lat' dir='ltr'><strong>sese</strong></span> <span class='ocrx_word' id='word_1_279' title='bbox 501 1100 571 1127; x_wconf 90' lang='lat' dir='ltr'><strong>male</strong></span> <span class='ocrx_word' id='word_1_280' title='bbox 585 1109 636 1127; x_wconf 90' lang='lat' dir='ltr'><strong>tton</strong></span> <span class='ocrx_word' id='word_1_281' title='bbox 653 1109 733 1135; x_wconf 78' lang='lat' dir='ltr'><strong>agere</strong></span> <span class='ocrx_word' id='word_1_282' title='bbox 745 1107 841 1136; x_wconf 87' lang='lat' dir='ltr'><strong>potest.</strong></span> <span class='ocrx_word' id='word_1_283' title='bbox 855 1103 938 1135; x_wconf 81' lang='lat' dir='ltr'><strong>Hanc,</strong></span> <span class='ocrx_word' id='word_1_284' title='bbox 953 1112 1022 1138; x_wconf 70' lang='lat' dir='ltr'><strong>prre-</strong></span> 
     </span>
    </p>
   </div>
   <div class='ocr_carea' id='block_1_41' title="bbox 234 1144 1023 1181">
    <p class='ocr_par' dir='ltr' id='par_1_41' title="bbox 234 1144 1023 1181">
     <span class='ocr_line' id='line_1_41' title="bbox 234 1144 1023 1181; baseline 0.006 -10"><span class='ocrx_word' id='word_1_285' title='bbox 234 1148 278 1171; x_wconf 86' lang='lat' dir='ltr'><strong>ter</strong></span> <span class='ocrx_word' id='word_1_286' title='bbox 291 1144 370 1177; x_wconf 82' lang='lat' dir='ltr'><strong>alias,</strong></span> <span class='ocrx_word' id='word_1_287' title='bbox 391 1146 550 1180; x_wconf 78' lang='lat' dir='ltr'><strong>suggillandi</strong></span> <span class='ocrx_word' id='word_1_288' title='bbox 563 1146 687 1181; x_wconf 77' lang='lat' dir='ltr'><strong>Origenis</strong></span> <span class='ocrx_word' id='word_1_289' title='bbox 702 1155 809 1175; x_wconf 81' lang='lat' dir='ltr'><strong>causam</strong></span> <span class='ocrx_word' id='word_1_290' title='bbox 826 1149 906 1176; x_wconf 84' lang='lat' dir='ltr'><strong>habet</strong></span> <span class='ocrx_word' id='word_1_291' title='bbox 928 1149 1023 1176; x_wconf 82' lang='lat' dir='ltr'><strong>llicro-</strong></span> 
     </span>
    </p>
   </div>
   <div class='ocr_carea' id='block_1_42' title="bbox 234 1191 1022 1229">
    <p class='ocr_par' dir='ltr' id='par_1_42' title="bbox 234 1191 1022 1229">
     <span class='ocr_line' id='line_1_42' title="bbox 234 1191 1022 1229; baseline 0.009 -14"><span class='ocrx_word' id='word_1_292' title='bbox 234 1196 330 1225; x_wconf 82' lang='lat' dir='ltr'><strong>nymus</strong></span> <span class='ocrx_word' id='word_1_293' title='bbox 353 1197 360 1216; x_wconf 94' lang='lat'>:</span> <span class='ocrx_word' id='word_1_294' title='bbox 386 1198 448 1217; x_wconf 90' lang='lat' dir='ltr'><strong>ttaut</strong></span> <span class='ocrx_word' id='word_1_295' title='bbox 467 1191 493 1217; x_wconf 92' lang='lat' dir='ltr'><strong>itt</strong></span> <span class='ocrx_word' id='word_1_296' title='bbox 511 1192 624 1226; x_wconf 86' lang='lat' dir='ltr'><strong>epistola</strong></span> <span class='ocrx_word' id='word_1_297' title='bbox 647 1193 680 1219; x_wconf 83' lang='lat' dir='ltr'><strong>ad</strong></span> <span class='ocrx_word' id='word_1_298' title='bbox 692 1193 903 1228; x_wconf 87' lang='lat' dir='ltr'><strong>Ctesiphontem,</strong></span> <span class='ocrx_word' id='word_1_299' title='bbox 917 1203 977 1229; x_wconf 71' lang='lat' dir='ltr'><strong>cap.</strong></span> <span class='ocrx_word' id='word_1_300' title='bbox 993 1195 1022 1227; x_wconf 73' lang='lat'><strong>2,</strong></span> 
     </span>
    </p>
   </div>
   <div class='ocr_carea' id='block_1_43' title="bbox 233 1236 1021 1274">
    <p class='ocr_par' dir='ltr' id='par_1_43' title="bbox 233 1236 1021 1274">
     <span class='ocr_line' id='line_1_43' title="bbox 233 1236 1021 1274; baseline 0.006 -12"><span class='ocrx_word' id='word_1_301' title='bbox 233 1236 401 1264; x_wconf 84' lang='lat' dir='ltr'><strong>consimilem</strong></span> <span class='ocrx_word' id='word_1_302' title='bbox 415 1236 529 1272; x_wconf 76' lang='lat' dir='ltr'><strong>Pelagii,</strong></span> <span class='ocrx_word' id='word_1_303' title='bbox 542 1238 589 1265; x_wconf 85' lang='lat' dir='ltr'><strong>sed</strong></span> <span class='ocrx_word' id='word_1_304' title='bbox 601 1239 756 1274; x_wconf 88' lang='lat' dir='ltr'><strong>nequioretn</strong></span> <span class='ocrx_word' id='word_1_305' title='bbox 769 1239 850 1266; x_wconf 83' lang='lat' dir='ltr'><strong>etiam</strong></span> <span class='ocrx_word' id='word_1_306' title='bbox 861 1242 1021 1268; x_wconf 81' lang='lat' dir='ltr'><strong>sententiam</strong></span> 
     </span>
    </p>
   </div>
   <div class='ocr_carea' id='block_1_44' title="bbox 235 1280 1024 1318">
    <p class='ocr_par' dir='ltr' id='par_1_44' title="bbox 235 1280 1024 1318">
     <span class='ocr_line' id='line_1_44' title="bbox 235 1280 1024 1318; baseline 0.009 -11"><span class='ocrx_word' id='word_1_307' title='bbox 235 1280 372 1314; x_wconf 79' lang='lat' dir='ltr'><strong>refellens,</strong></span> <span class='ocrx_word' id='word_1_308' title='bbox 402 1283 441 1310; x_wconf 82' lang='lat' dir='ltr'><strong>sic</strong></span> <span class='ocrx_word' id='word_1_309' title='bbox 470 1283 556 1318; x_wconf 87' lang='lat' dir='ltr'><strong>ipsttttt</strong></span> <span class='ocrx_word' id='word_1_310' title='bbox 577 1283 749 1318; x_wconf 85' lang='lat' dir='ltr'><strong>alloquitur:</strong></span> <span class='ocrx_word' id='word_1_311' title='bbox 774 1294 784 1310; x_wconf 80' lang='grc' dir='ltr'><strong>ι</strong></span> <span class='ocrx_word' id='word_1_312' title='bbox 811 1285 856 1312; x_wconf 83' lang='lat' dir='ltr'><strong>Vis</strong></span> <span class='ocrx_word' id='word_1_313' title='bbox 881 1286 969 1313; x_wconf 87' lang='lat' dir='ltr'><strong>adhuc</strong></span> <span class='ocrx_word' id='word_1_314' title='bbox 996 1292 1024 1314; x_wconf 87' lang='lat' dir='ltr'><strong>et</strong></span> 
     </span>
    </p>
   </div>
   <div class='ocr_carea' id='block_1_45' title="bbox 235 1326 1022 1364">
    <p class='ocr_par' dir='ltr' id='par_1_45' title="bbox 235 1326 1022 1364">
     <span class='ocr_line' id='line_1_45' title="bbox 235 1326 1022 1364; baseline 0.009 -12"><span class='ocrx_word' id='word_1_315' title='bbox 235 1326 316 1353; x_wconf 89' lang='lat' dir='ltr'><strong>alittut</strong></span> <span class='ocrx_word' id='word_1_316' title='bbox 343 1335 422 1355; x_wconf 83' lang='lat' dir='ltr'><strong>nosse</strong></span> <span class='ocrx_word' id='word_1_317' title='bbox 450 1329 487 1355; x_wconf 92' lang='lat' dir='ltr'><strong>tui</strong></span> <span class='ocrx_word' id='word_1_318' title='bbox 515 1329 618 1356; x_wconf 87' lang='lat' dir='ltr'><strong>erroris</strong></span> <span class='ocrx_word' id='word_1_319' title='bbox 644 1330 813 1364; x_wconf 82' lang='lat' dir='ltr'><strong>principem?</strong></span> <span class='ocrx_word' id='word_1_320' title='bbox 831 1331 953 1358; x_wconf 88' lang='lat' dir='ltr'><strong>doctrina</strong></span> <span class='ocrx_word' id='word_1_321' title='bbox 978 1338 1022 1359; x_wconf 88' lang='lat' dir='ltr'><strong>ttta</strong></span> 
     </span>
    </p>
   </div>
   <div class='ocr_carea' id='block_1_46' title="bbox 233 1371 1023 1411">
    <p class='ocr_par' dir='ltr' id='par_1_46' title="bbox 233 1371 1023 1411">
     <span class='ocr_line' id='line_1_46' title="bbox 233 1371 1023 1411; baseline 0.009 -12"><span class='ocrx_word' id='word_1_322' title='bbox 233 1371 361 1407; x_wconf 80' lang='lat' dir='ltr'><strong>Origenis</strong></span> <span class='ocrx_word' id='word_1_323' title='bbox 378 1374 550 1402; x_wconf 78' lang='lat' dir='ltr'><strong>ramusculus</strong></span> <span class='ocrx_word' id='word_1_324' title='bbox 568 1381 620 1402; x_wconf 87' lang='lat' dir='ltr'><strong>est.</strong></span> <span class='ocrx_word' id='word_1_325' title='bbox 645 1374 673 1402; x_wconf 88' lang='lat' dir='ltr'><strong>In</strong></span> <span class='ocrx_word' id='word_1_326' title='bbox 701 1383 734 1402; x_wconf 80' lang='lat' dir='ltr'><strong>eo</strong></span> <span class='ocrx_word' id='word_1_327' title='bbox 755 1377 826 1403; x_wconf 89' lang='lat' dir='ltr'><strong>enim</strong></span> <span class='ocrx_word' id='word_1_328' title='bbox 846 1378 961 1411; x_wconf 80' lang='lat' dir='ltr'><strong>psalmo,</strong></span> <span class='ocrx_word' id='word_1_329' title='bbox 979 1379 1023 1406; x_wconf 88' lang='lat' dir='ltr'><strong>ubi</strong></span> 
     </span>
    </p>
   </div>
   <div class='ocr_carea' id='block_1_47' title="bbox 233 1417 1024 1458">
    <p class='ocr_par' dir='ltr' id='par_1_47' title="bbox 233 1417 1024 1458">
     <span class='ocr_line' id='line_1_47' title="bbox 233 1417 1024 1458; baseline 0.009 -14"><span class='ocrx_word' id='word_1_330' title='bbox 233 1417 365 1452; x_wconf 83' lang='lat' dir='ltr'><strong>scriptum</strong></span> <span class='ocrx_word' id='word_1_331' title='bbox 391 1424 444 1451; x_wconf 87' lang='lat' dir='ltr'><strong>est,</strong></span> <span class='ocrx_word' id='word_1_332' title='bbox 474 1424 502 1446; x_wconf 92' lang='lat' dir='ltr'><strong>ttt</strong></span> <span class='ocrx_word' id='word_1_333' title='bbox 528 1421 560 1447; x_wconf 90' lang='lat' dir='ltr'><strong>de</strong></span> <span class='ocrx_word' id='word_1_334' title='bbox 581 1421 688 1448; x_wconf 71' lang='lat' dir='ltr'><strong>caeteris</strong></span> <span class='ocrx_word' id='word_1_335' title='bbox 716 1426 819 1449; x_wconf 87' lang='lat' dir='ltr'><strong>taceam</strong></span> <span class='ocrx_word' id='word_1_336' title='bbox 841 1430 847 1448; x_wconf 92' lang='lat'><strong>:</strong></span> <span class='ocrx_word' id='word_1_337' title='bbox 874 1423 985 1458; x_wconf 72' lang='lat' dir='ltr'><strong>Insuper</strong></span> <span class='ocrx_word' id='word_1_338' title='bbox 1000 1429 1024 1451; x_wconf 76' lang='lat' dir='ltr'><strong>et</strong></span> 
     </span>
    </p>
   </div>
   <div class='ocr_carea' id='block_1_48' title="bbox 233 1466 1024 1502">
    <p class='ocr_par' dir='ltr' id='par_1_48' title="bbox 233 1466 1024 1502">
     <span class='ocr_line' id='line_1_48' title="bbox 233 1466 1024 1502; baseline 0.009 -12"><span class='ocrx_word' id='word_1_339' title='bbox 233 1471 316 1499; x_wconf 69' lang='lat' dir='ltr'><strong>uqu</strong></span> <span class='ocrx_word' id='word_1_340' title='bbox 330 1466 364 1491; x_wconf 79' lang='lat' dir='ltr'><strong>ad</strong></span> <span class='ocrx_word' id='word_1_341' title='bbox 382 1470 482 1492; x_wconf 75' lang='lat' dir='ltr'><strong>noctem</strong></span> <span class='ocrx_word' id='word_1_342' title='bbox 497 1467 652 1493; x_wconf 67' lang='lat' dir='ltr'><strong>erudierunt</strong></span> <span class='ocrx_word' id='word_1_343' title='bbox 664 1475 704 1494; x_wconf 81' lang='lat' dir='ltr'><strong>me</strong></span> <span class='ocrx_word' id='word_1_344' title='bbox 716 1476 789 1495; x_wconf 72' lang='lat' dir='ltr'><strong>renes</strong></span> <span class='ocrx_word' id='word_1_345' title='bbox 803 1470 854 1496; x_wconf 82' lang='lat' dir='ltr'><strong>mei</strong></span> <span class='ocrx_word' id='word_1_346' title='bbox 865 1470 888 1485; x_wconf 76' lang='grc'>⁸³</span> <span class='ocrx_word' id='word_1_347' title='bbox 900 1478 907 1502; x_wconf 88' lang='grc'>;</span> <span class='ocrx_word' id='word_1_348' title='bbox 927 1471 1024 1498; x_wconf 84' lang='lat' dir='ltr'><strong>asserit</strong></span> 
     </span>
    </p>
   </div>
   <div class='ocr_carea' id='block_1_49' title="bbox 234 1509 1023 1546">
    <p class='ocr_par' dir='ltr' id='par_1_49' title="bbox 234 1509 1023 1546">
     <span class='ocr_line' id='line_1_49' title="bbox 234 1509 1023 1546; baseline 0.009 -11"><span class='ocrx_word' id='word_1_349' title='bbox 234 1509 322 1536; x_wconf 89' lang='lat' dir='ltr'><strong>virum</strong></span> <span class='ocrx_word' id='word_1_350' title='bbox 346 1515 479 1544; x_wconf 83' lang='lat' dir='ltr'><strong>sanctum,</strong></span> <span class='ocrx_word' id='word_1_351' title='bbox 501 1512 533 1539; x_wconf 91' lang='lat' dir='ltr'><strong>de</strong></span> <span class='ocrx_word' id='word_1_352' title='bbox 547 1519 661 1546; x_wconf 89' lang='lat' dir='ltr'><strong>qttorum</strong></span> <span class='ocrx_word' id='word_1_353' title='bbox 680 1513 805 1540; x_wconf 84' lang='lat' dir='ltr'><strong>videlicet</strong></span> <span class='ocrx_word' id='word_1_354' title='bbox 823 1519 851 1541; x_wconf 90' lang='lat' dir='ltr'><strong>et</strong></span> <span class='ocrx_word' id='word_1_355' title='bbox 865 1520 892 1541; x_wconf 93' lang='grc' dir='ltr'><strong>ιιι</strong></span> <span class='ocrx_word' id='word_1_356' title='bbox 912 1523 1023 1543; x_wconf 85' lang='lat' dir='ltr'><strong>numero</strong></span> 
     </span>
    </p>
   </div>
   <div class='ocr_carea' id='block_1_50' title="bbox 232 1556 1023 1595">
    <p class='ocr_par' dir='ltr' id='par_1_50' title="bbox 232 1556 1023 1595">
     <span class='ocr_line' id='line_1_50' title="bbox 232 1556 1023 1595; baseline 0.008 -12"><span class='ocrx_word' id='word_1_357' title='bbox 232 1562 273 1586; x_wconf 77' lang='lat' dir='ltr'><strong>es,</strong></span> <span class='ocrx_word' id='word_1_358' title='bbox 288 1562 350 1584; x_wconf 83' lang='lat' dir='ltr'><strong>cum</strong></span> <span class='ocrx_word' id='word_1_359' title='bbox 367 1556 399 1584; x_wconf 90' lang='lat' dir='ltr'><strong>ad</strong></span> <span class='ocrx_word' id='word_1_360' title='bbox 413 1558 542 1585; x_wconf 87' lang='lat' dir='ltr'><strong>virtutum</strong></span> <span class='ocrx_word' id='word_1_361' title='bbox 560 1560 664 1586; x_wconf 83' lang='lat' dir='ltr'><strong>venerit</strong></span> <span class='ocrx_word' id='word_1_362' title='bbox 680 1561 872 1595; x_wconf 88' lang='lat' dir='ltr'><strong>summitatem,</strong></span> <span class='ocrx_word' id='word_1_363' title='bbox 885 1569 918 1589; x_wconf 85' lang='lat' dir='ltr'><strong>tte</strong></span> <span class='ocrx_word' id='word_1_364' title='bbox 931 1562 956 1588; x_wconf 90' lang='lat' dir='ltr'><strong>itt</strong></span> <span class='ocrx_word' id='word_1_365' title='bbox 974 1570 1023 1589; x_wconf 89' lang='lat' dir='ltr'><strong>no-</strong></span> 
     </span>
    </p>
   </div>
   <div class='ocr_carea' id='block_1_51' title="bbox 233 1602 1021 1642">
    <p class='ocr_par' dir='ltr' id='par_1_51' title="bbox 233 1602 1021 1642">
     <span class='ocr_line' id='line_1_51' title="bbox 233 1602 1021 1642; baseline 0.009 -15"><span class='ocrx_word' id='word_1_366' title='bbox 233 1605 278 1628; x_wconf 86' lang='lat' dir='ltr'><strong>cte</strong></span> <span class='ocrx_word' id='word_1_367' title='bbox 292 1602 401 1636; x_wconf 86' lang='lat' dir='ltr'><strong>quidem</strong></span> <span class='ocrx_word' id='word_1_368' title='bbox 422 1610 453 1629; x_wconf 89' lang='lat' dir='ltr'><strong>ea</strong></span> <span class='ocrx_word' id='word_1_369' title='bbox 471 1604 537 1638; x_wconf 89' lang='lat' dir='ltr'><strong>pati,</strong></span> <span class='ocrx_word' id='word_1_370' title='bbox 553 1611 613 1638; x_wconf 62' lang='lat' dir='ltr'><strong>quae</strong></span> <span class='ocrx_word' id='word_1_371' title='bbox 631 1604 768 1632; x_wconf 88' lang='lat' dir='ltr'><strong>hominum</strong></span> <span class='ocrx_word' id='word_1_372' title='bbox 791 1611 863 1639; x_wconf 86' lang='lat' dir='ltr'><strong>sunt,</strong></span> <span class='ocrx_word' id='word_1_373' title='bbox 883 1614 932 1634; x_wconf 87' lang='lat' dir='ltr'><strong>nec</strong></span> <span class='ocrx_word' id='word_1_374' title='bbox 947 1607 1021 1642; x_wconf 85' lang='lat' dir='ltr'><strong>cogi-</strong></span> 
     </span>
    </p>
   </div>
   <div class='ocr_carea' id='block_1_52' title="bbox 234 1645 1023 1687">
    <p class='ocr_par' dir='ltr' id='par_1_52' title="bbox 234 1645 1023 1687">
     <span class='ocr_line' id='line_1_52' title="bbox 234 1645 1023 1687; baseline 0.01 -15"><span class='ocrx_word' id='word_1_375' title='bbox 234 1645 337 1674; x_wconf 82' lang='lat' dir='ltr'><strong>tatiOne</strong></span> <span class='ocrx_word' id='word_1_376' title='bbox 352 1648 478 1675; x_wconf 87' lang='lat' dir='ltr'><strong>vitiorqu</strong></span> <span class='ocrx_word' id='word_1_377' title='bbox 493 1649 583 1684; x_wconf 82' lang='lat' dir='ltr'><strong>aliqua</strong></span> <span class='ocrx_word' id='word_1_378' title='bbox 612 1650 734 1682; x_wconf 79' lang='lat' dir='ltr'><strong>titillari;</strong></span> <span class='ocrx_word' id='word_1_379' title='bbox 757 1660 765 1676; x_wconf 83' lang='lat' dir='ltr'><strong>t</strong></span> <span class='ocrx_word' id='word_1_380' title='bbox 785 1656 811 1678; x_wconf 87' lang='lat' dir='ltr'><strong>et</strong></span> <span class='ocrx_word' id='word_1_381' title='bbox 840 1651 866 1678; x_wconf 90' lang='lat' dir='ltr'><strong>in</strong></span> <span class='ocrx_word' id='word_1_382' title='bbox 890 1653 1023 1687; x_wconf 64' lang='lat' dir='ltr'><strong>prooemio</strong></span> 
     </span>
    </p>
   </div>
   <div class='ocr_carea' id='block_1_53' title="bbox 233 1689 1022 1729">
    <p class='ocr_par' dir='ltr' id='par_1_53' title="bbox 233 1689 1022 1729">
     <span class='ocr_line' id='line_1_53' title="bbox 233 1689 1022 1729; baseline 0.013 -13"><span class='ocrx_word' id='word_1_383' title='bbox 233 1689 407 1725; x_wconf 77' lang='lat' dir='ltr'><strong>Dialogorum</strong></span> <span class='ocrx_word' id='word_1_384' title='bbox 420 1693 543 1720; x_wconf 67' lang='lat' dir='ltr'><strong>adversus</strong></span> <span class='ocrx_word' id='word_1_385' title='bbox 559 1693 735 1729; x_wconf 72' lang='lat' dir='ltr'><strong>Pelagianos:</strong></span> <span class='ocrx_word' id='word_1_386' title='bbox 754 1705 764 1721; x_wconf 85' lang='grc' dir='ltr'><strong>ι</strong></span> <span class='ocrx_word' id='word_1_387' title='bbox 778 1695 844 1723; x_wconf 87' lang='lat' dir='ltr'><strong>Illud</strong></span> <span class='ocrx_word' id='word_1_388' title='bbox 857 1702 945 1724; x_wconf 89' lang='lat' dir='ltr'><strong>autem</strong></span> <span class='ocrx_word' id='word_1_389' title='bbox 961 1698 1022 1725; x_wconf 88' lang='lat' dir='ltr'><strong>Ori-</strong></span> 
     </span>
    </p>
   </div>
   <div class='ocr_carea' id='block_1_54' title="bbox 233 1736 1022 1775">
    <p class='ocr_par' dir='ltr' id='par_1_54' title="bbox 233 1736 1022 1775">
     <span class='ocr_line' id='line_1_54' title="bbox 233 1736 1022 1775; baseline 0.01 -12"><span class='ocrx_word' id='word_1_390' title='bbox 233 1736 308 1770; x_wconf 77' lang='lat' dir='ltr'><strong>gcnis</strong></span> <span class='ocrx_word' id='word_1_391' title='bbox 331 1738 469 1772; x_wconf 87' lang='lat' dir='ltr'><strong>proprium</strong></span> <span class='ocrx_word' id='word_1_392' title='bbox 489 1745 541 1773; x_wconf 89' lang='lat' dir='ltr'><strong>est,</strong></span> <span class='ocrx_word' id='word_1_393' title='bbox 570 1740 735 1775; x_wconf 88' lang='lat' dir='ltr'><strong>intpossibile</strong></span> <span class='ocrx_word' id='word_1_394' title='bbox 761 1749 822 1770; x_wconf 88' lang='lat' dir='ltr'><strong>esse</strong></span> <span class='ocrx_word' id='word_1_395' title='bbox 844 1743 988 1770; x_wconf 85' lang='lat' dir='ltr'><strong>humanam</strong></span> <span class='ocrx_word' id='word_1_396' title='bbox 1007 1752 1022 1771; x_wconf 90' lang='lat' dir='ltr'><strong>a</strong></span> 
     </span>
    </p>
   </div>
   <div class='ocr_carea' id='block_1_55' title="bbox 232 1782 1024 1822">
    <p class='ocr_par' dir='ltr' id='par_1_55' title="bbox 232 1782 1024 1822">
     <span class='ocr_line' id='line_1_55' title="bbox 232 1782 1024 1822; baseline 0.013 -15"><span class='ocrx_word' id='word_1_397' title='bbox 232 1782 366 1818; x_wconf 88' lang='lat' dir='ltr'><strong>principio</strong></span> <span class='ocrx_word' id='word_1_398' title='bbox 378 1792 463 1819; x_wconf 87' lang='lat' dir='ltr'><strong>ttsqtte</strong></span> <span class='ocrx_word' id='word_1_399' title='bbox 478 1785 510 1812; x_wconf 84' lang='lat' dir='ltr'><strong>ad</strong></span> <span class='ocrx_word' id='word_1_400' title='bbox 521 1792 634 1814; x_wconf 89' lang='lat' dir='ltr'><strong>mortem</strong></span> <span class='ocrx_word' id='word_1_401' title='bbox 650 1795 702 1814; x_wconf 87' lang='lat' dir='ltr'><strong>non</strong></span> <span class='ocrx_word' id='word_1_402' title='bbox 715 1795 826 1822; x_wconf 74' lang='lat' dir='ltr'><strong>percara</strong></span> <span class='ocrx_word' id='word_1_403' title='bbox 839 1794 981 1822; x_wconf 83' lang='lat' dir='ltr'><strong>naturam;</strong></span> <span class='ocrx_word' id='word_1_404' title='bbox 996 1794 1024 1818; x_wconf 89' lang='lat' dir='ltr'><strong>et</strong></span> 
     </span>
    </p>
   </div>
   <div class='ocr_carea' id='block_1_56' title="bbox 233 1833 1022 1870">
    <p class='ocr_par' dir='ltr' id='par_1_56' title="bbox 233 1833 1022 1870">
     <span class='ocr_line' id='line_1_56' title="bbox 233 1833 1022 1870; baseline 0.01 -14"><span class='ocrx_word' id='word_1_405' title='bbox 233 1837 340 1857; x_wconf 86' lang='lat' dir='ltr'><strong>rursum</strong></span> <span class='ocrx_word' id='word_1_406' title='bbox 372 1839 432 1859; x_wconf 78' lang='lat' dir='ltr'><strong>esse</strong></span> <span class='ocrx_word' id='word_1_407' title='bbox 464 1833 593 1867; x_wconf 81' lang='lat' dir='ltr'><strong>possibile</strong></span> <span class='ocrx_word' id='word_1_408' title='bbox 621 1841 683 1862; x_wconf 90' lang='lat' dir='ltr'><strong>cum</strong></span> <span class='ocrx_word' id='word_1_409' title='bbox 716 1841 746 1862; x_wconf 86' lang='lat' dir='ltr'><strong>se</strong></span> <span class='ocrx_word' id='word_1_410' title='bbox 771 1835 867 1870; x_wconf 85' lang='lat' dir='ltr'><strong>aliquis</strong></span> <span class='ocrx_word' id='word_1_411' title='bbox 898 1838 930 1863; x_wconf 83' lang='lat' dir='ltr'><strong>ad</strong></span> <span class='ocrx_word' id='word_1_412' title='bbox 965 1844 1022 1864; x_wconf 88' lang='lat' dir='ltr'><strong>me-</strong></span> 
     </span>
    </p>
   </div>
   <div class='ocr_carea' id='block_1_57' title="bbox 232 1875 1020 1916">
    <p class='ocr_par' dir='ltr' id='par_1_57' title="bbox 232 1875 1020 1916">
     <span class='ocr_line' id='line_1_57' title="bbox 232 1875 1020 1916; baseline 0.009 -14"><span class='ocrx_word' id='word_1_413' title='bbox 232 1875 299 1903; x_wconf 88' lang='lat' dir='ltr'><strong>liora</strong></span> <span class='ocrx_word' id='word_1_414' title='bbox 330 1879 498 1906; x_wconf 80' lang='lat' dir='ltr'><strong>converterit</strong></span> <span class='ocrx_word' id='word_1_415' title='bbox 529 1880 561 1906; x_wconf 89' lang='lat' dir='ltr'><strong>ad</strong></span> <span class='ocrx_word' id='word_1_416' title='bbox 597 1885 700 1908; x_wconf 86' lang='lat' dir='ltr'><strong>tantam</strong></span> <span class='ocrx_word' id='word_1_417' title='bbox 738 1882 921 1909; x_wconf 83' lang='lat' dir='ltr'><strong>fortitudinem</strong></span> <span class='ocrx_word' id='word_1_418' title='bbox 957 1890 1020 1916; x_wconf 91' lang='lat' dir='ltr'><strong>per-</strong></span> 
     </span>
    </p>
   </div>
   <div class='ocr_carea' id='block_1_58' title="bbox 231 1922 1023 1962">
    <p class='ocr_par' dir='ltr' id='par_1_58' title="bbox 231 1922 1023 1962">
     <span class='ocr_line' id='line_1_58' title="bbox 231 1922 1023 1962; baseline 0.009 -14"><span class='ocrx_word' id='word_1_419' title='bbox 231 1922 336 1953; x_wconf 80' lang='lat' dir='ltr'><strong>venire,</strong></span> <span class='ocrx_word' id='word_1_420' title='bbox 353 1928 382 1950; x_wconf 91' lang='lat' dir='ltr'><strong>ut</strong></span> <span class='ocrx_word' id='word_1_421' title='bbox 398 1924 466 1951; x_wconf 85' lang='lat' dir='ltr'><strong>ultra</strong></span> <span class='ocrx_word' id='word_1_422' title='bbox 483 1932 596 1959; x_wconf 80' lang='lat' dir='ltr'><strong>peccare</strong></span> <span class='ocrx_word' id='word_1_423' title='bbox 616 1933 669 1952; x_wconf 92' lang='lat' dir='ltr'><strong>non</strong></span> <span class='ocrx_word' id='word_1_424' title='bbox 689 1927 793 1961; x_wconf 78' lang='lat' dir='ltr'><strong>possit;</strong></span> <span class='ocrx_word' id='word_1_425' title='bbox 814 1936 824 1953; x_wconf 72' lang='grc' dir='ltr'><strong>ο</strong></span> <span class='ocrx_word' id='word_1_426' title='bbox 842 1932 869 1954; x_wconf 86' lang='lat' dir='ltr'><strong>et</strong></span> <span class='ocrx_word' id='word_1_427' title='bbox 890 1928 914 1954; x_wconf 90' lang='lat' dir='ltr'><strong>itt</strong></span> <span class='ocrx_word' id='word_1_428' title='bbox 933 1935 1023 1962; x_wconf 72' lang='lat' dir='ltr'><strong>prom-</strong></span> 
     </span>
    </p>
   </div>
   <div class='ocr_carea' id='block_1_59' title="bbox 231 1969 1022 2003">
    <p class='ocr_par' dir='ltr' id='par_1_59' title="bbox 231 1969 1022 2003">
     <span class='ocr_line' id='line_1_59' title="bbox 231 1969 1022 2003; baseline 0.009 -8"><span class='ocrx_word' id='word_1_429' title='bbox 231 1969 287 1996; x_wconf 89' lang='lat' dir='ltr'><strong>tnio</strong></span> <span class='ocrx_word' id='word_1_430' title='bbox 322 1969 382 1997; x_wconf 86' lang='lat' dir='ltr'><strong>libri</strong></span> <span class='ocrx_word' id='word_1_431' title='bbox 411 1979 436 1998; x_wconf 93' lang='lat' dir='ltr'><strong>tv</strong></span> <span class='ocrx_word' id='word_1_432' title='bbox 466 1972 612 1998; x_wconf 79' lang='lat' dir='ltr'><strong>Comment.</strong></span> <span class='ocrx_word' id='word_1_433' title='bbox 644 1973 670 2000; x_wconf 86' lang='lat' dir='ltr'><strong>in</strong></span> <span class='ocrx_word' id='word_1_434' title='bbox 700 1973 798 2000; x_wconf 77' lang='lat' dir='ltr'><strong>Jerem.</strong></span> <span class='ocrx_word' id='word_1_435' title='bbox 829 1980 839 2000; x_wconf 89' lang='lat'><strong><em>:</em></strong></span> <span class='ocrx_word' id='word_1_436' title='bbox 868 1983 877 1999; x_wconf 81' lang='grc' dir='ltr'><strong>ι</strong></span> <span class='ocrx_word' id='word_1_437' title='bbox 906 1974 1022 2003; x_wconf 69' lang='lat' dir='ltr'><strong>Ha‘resis</strong></span> 
     </span>
    </p>
   </div>
   <div class='ocr_carea' id='block_1_60' title="bbox 231 2014 1023 2055">
    <p class='ocr_par' dir='ltr' id='par_1_60' title="bbox 231 2014 1023 2055">
     <span class='ocr_line' id='line_1_60' title="bbox 231 2014 1023 2055; baseline 0.006 -14"><span class='ocrx_word' id='word_1_438' title='bbox 231 2014 393 2052; x_wconf 72' lang='lat' dir='ltr'><strong>Pythagora</strong></span> <span class='ocrx_word' id='word_1_439' title='bbox 423 2021 450 2044; x_wconf 87' lang='lat' dir='ltr'><strong>ct</strong></span> <span class='ocrx_word' id='word_1_440' title='bbox 479 2017 596 2045; x_wconf 76' lang='lat' dir='ltr'><strong>Zenonis</strong></span> <span class='ocrx_word' id='word_1_441' title='bbox 626 2018 761 2050; x_wconf 79' lang='grc' dir='ltr'><strong>ἀπαθείας</strong></span> <span class='ocrx_word' id='word_1_442' title='bbox 791 2019 838 2045; x_wconf 77' lang='grc' dir='ltr'><strong>καὶ</strong></span> <span class='ocrx_word' id='word_1_443' title='bbox 864 2020 1023 2055; x_wconf 82' lang='grc' dir='ltr'><strong>ἀναμαρτη-</strong></span> 
     </span>
    </p>
   </div>
   <div class='ocr_carea' id='block_1_61' title="bbox 230 2062 1023 2100">
    <p class='ocr_par' dir='ltr' id='par_1_61' title="bbox 230 2062 1023 2100">
     <span class='ocr_line' id='line_1_61' title="bbox 230 2062 1023 2100; baseline 0.005 -11"><span class='ocrx_word' id='word_1_444' title='bbox 230 2062 302 2095; x_wconf 64' lang='lat' dir='ltr'><strong>eleg,</strong></span> <span class='ocrx_word' id='word_1_445' title='bbox 333 2063 358 2089; x_wconf 91' lang='lat' dir='ltr'><strong>id</strong></span> <span class='ocrx_word' id='word_1_446' title='bbox 379 2067 422 2090; x_wconf 82' lang='lat' dir='ltr'><strong>est</strong></span> <span class='ocrx_word' id='word_1_447' title='bbox 449 2063 675 2099; x_wconf 87' lang='lat' dir='ltr'><strong>impassibilitatis</strong></span> <span class='ocrx_word' id='word_1_448' title='bbox 699 2069 727 2092; x_wconf 89' lang='lat' dir='ltr'><strong>et</strong></span> <span class='ocrx_word' id='word_1_449' title='bbox 749 2065 944 2099; x_wconf 68' lang='lat' dir='ltr'><strong>impcccantim,</strong></span> <span class='ocrx_word' id='word_1_450' title='bbox 963 2073 1023 2100; x_wconf 75' lang='lat' dir='ltr'><strong>qua:</strong></span> 
     </span>
    </p>
   </div>
   <div class='ocr_carea' id='block_1_62' title="bbox 229 2107 1023 2145">
    <p class='ocr_par' dir='ltr' id='par_1_62' title="bbox 229 2107 1023 2145">
     <span class='ocr_line' id='line_1_62' title="bbox 229 2107 1023 2145; baseline 0.005 -11"><span class='ocrx_word' id='word_1_451' title='bbox 229 2107 295 2135; x_wconf 90' lang='lat' dir='ltr'><strong>olitn</strong></span> <span class='ocrx_word' id='word_1_452' title='bbox 311 2109 337 2135; x_wconf 92' lang='lat' dir='ltr'><strong>itt</strong></span> <span class='ocrx_word' id='word_1_453' title='bbox 351 2107 476 2143; x_wconf 73' lang='lat' dir='ltr'><strong>Origene,</strong></span> <span class='ocrx_word' id='word_1_454' title='bbox 489 2114 514 2137; x_wconf 87' lang='lat' dir='ltr'><strong>et</strong></span> <span class='ocrx_word' id='word_1_455' title='bbox 526 2110 625 2137; x_wconf 92' lang='lat' dir='ltr'><strong>dudum</strong></span> <span class='ocrx_word' id='word_1_456' title='bbox 642 2111 668 2137; x_wconf 93' lang='lat' dir='ltr'><strong>itt</strong></span> <span class='ocrx_word' id='word_1_457' title='bbox 680 2111 818 2144; x_wconf 86' lang='lat' dir='ltr'><strong>discipulis</strong></span> <span class='ocrx_word' id='word_1_458' title='bbox 830 2111 889 2145; x_wconf 77' lang='lat' dir='ltr'><strong>ejus</strong></span> <span class='ocrx_word' id='word_1_459' title='bbox 900 2111 1023 2139; x_wconf 81' lang='lat' dir='ltr'><strong>Grnnnio</strong></span> 
     </span>
    </p>
   </div>
   <div class='ocr_carea' id='block_1_63' title="bbox 230 2153 1022 2190">
    <p class='ocr_par' dir='ltr' id='par_1_63' title="bbox 230 2153 1022 2190">
     <span class='ocr_line' id='line_1_63' title="bbox 230 2153 1022 2190; baseline 0.005 -10"><span class='ocrx_word' id='word_1_460' title='bbox 230 2153 370 2188; x_wconf 74' lang='lat' dir='ltr'><strong>(liminum</strong></span> <span class='ocrx_word' id='word_1_461' title='bbox 383 2155 514 2190; x_wconf 81' lang='lat' dir='ltr'><strong>itttellige)</strong></span> <span class='ocrx_word' id='word_1_462' title='bbox 526 2155 696 2190; x_wconf 77' lang='lat' dir='ltr'><strong>Evagrioque</strong></span> <span class='ocrx_word' id='word_1_463' title='bbox 706 2156 829 2189; x_wconf 89' lang='lat' dir='ltr'><strong>Pontico,</strong></span> <span class='ocrx_word' id='word_1_464' title='bbox 842 2162 869 2183; x_wconf 87' lang='lat' dir='ltr'><strong>et</strong></span> <span class='ocrx_word' id='word_1_465' title='bbox 881 2156 1022 2186; x_wconf 85' lang='lat' dir='ltr'><strong>Joviniano</strong></span> 
     </span>
    </p>
   </div>
   <div class='ocr_carea' id='block_1_64' title="bbox 226 2199 1022 2236">
    <p class='ocr_par' dir='ltr' id='par_1_64' title="bbox 226 2199 1022 2236">
     <span class='ocr_line' id='line_1_64' title="bbox 226 2199 1022 2236; baseline 0.004 -10"><span class='ocrx_word' id='word_1_466' title='bbox 226 2199 350 2235; x_wconf 71' lang='lat' dir='ltr'><strong>iugulata</strong></span> <span class='ocrx_word' id='word_1_467' title='bbox 367 2206 419 2233; x_wconf 80' lang='lat' dir='ltr'><strong>est,</strong></span> <span class='ocrx_word' id='word_1_468' title='bbox 435 2202 518 2236; x_wconf 72' lang='lat' dir='ltr'><strong>cmpit</strong></span> <span class='ocrx_word' id='word_1_469' title='bbox 529 2202 699 2230; x_wconf 81' lang='lat' dir='ltr'><strong>reviviscere.</strong></span> <span class='ocrx_word' id='word_1_470' title='bbox 719 2212 728 2228; x_wconf 80' lang='grc' dir='ltr'><strong>ι</strong></span> <span class='ocrx_word' id='word_1_471' title='bbox 745 2202 844 2230; x_wconf 78' lang='lat' dir='ltr'><strong>Multos</strong></span> <span class='ocrx_word' id='word_1_472' title='bbox 857 2204 959 2230; x_wconf 89' lang='lat' dir='ltr'><strong>erroris</strong></span> <span class='ocrx_word' id='word_1_473' title='bbox 971 2204 1022 2231; x_wconf 92' lang='lat' dir='ltr'><strong>hn-</strong></span> 
     </span>
    </p>
   </div>
   <div class='ocr_carea' id='block_1_65' title="bbox 1074 913 1865 947">
    <p class='ocr_par' dir='ltr' id='par_1_65' title="bbox 1074 913 1865 947">
     <span class='ocr_line' id='line_1_65' title="bbox 1074 913 1865 947; baseline 0.003 -8"><span class='ocrx_word' id='word_1_474' title='bbox 1074 914 1107 940; x_wconf 86' lang='lat' dir='ltr'><strong>ab</strong></span> <span class='ocrx_word' id='word_1_475' title='bbox 1120 921 1151 939; x_wconf 87' lang='lat' dir='ltr'><strong>eo</strong></span> <span class='ocrx_word' id='word_1_476' title='bbox 1169 913 1236 947; x_wconf 90' lang='lat' dir='ltr'><strong>ipso,</strong></span> <span class='ocrx_word' id='word_1_477' title='bbox 1246 916 1293 940; x_wconf 88' lang='lat' dir='ltr'><strong>aut</strong></span> <span class='ocrx_word' id='word_1_478' title='bbox 1307 913 1340 940; x_wconf 86' lang='lat' dir='ltr'><strong>ab</strong></span> <span class='ocrx_word' id='word_1_479' title='bbox 1356 913 1409 940; x_wconf 85' lang='lat' dir='ltr'><strong>alio</strong></span> <span class='ocrx_word' id='word_1_480' title='bbox 1421 914 1524 946; x_wconf 81' lang='lat' dir='ltr'><strong>occidi;</strong></span> <span class='ocrx_word' id='word_1_481' title='bbox 1545 924 1555 940; x_wconf 69' lang='grc' dir='ltr'><em>υ</em></span> <span class='ocrx_word' id='word_1_482' title='bbox 1574 916 1606 940; x_wconf 80' lang='lat' dir='ltr'><strong>ad</strong></span> <span class='ocrx_word' id='word_1_483' title='bbox 1628 915 1710 942; x_wconf 83' lang='lat' dir='ltr'><strong>vitam</strong></span> <span class='ocrx_word' id='word_1_484' title='bbox 1721 920 1865 947; x_wconf 66' lang='lat' dir='ltr'><strong>aeternam,</strong></span> 
     </span>
    </p>
   </div>
   <div class='ocr_carea' id='block_1_66' title="bbox 1073 958 1866 992">
    <p class='ocr_par' dir='ltr' id='par_1_66' title="bbox 1073 958 1866 992">
     <span class='ocr_line' id='line_1_66' title="bbox 1073 958 1866 992; baseline 0.005 -7"><span class='ocrx_word' id='word_1_485' title='bbox 1073 963 1233 992; x_wconf 87' lang='lat' dir='ltr'><strong>sanctosque</strong></span> <span class='ocrx_word' id='word_1_486' title='bbox 1253 965 1283 985; x_wconf 85' lang='lat' dir='ltr'><strong>ea</strong></span> <span class='ocrx_word' id='word_1_487' title='bbox 1299 958 1418 985; x_wconf 83' lang='lat' dir='ltr'><strong>fruentes</strong></span> <span class='ocrx_word' id='word_1_488' title='bbox 1439 958 1606 986; x_wconf 81' lang='lat' dir='ltr'><strong>referendum</strong></span> <span class='ocrx_word' id='word_1_489' title='bbox 1622 968 1681 987; x_wconf 86' lang='lat' dir='ltr'><strong>esse</strong></span> <span class='ocrx_word' id='word_1_490' title='bbox 1693 963 1866 990; x_wconf 84' lang='lat' dir='ltr'><strong>ostendian</strong></span> 
     </span>
    </p>
   </div>
   <div class='ocr_carea' id='block_1_67' title="bbox 1073 1003 1866 1041">
    <p class='ocr_par' dir='ltr' id='par_1_67' title="bbox 1073 1003 1866 1041">
     <span class='ocr_line' id='line_1_67' title="bbox 1073 1003 1866 1041; baseline 0.005 -12"><span class='ocrx_word' id='word_1_491' title='bbox 1073 1003 1100 1030; x_wconf 89' lang='lat' dir='ltr'><strong>itt</strong></span> <span class='ocrx_word' id='word_1_492' title='bbox 1113 1003 1362 1035; x_wconf 83' lang='lat' dir='ltr'><strong>observationibus;</strong></span> <span class='ocrx_word' id='word_1_493' title='bbox 1382 1009 1410 1031; x_wconf 91' lang='lat' dir='ltr'><strong>ct</strong></span> <span class='ocrx_word' id='word_1_494' title='bbox 1426 1005 1460 1032; x_wconf 89' lang='lat' dir='ltr'><strong>ab</strong></span> <span class='ocrx_word' id='word_1_495' title='bbox 1485 1005 1648 1040; x_wconf 84' lang='lat' dir='ltr'><strong>Hieronymo</strong></span> <span class='ocrx_word' id='word_1_496' title='bbox 1669 1012 1802 1041; x_wconf 67' lang='lat' dir='ltr'><strong>praeterea</strong></span> <span class='ocrx_word' id='word_1_497' title='bbox 1827 1009 1866 1034; x_wconf 84' lang='lat' dir='ltr'><strong>iu-</strong></span> 
     </span>
    </p>
   </div>
   <div class='ocr_carea' id='block_1_68' title="bbox 1075 1051 1865 1086">
    <p class='ocr_par' dir='ltr' id='par_1_68' title="bbox 1075 1051 1865 1086">
     <span class='ocr_line' id='line_1_68' title="bbox 1075 1051 1865 1086; baseline 0.006 -11"><span class='ocrx_word' id='word_1_498' title='bbox 1075 1054 1176 1076; x_wconf 89' lang='lat' dir='ltr'><strong>trusutn</strong></span> <span class='ocrx_word' id='word_1_499' title='bbox 1195 1055 1246 1076; x_wconf 90' lang='lat' dir='ltr'><strong>est.</strong></span> <span class='ocrx_word' id='word_1_500' title='bbox 1263 1051 1347 1077; x_wconf 88' lang='lat' dir='ltr'><strong>Tonto</strong></span> <span class='ocrx_word' id='word_1_501' title='bbox 1366 1051 1472 1085; x_wconf 90' lang='lat' dir='ltr'><strong>quidem</strong></span> <span class='ocrx_word' id='word_1_502' title='bbox 1486 1059 1533 1078; x_wconf 85' lang='lat' dir='ltr'><strong>xttt</strong></span> <span class='ocrx_word' id='word_1_503' title='bbox 1561 1053 1587 1078; x_wconf 85' lang='lat' dir='ltr'><strong>in</strong></span> <span class='ocrx_word' id='word_1_504' title='bbox 1601 1051 1706 1085; x_wconf 71' lang='lat' dir='ltr'><strong>Matt/1.,</strong></span> <span class='ocrx_word' id='word_1_505' title='bbox 1722 1061 1801 1080; x_wconf 89' lang='lat' dir='ltr'><strong>num.</strong></span> <span class='ocrx_word' id='word_1_506' title='bbox 1821 1054 1865 1086; x_wconf 73' lang='lat'><strong>29,</strong></span> 
     </span>
    </p>
   </div>
   <div class='ocr_carea' id='block_1_69' title="bbox 1074 1096 1868 1131">
    <p class='ocr_par' dir='ltr' id='par_1_69' title="bbox 1074 1096 1868 1131">
     <span class='ocr_line' id='line_1_69' title="bbox 1074 1096 1868 1131; baseline 0.008 -10"><span class='ocrx_word' id='word_1_507' title='bbox 1074 1096 1199 1131; x_wconf 87' lang='lat' dir='ltr'><strong>parvulos</strong></span> <span class='ocrx_word' id='word_1_508' title='bbox 1214 1096 1282 1128; x_wconf 84' lang='lat' dir='ltr'><strong>illos,</strong></span> <span class='ocrx_word' id='word_1_509' title='bbox 1302 1105 1415 1131; x_wconf 84' lang='lat' dir='ltr'><strong>quorum</strong></span> <span class='ocrx_word' id='word_1_510' title='bbox 1433 1098 1535 1126; x_wconf 87' lang='lat' dir='ltr'><strong>similes</strong></span> <span class='ocrx_word' id='word_1_511' title='bbox 1557 1098 1614 1125; x_wconf 88' lang='lat' dir='ltr'><strong>vult</strong></span> <span class='ocrx_word' id='word_1_512' title='bbox 1637 1106 1685 1126; x_wconf 91' lang='lat' dir='ltr'><strong>nos</strong></span> <span class='ocrx_word' id='word_1_513' title='bbox 1702 1098 1773 1127; x_wconf 77' lang='lat' dir='ltr'><strong>elﬁci</strong></span> <span class='ocrx_word' id='word_1_514' title='bbox 1790 1100 1868 1127; x_wconf 67' lang='lat' dir='ltr'><strong>Citrio</strong></span> 
     </span>
    </p>
   </div>
   <div class='ocr_carea' id='block_1_70' title="bbox 1073 1143 1865 1179">
    <p class='ocr_par' dir='ltr' id='par_1_70' title="bbox 1073 1143 1865 1179">
     <span class='ocr_line' id='line_1_70' title="bbox 1073 1143 1865 1179; baseline 0.003 -9"><span class='ocrx_word' id='word_1_515' title='bbox 1073 1147 1141 1175; x_wconf 79' lang='lat' dir='ltr'><strong>stus,</strong></span> <span class='ocrx_word' id='word_1_516' title='bbox 1162 1147 1190 1169; x_wconf 89' lang='lat' dir='ltr'><strong>et</strong></span> <span class='ocrx_word' id='word_1_517' title='bbox 1210 1143 1306 1175; x_wconf 84' lang='lat' dir='ltr'><strong>quibus</strong></span> <span class='ocrx_word' id='word_1_518' title='bbox 1327 1144 1481 1170; x_wconf 87' lang='lat' dir='ltr'><strong>scandalutn</strong></span> <span class='ocrx_word' id='word_1_519' title='bbox 1505 1151 1520 1170; x_wconf 87' lang='lat' dir='ltr'><strong>a</strong></span> <span class='ocrx_word' id='word_1_520' title='bbox 1540 1144 1617 1172; x_wconf 87' lang='lat' dir='ltr'><strong>nobis</strong></span> <span class='ocrx_word' id='word_1_521' title='bbox 1643 1145 1760 1179; x_wconf 68' lang='lat' dir='ltr'><strong>praeberi</strong></span> <span class='ocrx_word' id='word_1_522' title='bbox 1783 1151 1865 1178; x_wconf 82' lang='lat' dir='ltr'><strong>vetat,</strong></span> 
     </span>
    </p>
   </div>
   <div class='ocr_carea' id='block_1_71' title="bbox 1073 1189 1867 1225">
    <p class='ocr_par' dir='ltr' id='par_1_71' title="bbox 1073 1189 1867 1225">
     <span class='ocr_line' id='line_1_71' title="bbox 1073 1189 1867 1225; baseline 0.005 -11"><span class='ocrx_word' id='word_1_523' title='bbox 1073 1196 1195 1223; x_wconf 85' lang='lat' dir='ltr'><strong>quosque</strong></span> <span class='ocrx_word' id='word_1_524' title='bbox 1214 1189 1319 1216; x_wconf 83' lang='lat' dir='ltr'><strong>Patrem</strong></span> <span class='ocrx_word' id='word_1_525' title='bbox 1334 1189 1470 1216; x_wconf 71' lang='lat' dir='ltr'><strong>cmleslem</strong></span> <span class='ocrx_word' id='word_1_526' title='bbox 1484 1190 1572 1224; x_wconf 90' lang='lat' dir='ltr'><strong>perire</strong></span> <span class='ocrx_word' id='word_1_527' title='bbox 1590 1189 1658 1217; x_wconf 87' lang='lat' dir='ltr'><strong>velle</strong></span> <span class='ocrx_word' id='word_1_528' title='bbox 1672 1195 1767 1225; x_wconf 77' lang='lat' dir='ltr'><strong>negat,</strong></span> <span class='ocrx_word' id='word_1_529' title='bbox 1780 1191 1867 1219; x_wconf 78' lang='lat' dir='ltr'><strong>homi-</strong></span> 
     </span>
    </p>
   </div>
   <div class='ocr_carea' id='block_1_72' title="bbox 1074 1236 1866 1272">
    <p class='ocr_par' dir='ltr' id='par_1_72' title="bbox 1074 1236 1866 1272">
     <span class='ocr_line' id='line_1_72' title="bbox 1074 1236 1866 1272; baseline 0.004 -10"><span class='ocrx_word' id='word_1_530' title='bbox 1074 1243 1121 1263; x_wconf 89' lang='lat' dir='ltr'><strong>ttes</strong></span> <span class='ocrx_word' id='word_1_531' title='bbox 1133 1236 1324 1270; x_wconf 90' lang='lat' dir='ltr'><strong>perfectionetn</strong></span> <span class='ocrx_word' id='word_1_532' title='bbox 1340 1241 1500 1264; x_wconf 87' lang='lat' dir='ltr'><strong>consecutos</strong></span> <span class='ocrx_word' id='word_1_533' title='bbox 1517 1236 1670 1272; x_wconf 78' lang='lat' dir='ltr'><strong>significare</strong></span> <span class='ocrx_word' id='word_1_534' title='bbox 1682 1238 1797 1271; x_wconf 74' lang='lat' dir='ltr'><strong>coniicit</strong></span> <span class='ocrx_word' id='word_1_535' title='bbox 1807 1238 1866 1265; x_wconf 87' lang='lat' dir='ltr'><strong>Ori-</strong></span> 
     </span>
    </p>
   </div>
   <div class='ocr_carea' id='block_1_73' title="bbox 1074 1282 1866 1318">
    <p class='ocr_par' dir='ltr' id='par_1_73' title="bbox 1074 1282 1866 1318">
     <span class='ocr_line' id='line_1_73' title="bbox 1074 1282 1866 1318; baseline 0.003 -10"><span class='ocrx_word' id='word_1_536' title='bbox 1074 1288 1172 1316; x_wconf 74' lang='lat' dir='ltr'><strong>gentes;</strong></span> <span class='ocrx_word' id='word_1_537' title='bbox 1202 1282 1300 1309; x_wconf 87' lang='lat' dir='ltr'><strong>deittdc</strong></span> <span class='ocrx_word' id='word_1_538' title='bbox 1316 1282 1452 1317; x_wconf 81' lang='lat' dir='ltr'><strong>subjnttgit</strong></span> <span class='ocrx_word' id='word_1_539' title='bbox 1473 1282 1604 1316; x_wconf 89' lang='lat' dir='ltr'><strong>ejusmodi</strong></span> <span class='ocrx_word' id='word_1_540' title='bbox 1630 1283 1761 1317; x_wconf 85' lang='lat' dir='ltr'><strong>parvulos</strong></span> <span class='ocrx_word' id='word_1_541' title='bbox 1780 1291 1866 1318; x_wconf 84' lang='lat' dir='ltr'><strong>neque</strong></span> 
     </span>
    </p>
   </div>
   <div class='ocr_carea' id='block_1_74' title="bbox 1074 1327 1865 1362">
    <p class='ocr_par' dir='ltr' id='par_1_74' title="bbox 1074 1327 1865 1362">
     <span class='ocr_line' id='line_1_74' title="bbox 1074 1327 1865 1362; baseline 0.003 -9"><span class='ocrx_word' id='word_1_542' title='bbox 1074 1327 1163 1362; x_wconf 90' lang='lat' dir='ltr'><strong>perire</strong></span> <span class='ocrx_word' id='word_1_543' title='bbox 1188 1335 1275 1362; x_wconf 87' lang='lat' dir='ltr'><strong>neque</strong></span> <span class='ocrx_word' id='word_1_544' title='bbox 1290 1327 1463 1355; x_wconf 78' lang='lat' dir='ltr'><strong>olfensionem</strong></span> <span class='ocrx_word' id='word_1_545' title='bbox 1488 1328 1542 1362; x_wconf 81' lang='lat' dir='ltr'><strong>pati</strong></span> <span class='ocrx_word' id='word_1_546' title='bbox 1560 1335 1648 1362; x_wconf 86' lang='lat' dir='ltr'><strong>posse,</strong></span> <span class='ocrx_word' id='word_1_547' title='bbox 1666 1328 1729 1362; x_wconf 87' lang='lat' dir='ltr'><strong>quia</strong></span> <span class='ocrx_word' id='word_1_548' title='bbox 1752 1339 1758 1355; x_wconf 89' lang='lat'><em>:</em></span> <span class='ocrx_word' id='word_1_549' title='bbox 1782 1338 1791 1354; x_wconf 86' lang='grc' dir='ltr'><strong>ι</strong></span> <span class='ocrx_word' id='word_1_550' title='bbox 1812 1328 1865 1355; x_wconf 73' lang='lat' dir='ltr'><strong>Pax</strong></span> 
     </span>
    </p>
   </div>
   <div class='ocr_carea' id='block_1_75' title="bbox 1075 1373 1867 1408">
    <p class='ocr_par' dir='ltr' id='par_1_75' title="bbox 1075 1373 1867 1408">
     <span class='ocr_line' id='line_1_75' title="bbox 1075 1373 1867 1408; baseline 0.004 -9"><span class='ocrx_word' id='word_1_551' title='bbox 1075 1373 1157 1399; x_wconf 88' lang='lat' dir='ltr'><strong>tttnlta</strong></span> <span class='ocrx_word' id='word_1_552' title='bbox 1169 1373 1341 1408; x_wconf 82' lang='lat' dir='ltr'><strong>diligentibus</strong></span> <span class='ocrx_word' id='word_1_553' title='bbox 1357 1382 1454 1401; x_wconf 87' lang='lat' dir='ltr'><strong>ttnmett</strong></span> <span class='ocrx_word' id='word_1_554' title='bbox 1472 1373 1529 1406; x_wconf 88' lang='lat' dir='ltr'><strong>Dei,</strong></span> <span class='ocrx_word' id='word_1_555' title='bbox 1544 1379 1571 1401; x_wconf 88' lang='lat' dir='ltr'><strong>et</strong></span> <span class='ocrx_word' id='word_1_556' title='bbox 1593 1378 1702 1400; x_wconf 86' lang='lat' dir='ltr'><strong>nonest</strong></span> <span class='ocrx_word' id='word_1_557' title='bbox 1721 1375 1776 1402; x_wconf 90' lang='lat' dir='ltr'><strong>illis</strong></span> <span class='ocrx_word' id='word_1_558' title='bbox 1788 1383 1867 1402; x_wconf 61' lang='lat' dir='ltr'><strong>scano</strong></span> 
     </span>
    </p>
   </div>
   <div class='ocr_carea' id='block_1_76' title="bbox 1074 1417 1867 1454">
    <p class='ocr_par' dir='ltr' id='par_1_76' title="bbox 1074 1417 1867 1454">
     <span class='ocr_line' id='line_1_76' title="bbox 1074 1417 1867 1454; baseline 0.003 -9"><span class='ocrx_word' id='word_1_559' title='bbox 1074 1417 1215 1450; x_wconf 76' lang='lat' dir='ltr'><strong>dalum°&quot;,</strong></span> <span class='ocrx_word' id='word_1_560' title='bbox 1234 1429 1243 1444; x_wconf 79' lang='grc' dir='ltr'><strong>ι</strong></span> <span class='ocrx_word' id='word_1_561' title='bbox 1261 1419 1410 1454; x_wconf 83' lang='lat' dir='ltr'><strong>meritoque</strong></span> <span class='ocrx_word' id='word_1_562' title='bbox 1424 1426 1470 1446; x_wconf 85' lang='lat' dir='ltr'><strong>eos</strong></span> <span class='ocrx_word' id='word_1_563' title='bbox 1488 1419 1578 1446; x_wconf 89' lang='lat' dir='ltr'><strong>dicere</strong></span> <span class='ocrx_word' id='word_1_564' title='bbox 1592 1427 1689 1454; x_wconf 74' lang='lat' dir='ltr'><strong>posse:</strong></span> <span class='ocrx_word' id='word_1_565' title='bbox 1705 1429 1715 1445; x_wconf 80' lang='grc' dir='ltr'><strong>ι</strong></span> <span class='ocrx_word' id='word_1_566' title='bbox 1735 1420 1805 1454; x_wconf 87' lang='lat' dir='ltr'><strong>Quis</strong></span> <span class='ocrx_word' id='word_1_567' title='bbox 1822 1427 1867 1447; x_wconf 80' lang='lat' dir='ltr'><strong>nos</strong></span> 
     </span>
    </p>
   </div>
   <div class='ocr_carea' id='block_1_77' title="bbox 1073 1464 1868 1498">
    <p class='ocr_par' dir='ltr' id='par_1_77' title="bbox 1073 1464 1868 1498">
     <span class='ocr_line' id='line_1_77' title="bbox 1073 1464 1868 1498; baseline 0.003 -8"><span class='ocrx_word' id='word_1_568' title='bbox 1073 1465 1234 1498; x_wconf 81' lang='lat' dir='ltr'><strong>separabita</strong></span> <span class='ocrx_word' id='word_1_569' title='bbox 1252 1464 1432 1492; x_wconf 80' lang='lat' dir='ltr'><strong>charitate&quot;?</strong></span> <span class='ocrx_word' id='word_1_570' title='bbox 1451 1474 1461 1492; x_wconf 76' lang='grc' dir='ltr'><strong>ι</strong></span> <span class='ocrx_word' id='word_1_571' title='bbox 1476 1464 1531 1492; x_wconf 88' lang='lat' dir='ltr'><strong>Sed</strong></span> <span class='ocrx_word' id='word_1_572' title='bbox 1547 1465 1695 1493; x_wconf 86' lang='lat' dir='ltr'><strong>Ezechielis</strong></span> <span class='ocrx_word' id='word_1_573' title='bbox 1711 1470 1805 1492; x_wconf 91' lang='lat' dir='ltr'><strong>tamen</strong></span> <span class='ocrx_word' id='word_1_574' title='bbox 1822 1474 1868 1493; x_wconf 76' lang='lat' dir='ltr'><strong>au-</strong></span> 
     </span>
    </p>
   </div>
   <div class='ocr_carea' id='block_1_78' title="bbox 1073 1510 1867 1545">
    <p class='ocr_par' dir='ltr' id='par_1_78' title="bbox 1073 1510 1867 1545">
     <span class='ocr_line' id='line_1_78' title="bbox 1073 1510 1867 1545; baseline 0 -8"><span class='ocrx_word' id='word_1_575' title='bbox 1073 1510 1199 1537; x_wconf 87' lang='lat' dir='ltr'><strong>ctoritate</strong></span> <span class='ocrx_word' id='word_1_576' title='bbox 1213 1510 1308 1545; x_wconf 87' lang='lat' dir='ltr'><strong>probat</strong></span> <span class='ocrx_word' id='word_1_577' title='bbox 1321 1510 1387 1545; x_wconf 84' lang='lat' dir='ltr'><strong>justi</strong></span> <span class='ocrx_word' id='word_1_578' title='bbox 1404 1511 1521 1538; x_wconf 83' lang='lat' dir='ltr'><strong>animam</strong></span> <span class='ocrx_word' id='word_1_579' title='bbox 1539 1518 1599 1539; x_wconf 89' lang='lat' dir='ltr'><strong>esse</strong></span> <span class='ocrx_word' id='word_1_580' title='bbox 1619 1512 1765 1539; x_wconf 81' lang='lat' dir='ltr'><strong>mutatimti</strong></span> <span class='ocrx_word' id='word_1_581' title='bbox 1782 1513 1867 1539; x_wconf 86' lang='lat' dir='ltr'><strong>obno-</strong></span> 
     </span>
    </p>
   </div>
   <div class='ocr_carea' id='block_1_79' title="bbox 1035 1554 1867 1592">
    <p class='ocr_par' dir='ltr' id='par_1_79' title="bbox 1035 1554 1867 1592">
     <span class='ocr_line' id='line_1_79' title="bbox 1035 1554 1867 1592; baseline 0.002 -9"><span class='ocrx_word' id='word_1_582' title='bbox 1035 1554 1059 1584; x_wconf 83' lang='lat' dir='ltr'><strong><em>C</em></strong></span> <span class='ocrx_word' id='word_1_583' title='bbox 1073 1557 1156 1588; x_wconf 79' lang='lat' dir='ltr'><strong>xiam,</strong></span> <span class='ocrx_word' id='word_1_584' title='bbox 1170 1561 1198 1583; x_wconf 86' lang='lat' dir='ltr'><strong>et</strong></span> <span class='ocrx_word' id='word_1_585' title='bbox 1210 1564 1225 1582; x_wconf 88' lang='lat' dir='ltr'><strong>a</strong></span> <span class='ocrx_word' id='word_1_586' title='bbox 1241 1556 1286 1583; x_wconf 90' lang='lat' dir='ltr'><strong>Dei</strong></span> <span class='ocrx_word' id='word_1_587' title='bbox 1302 1557 1434 1584; x_wconf 83' lang='lat' dir='ltr'><strong>mandatis</strong></span> <span class='ocrx_word' id='word_1_588' title='bbox 1448 1565 1526 1591; x_wconf 81' lang='lat' dir='ltr'><strong>posse</strong></span> <span class='ocrx_word' id='word_1_589' title='bbox 1537 1558 1686 1588; x_wconf 85' lang='lat' dir='ltr'><strong>discedere.</strong></span> <span class='ocrx_word' id='word_1_590' title='bbox 1699 1558 1736 1584; x_wconf 86' lang='lat' dir='ltr'><strong>ita</strong></span> <span class='ocrx_word' id='word_1_591' title='bbox 1751 1563 1781 1584; x_wconf 94' lang='grc' dir='ltr'><strong>ιιι</strong></span> <span class='ocrx_word' id='word_1_592' title='bbox 1795 1559 1867 1592; x_wconf 84' lang='lat' dir='ltr'><strong>prio-</strong></span> 
     </span>
    </p>
   </div>
   <div class='ocr_carea' id='block_1_80' title="bbox 1074 1602 1868 1637">
    <p class='ocr_par' dir='ltr' id='par_1_80' title="bbox 1074 1602 1868 1637">
     <span class='ocr_line' id='line_1_80' title="bbox 1074 1602 1868 1637; baseline 0.003 -9"><span class='ocrx_word' id='word_1_593' title='bbox 1074 1602 1111 1629; x_wconf 84' lang='lat' dir='ltr'><strong>ris</strong></span> <span class='ocrx_word' id='word_1_594' title='bbox 1127 1603 1185 1636; x_wconf 89' lang='lat' dir='ltr'><strong>ejus</strong></span> <span class='ocrx_word' id='word_1_595' title='bbox 1199 1602 1308 1636; x_wconf 75' lang='lat' dir='ltr'><strong>justitiae</strong></span> <span class='ocrx_word' id='word_1_596' title='bbox 1329 1603 1401 1629; x_wconf 78' lang='lat' dir='ltr'><strong>nulla</strong></span> <span class='ocrx_word' id='word_1_597' title='bbox 1420 1603 1550 1630; x_wconf 83' lang='lat' dir='ltr'><strong>habeatur</strong></span> <span class='ocrx_word' id='word_1_598' title='bbox 1565 1604 1649 1636; x_wconf 86' lang='lat' dir='ltr'><strong>ratio;</strong></span> <span class='ocrx_word' id='word_1_599' title='bbox 1668 1609 1751 1637; x_wconf 87' lang='lat' dir='ltr'><strong>atque</strong></span> <span class='ocrx_word' id='word_1_600' title='bbox 1765 1604 1868 1630; x_wconf 81' lang='lat' dir='ltr'><strong>idcirco</strong></span> 
     </span>
    </p>
   </div>
   <div class='ocr_carea' id='block_1_81' title="bbox 1072 1647 1866 1683">
    <p class='ocr_par' dir='ltr' id='par_1_81' title="bbox 1072 1647 1866 1683">
     <span class='ocr_line' id='line_1_81' title="bbox 1072 1647 1866 1683; baseline 0.003 -10"><span class='ocrx_word' id='word_1_601' title='bbox 1072 1648 1216 1682; x_wconf 85' lang='lat' dir='ltr'><strong>quominus</strong></span> <span class='ocrx_word' id='word_1_602' title='bbox 1224 1647 1336 1675; x_wconf 85' lang='lat' dir='ltr'><strong>oll&#39;ensio</strong></span> <span class='ocrx_word' id='word_1_603' title='bbox 1348 1648 1388 1674; x_wconf 90' lang='lat' dir='ltr'><strong>eis</strong></span> <span class='ocrx_word' id='word_1_604' title='bbox 1401 1655 1415 1674; x_wconf 89' lang='lat' dir='ltr'><strong>a</strong></span> <span class='ocrx_word' id='word_1_605' title='bbox 1429 1648 1506 1675; x_wconf 90' lang='lat' dir='ltr'><strong>nobis</strong></span> <span class='ocrx_word' id='word_1_606' title='bbox 1514 1648 1676 1683; x_wconf 64' lang='lat' dir='ltr'><strong>pratltealur,</strong></span> <span class='ocrx_word' id='word_1_607' title='bbox 1688 1649 1866 1676; x_wconf 87' lang='lat' dir='ltr'><strong>Servatorem</strong></span> 
     </span>
    </p>
   </div>
   <div class='ocr_carea' id='block_1_82' title="bbox 1074 1690 1867 1728">
    <p class='ocr_par' dir='ltr' id='par_1_82' title="bbox 1074 1690 1867 1728">
     <span class='ocr_line' id='line_1_82' title="bbox 1074 1690 1867 1728; baseline 0.001 -10"><span class='ocrx_word' id='word_1_608' title='bbox 1074 1693 1199 1719; x_wconf 83' lang='lat' dir='ltr'><strong>mandato</strong></span> <span class='ocrx_word' id='word_1_609' title='bbox 1214 1699 1263 1719; x_wconf 91' lang='lat' dir='ltr'><strong>suo</strong></span> <span class='ocrx_word' id='word_1_610' title='bbox 1280 1690 1434 1726; x_wconf 90' lang='lat' dir='ltr'><strong>prohibere.</strong></span> <span class='ocrx_word' id='word_1_611' title='bbox 1451 1691 1532 1719; x_wconf 89' lang='lat' dir='ltr'><strong>Libro</strong></span> <span class='ocrx_word' id='word_1_612' title='bbox 1547 1700 1655 1727; x_wconf 89' lang='lat' dir='ltr'><strong>quoque</strong></span> <span class='ocrx_word' id='word_1_613' title='bbox 1673 1694 1700 1720; x_wconf 84' lang='lat' dir='ltr'><strong>in</strong></span> <span class='ocrx_word' id='word_1_614' title='bbox 1716 1693 1867 1728; x_wconf 72' lang='lat' dir='ltr'><strong>Epistulam</strong></span> 
     </span>
    </p>
   </div>
   <div class='ocr_carea' id='block_1_83' title="bbox 1073 1737 1868 1773">
    <p class='ocr_par' dir='ltr' id='par_1_83' title="bbox 1073 1737 1868 1773">
     <span class='ocr_line' id='line_1_83' title="bbox 1073 1737 1868 1773; baseline 0.003 -9"><span class='ocrx_word' id='word_1_615' title='bbox 1073 1739 1107 1764; x_wconf 83' lang='lat' dir='ltr'><strong>ad</strong></span> <span class='ocrx_word' id='word_1_616' title='bbox 1128 1737 1261 1764; x_wconf 76' lang='lat' dir='ltr'><strong>Romanos</strong></span> <span class='ocrx_word' id='word_1_617' title='bbox 1279 1739 1384 1773; x_wconf 88' lang='lat' dir='ltr'><strong>quinto.</strong></span> <span class='ocrx_word' id='word_1_618' title='bbox 1409 1746 1484 1765; x_wconf 91' lang='lat' dir='ltr'><strong>num.</strong></span> <span class='ocrx_word' id='word_1_619' title='bbox 1503 1739 1528 1770; x_wconf 87' lang='lat' dir='ltr'><strong>l,</strong></span> <span class='ocrx_word' id='word_1_620' title='bbox 1555 1746 1617 1773; x_wconf 82' lang='lat' dir='ltr'><strong>pag.</strong></span> <span class='ocrx_word' id='word_1_621' title='bbox 1641 1739 1705 1771; x_wconf 75' lang='grc'><strong>546,</strong></span> <span class='ocrx_word' id='word_1_622' title='bbox 1725 1740 1760 1766; x_wconf 89' lang='lat' dir='ltr'><strong>de</strong></span> <span class='ocrx_word' id='word_1_623' title='bbox 1778 1745 1868 1767; x_wconf 86' lang='lat' dir='ltr'><strong>morte</strong></span> 
     </span>
    </p>
   </div>
   <div class='ocr_carea' id='block_1_84' title="bbox 1074 1783 1867 1820">
    <p class='ocr_par' dir='ltr' id='par_1_84' title="bbox 1074 1783 1867 1820">
     <span class='ocr_line' id='line_1_84' title="bbox 1074 1783 1867 1820; baseline 0 -9"><span class='ocrx_word' id='word_1_624' title='bbox 1074 1784 1176 1818; x_wconf 88' lang='lat' dir='ltr'><strong>peccati</strong></span> <span class='ocrx_word' id='word_1_625' title='bbox 1193 1783 1305 1817; x_wconf 83' lang='lat' dir='ltr'><strong>loquens</strong></span> <span class='ocrx_word' id='word_1_626' title='bbox 1325 1793 1330 1811; x_wconf 92' lang='lat'><strong>:</strong></span> <span class='ocrx_word' id='word_1_627' title='bbox 1353 1794 1362 1809; x_wconf 84' lang='lat'><strong>(</strong></span> <span class='ocrx_word' id='word_1_628' title='bbox 1380 1783 1428 1811; x_wconf 89' lang='lat' dir='ltr'><strong>llic</strong></span> <span class='ocrx_word' id='word_1_629' title='bbox 1439 1792 1504 1819; x_wconf 82' lang='lat' dir='ltr'><strong>ergo</strong></span> <span class='ocrx_word' id='word_1_630' title='bbox 1521 1785 1611 1817; x_wconf 86' lang='lat' dir='ltr'><strong>homo,</strong></span> <span class='ocrx_word' id='word_1_631' title='bbox 1630 1785 1726 1819; x_wconf 88' lang='lat' dir='ltr'><strong>inquit,</strong></span> <span class='ocrx_word' id='word_1_632' title='bbox 1744 1786 1791 1819; x_wconf 90' lang='lat' dir='ltr'><strong>qui</strong></span> <span class='ocrx_word' id='word_1_633' title='bbox 1809 1785 1867 1820; x_wconf 83' lang='lat' dir='ltr'><strong>jam</strong></span> 
     </span>
    </p>
   </div>
   <div class='ocr_carea' id='block_1_85' title="bbox 1076 1829 1868 1865">
    <p class='ocr_par' dir='ltr' id='par_1_85' title="bbox 1076 1829 1868 1865">
     <span class='ocr_line' id='line_1_85' title="bbox 1076 1829 1868 1865; baseline 0.001 -9"><span class='ocrx_word' id='word_1_634' title='bbox 1076 1829 1238 1856; x_wconf 89' lang='lat' dir='ltr'><strong>reformatttr</strong></span> <span class='ocrx_word' id='word_1_635' title='bbox 1263 1834 1292 1856; x_wconf 87' lang='lat' dir='ltr'><strong>et</strong></span> <span class='ocrx_word' id='word_1_636' title='bbox 1311 1834 1452 1864; x_wconf 85' lang='lat' dir='ltr'><strong>reparatur</strong></span> <span class='ocrx_word' id='word_1_637' title='bbox 1471 1831 1504 1856; x_wconf 88' lang='lat' dir='ltr'><strong>ad</strong></span> <span class='ocrx_word' id='word_1_638' title='bbox 1524 1829 1668 1865; x_wconf 81' lang='lat' dir='ltr'><strong>imaginem</strong></span> <span class='ocrx_word' id='word_1_639' title='bbox 1690 1830 1748 1862; x_wconf 86' lang='lat' dir='ltr'><strong>Dei,</strong></span> <span class='ocrx_word' id='word_1_640' title='bbox 1780 1838 1868 1865; x_wconf 82' lang='lat' dir='ltr'><strong>neque</strong></span> 
     </span>
    </p>
   </div>
   <div class='ocr_carea' id='block_1_86' title="bbox 1074 1875 1867 1910">
    <p class='ocr_par' dir='ltr' id='par_1_86' title="bbox 1074 1875 1867 1910">
     <span class='ocr_line' id='line_1_86' title="bbox 1074 1875 1867 1910; baseline -0.001 -6"><span class='ocrx_word' id='word_1_641' title='bbox 1074 1881 1207 1908; x_wconf 84' lang='lat' dir='ltr'><strong>terrenus,</strong></span> <span class='ocrx_word' id='word_1_642' title='bbox 1224 1883 1310 1910; x_wconf 83' lang='lat' dir='ltr'><strong>neque</strong></span> <span class='ocrx_word' id='word_1_643' title='bbox 1324 1877 1350 1903; x_wconf 89' lang='lat' dir='ltr'><strong>in</strong></span> <span class='ocrx_word' id='word_1_644' title='bbox 1365 1875 1415 1903; x_wconf 89' lang='lat' dir='ltr'><strong>hoc</strong></span> <span class='ocrx_word' id='word_1_645' title='bbox 1428 1876 1527 1903; x_wconf 91' lang='lat' dir='ltr'><strong>mundo</strong></span> <span class='ocrx_word' id='word_1_646' title='bbox 1545 1881 1596 1908; x_wconf 83' lang='lat' dir='ltr'><strong>est,</strong></span> <span class='ocrx_word' id='word_1_647' title='bbox 1615 1877 1662 1903; x_wconf 76' lang='lat' dir='ltr'><strong>sed</strong></span> <span class='ocrx_word' id='word_1_648' title='bbox 1678 1877 1704 1903; x_wconf 91' lang='lat' dir='ltr'><strong>itt</strong></span> <span class='ocrx_word' id='word_1_649' title='bbox 1716 1877 1794 1904; x_wconf 64' lang='lat' dir='ltr'><strong>caelis</strong></span> <span class='ocrx_word' id='word_1_650' title='bbox 1804 1884 1867 1904; x_wconf 84' lang='lat' dir='ltr'><strong>esse</strong></span> 
     </span>
    </p>
   </div>
   <div class='ocr_carea' id='block_1_87' title="bbox 1073 1922 1866 1956">
    <p class='ocr_par' dir='ltr' id='par_1_87' title="bbox 1073 1922 1866 1956">
     <span class='ocr_line' id='line_1_87' title="bbox 1073 1922 1866 1956; baseline 0.001 -9"><span class='ocrx_word' id='word_1_651' title='bbox 1073 1922 1172 1949; x_wconf 83' lang='lat' dir='ltr'><strong>dicitur</strong></span> <span class='ocrx_word' id='word_1_652' title='bbox 1199 1922 1371 1949; x_wconf 83' lang='lat' dir='ltr'><strong>conversatio</strong></span> <span class='ocrx_word' id='word_1_653' title='bbox 1393 1922 1472 1956; x_wconf 83' lang='lat' dir='ltr'><strong>ejus:</strong></span> <span class='ocrx_word' id='word_1_654' title='bbox 1490 1927 1517 1950; x_wconf 92' lang='lat' dir='ltr'><strong>et</strong></span> <span class='ocrx_word' id='word_1_655' title='bbox 1544 1922 1604 1950; x_wconf 89' lang='lat' dir='ltr'><strong>ideo</strong></span> <span class='ocrx_word' id='word_1_656' title='bbox 1624 1923 1775 1950; x_wconf 86' lang='lat' dir='ltr'><strong>secundum</strong></span> <span class='ocrx_word' id='word_1_657' title='bbox 1804 1930 1866 1949; x_wconf 85' lang='lat' dir='ltr'><strong>eunt</strong></span> 
     </span>
    </p>
   </div>
   <div class='ocr_carea' id='block_1_88' title="bbox 1073 1967 1866 2002">
    <p class='ocr_par' dir='ltr' id='par_1_88' title="bbox 1073 1967 1866 2002">
     <span class='ocr_line' id='line_1_88' title="bbox 1073 1967 1866 2002; baseline 0.001 -8"><span class='ocrx_word' id='word_1_658' title='bbox 1073 1968 1118 2002; x_wconf 90' lang='lat' dir='ltr'><strong>qui</strong></span> <span class='ocrx_word' id='word_1_659' title='bbox 1139 1968 1228 1994; x_wconf 87' lang='lat' dir='ltr'><strong>dicit:</strong></span> <span class='ocrx_word' id='word_1_660' title='bbox 1249 1967 1299 1995; x_wconf 75' lang='lat' dir='ltr'><strong>Vos</strong></span> <span class='ocrx_word' id='word_1_661' title='bbox 1322 1973 1409 1995; x_wconf 77' lang='lat' dir='ltr'><strong>autem</strong></span> <span class='ocrx_word' id='word_1_662' title='bbox 1439 1977 1491 1995; x_wconf 87' lang='lat' dir='ltr'><strong>non</strong></span> <span class='ocrx_word' id='word_1_663' title='bbox 1513 1969 1575 1995; x_wconf 77' lang='lat' dir='ltr'><strong>estis</strong></span> <span class='ocrx_word' id='word_1_664' title='bbox 1597 1971 1629 1995; x_wconf 82' lang='lat' dir='ltr'><strong>de</strong></span> <span class='ocrx_word' id='word_1_665' title='bbox 1650 1969 1699 1995; x_wconf 87' lang='lat' dir='ltr'><strong>Itoc</strong></span> <span class='ocrx_word' id='word_1_666' title='bbox 1720 1969 1822 1995; x_wconf 76' lang='lat' dir='ltr'><strong>mundo</strong></span> <span class='ocrx_word' id='word_1_667' title='bbox 1833 1968 1866 2002; x_wconf 73' lang='grc'><strong>³⁸,</strong></span> 
     </span>
    </p>
   </div>
   <div class='ocr_carea' id='block_1_89' title="bbox 1074 2013 1865 2049">
    <p class='ocr_par' dir='ltr' id='par_1_89' title="bbox 1074 2013 1865 2049">
     <span class='ocr_line' id='line_1_89' title="bbox 1074 2013 1865 2049; baseline 0.001 -9"><span class='ocrx_word' id='word_1_668' title='bbox 1074 2021 1146 2041; x_wconf 91' lang='lat' dir='ltr'><strong>tnors</strong></span> <span class='ocrx_word' id='word_1_669' title='bbox 1161 2013 1187 2040; x_wconf 88' lang='lat' dir='ltr'><strong>itt</strong></span> <span class='ocrx_word' id='word_1_670' title='bbox 1201 2022 1262 2040; x_wconf 92' lang='lat' dir='ltr'><strong>entn</strong></span> <span class='ocrx_word' id='word_1_671' title='bbox 1286 2022 1338 2041; x_wconf 92' lang='lat' dir='ltr'><strong>non</strong></span> <span class='ocrx_word' id='word_1_672' title='bbox 1352 2019 1441 2049; x_wconf 86' lang='lat' dir='ltr'><strong>potest</strong></span> <span class='ocrx_word' id='word_1_673' title='bbox 1458 2015 1642 2048; x_wconf 79' lang='lat' dir='ltr'><strong>pertransire;</strong></span> <span class='ocrx_word' id='word_1_674' title='bbox 1664 2023 1674 2039; x_wconf 82' lang='grc' dir='ltr'><strong>ι</strong></span> <span class='ocrx_word' id='word_1_675' title='bbox 1690 2018 1719 2040; x_wconf 89' lang='lat' dir='ltr'><strong>et</strong></span> <span class='ocrx_word' id='word_1_676' title='bbox 1739 2014 1842 2041; x_wconf 86' lang='lat' dir='ltr'><strong>deinde</strong></span> <span class='ocrx_word' id='word_1_677' title='bbox 1857 2020 1865 2040; x_wconf 93' lang='lat'>:</span> 
     </span>
    </p>
   </div>
   <div class='ocr_carea' id='block_1_90' title="bbox 1076 2052 1867 2093">
    <p class='ocr_par' dir='ltr' id='par_1_90' title="bbox 1076 2052 1867 2093">
     <span class='ocr_line' id='line_1_90' title="bbox 1076 2052 1867 2093; baseline 0.003 -8"><span class='ocrx_word' id='word_1_678' title='bbox 1076 2068 1085 2084; x_wconf 84' lang='grc' dir='ltr'><strong>ι</strong></span> <span class='ocrx_word' id='word_1_679' title='bbox 1097 2059 1173 2092; x_wconf 87' lang='lat' dir='ltr'><strong>Quod</strong></span> <span class='ocrx_word' id='word_1_680' title='bbox 1189 2060 1210 2086; x_wconf 86' lang='lat' dir='ltr'><strong>si</strong></span> <span class='ocrx_word' id='word_1_681' title='bbox 1224 2064 1362 2093; x_wconf 83' lang='lat' dir='ltr'><strong>peccatum</strong></span> <span class='ocrx_word' id='word_1_682' title='bbox 1375 2065 1402 2087; x_wconf 91' lang='lat' dir='ltr'><strong>et</strong></span> <span class='ocrx_word' id='word_1_683' title='bbox 1419 2067 1492 2087; x_wconf 89' lang='lat' dir='ltr'><strong>mors</strong></span> <span class='ocrx_word' id='word_1_684' title='bbox 1504 2060 1530 2086; x_wconf 90' lang='lat' dir='ltr'><strong>itt</strong></span> <span class='ocrx_word' id='word_1_685' title='bbox 1547 2061 1618 2087; x_wconf 84' lang='lat' dir='ltr'><strong>hunc</strong></span> <span class='ocrx_word' id='word_1_686' title='bbox 1632 2052 1867 2087; x_wconf 40' lang='lat' dir='ltr'><strong>mundum-intro-</strong></span> 
     </span>
    </p>
   </div>
   <div class='ocr_carea' id='block_1_91' title="bbox 1073 2106 1865 2139">
    <p class='ocr_par' dir='ltr' id='par_1_91' title="bbox 1073 2106 1865 2139">
     <span class='ocr_line' id='line_1_91' title="bbox 1073 2106 1865 2139; baseline 0.001 -6"><span class='ocrx_word' id='word_1_687' title='bbox 1073 2106 1130 2137; x_wconf 83' lang='lat' dir='ltr'><strong>ivit.</strong></span> <span class='ocrx_word' id='word_1_688' title='bbox 1149 2112 1174 2133; x_wconf 90' lang='lat' dir='ltr'><strong>et</strong></span> <span class='ocrx_word' id='word_1_689' title='bbox 1195 2107 1220 2133; x_wconf 90' lang='lat' dir='ltr'><strong>itt</strong></span> <span class='ocrx_word' id='word_1_690' title='bbox 1242 2107 1292 2134; x_wconf 88' lang='lat' dir='ltr'><strong>hoc</strong></span> <span class='ocrx_word' id='word_1_691' title='bbox 1311 2107 1411 2134; x_wconf 87' lang='lat' dir='ltr'><strong>tttttttdo</strong></span> <span class='ocrx_word' id='word_1_692' title='bbox 1424 2107 1535 2139; x_wconf 87' lang='lat' dir='ltr'><strong>habitat,</strong></span> <span class='ocrx_word' id='word_1_693' title='bbox 1551 2113 1654 2133; x_wconf 84' lang='lat' dir='ltr'><strong>certum</strong></span> <span class='ocrx_word' id='word_1_694' title='bbox 1669 2113 1712 2134; x_wconf 82' lang='lat' dir='ltr'><strong>est</strong></span> <span class='ocrx_word' id='word_1_695' title='bbox 1727 2107 1834 2134; x_wconf 85' lang='lat' dir='ltr'><strong>alienos</strong></span> <span class='ocrx_word' id='word_1_696' title='bbox 1851 2116 1865 2134; x_wconf 83' lang='lat' dir='ltr'><strong>a</strong></span> 
     </span>
    </p>
   </div>
   <div class='ocr_carea' id='block_1_92' title="bbox 1073 2153 1865 2188">
    <p class='ocr_par' dir='ltr' id='par_1_92' title="bbox 1073 2153 1865 2188">
     <span class='ocr_line' id='line_1_92' title="bbox 1073 2153 1865 2188; baseline -0.003 -7"><span class='ocrx_word' id='word_1_697' title='bbox 1073 2159 1170 2185; x_wconf 88' lang='lat' dir='ltr'><strong>morte,</strong></span> <span class='ocrx_word' id='word_1_698' title='bbox 1187 2158 1215 2181; x_wconf 89' lang='lat' dir='ltr'><strong>et</strong></span> <span class='ocrx_word' id='word_1_699' title='bbox 1228 2162 1241 2180; x_wconf 90' lang='lat' dir='ltr'><strong>a</strong></span> <span class='ocrx_word' id='word_1_700' title='bbox 1259 2158 1369 2188; x_wconf 88' lang='lat' dir='ltr'><strong>peccato</strong></span> <span class='ocrx_word' id='word_1_701' title='bbox 1384 2161 1443 2181; x_wconf 87' lang='lat' dir='ltr'><strong>esse</strong></span> <span class='ocrx_word' id='word_1_702' title='bbox 1456 2161 1513 2186; x_wconf 86' lang='lat' dir='ltr'><strong>eos,</strong></span> <span class='ocrx_word' id='word_1_703' title='bbox 1527 2154 1572 2188; x_wconf 88' lang='lat' dir='ltr'><strong>qui</strong></span> <span class='ocrx_word' id='word_1_704' title='bbox 1590 2160 1638 2187; x_wconf 88' lang='lat' dir='ltr'><strong>per</strong></span> <span class='ocrx_word' id='word_1_705' title='bbox 1654 2153 1807 2186; x_wconf 84' lang='lat' dir='ltr'><strong>Christum,</strong></span> <span class='ocrx_word' id='word_1_706' title='bbox 1827 2153 1865 2180; x_wconf 83' lang='lat' dir='ltr'><strong>vel</strong></span> 
     </span>
    </p>
   </div>
   <div class='ocr_carea' id='block_1_93' title="bbox 1074 2198 1865 2234">
    <p class='ocr_par' dir='ltr' id='par_1_93' title="bbox 1074 2198 1865 2234">
     <span class='ocr_line' id='line_1_93' title="bbox 1074 2198 1865 2234; baseline 0 -8"><span class='ocrx_word' id='word_1_707' title='bbox 1074 2207 1135 2226; x_wconf 89' lang='lat' dir='ltr'><strong>cuttt</strong></span> <span class='ocrx_word' id='word_1_708' title='bbox 1151 2198 1261 2226; x_wconf 75' lang='lat' dir='ltr'><strong>Christo</strong></span> <span class='ocrx_word' id='word_1_709' title='bbox 1279 2200 1374 2226; x_wconf 89' lang='lat' dir='ltr'><strong>tttorttti</strong></span> <span class='ocrx_word' id='word_1_710' title='bbox 1390 2205 1453 2226; x_wconf 90' lang='lat' dir='ltr'><strong>sunt</strong></span> <span class='ocrx_word' id='word_1_711' title='bbox 1468 2200 1529 2227; x_wconf 92' lang='lat' dir='ltr'><strong>huic</strong></span> <span class='ocrx_word' id='word_1_712' title='bbox 1545 2200 1655 2231; x_wconf 88' lang='lat' dir='ltr'><strong>mundo,</strong></span> <span class='ocrx_word' id='word_1_713' title='bbox 1676 2204 1703 2226; x_wconf 86' lang='lat' dir='ltr'><strong>et</strong></span> <span class='ocrx_word' id='word_1_714' title='bbox 1723 2207 1786 2226; x_wconf 90' lang='lat' dir='ltr'><strong>cum</strong></span> <span class='ocrx_word' id='word_1_715' title='bbox 1809 2201 1865 2234; x_wconf 89' lang='lat' dir='ltr'><strong>ipso</strong></span> 
     </span>
    </p>
   </div>
   <div class='ocr_carea' id='block_1_94' title="bbox 229 2241 1866 2283">
    <p class='ocr_par' dir='ltr' id='par_1_94' title="bbox 229 2241 1866 2283">
     <span class='ocr_line' id='line_1_94' title="bbox 229 2241 1866 2283; baseline 0.005 -11"><span class='ocrx_word' id='word_1_716' title='bbox 229 2245 274 2278; x_wconf 86' lang='lat' dir='ltr'><strong>jus</strong></span> <span class='ocrx_word' id='word_1_717' title='bbox 289 2245 382 2274; x_wconf 75' lang='lat' dir='ltr'><strong>attines</strong></span> <span class='ocrx_word' id='word_1_718' title='bbox 399 2246 482 2275; x_wconf 74' lang='lat' dir='ltr'><strong>fuisse</strong></span> <span class='ocrx_word' id='word_1_719' title='bbox 497 2253 573 2275; x_wconf 82' lang='lat' dir='ltr'><strong>notat</strong></span> <span class='ocrx_word' id='word_1_720' title='bbox 590 2248 615 2275; x_wconf 92' lang='lat' dir='ltr'><strong>itt</strong></span> <span class='ocrx_word' id='word_1_721' title='bbox 630 2248 699 2276; x_wconf 94' lang='lat' dir='ltr'><strong>libro</strong></span> <span class='ocrx_word' id='word_1_722' title='bbox 719 2254 860 2283; x_wconf 86' lang='lat' dir='ltr'><strong>sequente.</strong></span> <span class='ocrx_word' id='word_1_723' title='bbox 881 2250 908 2276; x_wconf 87' lang='lat' dir='ltr'><strong>in</strong></span> <span class='ocrx_word' id='word_1_724' title='bbox 919 2249 1018 2278; x_wconf 73' lang='lat' dir='ltr'><strong>larem.</strong></span> <span class='ocrx_word' id='word_1_725' title='bbox 1036 2241 1058 2268; x_wconf 77' lang='grc' dir='ltr'>ο</span> <span class='ocrx_word' id='word_1_726' title='bbox 1074 2244 1243 2276; x_wconf 54' lang='lat' dir='ltr'><strong>reuisenti”.</strong></span> <span class='ocrx_word' id='word_1_727' title='bbox 1269 2252 1330 2271; x_wconf 68' lang='lat' dir='ltr'><strong>cum</strong></span> <span class='ocrx_word' id='word_1_728' title='bbox 1353 2246 1411 2279; x_wconf 58' lang='lat' dir='ltr'><strong>iii-‘0</strong></span> <span class='ocrx_word' id='word_1_729' title='bbox 1444 2245 1525 2272; x_wconf 63' lang='grc' dir='ltr'><strong>ειίεηη</strong></span> <span class='ocrx_word' id='word_1_730' title='bbox 1546 2246 1571 2272; x_wconf 71' lang='lat' dir='ltr'><strong>in</strong></span> <span class='ocrx_word' id='word_1_731' title='bbox 1589 2245 1747 2272; x_wconf 57' lang='lat' dir='ltr'><strong>cm&quot;&#39;~&quot;i&quot;“s</strong></span> <span class='ocrx_word' id='word_1_732' title='bbox 1772 2245 1866 2272; x_wconf 65' lang='grc' dir='ltr'><strong>δθίίετε</strong></span> 
     </span>
    </p>
   </div>
   <div class='ocr_carea' id='block_1_95' title="bbox 232 2291 1019 2330">
    <p class='ocr_par' dir='ltr' id='par_1_95' title="bbox 232 2291 1019 2330">
     <span class='ocr_line' id='line_1_95' title="bbox 232 2291 1019 2330; baseline 0.008 -13"><span class='ocrx_word' id='word_1_733' title='bbox 232 2298 300 2318; x_wconf 78' lang='lat' dir='ltr'><strong>un.</strong></span> <span class='ocrx_word' id='word_1_734' title='bbox 319 2291 454 2320; x_wconf 76' lang='lat' dir='ltr'><strong>Palladius</strong></span> <span class='ocrx_word' id='word_1_735' title='bbox 475 2301 594 2328; x_wconf 84' lang='lat' dir='ltr'><strong>quoque,</strong></span> <span class='ocrx_word' id='word_1_736' title='bbox 610 2294 849 2329; x_wconf 84' lang='lat' dir='ltr'><strong>lielcnopolitanus</strong></span> <span class='ocrx_word' id='word_1_737' title='bbox 865 2296 1019 2330; x_wconf 80' lang='lat' dir='ltr'><strong>cpiscopus,</strong></span> 
     </span>
    </p>
   </div>
   <div class='ocr_carea' id='block_1_96' title="bbox 230 2337 1020 2374">
    <p class='ocr_par' dir='ltr' id='par_1_96' title="bbox 230 2337 1020 2374">
     <span class='ocr_line' id='line_1_96' title="bbox 230 2337 1020 2374; baseline 0.009 -11"><span class='ocrx_word' id='word_1_738' title='bbox 230 2344 313 2371; x_wconf 86' lang='lat' dir='ltr'><strong>quem</strong></span> <span class='ocrx_word' id='word_1_739' title='bbox 325 2337 451 2373; x_wconf 75' lang='lat' dir='ltr'><strong>Origenis</strong></span> <span class='ocrx_word' id='word_1_740' title='bbox 464 2339 607 2374; x_wconf 85' lang='lat' dir='ltr'><strong>disciplina</strong></span> <span class='ocrx_word' id='word_1_741' title='bbox 624 2340 755 2368; x_wconf 86' lang='lat' dir='ltr'><strong>imbutum</strong></span> <span class='ocrx_word' id='word_1_742' title='bbox 769 2340 852 2368; x_wconf 85' lang='lat' dir='ltr'><strong>fuisse</strong></span> <span class='ocrx_word' id='word_1_743' title='bbox 865 2346 981 2374; x_wconf 88' lang='lat' dir='ltr'><strong>cottstat,</strong></span> <span class='ocrx_word' id='word_1_744' title='bbox 994 2343 1020 2370; x_wconf 90' lang='lat' dir='ltr'><strong>itt</strong></span> 
     </span>
    </p>
   </div>
   <div class='ocr_carea' id='block_1_97' title="bbox 232 2383 1021 2419">
    <p class='ocr_par' dir='ltr' id='par_1_97' title="bbox 232 2383 1021 2419">
     <span class='ocr_line' id='line_1_97' title="bbox 232 2383 1021 2419; baseline 0.008 -9"><span class='ocrx_word' id='word_1_745' title='bbox 232 2384 285 2411; x_wconf 86' lang='lat' dir='ltr'><strong>hac</strong></span> <span class='ocrx_word' id='word_1_746' title='bbox 301 2383 436 2416; x_wconf 82' lang='grc' dir='ltr'><strong>ἀπαθείας</strong></span> <span class='ocrx_word' id='word_1_747' title='bbox 456 2385 551 2413; x_wconf 62' lang='lat' dir='ltr'><strong>heresi</strong></span> <span class='ocrx_word' id='word_1_748' title='bbox 578 2391 700 2414; x_wconf 79' lang='lat' dir='ltr'><strong>versatus</strong></span> <span class='ocrx_word' id='word_1_749' title='bbox 712 2391 770 2419; x_wconf 83' lang='lat' dir='ltr'><strong>est;</strong></span> <span class='ocrx_word' id='word_1_750' title='bbox 799 2394 862 2413; x_wconf 90' lang='lat' dir='ltr'><strong>nam</strong></span> <span class='ocrx_word' id='word_1_751' title='bbox 882 2392 949 2415; x_wconf 84' lang='lat' dir='ltr'><strong>sect.</strong></span> <span class='ocrx_word' id='word_1_752' title='bbox 973 2395 1021 2416; x_wconf 90' lang='lat' dir='ltr'><strong>vnt</strong></span> 
     </span>
    </p>
   </div>
   <div class='ocr_carea' id='block_1_98' title="bbox 233 2427 1021 2466">
    <p class='ocr_par' dir='ltr' id='par_1_98' title="bbox 233 2427 1021 2466">
     <span class='ocr_line' id='line_1_98' title="bbox 233 2427 1021 2466; baseline 0.006 -11"><span class='ocrx_word' id='word_1_753' title='bbox 233 2427 373 2455; x_wconf 70' lang='lat' dir='ltr'><strong>Lusium</strong></span> <span class='ocrx_word' id='word_1_754' title='bbox 386 2428 524 2460; x_wconf 67' lang='lat' dir='ltr'><strong>Historia.</strong></span> <span class='ocrx_word' id='word_1_755' title='bbox 538 2431 678 2459; x_wconf 84' lang='lat' dir='ltr'><strong>Ammonis</strong></span> <span class='ocrx_word' id='word_1_756' title='bbox 692 2431 830 2466; x_wconf 87' lang='lat' dir='ltr'><strong>ipsiusque</strong></span> <span class='ocrx_word' id='word_1_757' title='bbox 846 2433 939 2459; x_wconf 74' lang='lat' dir='ltr'><strong>uxoris</strong></span> <span class='ocrx_word' id='word_1_758' title='bbox 953 2434 1021 2460; x_wconf 89' lang='lat' dir='ltr'><strong>scri-</strong></span> 
     </span>
    </p>
   </div>
   <div class='ocr_carea' id='block_1_99' title="bbox 231 2475 1023 2513">
    <p class='ocr_par' dir='ltr' id='par_1_99' title="bbox 231 2475 1023 2513">
     <span class='ocr_line' id='line_1_99' title="bbox 231 2475 1023 2513; baseline 0.005 -11"><span class='ocrx_word' id='word_1_759' title='bbox 231 2475 299 2502; x_wconf 82' lang='lat' dir='ltr'><strong>bens</strong></span> <span class='ocrx_word' id='word_1_760' title='bbox 313 2475 407 2507; x_wconf 87' lang='lat' dir='ltr'><strong>vitam,</strong></span> <span class='ocrx_word' id='word_1_761' title='bbox 425 2475 464 2502; x_wconf 87' lang='lat' dir='ltr'><strong>sic</strong></span> <span class='ocrx_word' id='word_1_762' title='bbox 481 2475 539 2503; x_wconf 90' lang='lat' dir='ltr'><strong>ait:</strong></span> <span class='ocrx_word' id='word_1_763' title='bbox 554 2485 563 2502; x_wconf 85' lang='grc' dir='ltr'><strong>ι</strong></span> <span class='ocrx_word' id='word_1_764' title='bbox 582 2476 647 2504; x_wconf 90' lang='lat' dir='ltr'><strong>Cum</strong></span> <span class='ocrx_word' id='word_1_765' title='bbox 668 2478 726 2505; x_wconf 67' lang='lat' dir='ltr'><strong>lucc</strong></span> <span class='ocrx_word' id='word_1_766' title='bbox 740 2478 780 2505; x_wconf 89' lang='lat' dir='ltr'><strong>sic</strong></span> <span class='ocrx_word' id='word_1_767' title='bbox 795 2478 902 2509; x_wconf 85' lang='lat' dir='ltr'><strong>fierent.</strong></span> <span class='ocrx_word' id='word_1_768' title='bbox 918 2484 945 2506; x_wconf 93' lang='lat' dir='ltr'><strong>et</strong></span> <span class='ocrx_word' id='word_1_769' title='bbox 962 2487 1023 2513; x_wconf 86' lang='lat' dir='ltr'><strong>pcr-</strong></span> 
     </span>
    </p>
   </div>
   <div class='ocr_carea' id='block_1_100' title="bbox 230 2521 1022 2557">
    <p class='ocr_par' dir='ltr' id='par_1_100' title="bbox 230 2521 1022 2557">
     <span class='ocr_line' id='line_1_100' title="bbox 230 2521 1022 2557; baseline 0.003 -8"><span class='ocrx_word' id='word_1_770' title='bbox 230 2521 352 2549; x_wconf 78' lang='lat' dir='ltr'><strong>Vcnisset</strong></span> <span class='ocrx_word' id='word_1_771' title='bbox 375 2527 488 2556; x_wconf 73' lang='lat' dir='ltr'><strong>uterque</strong></span> <span class='ocrx_word' id='word_1_772' title='bbox 512 2522 545 2549; x_wconf 91' lang='lat' dir='ltr'><strong>ad</strong></span> <span class='ocrx_word' id='word_1_773' title='bbox 563 2522 802 2557; x_wconf 86' lang='lat' dir='ltr'><strong>impatibilitatem,</strong></span> <span class='ocrx_word' id='word_1_774' title='bbox 820 2526 874 2552; x_wconf 88' lang='lat' dir='ltr'><strong>vim</strong></span> <span class='ocrx_word' id='word_1_775' title='bbox 889 2530 916 2553; x_wconf 92' lang='lat' dir='ltr'><strong>et</strong></span> <span class='ocrx_word' id='word_1_776' title='bbox 932 2526 1022 2552; x_wconf 78' lang='lat' dir='ltr'><strong>ellica-</strong></span> 
     </span>
    </p>
   </div>
   <div class='ocr_carea' id='block_1_101' title="bbox 229 2567 1022 2604">
    <p class='ocr_par' dir='ltr' id='par_1_101' title="bbox 229 2567 1022 2604">
     <span class='ocr_line' id='line_1_101' title="bbox 229 2567 1022 2604; baseline 0.005 -9"><span class='ocrx_word' id='word_1_777' title='bbox 229 2567 301 2595; x_wconf 80' lang='lat' dir='ltr'><strong>ciam</strong></span> <span class='ocrx_word' id='word_1_778' title='bbox 331 2568 450 2596; x_wconf 85' lang='lat' dir='ltr'><strong>habuere</strong></span> <span class='ocrx_word' id='word_1_779' title='bbox 473 2576 570 2603; x_wconf 86' lang='lat' dir='ltr'><strong>preces</strong></span> <span class='ocrx_word' id='word_1_780' title='bbox 591 2571 747 2602; x_wconf 79' lang='lat' dir='ltr'><strong>Ammonis;</strong></span> <span class='ocrx_word' id='word_1_781' title='bbox 768 2580 778 2597; x_wconf 76' lang='grc' dir='ltr'><strong>ο</strong></span> <span class='ocrx_word' id='word_1_782' title='bbox 795 2576 823 2598; x_wconf 90' lang='lat' dir='ltr'><strong>et</strong></span> <span class='ocrx_word' id='word_1_783' title='bbox 842 2576 910 2599; x_wconf 88' lang='lat' dir='ltr'><strong>sect.</strong></span> <span class='ocrx_word' id='word_1_784' title='bbox 928 2571 971 2604; x_wconf 76' lang='lat' dir='ltr'><strong>t2,</strong></span> <span class='ocrx_word' id='word_1_785' title='bbox 989 2572 1022 2599; x_wconf 91' lang='lat' dir='ltr'><strong>de</strong></span> 
     </span>
    </p>
   </div>
   <div class='ocr_carea' id='block_1_102' title="bbox 230 2615 1022 2652">
    <p class='ocr_par' dir='ltr' id='par_1_102' title="bbox 230 2615 1022 2652">
     <span class='ocr_line' id='line_1_102' title="bbox 230 2615 1022 2652; baseline 0.004 -10"><span class='ocrx_word' id='word_1_786' title='bbox 230 2615 363 2643; x_wconf 83' lang='lat' dir='ltr'><strong>Amone</strong></span> <span class='ocrx_word' id='word_1_787' title='bbox 384 2622 478 2651; x_wconf 82' lang='lat' dir='ltr'><strong>agens,</strong></span> <span class='ocrx_word' id='word_1_788' title='bbox 508 2616 620 2652; x_wconf 73' lang='lat' dir='ltr'><strong>eiusque</strong></span> <span class='ocrx_word' id='word_1_789' title='bbox 650 2618 788 2645; x_wconf 86' lang='lat' dir='ltr'><strong>sororibus</strong></span> <span class='ocrx_word' id='word_1_790' title='bbox 816 2626 847 2646; x_wconf 91' lang='lat' dir='ltr'><strong>ac</strong></span> <span class='ocrx_word' id='word_1_791' title='bbox 879 2618 1022 2650; x_wconf 81' lang='lat' dir='ltr'><strong>fratribus,</strong></span> 
     </span>
    </p>
   </div>
   <div class='ocr_carea' id='block_1_103' title="bbox 231 2663 1021 2700">
    <p class='ocr_par' dir='ltr' id='par_1_103' title="bbox 231 2663 1021 2700">
     <span class='ocr_line' id='line_1_103' title="bbox 231 2663 1021 2700; baseline 0.005 -12"><span class='ocrx_word' id='word_1_792' title='bbox 231 2670 299 2697; x_wconf 86' lang='lat' dir='ltr'><strong>quos</strong></span> <span class='ocrx_word' id='word_1_793' title='bbox 321 2663 432 2692; x_wconf 87' lang='lat' dir='ltr'><strong>eosdem</strong></span> <span class='ocrx_word' id='word_1_794' title='bbox 449 2672 511 2692; x_wconf 87' lang='lat' dir='ltr'><strong>esse</strong></span> <span class='ocrx_word' id='word_1_795' title='bbox 534 2672 643 2696; x_wconf 83' lang='lat' dir='ltr'><strong>censeo.</strong></span> <span class='ocrx_word' id='word_1_796' title='bbox 670 2665 715 2700; x_wconf 89' lang='lat' dir='ltr'><strong>qui</strong></span> <span class='ocrx_word' id='word_1_797' title='bbox 736 2665 834 2693; x_wconf 81' lang='lat' dir='ltr'><strong>fratres</strong></span> <span class='ocrx_word' id='word_1_798' title='bbox 849 2665 932 2700; x_wconf 80' lang='lat' dir='ltr'><strong>Longi</strong></span> <span class='ocrx_word' id='word_1_799' title='bbox 957 2665 1021 2692; x_wconf 84' lang='lat' dir='ltr'><strong>dicti</strong></span> 
     </span>
    </p>
   </div>
   <div class='ocr_carea' id='block_1_104' title="bbox 231 2709 1022 2747">
    <p class='ocr_par' dir='ltr' id='par_1_104' title="bbox 231 2709 1022 2747">
     <span class='ocr_line' id='line_1_104' title="bbox 231 2709 1022 2747; baseline 0.004 -12"><span class='ocrx_word' id='word_1_800' title='bbox 231 2713 305 2742; x_wconf 80' lang='lat' dir='ltr'><strong>sunt,</strong></span> <span class='ocrx_word' id='word_1_801' title='bbox 333 2713 362 2736; x_wconf 88' lang='lat' dir='ltr'><strong>et</strong></span> <span class='ocrx_word' id='word_1_802' title='bbox 380 2717 394 2736; x_wconf 89' lang='lat' dir='ltr'><strong>a</strong></span> <span class='ocrx_word' id='word_1_803' title='bbox 409 2709 560 2745; x_wconf 89' lang='lat' dir='ltr'><strong>Thcophilo</strong></span> <span class='ocrx_word' id='word_1_804' title='bbox 579 2711 674 2743; x_wconf 81' lang='lat' dir='ltr'><strong>Nitria.</strong></span> <span class='ocrx_word' id='word_1_805' title='bbox 692 2716 719 2739; x_wconf 90' lang='lat' dir='ltr'><strong>ct</strong></span> <span class='ocrx_word' id='word_1_806' title='bbox 732 2711 849 2747; x_wconf 57' lang='lat' dir='ltr'><strong>[Egypto</strong></span> <span class='ocrx_word' id='word_1_807' title='bbox 867 2711 972 2746; x_wconf 85' lang='lat' dir='ltr'><strong>expulsi</strong></span> <span class='ocrx_word' id='word_1_808' title='bbox 988 2711 1022 2738; x_wconf 89' lang='lat' dir='ltr'><strong>ad</strong></span> 
     </span>
    </p>
   </div>
   <div class='ocr_carea' id='block_1_105' title="bbox 231 2753 1021 2794">
    <p class='ocr_par' dir='ltr' id='par_1_105' title="bbox 231 2753 1021 2794">
     <span class='ocr_line' id='line_1_105' title="bbox 231 2753 1021 2794; baseline 0.003 -12"><span class='ocrx_word' id='word_1_809' title='bbox 231 2753 363 2783; x_wconf 66' lang='lat' dir='ltr'><strong>Joannem</strong></span> <span class='ocrx_word' id='word_1_810' title='bbox 377 2755 600 2792; x_wconf 82' lang='lat' dir='ltr'><strong>Chrysostontum</strong></span> <span class='ocrx_word' id='word_1_811' title='bbox 611 2757 791 2794; x_wconf 85' lang='lat' dir='ltr'><strong>confugerunt</strong></span> <span class='ocrx_word' id='word_1_812' title='bbox 807 2758 858 2786; x_wconf 87' lang='lat' dir='ltr'><strong>:de</strong></span> <span class='ocrx_word' id='word_1_813' title='bbox 878 2758 1021 2790; x_wconf 82' lang='lat' dir='ltr'><strong>Ammone,</strong></span> 
     </span>
    </p>
   </div>
   <div class='ocr_carea' id='block_1_106' title="bbox 243 2847 817 2882">
    <p class='ocr_par' dir='ltr' id='par_1_106' title="bbox 243 2847 817 2882">
     <span class='ocr_line' id='line_1_106' title="bbox 243 2847 817 2882; baseline 0.007 -9"><span class='ocrx_word' id='word_1_814' title='bbox 243 2866 246 2868; x_wconf 87' lang='grc'><strong>-</strong></span> <span class='ocrx_word' id='word_1_815' title='bbox 271 2847 294 2864; x_wconf 81' lang='grc'><strong><em>⁸⁸</em></strong></span> <span class='ocrx_word' id='word_1_816' title='bbox 309 2847 380 2876; x_wconf 78' lang='lat' dir='ltr'><strong>l&#39;sal.</strong></span> <span class='ocrx_word' id='word_1_817' title='bbox 393 2855 438 2882; x_wconf 67' lang='lat' dir='ltr'><strong>at,</strong></span> <span class='ocrx_word' id='word_1_818' title='bbox 450 2849 475 2876; x_wconf 89' lang='lat' dir='ltr'><strong>&#39;l.</strong></span> <span class='ocrx_word' id='word_1_819' title='bbox 514 2851 536 2866; x_wconf 77' lang='lat'>&quot;</span> <span class='ocrx_word' id='word_1_820' title='bbox 563 2850 632 2878; x_wconf 72' lang='lat' dir='ltr'><strong>l&#39;sat.</strong></span> <span class='ocrx_word' id='word_1_821' title='bbox 647 2857 742 2882; x_wconf 70' lang='lat' dir='ltr'><strong>cum,</strong></span> <span class='ocrx_word' id='word_1_822' title='bbox 757 2850 817 2877; x_wconf 76' lang='grc' dir='ltr'><strong>ιω.</strong></span> 
     </span>
    </p>
   </div>
   <div class='ocr_carea' id='block_1_107' title="bbox 892 2850 1093 2884">
    <p class='ocr_par' dir='ltr' id='par_1_107' title="bbox 892 2850 1093 2884">
     <span class='ocr_line' id='line_1_107' title="bbox 892 2850 1093 2884; baseline 0 -7"><span class='ocrx_word' id='word_1_823' title='bbox 892 2850 971 2877; x_wconf 72' lang='lat' dir='ltr'><strong>dom.</strong></span> <span class='ocrx_word' id='word_1_824' title='bbox 984 2851 1093 2884; x_wconf 76' lang='lat' dir='ltr'><strong>vnt,35.</strong></span> 
     </span>
    </p>
   </div>
   <div class='ocr_carea' id='block_1_108' title="bbox 1074 2291 1864 2325">
    <p class='ocr_par' dir='ltr' id='par_1_108' title="bbox 1074 2291 1864 2325">
     <span class='ocr_line' id='line_1_108' title="bbox 1074 2291 1864 2325; baseline -0.001 -8"><span class='ocrx_word' id='word_1_825' title='bbox 1074 2295 1239 2323; x_wconf 88' lang='lat' dir='ltr'><strong>meruerunt,</strong></span> <span class='ocrx_word' id='word_1_826' title='bbox 1256 2292 1488 2318; x_wconf 83' lang='lat' dir='ltr'><strong>conversationem</strong></span> <span class='ocrx_word' id='word_1_827' title='bbox 1506 2299 1557 2318; x_wconf 90' lang='lat' dir='ltr'><strong>non</strong></span> <span class='ocrx_word' id='word_1_828' title='bbox 1568 2292 1623 2325; x_wconf 86' lang='lat' dir='ltr'><strong>jam</strong></span> <span class='ocrx_word' id='word_1_829' title='bbox 1638 2291 1663 2318; x_wconf 93' lang='lat' dir='ltr'><strong>itt</strong></span> <span class='ocrx_word' id='word_1_830' title='bbox 1684 2292 1735 2318; x_wconf 86' lang='lat' dir='ltr'><strong>hoc</strong></span> <span class='ocrx_word' id='word_1_831' title='bbox 1754 2291 1864 2322; x_wconf 89' lang='lat' dir='ltr'><strong>mundo,</strong></span> 
     </span>
    </p>
   </div>
   <div class='ocr_carea' id='block_1_109' title="bbox 1071 2336 1864 2371">
    <p class='ocr_par' dir='ltr' id='par_1_109' title="bbox 1071 2336 1864 2371">
     <span class='ocr_line' id='line_1_109' title="bbox 1071 2336 1864 2371; baseline 0.003 -8"><span class='ocrx_word' id='word_1_832' title='bbox 1071 2336 1118 2364; x_wconf 82' lang='lat' dir='ltr'><strong>sed</strong></span> <span class='ocrx_word' id='word_1_833' title='bbox 1131 2337 1156 2363; x_wconf 90' lang='lat' dir='ltr'><strong>itt</strong></span> <span class='ocrx_word' id='word_1_834' title='bbox 1172 2336 1249 2364; x_wconf 63' lang='lat' dir='ltr'><strong>caelis</strong></span> <span class='ocrx_word' id='word_1_835' title='bbox 1262 2336 1401 2364; x_wconf 86' lang='lat' dir='ltr'><strong>habentes.</strong></span> <span class='ocrx_word' id='word_1_836' title='bbox 1418 2347 1427 2364; x_wconf 83' lang='lat' dir='ltr'><strong>t</strong></span> <span class='ocrx_word' id='word_1_837' title='bbox 1441 2337 1507 2365; x_wconf 88' lang='lat' dir='ltr'><strong>ltetn</strong></span> <span class='ocrx_word' id='word_1_838' title='bbox 1521 2338 1580 2364; x_wconf 87' lang='lat' dir='ltr'><strong>libri</strong></span> <span class='ocrx_word' id='word_1_839' title='bbox 1595 2337 1715 2371; x_wconf 84' lang='lat' dir='ltr'><strong>ejusdem</strong></span> <span class='ocrx_word' id='word_1_840' title='bbox 1729 2346 1807 2364; x_wconf 87' lang='lat' dir='ltr'><strong>num.</strong></span> <span class='ocrx_word' id='word_1_841' title='bbox 1822 2338 1864 2370; x_wconf 79' lang='grc'><strong>10,</strong></span> 
     </span>
    </p>
   </div>
   <div class='ocr_carea' id='block_1_110' title="bbox 1071 2382 1863 2418">
    <p class='ocr_par' dir='ltr' id='par_1_110' title="bbox 1071 2382 1863 2418">
     <span class='ocr_line' id='line_1_110' title="bbox 1071 2382 1863 2418; baseline 0 -8"><span class='ocrx_word' id='word_1_842' title='bbox 1071 2382 1122 2410; x_wconf 77' lang='lat' dir='ltr'><strong>sub</strong></span> <span class='ocrx_word' id='word_1_843' title='bbox 1141 2383 1233 2415; x_wconf 86' lang='lat' dir='ltr'><strong>liuent,</strong></span> <span class='ocrx_word' id='word_1_844' title='bbox 1250 2390 1313 2418; x_wconf 82' lang='lat' dir='ltr'><strong>pag.</strong></span> <span class='ocrx_word' id='word_1_845' title='bbox 1333 2383 1395 2413; x_wconf 82' lang='lat'><strong>568.</strong></span> <span class='ocrx_word' id='word_1_846' title='bbox 1415 2383 1472 2410; x_wconf 61' lang='lat' dir='ltr'><strong>haec</strong></span> <span class='ocrx_word' id='word_1_847' title='bbox 1488 2384 1622 2410; x_wconf 83' lang='lat' dir='ltr'><strong>habentur</strong></span> <span class='ocrx_word' id='word_1_848' title='bbox 1640 2391 1648 2410; x_wconf 89' lang='lat'><strong>:</strong></span> <span class='ocrx_word' id='word_1_849' title='bbox 1669 2393 1678 2409; x_wconf 81' lang='grc' dir='ltr'><strong>ι</strong></span> <span class='ocrx_word' id='word_1_850' title='bbox 1701 2384 1730 2410; x_wconf 87' lang='lat' dir='ltr'><strong>Si</strong></span> <span class='ocrx_word' id='word_1_851' title='bbox 1745 2385 1821 2410; x_wconf 89' lang='lat' dir='ltr'><strong>enim</strong></span> <span class='ocrx_word' id='word_1_852' title='bbox 1839 2384 1863 2411; x_wconf 91' lang='lat' dir='ltr'><strong>in</strong></span> 
     </span>
    </p>
   </div>
   <div class='ocr_carea' id='block_1_111' title="bbox 1073 2431 1864 2465">
    <p class='ocr_par' dir='ltr' id='par_1_111' title="bbox 1073 2431 1864 2465">
     <span class='ocr_line' id='line_1_111' title="bbox 1073 2431 1864 2465; baseline 0 -6"><span class='ocrx_word' id='word_1_853' title='bbox 1073 2431 1100 2459; x_wconf 89' lang='lat' dir='ltr'><strong>id</strong></span> <span class='ocrx_word' id='word_1_854' title='bbox 1113 2432 1202 2458; x_wconf 84' lang='lat' dir='ltr'><strong>anima</strong></span> <span class='ocrx_word' id='word_1_855' title='bbox 1222 2431 1398 2465; x_wconf 83' lang='lat' dir='ltr'><strong>perfectionis</strong></span> <span class='ocrx_word' id='word_1_856' title='bbox 1419 2431 1582 2463; x_wconf 88' lang='lat' dir='ltr'><strong>ascenderit,</strong></span> <span class='ocrx_word' id='word_1_857' title='bbox 1603 2435 1632 2458; x_wconf 88' lang='grc' dir='ltr'><strong>ιιι</strong></span> <span class='ocrx_word' id='word_1_858' title='bbox 1646 2438 1679 2458; x_wconf 80' lang='lat' dir='ltr'><strong>ex</strong></span> <span class='ocrx_word' id='word_1_859' title='bbox 1707 2436 1766 2457; x_wconf 91' lang='lat' dir='ltr'><strong>loto</strong></span> <span class='ocrx_word' id='word_1_860' title='bbox 1785 2432 1864 2459; x_wconf 82' lang='lat' dir='ltr'><strong>corde</strong></span> 
     </span>
    </p>
   </div>
   <div class='ocr_carea' id='block_1_112' title="bbox 1075 2475 1864 2508">
    <p class='ocr_par' dir='ltr' id='par_1_112' title="bbox 1075 2475 1864 2508">
     <span class='ocr_line' id='line_1_112' title="bbox 1075 2475 1864 2508; baseline 0.001 -5"><span class='ocrx_word' id='word_1_861' title='bbox 1075 2484 1135 2506; x_wconf 85' lang='lat' dir='ltr'><strong>suo,</strong></span> <span class='ocrx_word' id='word_1_862' title='bbox 1153 2481 1180 2503; x_wconf 85' lang='lat' dir='ltr'><strong>et</strong></span> <span class='ocrx_word' id='word_1_863' title='bbox 1203 2484 1235 2502; x_wconf 86' lang='lat' dir='ltr'><strong>ex</strong></span> <span class='ocrx_word' id='word_1_864' title='bbox 1260 2480 1314 2503; x_wconf 90' lang='lat' dir='ltr'><strong>tota</strong></span> <span class='ocrx_word' id='word_1_865' title='bbox 1330 2475 1419 2503; x_wconf 91' lang='lat' dir='ltr'><strong>anitna</strong></span> <span class='ocrx_word' id='word_1_866' title='bbox 1436 2483 1497 2508; x_wconf 85' lang='lat' dir='ltr'><strong>sua,</strong></span> <span class='ocrx_word' id='word_1_867' title='bbox 1517 2481 1544 2503; x_wconf 90' lang='lat' dir='ltr'><strong>et</strong></span> <span class='ocrx_word' id='word_1_868' title='bbox 1558 2483 1589 2504; x_wconf 82' lang='lat' dir='ltr'><strong>ex</strong></span> <span class='ocrx_word' id='word_1_869' title='bbox 1604 2476 1667 2503; x_wconf 88' lang='lat' dir='ltr'><strong>totis</strong></span> <span class='ocrx_word' id='word_1_870' title='bbox 1689 2476 1796 2504; x_wconf 86' lang='lat' dir='ltr'><strong>viribus</strong></span> <span class='ocrx_word' id='word_1_871' title='bbox 1811 2477 1864 2504; x_wconf 91' lang='lat' dir='ltr'><strong>suis</strong></span> 
     </span>
    </p>
   </div>
   <div class='ocr_carea' id='block_1_113' title="bbox 1075 2522 1864 2557">
    <p class='ocr_par' dir='ltr' id='par_1_113' title="bbox 1075 2522 1864 2557">
     <span class='ocr_line' id='line_1_113' title="bbox 1075 2522 1864 2557; baseline 0.003 -9"><span class='ocrx_word' id='word_1_872' title='bbox 1075 2522 1168 2557; x_wconf 80' lang='lat' dir='ltr'><strong>diligat</strong></span> <span class='ocrx_word' id='word_1_873' title='bbox 1184 2522 1278 2554; x_wconf 85' lang='lat' dir='ltr'><strong>Deum,</strong></span> <span class='ocrx_word' id='word_1_874' title='bbox 1293 2527 1321 2550; x_wconf 88' lang='lat' dir='ltr'><strong>et</strong></span> <span class='ocrx_word' id='word_1_875' title='bbox 1335 2523 1487 2557; x_wconf 78' lang='lat' dir='ltr'><strong>proximum</strong></span> <span class='ocrx_word' id='word_1_876' title='bbox 1500 2530 1577 2550; x_wconf 89' lang='lat' dir='ltr'><strong>suum</strong></span> <span class='ocrx_word' id='word_1_877' title='bbox 1590 2528 1719 2556; x_wconf 87' lang='lat' dir='ltr'><strong>tanquam</strong></span> <span class='ocrx_word' id='word_1_878' title='bbox 1734 2523 1864 2557; x_wconf 82' lang='lat' dir='ltr'><strong>seipsum,</strong></span> 
     </span>
    </p>
   </div>
   <div class='ocr_carea' id='block_1_114' title="bbox 1077 2567 1865 2602">
    <p class='ocr_par' dir='ltr' id='par_1_114' title="bbox 1077 2567 1865 2602">
     <span class='ocr_line' id='line_1_114' title="bbox 1077 2567 1865 2602; baseline 0.003 -8"><span class='ocrx_word' id='word_1_879' title='bbox 1077 2567 1121 2594; x_wconf 90' lang='lat' dir='ltr'><strong>ubi</strong></span> <span class='ocrx_word' id='word_1_880' title='bbox 1136 2567 1188 2594; x_wconf 89' lang='lat' dir='ltr'><strong>erit</strong></span> <span class='ocrx_word' id='word_1_881' title='bbox 1202 2567 1306 2602; x_wconf 87' lang='lat' dir='ltr'><strong>peccati</strong></span> <span class='ocrx_word' id='word_1_882' title='bbox 1327 2567 1424 2595; x_wconf 72' lang='lat' dir='ltr'><strong>locus!</strong></span> <span class='ocrx_word' id='word_1_883' title='bbox 1439 2577 1449 2593; x_wconf 76' lang='grc' dir='ltr'><strong>ι</strong></span> <span class='ocrx_word' id='word_1_884' title='bbox 1463 2573 1544 2602; x_wconf 87' lang='lat' dir='ltr'><strong>atque</strong></span> <span class='ocrx_word' id='word_1_885' title='bbox 1556 2568 1626 2594; x_wconf 88' lang='lat' dir='ltr'><strong>hunc</strong></span> <span class='ocrx_word' id='word_1_886' title='bbox 1639 2568 1678 2594; x_wconf 89' lang='lat' dir='ltr'><strong>ait</strong></span> <span class='ocrx_word' id='word_1_887' title='bbox 1690 2567 1865 2602; x_wconf 72' lang='lat' dir='ltr'><strong>perfectionil</strong></span> 
     </span>
    </p>
   </div>
   <div class='ocr_carea' id='block_1_115' title="bbox 1075 2613 1863 2649">
    <p class='ocr_par' dir='ltr' id='par_1_115' title="bbox 1075 2613 1863 2649">
     <span class='ocr_line' id='line_1_115' title="bbox 1075 2613 1863 2649; baseline 0.001 -9"><span class='ocrx_word' id='word_1_888' title='bbox 1075 2616 1188 2648; x_wconf 82' lang='lat' dir='ltr'><strong>gradum</strong></span> <span class='ocrx_word' id='word_1_889' title='bbox 1205 2619 1360 2641; x_wconf 83' lang='lat' dir='ltr'><strong>assecutum</strong></span> <span class='ocrx_word' id='word_1_890' title='bbox 1372 2613 1454 2642; x_wconf 82' lang='lat' dir='ltr'><strong>fuisse</strong></span> <span class='ocrx_word' id='word_1_891' title='bbox 1467 2615 1636 2649; x_wconf 80' lang='lat' dir='ltr'><strong>Apostolum,</strong></span> <span class='ocrx_word' id='word_1_892' title='bbox 1659 2621 1722 2641; x_wconf 88' lang='lat' dir='ltr'><strong>cum</strong></span> <span class='ocrx_word' id='word_1_893' title='bbox 1735 2616 1843 2642; x_wconf 84' lang='lat' dir='ltr'><strong>dicebat</strong></span> <span class='ocrx_word' id='word_1_894' title='bbox 1856 2624 1863 2641; x_wconf 90' lang='lat'><strong><em>:</em></strong></span> 
     </span>
    </p>
   </div>
   <div class='ocr_carea' id='block_1_116' title="bbox 1077 2659 1863 2694">
    <p class='ocr_par' dir='ltr' id='par_1_116' title="bbox 1077 2659 1863 2694">
     <span class='ocr_line' id='line_1_116' title="bbox 1077 2659 1863 2694; baseline 0.001 -9"><span class='ocrx_word' id='word_1_895' title='bbox 1077 2668 1087 2684; x_wconf 86' lang='grc'><strong><em>‹</em></strong></span> <span class='ocrx_word' id='word_1_896' title='bbox 1103 2659 1171 2692; x_wconf 87' lang='lat' dir='ltr'><strong>Quis</strong></span> <span class='ocrx_word' id='word_1_897' title='bbox 1189 2667 1239 2686; x_wconf 87' lang='lat' dir='ltr'><strong>nos</strong></span> <span class='ocrx_word' id='word_1_898' title='bbox 1258 2659 1394 2693; x_wconf 84' lang='lat' dir='ltr'><strong>separabit</strong></span> <span class='ocrx_word' id='word_1_899' title='bbox 1417 2667 1431 2686; x_wconf 89' lang='lat' dir='ltr'><strong>a</strong></span> <span class='ocrx_word' id='word_1_900' title='bbox 1452 2660 1585 2687; x_wconf 89' lang='lat' dir='ltr'><strong>charitate</strong></span> <span class='ocrx_word' id='word_1_901' title='bbox 1608 2660 1665 2692; x_wconf 85' lang='lat' dir='ltr'><strong>Dei,</strong></span> <span class='ocrx_word' id='word_1_902' title='bbox 1688 2668 1752 2694; x_wconf 63' lang='lat' dir='ltr'><strong>qua;</strong></span> <span class='ocrx_word' id='word_1_903' title='bbox 1780 2665 1821 2688; x_wconf 88' lang='lat' dir='ltr'><strong>est</strong></span> <span class='ocrx_word' id='word_1_904' title='bbox 1840 2660 1863 2686; x_wconf 88' lang='lat' dir='ltr'><strong>in</strong></span> 
     </span>
    </p>
   </div>
   <div class='ocr_carea' id='block_1_117' title="bbox 1073 2705 1862 2741">
    <p class='ocr_par' dir='ltr' id='par_1_117' title="bbox 1073 2705 1862 2741">
     <span class='ocr_line' id='line_1_117' title="bbox 1073 2705 1862 2741; baseline -0.001 -7"><span class='ocrx_word' id='word_1_905' title='bbox 1073 2706 1182 2734; x_wconf 89' lang='lat' dir='ltr'><strong>Christo</strong></span> <span class='ocrx_word' id='word_1_906' title='bbox 1205 2705 1316 2734; x_wconf 67' lang='lat' dir='ltr'><strong>Iesu“?</strong></span> <span class='ocrx_word' id='word_1_907' title='bbox 1332 2717 1341 2734; x_wconf 73' lang='grc' dir='ltr'><strong>ι</strong></span> <span class='ocrx_word' id='word_1_908' title='bbox 1369 2712 1425 2734; x_wconf 87' lang='grc' dir='ltr'>ιιιιιι</span> <span class='ocrx_word' id='word_1_909' title='bbox 1447 2707 1616 2734; x_wconf 86' lang='lat' dir='ltr'><strong>subnectitur</strong></span> <span class='ocrx_word' id='word_1_910' title='bbox 1638 2716 1645 2734; x_wconf 91' lang='lat'><strong>:</strong></span> <span class='ocrx_word' id='word_1_911' title='bbox 1668 2716 1678 2733; x_wconf 79' lang='grc' dir='ltr'><strong>ι</strong></span> <span class='ocrx_word' id='word_1_912' title='bbox 1700 2707 1741 2734; x_wconf 80' lang='lat' dir='ltr'><strong>Ex</strong></span> <span class='ocrx_word' id='word_1_913' title='bbox 1771 2707 1862 2741; x_wconf 84' lang='lat' dir='ltr'><strong>quibus</strong></span> 
     </span>
    </p>
   </div>
   <div class='ocr_carea' id='block_1_118' title="bbox 1074 2751 1861 2786">
    <p class='ocr_par' dir='ltr' id='par_1_118' title="bbox 1074 2751 1861 2786">
     <span class='ocr_line' id='line_1_118' title="bbox 1074 2751 1861 2786; baseline -0.003 -6"><span class='ocrx_word' id='word_1_914' title='bbox 1074 2753 1199 2780; x_wconf 90' lang='lat' dir='ltr'><strong>omnibus</strong></span> <span class='ocrx_word' id='word_1_915' title='bbox 1217 2753 1357 2780; x_wconf 77' lang='lat' dir='ltr'><strong>evidenter</strong></span> <span class='ocrx_word' id='word_1_916' title='bbox 1378 2752 1540 2783; x_wconf 79' lang='lat' dir='ltr'><strong>ostenditur,</strong></span> <span class='ocrx_word' id='word_1_917' title='bbox 1563 2752 1626 2786; x_wconf 87' lang='lat' dir='ltr'><strong>quia</strong></span> <span class='ocrx_word' id='word_1_918' title='bbox 1651 2751 1674 2779; x_wconf 82' lang='lat' dir='ltr'><strong>si</strong></span> <span class='ocrx_word' id='word_1_919' title='bbox 1694 2752 1754 2780; x_wconf 68' lang='lat' dir='ltr'><strong>lucc</strong></span> <span class='ocrx_word' id='word_1_920' title='bbox 1765 2751 1861 2784; x_wconf 76' lang='lat' dir='ltr'><strong>omnia.</strong></span> 
     </span>
    </p>
   </div>
   <div class='ocr_carea' id='block_1_119' title="bbox 1133 2844 1650 2881">
    <p class='ocr_par' dir='ltr' id='par_1_119' title="bbox 1133 2844 1650 2881">
     <span class='ocr_line' id='line_1_119' title="bbox 1133 2844 1650 2881; baseline -0.01 -5"><span class='ocrx_word' id='word_1_921' title='bbox 1133 2851 1156 2863; x_wconf 74' lang='lat'><strong>&quot;‘</strong></span> <span class='ocrx_word' id='word_1_922' title='bbox 1169 2851 1247 2876; x_wconf 81' lang='lat' dir='ltr'><strong>Joun.</strong></span> <span class='ocrx_word' id='word_1_923' title='bbox 1261 2856 1305 2881; x_wconf 71' lang='lat' dir='ltr'><strong>xv,</strong></span> <span class='ocrx_word' id='word_1_924' title='bbox 1323 2849 1366 2875; x_wconf 81' lang='lat' dir='ltr'><strong>l9.</strong></span> <span class='ocrx_word' id='word_1_925' title='bbox 1404 2848 1425 2862; x_wconf 77' lang='lat'><strong>&#39;”</strong></span> <span class='ocrx_word' id='word_1_926' title='bbox 1439 2853 1516 2874; x_wconf 82' lang='lat' dir='ltr'><strong>hom.</strong></span> <span class='ocrx_word' id='word_1_927' title='bbox 1534 2853 1592 2877; x_wconf 83' lang='lat' dir='ltr'><strong>vnt,</strong></span> <span class='ocrx_word' id='word_1_928' title='bbox 1605 2844 1650 2872; x_wconf 73' lang='lat'><strong>35.</strong></span> 
     </span>
    </p>
   </div>
  </div>
