1912 3079
53 117 108 160 957

449 119 738 149 οιιιοΕΝιΑΝοιιυιί
757 119 823 148 LIB.
843 119 875 153 ΙΙ,
896 120 973 149 CAP.
993 121 1027 156 ll,
1047 121 1185 156 QUA'IST.
1207 123 1261 152 V’ll.

1626 129 1679 157 958

52 186 116 214 qua:
140 179 313 206 ennmeravit
332 179 483 214 Apostolus,
506 189 633 215 separare
654 189 703 210 nos
718 190 769 209 non
785 190 837 217 pos

897 182 956 209 θεία
980 184 1114 220 ὲπισκσπὴ
1141 185 1187 212 ἐπὶ
1205 186 1240 212 τὰ
1264 186 1377 214 τοιαῦτα
1401 188 1482 215 αὑτὸν
1502 189 1592 223 ἆγειψ
1610 190 1681 225 λέγω

52 229 119 252 sunt
133 232 147 251 τι
168 225 305 252 charitate
323 225 379 259 Dei,
391 234 453 253 cum
470 227 496 253 in
512 226 575 253 illtul
587 227 647 261 quis
660 227 767 254 culmen
785 235 846 262 per-

52 271 181 298 fectionis
208 271 373 303 ascenderit,
399 272 483 299 multo
504 272 590 307 magis
605 273 717 300 libertas
738 271 844 300 arbitrii

50 324 105 344 nos
126 318 161 344 ab
175 317 235 352 ejus
254 317 390 344 charitate
407 325 534 352 separare
557 326 609 345 tton
632 319 744 353 poterit.
763 329 772 344 I
794 318 845 346 Ve-

52 371 116 389 rum
138 363 196 390 haec
217 364 251 391 ab
269 365 418 398 interprete
435 364 542 395 Ruﬁno.
564 372 644 398 quem
665 373 679 391 ιι
700 363 845 400 Pelagiauo

49 406 194 435 fermento
209 409 259 436 sibi
278 410 345 436 satis
363 417 415 435 non
427 409 532 436 cavisse
552 417 631 436 nemo
644 412 741 443 nescit,
756 410 845 445 inqui-

50 457 118 479 nata
133 452 220 480 fuisse
233 461 378 488 possumus
393 453 536 489 suspicari.
553 454 786 487 Quemadmodum
797 464 844 482 au-

49 504 110 527 tem
126 499 286 534 reprehensi
299 500 332 526 ab
345 499 508 536 Hieronymo
519 501 622 528 erroris
637 500 779 534 Origenem
792 501 842 529 loci

47 546 77 572 hi
102 554 159 574 non
184 547 251 574 satis
277 546 379 581 liquido
403 552 563 582 coarguunt,
593 548 630 574 ita
659 555 744 581 neque
777 548 844 575 satis

47 599 151 626 purgat
169 592 213 620 ille
223 593 266 626 qui
282 598 372 620 (:Xslat
384 597 449 621 tom.
466 601 513 619 χιιι
540 592 566 619 iii
579 591 686 624 Mallia,
702 601 775 620 unm.
790 593 842 620 23:

53 637 231 665 Ἀνένδεκτον
256 637 309 674 γὰρ
335 639 409 665 ἐστιν
433 639 575 675 ἄνθρωπον
593 639 735 675 εὑρεθῆναι
755 637 843 674 πάντη

46 684 257 720 ἀναμάρτητον,
283 686 331 711 καὶ
346 686 430 721 χωρὶς
449 686 585 721 ἁμαρτιας
607 684 771 720 ἀνειληφότα
794 685 844 721 τὴν

45 731 169 765 ἀρετήν·
189 739 275 766 neque
291 733 457 759 sanctiot'um
477 733 521 758 illa
540 733 756 767 patriarcharum
777 739 843 758 enn-

47 776 183 805 tueratio.
199 783 259 810 quae
278 781 319 803 est
340 776 385 802 lib.
403 784 417 802 v
432 777 457 803 in
474 775 558 810 Epist.
570 777 604 802 ud
623 776 710 809 liont.,
725 784 799 803 nqu.
815 776 841 809 Ι,

47 828 113 856 pag.
124 821 188 852 547,
199 829 313 855 quorum
327 823 463 849 nemiuem
476 827 585 856 peccato
597 823 741 849 immunem
757 822 841 849 vixis-

47 875 78 893 se
100 867 214 901 probat;
229 868 284 902 (cui
300 867 494 894 enumeratioui
517 868 679 894 contrariam
699 875 713 894 a
734 867 841 902 Pelagio

48 912 220 943 institutam,
237 920 332 940 eorum
346 913 458 945 scilicet,
478 921 488 938 ι
505 913 548 947 qui
563 921 614 939 non
627 911 705 939 modo
718 920 769 939 non
782 920 842 947 pec-

45 965 140 988 casse,
159 959 207 984 sed
221 958 302 984 etiam
315 957 387 992 jusle
399 957 500 985 vixisse
517 958 679 990 referuntur,
704 967 713 984 t
730 957 841 984 exhibet.

46 1004 221 1038 Augustinus
241 1003 267 1030 in
284 1003 331 1030 lib.
349 1003 386 1030 De
400 1010 494 1030 natura
511 1009 534 1031 et
551 1005 648 1039 gratia,
672 1012 733 1038 cap.
748 1004 794 1036 55,
809 1004 842 1031 de

45 1056 101 1083 qua
124 1049 229 1076 consuli
253 1049 332 1075 velim
355 1048 454 1083 Pelagii
473 1049 556 1083 ipsius
571 1049 710 1083 epistolam
736 1049 767 1076 ad
791 1049 841 1076 De-

45 1095 223 1125 tnetrimlem.
237 1099 263 1120 et
281 1094 435 1129 llicmuyuti
455 1094 552 1121 libruut
568 1103 574 1121 I
590 1095 648 1122 adu.
667 1095 838 1131 Pelagium);

46 1140 133 1166 vitam
151 1140 222 1166 enim
241 1140 275 1166 ab
290 1140 444 1167 hominibus
458 1141 586 1174 perfectis
600 1147 687 1168 actam
705 1141 841 1176 intelligit,

45 1188 195 1219 antequam
214 1185 248 1211 ad
263 1193 396 1212 summam
410 1185 601 1220 perfectionem
619 1187 793 1220 erepsissent.
812 1187 840 1214 ιιι

45 1229 196 1256 confirmat
218 1230 287 1256 alter
315 1230 359 1257 ille
390 1231 463 1258 locus
486 1239 501 1258 e
527 1237 590 1258 tom.
610 1240 684 1258 χχχιι
700 1234 726 1258 iu
746 1231 840 1266 latim,

47 1283 126 1302 unm.
141 1275 184 1305 1‘2.
200 1283 260 1310 pag.
277 1276 330 1303 456
345 1286 352 1303 :
377 1277 545 1312 Ἐμέμνηντο
557 1278 620 1314 γὰρ,
634 1276 720 1314 οἶμαι,
736 1278 840 1314 ἄνθρω-

45 1330 95 1348 ποι
112 1322 189 1354 ὄντες
203 1323 244 1349 ὅτι
259 1324 362 1359 τρεπτή
375 1324 448 1350 ἐστιν
461 1326 477 1360 ἡ
492 1325 649 1361 πρθαίρεσις
661 1325 715 1352 τῶν
727 1326 766 1352 ἔτι
778 1335 842 1362 προ-

44 1369 217 1400 κοπτόντων,
242 1370 289 1395 xui.
312 1369 489 1406 ὲπιδεχομένη
513 1371 547 1397 τὰ
567 1371 674 1398 ἐναντία
697 1372 782 1399 θέλειν
800 1371 841 1405 οἷς

44 1414 184 1449 πρότερον
201 1414 339 1450 προέθετο.
371 1416 522 1443 Mutabilevn
538 1425 598 1444 esse
625 1419 663 1445 ait
685 1427 776 1445 eorum
794 1427 840 1446 vo-

44 1461 186 1487 luntatem
201 1461 246 1494 qui
263 1462 414 1495 proﬁciunt,
432 1470 483 1489 non
501 1463 544 1497 qui
563 1464 671 1497 perfecti
685 1469 758 1492 sunt.

85 1506 122 1533 At
139 1507 182 1533 vix
203 1507 284 1534 ullam
306 1508 424 1534 admittit
439 1509 655 1541 excusationem,
671 1510 742 1543 quod
758 1509 792 1537 ab
806 1518 838 1537 eo

43 1554 181 1587 scriptum
202 1558 243 1580 est
262 1558 326 1580 tum.
346 1562 382 1580 xu
409 1554 437 1581 iu
457 1553 552 1581 Matth.
569 1563 644 1582 num.
659 1556 705 1588 25,
725 1557 768 1583 ubi
787 1556 838 1585 hoc

43 1599 151 1626 Christi
173 1601 206 1624 ad
225 1599 332 1626 l‘etrnm
351 1607 490 1634 exponens
514 1609 521 1627 :
552 1610 561 1625 ι
587 1600 747 1628 Scandalum
773 1603 836 1629 mihi

42 1644 121 1675 1‘s",
141 1653 151 1669 ι
170 1644 268 1678 qua-.rit
283 1645 418 1678 quomodo
434 1649 507 1671 stare
520 1645 583 1672 illud
603 1647 687 1680 possit
705 1654 766 1673 cttttt
786 1646 838 1674 isto

44 1691 193 1725 l’rophetm
210 1700 216 1718 :
234 1701 242 1715 ι
260 1691 311 1718 Pax
335 1691 416 1717 multa
433 1691 604 1727 diligentibus
622 1700 718 1719 nomen
735 1693 791 1726 Dei,
809 1697 837 1720 et

45 1740 159 1762 nonest
175 1736 226 1762 illis
240 1737 396 1763 scamlalmu
409 1736 447 1766 9";
467 1747 476 1762 ι
489 1742 515 1762 et
527 1737 707 1771 istoApostoli
721 1746 728 1764 ε
744 1747 752 1763 ι
768 1737 838 1764 Cita—

45 1782 116 1808 rilas
133 1790 271 1816 nunquam
288 1783 417 1809 excidit”
434 1791 441 1809 :
462 1792 471 1808 ι
488 1784 685 1817 respondetque
705 1791 756 1810 non
773 1784 836 1810 Scr-

45 1833 171 1854 vatorent
194 1828 285 1860 modo,
302 1828 348 1855 sed
368 1832 394 1854 et
415 1835 476 1854 eum
503 1828 548 1862 qui
573 1827 599 1854 in
623 1829 755 1855 cbaritatc
775 1836 836 1862 per-

45 1873 196 1900 fectionem
213 1873 326 1906 adeptus
342 1877 393 1905 est,
413 1872 541 1899 scamlalo
558 1872 701 1899 obnoxium
725 1880 776 1899 non
791 1880 832 1899 cs-

45 1928 96 1952 se;
119 1919 168 1946 sed
182 1926 245 1945 eum
263 1923 351 1946 tamen
367 1919 412 1953 qui
430 1924 533 1953 peccat,
550 1923 678 1952 quantutn
695 1919 720 1945 in
736 1926 766 1945 se
782 1925 835 1951 est,

44 1964 207 1991 scnudalum
233 1965 295 1991 huic
314 1965 440 1998 przebere.
463 1964 622 1990 [)auntosuut
648 1971 710 1990 vero
731 1965 836 1998 penitus

44 2010 119 2037 istud
133 2010 206 2043 quod
220 2010 333 2036 ltabcntr
347 2011 440 2036 eodem
458 2015 540 2040 tonio,
555 2018 628 2036 ιιιιιιι.
641 2009 666 2040 ι,
684 2018 744 2043 pag.
763 2010 814 2036 516
827 2018 833 2036 :

50 2056 79 2083 '0
96 2053 146 2082 οὖν
161 2056 362 2091 ἀναμάρτητος,
381 2056 426 2082 καὶ
441 2056 538 2090 μηκέτι
552 2055 677 2090 δεόμενος
691 2055 744 2081 τῶν
762 2064 836 2090 νομι-

44 2103 102 2128 κῶν
128 2102 230 2128 ουσιῶν
251 2102 422 2137 ὑπερϐἐῦηκε
445 2101 596 2133 τελειωθεὶς
625 2101 694 2136 τάχα
721 2101 767 2127 καὶ
789 2101 835 2127 τὸν

43 2147 234 2182 πνευματικὸν
244 2147 334 2182 νόμον,
347 2147 394 2174 καὶ
404 2147 514 2180 γέγονεν
529 2147 560 2172 ἐκ
571 2146 609 2181 τῷ
621 2146 690 2180 ὑπὲρ
703 2146 782 2173 αὐτὸν
798 2146 837 2172 νό-

896 227 925 254 δὲ
942 229 992 265 τὴν
1016 228 1160 266 ἐπαινετὴν
1183 232 1326 266 ἀπάθειαν,
1352 233 1397 260 καὶ
1422 235 1512 261 πᾶσαν
1538 235 1588 270 τὴν
1615 235 1681 272 ἀρε-

895 275 954 310 τήν.
1635 284 1637 287 -

912 334 919 342 -
932 320 1001 348 XIX.
1016 322 1069 350 Sed
1087 330 1136 350 uec
1152 323 1219 357 fugit
1239 323 1403 358 diligentiam
1428 324 1544 359 lprensls
1561 326 1680 361 episcopi

897 365 983 394 istltoe
1004 367 1129 403 Onigenis
1146 368 1350 396 deliramentutn
1369 370 1423 405 jam
1446 376 1509 398 ante
1525 377 1645 398 notatum
1665 380 1680 398 ιι

896 411 1263 448 Magdeburgensibus,cent.
1283 424 1326 446 ιιι,
1342 424 1401 451 cap.
1417 417 1459 449 l0,
1473 418 1543 451 quod
1561 417 1681 444 luculen-

896 463 938 485 ter
953 461 1071 495 exagitat
1089 466 1152 488 ιοιιι.
1164 461 1184 494 Ι,
1200 462 1246 489 lib.
1261 470 1297 496 vt,
1313 470 1373 497 cap.
1389 463 1423 489 12
1435 468 1462 490 et
1477 462 1520 496 15,
1539 469 1566 491 et
1585 465 1680 498 princi-

895 511 945 538 pne
967 504 1014 531 lib.
1033 512 1058 532 tv
1080 506 1144 532 ιοιιιί
1166 505 1297 539 ejusdem,
1319 514 1379 541 cap.
1396 507 1440 539 l9,
1467 508 1510 534 tibi
1527 509 1595 535 hanc
1609 508 1680 535 ἀπά-

896 546 972 576 θειαν
995 558 1010 577 e
1026 550 1269 586 Pythagoreorum,
1285 551 1451 584 Stoicorum,
1465 552 1599 587 Diogenis,
1615 553 1680 589 Pyr-

896 595 989 622 rhonis
1009 596 1178 631 aliorumque
1197 596 1418 632 philosophorum
1436 598 1537 625 scholis
1556 607 1680 626 manasse

894 642 1071 668 demonstrat.
1097 642 1123 668 lu
1147 650 1201 676 quo
1216 643 1300 670 miror
1313 641 1365 670 hoc
1379 643 1513 670 excidisse
1530 652 1537 671 :
1555 653 1564 670 ι
1589 645 1680 677 Quan-

893 694 974 721 quam
987 695 1035 714 nec
1048 687 1177 722 Origenes
1192 688 1271 723 hujus
1283 689 1505 724 impassibilitatis
1517 690 1619 724 primus
1632 697 1680 716 au-

894 737 951 759 ctor
965 733 1025 760 fuit.
1049 733 1116 760 Nam
1144 739 1173 760 ut
1193 734 1259 762 nihil
1275 735 1307 761 de
1326 734 1473 762 Manichzeo
1486 735 1678 762 dicam.........

890 778 947 813 jam
962 780 1026 805 olim
1044 779 1128 806 Stoici
1142 784 1270 814 putantur
1286 780 1370 807 fuisse
1395 780 1465 808 illius
1478 778 1612 812 ἀπαθείας
1629 788 1679 807 au-

893 830 993 851 ctores.
1012 834 1022 850 t
1039 824 1120 857 Quasi
1131 825 1274 860 Origenem
1290 824 1453 853 Manichacus
1471 830 1590 860 tempore
1608 834 1679 861 pra:-

892 869 1022 901 cnsseril,
1051 878 1131 904 quem
1160 875 1262 897 certum
1288 875 1330 898 est
1355 872 1433 898 annis
1464 875 1526 905 post
1555 871 1680 906 Origeuis

891 915 993 941 obitum
1010 915 1120 942 circiter
1135 916 1230 951 viginti
1253 920 1280 943 et
1305 924 1358 942 uno
1382 916 1504 944 Ita-resin:
1519 923 1596 944 suam
1617 924 1678 951 pro-

893 961 1036 995 nttllgasse.
1055 959 1121 988 Tum
1145 962 1196 990 hoc
1211 962 1280 995 loco,
1308 966 1336 988 et
1356 962 1402 989 lib.
1424 969 1461 996 vt,
1486 970 1546 997 cap.
1564 962 1597 989 l2
1611 963 1676 990 ιοιιιί

891 1009 1025 1041 ejusdem,
1057 1006 1268 1041 l’riscillianum,
1302 1008 1490 1041 Manichzeuin,
1521 1007 1676 1042 Gnoslicos,

892 1055 1033 1089 Evagrium
1065 1055 1283 1090 Ilyperboritam,
1312 1054 1494 1088 Joviniauum,
1527 1053 1676 1090 Pelagium,

892 1100 1028 1135 totiusque
1054 1107 1124 1133 pene
1151 1100 1236 1135 Syria:
1264 1100 1408 1127 luerelicos
1431 1100 1581 1126 doctrinam
1608 1101 1678 1128 hanc

891 1146 925 1173 ab
948 1146 1063 1181 Origene
1087 1146 1234 1180 sumpsisse
1261 1151 1371 1173 auctore
1398 1146 1477 1173 docet.
1496 1146 1676 1182 Hieronymo;

891 1192 1016 1227 interque
1033 1200 1081 1219 eos
1096 1192 1240 1227 Evagrium
1257 1192 1355 1219 librum
1374 1192 1491 1219 edidisse
1515 1192 1585 1230 ῌερὶ
1600 1192 1677 1219 ἀπα-

890 1237 982 1271 θείας,
1005 1238 1049 1273 qui
1073 1246 1086 1264 a
1103 1236 1199 1264 Rnllno
1214 1238 1309 1264 Latine
1323 1246 1470 1265 conversus
1487 1244 1538 1266 εει.
1558 1238 1678 1266 Solerter

890 1284 987 1311 deinde
1011 1283 1137 1310 observat
1156 1291 1209 1310 non
1236 1284 1303 1310 satis
1330 1289 1408 1311 caute
1433 1283 1623 1319 llieronymuin
1650 1283 1676 1310 iu

890 1328 969 1361 epist.
997 1328 1030 1355 ad
1053 1327 1177 1362 Ctesiph.
1203 1333 1296 1355 contra
1320 1328 1410 1362 Pelag.
1442 1337 1500 1363 cap.
1532 1328 1564 1360 2,
1591 1333 1619 1355 et
1649 1328 1675 1354 in

891 1381 1004 1408 procum.
1030 1374 1062 1400 ad
1086 1372 1191 1409 Dialog.
1218 1379 1308 1400 contra
1331 1373 1421 1408 Pelag.
1449 1379 1477 1400 et
1503 1374 1530 1400 in
1559 1381 1674 1408 prooem.

890 1418 1034 1445 Comment.
1051 1418 1078 1445 in
1095 1417 1207 1451 lenam,
1227 1418 1272 1445 lib.
1285 1426 1323 1451 tv,
1339 1419 1497 1446 distinxisse
1510 1419 1554 1445 illa
1565 1419 1628 1451 duo,
1639 1419 1677 1446 fa-

889 1464 1018 1491 cultatem
1035 1464 1135 1490 habere
1150 1472 1201 1490 uun
1217 1464 1357 1499 peccandi,
1375 1469 1401 1491 et
1413 1473 1465 1491 non
1479 1465 1578 1491 habere
1591 1465 1676 1492 facul-

892 1514 972 1536 tatem
986 1509 1133 1543 pccraudi;
1154 1509 1204 1536 ltoc
1217 1514 1268 1541 est,
1284 1518 1358 1543 posse
1372 1518 1423 1536 non
1442 1518 1558 1544 peccare,
1579 1517 1603 1537 et
1624 1519 1677 1538 non

890 1563 964 1589 "05-19
979 1562 1093 1589 peccare.
1108 1554 1227 1587 Quorum
1238 1554 1352 1581 alterunt
1365 1562 1380 1581 e
1395 1555 1481 1582 libero
1493 1555 1590 1590 pendet
1602 1555 1677 1582 arbi-

891 1601 951 1632 lrio,
970 1609 1024 1635 quo
1038 1600 1066 1626 tit
1085 1605 1112 1626 ut
1127 1607 1271 1634 possumus
1285 1608 1408 1635 peccare,
1426 1601 1466 1627 vrl
1484 1609 1536 1628 non
1552 1609 1675 1635 peccare,

889 1647 982 1680 gratia:
998 1646 1076 1672 tuodo
1101 1646 1134 1672 ad
1155 1645 1180 1671 id
1201 1649 1366 1679 postremum
1383 1639 1506 1680 suppetat
1530 1647 1676 1680 auxilium;

888 1691 1002 1717 alterum
1018 1697 1082 1716 vero
1098 1690 1201 1716 arbitrii
1222 1690 1330 1717 humani
1350 1691 1500 1717 libertatem
1520 1691 1598 1724 tollit,
1615 1696 1643 1718 et
1660 1700 1676 1718 a

891 1735 1085 1762 Valentinianis
1102 1735 1331 1769 propugnabatur,
1352 1735 1396 1768 qui
1412 1736 1534 1762 homines
1553 1745 1675 1771 πνευμα-

885 1781 978 1812 τικοὺς
1001 1780 1057 1814 ejus
1074 1788 1132 1807 esse
1157 1781 1283 1807 volebant
1311 1786 1425 1813 llillUl'tB,
1452 1789 1511 1814 qua:
1537 1786 1675 1815 peccatum

886 1827 959 1854 nullo
970 1828 1049 1853 modo
1061 1827 1211 1861 reciperet:
1225 1826 1295 1859 quod
1308 1827 1419 1862 dogma,
1430 1827 1618 1862 dogmatisque
1627 1835 1675 1853 au-

886 1878 975 1899 etorcs
997 1872 1133 1906 perpetuis
1152 1871 1355 1899 velitationibus
1382 1872 1512 1905 Origenes
1543 1874 1672 1907 urgebat;

887 1926 1023 1952 nunquam
1043 1925 1094 1944 non
1112 1918 1163 1945 hoc
1179 1918 1330 1950 inculcatis,
1349 1918 1449 1945 nullam
1474 1926 1534 1946 esse
1551 1923 1673 1945 uaturant

885 1972 945 1998 qua:
965 1971 1016 1990 non
1036 1963 1071 1989 sit
1092 1963 1154 1990 boui
1183 1968 1210 1991 et.
1230 1963 1292 1990 ntali
1310 1971 1409 1998 capax,
1429 1964 1496 1992 adeo
1518 1969 1546 1991 ut
1572 1972 1605 1991 ne
1622 1965 1674 1998 ipsi

886 2010 993 2045 quidem
1009 2009 1096 2044 angeli
1119 2017 1132 2036 τι
1156 2014 1278 2043 peccato,
1304 2010 1462 2045 peccatique
1481 2009 1569 2045 pinnis
1582 2015 1675 2037 essent

887 2056 1029 2082 immunes.
1052 2055 1197 2090 Pcrperam
1221 2063 1285 2087 ergo
1304 2055 1482 2090 Hieronymus
1497 2056 1522 2082 in
1541 2056 1621 2090 epist.
1639 2056 1672 2082 ad

885 2101 1015 2136 Ctesiph.,
1028 2109 1087 2135 cap.
1105 2102 1130 2133 l,
1144 2100 1344 2136 ἀναμάρτητον,
1361 2102 1431 2128 idem
1442 2109 1501 2128 esse
1509 2106 1592 2133 retur,
1602 2101 1673 2136 quod

885 2149 941 2174 sine
950 2153 1053 2181 peccata
1063 2156 1072 2180 ;
1082 2155 1141 2174 nam
1155 2148 1355 2183 ἀναμάρτητον,
1365 2153 1415 2180 est,
1432 2148 1544 2182 incripta:
1555 2147 1654 2181 peccati
1664 2155 1674 2175 :

46 2203 103 2229 μῳ.
122 2193 259 2220 l’rwterea
285 2199 350 2220 ιοιιι.
368 2199 401 2219 xv
426 2194 452 2218 in
477 2192 547 2218 idem
560 2192 743 2226 Evangelium,
762 2199 833 2218 num.

891 2195 1023 2228 perfectos
1040 2199 1128 2220 autem
1145 2201 1196 2220 non
1212 2194 1354 2227 incapaccs
1372 2194 1474 2228 peccati
1492 2194 1599 2220 volebat.
1614 2193 1674 2221 Ori-

42 2241 71 2271 (i,
89 2247 154 2273 pag.
177 2239 240 2270 659,
262 2239 344 2265 tradit
361 2246 458 2272 pueros
477 2239 576 2272 quibus
594 2246 689 2265 manus
711 2238 836 2272 imposuit

42 2286 139 2317 Jesns,
154 2285 211 2318 jam
225 2285 339 2319 amplius
353 2286 504 2312 daemonum
519 2285 664 2311 assultibus
678 2285 718 2310 vel
733 2285 836 2318 peceati

42 2332 185 2359 illecebris
202 2332 309 2365 porcelli
326 2341 377 2359 non
389 2341 482 2366 posse;
499 2336 525 2358 et
540 2340 613 2358 intui.
632 2332 672 2363 l'lI
690 2340 749 2366 pag.
762 2332 814 2358 676
830 2342 836 2359 :

41 2376 132 2411 Οὗτος
152 2379 184 2414 δὴ
197 2380 212 2405 ὁ
225 2379 512 2414 ἀνθυπαλλασσὸμενος
530 2378 589 2404 ἀντὶ
605 2377 717 2404 πλούτου
731 2379 835 2410 πενίαν,

43 2425 119 2460 ὑπὲρ
144 2424 193 2451 τοῦ
213 2425 311 2456 τέλειος
330 2424 465 2458 γενέσθαι,
489 2424 609 2455 πεισθεὶς
620 2425 675 2454 τοῖς
692 2423 778 2459 Ἰησοῦ
793 2423 837 2450 λό-

42 2480 117 2506 γσις,
133 2471 241 2506 ἀθρόως
253 2470 286 2497 ἂν
297 2470 452 2506 βοηθηθείη,
469 2471 507 2502 ὡς
529 2470 576 2497 καὶ
593 2471 616 2496 οἱ
631 2470 773 2496 ἀπόστολοι
791 2469 838 2496 τοῦ

41 2516 179 2552 Χριστοῦ,
197 2516 264 2552 πρδς
294 2516 324 2542 ’τὺ
345 2516 471 2550 γενέσθαι
494 2516 573 2550 σοφὸς
599 2517 627 2542 ἐν
653 2515 773 2551 Χριστῷ,
793 2516 840 2542 καὶ

39 2562 182 2597 ἀνδρεῖος,
203 2562 249 2588 καὶ
269 2561 381 2593 δίκαιος,
394 2562 440 2588 καὶ
452 2561 578 2596 σώφρων,
593 2562 638 2588 καὶ
650 2561 728 2592 ἐκτὸς
739 2561 839 2593 παντὸς

41 2608 160 2639 πάθους·
191 2606 309 2643 φήσειδὲ
323 2609 337 2634 ὁ
360 2607 446 2640 οὕτως
473 2607 699 2642 ἀπολογούμενος,
725 2607 766 2633 ὅτι
790 2607 840 2633 οὐκ

40 2653 154 2688 ἀνάγκη
165 2653 246 2679 τοῦτο
269 2653 398 2688 νοηθῆναι
413 2654 496 2688 αὐτῆς
508 2653 613 2688 ἡμέρας
628 2653 780 2688 ἀπαντῆσαι
789 2652 837 2688 *τῷ

41 2699 238 2734 ἁποδεδομένῳ
261 2699 295 2725 τὰ
322 2699 488 2734 ὑπάρχοντα,
519 2699 566 2725 καὶ
589 2698 684 2725 διδόντι
702 2700 834 2733 πτωχοῖς-

43 2744 101 2770 ἁλλ*
131 2745 197 2776 ἴσως
223 2744 270 2770 ἀπ’
285 2744 391 2779 ἐκείνης
417 2744 465 2780 μὲν
493 2745 541 2779 τῆς
563 2744 667 2780 ἡμέρας
691 2743 835 2777 ἄρξεταιή

79 2838 101 2852 ’³⁸
123 2835 224 2862 Matth.
241 2843 296 2866 xvi,
310 2835 353 2862 25.
388 2835 408 2849 "7
427 2833 498 2860 l‘sal.
522 2841 616 2864 exuti,
629 2833 687 2860 163.

728 2835 749 2849 ’“⁸
769 2833 778 2860 ι
793 2834 856 2860 Cui.

891 2248 982 2274 genes,
1009 2247 1096 2274 neque
1117 2240 1249 2274 I’elagitts,
1270 2239 1316 2265 sed
1337 2244 1448 2272 peccato
1466 2247 1560 2267 carere
1576 2247 1673 2274 posse;

892 2286 947 2313 imo
960 2293 1024 2313 vero
1041 2287 1203 2320 prmdicabal
1219 2285 1342 2320 Pelagius
1356 2293 1408 2312 nou
1421 2285 1446 2312 id
1458 2286 1513 2320 agi,
1525 2291 1613 2312 utrtnu
1625 2286 1674 2313 ali-

891 2331 952 2364 quis
973 2334 1074 2365 peccati
1103 2339 1150 2365 per
1176 2336 1259 2358 lotam
1285 2331 1365 2357 vitam
1391 2330 1485 2357 fuisset
1503 2339 1609 2365 exsors,
1626 2332 1673 2359 sed

892 2382 981 2402 utrum
1000 2377 1121 2403 homines
1136 2377 1238 2410 peccati
1258 2381 1381 2402 exsortes
1402 2384 1462 2402 esse
1478 2381 1587 2410 queant,
1603 2377 1673 2411 quod

891 2430 939 2456 per
962 2422 1067 2448 arbitrii
1088 2422 1165 2449 liberi
1182 2423 1253 2449 vires
1277 2422 1333 2449 ﬁeri
1357 2429 1436 2456 posse
1455 2421 1620 2452 atlirniabat;
1647 2427 1675 2449 et

890 2468 1067 2495 Adamantius
1082 2475 1188 2503 quoque
1209 2469 1342 2495 nemiuem
1360 2467 1419 2495 sine
1438 2471 1549 2502 peccato
1572 2467 1674 2494 vixisse

892 2513 1013 2548 putabat,
1029 2518 1058 2539 ut.
1073 2521 1153 2547 supra
1173 2513 1240 2541 dixi.
1256 2514 1336 2548 Atqui
1352 2514 1409 2540 lli-ri
1426 2520 1503 2547 posse
1518 2521 1570 2540 non
1591 2521 1673 2547 nega-

891 2559 937 2585 bat
951 2559 1119 2593 Augustinus
1133 2564 1162 2585 ut
1174 2567 1234 2586 esse
1248 2564 1339 2594 posset
1350 2561 1430 2587 homo
1449 2561 1474 2587 iu
1491 2561 1541 2587 hac
1553 2560 1606 2587 vita
1616 2561 1674 2587 siue

891 2610 1015 2639 peccato,
1030 2605 1055 2631 id
1072 2604 1149 2631 modo
1161 2605 1254 2639 gratia:
1267 2605 1378 2638 auxilio,
1391 2612 1442 2632 nou
1459 2611 1560 2633 naturae
1572 2605 1673 2634 viribus

891 2651 1038 2678 referretur
1052 2655 1188 2684 acceptum
1203 2659 1210 2676 :
1225 2659 1234 2676 ι
1247 2650 1314 2677 Nam
1326 2652 1370 2685 qui
1382 2652 1486 2683 dicuttt,
1502 2661 1511 2677 ι
1523 2652 1608 2686 inquit
1622 2652 1668 2679 lib.

894 2697 931 2723 De
951 2701 1048 2731 peccat.
1063 2704 1138 2726 met‘.,
1157 2696 1203 2724 lib.
1218 2704 1249 2728 ιι,
1268 2705 1328 2732 cap.
1342 2696 1369 2728 6,
1387 2706 1396 2722 ι
1414 2705 1473 2725 esse
1487 2705 1564 2732 posse
1579 2697 1604 2724 in
1621 2698 1672 2725 hac

890 2744 943 2770 vita
955 2743 1090 2770 hmuin‘em
1106 2743 1163 2770 sine
1177 2749 1297 2778 peccato,
1314 2751 1366 2770 non
1384 2749 1425 2771 cst
1439 2744 1477 2771 eis
1490 2744 1618 2771 continuo
1632 2745 1672 2771 in.

878 2841 937 2864 λιιι,
953 2832 979 2859 8.
