1912 3079
268 141 323 172 959

908 137 938 166 Ρ.
959 135 1117 164 DANIELIS
1135 134 1250 163 llUETll
1831 135 1868 162 900

268 203 349 229 cauta
364 199 517 227 temeritate
536 197 734 226 obsistendum.
751 197 796 225 Sic
805 196 877 224 enim
895 204 955 224 esse
979 204 1058 231 posse
1072 198 1096 227 Α
1111 195 1233 222 renovari
1248 195 1281 221 ad
1307 193 1510 229 pwnitcntiam,
1530 200 1635 221 rursum
1659 192 1832 228 cruciﬁgentes
1843 195 1869 222 si-

271 246 470 281 negaverimus,
497 249 523 272 et
546 244 665 271 hominis
689 243 775 270 libero
799 243 922 275 arbitrio,
944 244 989 277 qui
1011 244 1062 270 hoc

271 292 384 320 volendo
404 291 517 325 appetit,
531 295 558 317 et
572 289 617 316 Dei
630 290 725 316 virtttti
741 289 781 316 vel
798 289 998 320 misericordia;
1016 289 1061 324 qui

271 337 322 363 huc
336 335 491 370 adjuvando
505 334 598 366 cllicit,
612 335 813 370 derogahimus.
829 345 838 361 ›
857 334 911 362 Nec
924 335 988 362 satis
1000 343 1063 369 pro-

271 382 328 415 prie
344 382 414 408 idem
433 380 614 416 IlierOnymus
631 381 657 407 itt
673 384 788 415 promtu.
810 381 858 408 lib.
880 386 903 407 tv
916 381 1060 407 Comment.

270 435 297 453 tn
311 425 421 457 Jerem..
436 425 644 461 ἀναμαρτησίαν
669 426 816 452 reddidisse
832 426 948 457 videtur,
965 426 1063 460 impac—

270 471 396 502 cuntlum,
416 471 440 498 id
455 476 507 503 est,
523 475 574 497 non
587 478 709 504 peccare;
724 470 798 504 quod
814 471 976 497 reddendum
992 475 1060 501 erat,

269 517 524 552 iinpéccnbilitatem,
543 516 568 544 id
589 521 640 548 cst,
662 525 712 542 non
732 524 807 550 posse
826 524 941 551 peccare.
963 516 1062 550 Perpe-

271 573 327 592 ratn
347 572 453 599 quoque
465 564 594 598 scriptum
609 565 642 591 ab
655 570 687 590 eo
702 569 744 590 est
758 570 871 598 promtu.
888 563 993 597 Dirr/0g.
1010 563 1061 588 ad-

269 620 335 639 vers.
351 609 443 645 Pelag.
464 619 473 637 :
490 621 499 637 ι
517 610 582 637 lllnd
602 615 691 637 autem
714 609 837 645 Origi-nis
857 610 992 644 propriutn
1007 614 1059 641 est,

269 663 331 683 esse
342 656 481 691 possibile,
499 663 559 682 cum
582 662 612 682 se
631 654 729 690 aliquis
743 655 775 680 ad
793 654 902 680 Incliora
919 659 1060 681 converte-

271 701 319 734 rit,
334 700 367 728 ad
383 707 484 728 tantam
499 701 681 728 fortitudinem
699 702 855 735 pervenire,
872 706 900 728 ιιι
912 701 980 728 ultra
996 709 1060 735 pec-

270 754 333 774 care
356 755 408 773 non
432 747 527 781 possit,
545 755 554 772 )
573 753 622 780 pro
635 753 667 773 eo
683 747 754 780 quod
771 746 892 773 scribere
909 746 1012 778 debuit,
1032 750 1059 772 ut

270 791 341 820 ultra
358 802 408 819 non
422 800 528 826 peccare
541 793 635 827 possit.
647 792 771 819 Genuina
786 799 850 827 ergo
863 799 893 818 ea
903 791 954 818 fuit
965 791 1060 826 Orige-

270 838 313 866 nis
330 839 474 871 sententia,
493 838 615 866 homines
641 839 734 865 omnes
758 837 876 872 peccatis
902 846 961 864 csse
978 838 1060 865 obno-

271 884 344 916 xios;
358 883 404 918 qui
417 891 481 910 vero
494 883 667 918 acquirendae
681 883 788 915 virtuti,
802 888 829 910 et
844 883 949 910 delictis
963 890 1059 917 expur-

269 929 366 964 gandis
378 929 482 956 dederit
497 937 619 963 operam,
631 934 659 957 et
677 930 710 956 ad
722 929 913 964 perfectionem
929 936 1058 956 conscen-

270 974 352 1006 derit,
366 973 493 1001 vitiorum
506 974 680 1002 incitamenta
695 975 813 1009 propriis
826 974 928 1002 viribus
940 981 1060 1008 pessum-

270 1021 336 1048 dare
356 1028 438 1056 posse
452 1022 473 1048 si
490 1021 563 1054 velit,
579 1022 612 1048 ab
632 1021 717 1056 iisque
734 1022 890 1056 neutiquam
905 1021 1013 1048 tentari.
1027 1022 1058 1049 In

270 1072 325 1102 quo
347 1067 473 1103 geminus
493 1073 534 1095 est
550 1076 638 1099 error,
667 1068 737 1102 quod
753 1068 840 1095 virum
853 1068 1004 1103 perfectum
1024 1068 1059 1095 ad

271 1113 417 1141 calcandas
434 1114 538 1149 peccati
565 1113 710 1141 blanditias
734 1114 827 1148 gratia:
855 1115 982 1150 prawsidio
1005 1122 1058 1142 non

269 1162 351 1194 cgere
367 1160 443 1193 velit,
459 1165 486 1187 et
502 1160 572 1194 quod
589 1160 784 1187 tcutationibus
798 1168 859 1187 eum
877 1161 987 1188 minimc
999 1169 1060 1196 pcr~

269 1205 329 1232 celli
347 1211 472 1238 censeat;
488 1213 549 1233 cum
569 1211 673 1233 certnnt
687 1207 723 1233 sit
739 1206 822 1233 vitain
838 1206 954 1234 hominis
972 1213 1059 1234 certa-

270 1259 331 1278 tnett
350 1259 412 1279 esse
437 1257 611 1287 perpetuum,
632 1257 658 1279 cl
684 1252 768 1280 Paulo
789 1253 840 1288 ipsi
860 1253 953 1280 datum
975 1253 1059 1282 fuisse

269 1297 411 1325 stimulum
429 1298 530 1325 carnis.

306 1343 364 1372 XX.
386 1342 618 1376 Quemadmodum
633 1349 742 1372 evectos
753 1345 786 1370 ad
800 1353 937 1372 sttttnnum
951 1346 1060 1373 virtutis

269 1389 375 1422 apicem
390 1388 513 1415 homines
529 1389 647 1422 peccatis
664 1390 799 1417 obnoxios
817 1398 868 1417 non
885 1398 947 1417 esse
963 1391 1058 1417 delini-

270 1433 308 1461 vit
324 1434 518 1466 Adamantius;
536 1434 572 1460 ita
591 1435 740 1462 asseruisse
758 1435 830 1463 visus
844 1440 886 1463 est
910 1443 962 1462 non
981 1444 1060 1471 posse

268 1486 316 1506 eos
341 1485 481 1514 emergere
496 1486 510 1505 a
530 1478 615 1512 vitiis,
633 1483 661 1507 et
686 1480 718 1506 ad
737 1480 865 1507 virtutem
891 1482 1011 1516 regredi,
1027 1490 1059 1509 ac

1116 240 1266 275 bimetipsis
1282 239 1378 266 Filium
1397 239 1455 272 Dei,
1474 244 1500 266 et
1513 239 1631 266 ostentui
1647 239 1809 271 habentesn
1822 248 1868 267 nec-

1116 293 1169 312 non
1186 291 1213 312 et
1236 287 1285 312 ista
1302 294 1316 312 e
1339 293 1397 319 cap.
1415 284 1459 317 10,
1483 292 1554 312 vers.
1581 284 1627 316 26,
1642 285 1696 311 27:
1717 294 1726 310 ‹
1742 283 1869 314 Voluntaria

1113 331 1188 358 enim
1220 330 1395 365 pet-cantibus
1415 331 1493 357 ttobis
1523 336 1585 365 post
1611 335 1749 365 acceptattt
1774 331 1869 358 notitiam

1113 377 1247 407 veritatis,
1258 376 1312 411 jam
1332 385 1385 402 non
1400 376 1561 410 relinquitur
1583 384 1631 411 pro
1654 376 1772 410 peccatis
1791 378 1868 410 hostia;

1113 422 1244 449 terribilis
1273 427 1362 448 autem
1388 423 1510 456 quaedam
1529 423 1694 457 exspectatio
1714 421 1871 456 judicii.iln-

1112 470 1144 496 de
1157 475 1183 496 et
1195 469 1315 496 Novatus
1327 469 1353 495 in
1370 469 1493 496 haeresim
1510 469 1634 497 inductus
1648 474 1699 496 est.
1711 470 1790 502 Quam
1802 476 1870 498 autem

1113 516 1156 543 his
1172 515 1247 542 Pauli
1276 515 1342 543 locis
1362 515 1560 550 expositionem
1585 515 1709 542 adhibuit
1728 515 1870 548 Philastrius,

1112 561 1234 587 eamdem
1251 559 1416 594 Origeuinno
1428 559 1465 586 illi
1481 567 1624 593 possumus
1637 559 1775 587 adhibere.
1789 559 1827 587 Sic
1839 560 1869 587 illa

1111 615 1140 634 se
1158 606 1237 633 habet
1248 614 1308 640 cap.
1331 605 1386 633 88:
1404 615 1413 631 ι
1435 605 1632 632 Pmnitudiucm
1644 606 1727 632 etiam
1745 613 1793 632 non
1804 607 1871 633 excin-

1111 651 1150 678 dit
1163 651 1294 682 docendo,
1311 651 1357 678 sed
1374 651 1509 677 diversum
1521 651 1633 686 gradum
1651 650 1788 685 dignitatis
1802 656 1872 678 osten-

1111 697 1151 723 dit
1169 696 1241 723 itttcr
1256 697 1326 723 hunc
1343 696 1387 730 qtti
1406 697 1538 730 integrum
1552 696 1708 727 custodivit,
1722 700 1750 722 et
1763 695 1826 722 illum
1840 698 1871 730 qui

1110 743 1243 778 peccavit.
1262 741 1407 776 Dignitatis
1420 745 1461 770 est
1473 741 1554 777 igitur
1565 741 1756 768 detrimentum
1772 742 1794 768 in
1806 742 1871 776 coqui

1111 788 1244 823 peccavit,
1256 795 1308 814 non
1327 789 1455 815 damnum
1471 787 1573 815 salutis.
1590 786 1658 814 Nam
1677 788 1699 813 si
1722 786 1817 814 fortiter
1829 788 1873 821 quis

1113 833 1276 868 pugnaverit
1291 841 1339 868 per
1360 833 1648 868 martyrium,recipiet
1660 833 1795 867 pristinam
1807 833 1871 868 digni-

1112 884 1192 907 tatem
1209 889 1217 914 ;
1234 885 1280 907 aut
1292 880 1315 907 si
1327 879 1459 915 c0ndigne
1473 880 1498 906 in
1514 880 1565 908 hoc
1580 880 1680 907 sacculo
1696 880 1797 911 vixerit,
1811 881 1872 915 impe-

1110 931 1162 955 trat
1179 928 1250 963 quod
1266 928 1405 956 desiderat
1422 928 1543 963 adipisci.
1561 928 1628 956 Nam
1652 929 1678 956 in
1706 929 1760 964 ipsa
1786 931 1871 965 epistula

1111 974 1324 1008 rebaptizatOres
1341 974 1471 1006 excludit,
1489 982 1541 1001 non
1559 975 1724 1009 baptismum
1739 978 1873 1011 ptenilentia

1111 1020 1236 1054 abnegat.
1266 1030 1275 1046 ι
1294 1020 1427 1047 Cancrum
1449 1020 1553 1047 consuli
1574 1021 1653 1048 velint
1679 1020 1782 1048 Sixtum
1796 1022 1873 1049 Sent-n-

1109 1074 1165 1094 sem
1180 1066 1227 1094 lib.
1241 1074 1267 1093 vr
1283 1066 1410 1093 Bibliotlt.
1424 1066 1516 1094 adnot.
1529 1067 1590 1100 119,
1604 1072 1630 1094 et
1644 1068 1692 1094 ltb.
1707 1076 1754 1099 vn,
1767 1069 1872 1102 lneres.8,

1110 1113 1155 1148 qui
1181 1113 1239 1140 lucc
1254 1113 1371 1148 aliaque,
1386 1121 1446 1140 cum
1469 1114 1636 1148 explicanda:
1662 1114 1728 1141 huic
1746 1114 1812 1141 Pauli
1829 1123 1873 1142 seu.

1111 1160 1211 1193 lentim,
1230 1165 1284 1186 tum
1313 1160 1447 1188 adversus
1465 1161 1611 1188 adductum
1628 1160 1755 1196 Origenis
1780 1163 1873 1189 testimo-

1111 1206 1186 1232 ttittnt
1205 1207 1324 1240 collegit.

1150 1251 1218 1278 XXI.
1238 1251 1334 1278 Mirum
1355 1260 1437 1287 porro
1455 1252 1613 1280 sentientem
1640 1251 1784 1287 Origeuem
1807 1254 1873 1287 perie-

1111 1304 1169 1325 ctus
1182 1299 1305 1326 homines
1318 1307 1394 1334 posse
1412 1307 1463 1325 non
1480 1298 1716 1333 peccare,dixisse
1733 1304 1815 1326 tamen
1825 1307 1873 1333 pne-

1110 1344 1195 1379 ruptis
1207 1345 1305 1371 divinis
1319 1353 1422 1372 morem
1437 1345 1491 1378 geri
1506 1352 1557 1371 non
1570 1347 1659 1379 posse.
1671 1344 1720 1371 Cui
1738 1345 1872 1372 contrarium

1111 1388 1232 1424 Pelagius
1248 1390 1366 1416 decrevit
1387 1390 1412 1416 in
1434 1389 1490 1416 suis
1506 1388 1664 1421 Sententiis,
1688 1393 1756 1416 teste
1768 1388 1872 1424 Ilieroay-

1112 1443 1166 1468 nuo,
1180 1435 1225 1469 qui
1243 1435 1289 1462 lib.
1307 1441 1418 1462 ttantra
1431 1434 1522 1470 Pelag.
1538 1435 1595 1462 haec
1609 1436 1708 1462 scribit
1722 1444 1729 1461 :
1751 1445 1761 1461 ι
1780 1436 1873 1462 Ccntesi-

1111 1489 1171 1508 mus
1198 1481 1292 1508 titulus
1313 1486 1353 1508 est
1366 1501 1373 1514 ,
1391 1488 1468 1514 posse
1481 1480 1618 1507 hominem
1631 1481 1691 1507 sine
1707 1486 1811 1515 peccato
1823 1488 1872 1511 esse,

271 1524 394 1551 renovari
409 1531 455 1559 per
466 1521 656 1559 pcenitcnliam
670 1532 727 1557 eos,
750 1525 795 1560 qui
811 1530 872 1560 post
886 1532 1027 1561 acceptum
1043 1535 1057 1554 a
1072 1538 1093 1567 α
1110 1531 1137 1554 et
1154 1527 1199 1553 Dei
1218 1527 1344 1553 mandata
1363 1527 1441 1554 facile
1459 1526 1612 1556 custodire.
1629 1526 1652 1552 si
1674 1527 1749 1553 velit.
1767 1537 1776 1552 ι
1792 1526 1830 1552 Sic
1841 1535 1873 1552 au-

271 1570 326 1597 l)eo
339 1570 433 1604 gratiae
452 1570 551 1597 divina:
567 1569 658 1597 lumen
684 1570 780 1598 iterum
801 1579 861 1599 sese
876 1573 995 1607 peccatis
1009 1574 1057 1601 ob-

268 1617 429 1645 strinxerim
448 1628 455 1646 :
473 1618 585 1645 Petrum
601 1620 710 1654 quidem
722 1628 783 1647 cum
799 1620 937 1649 Christum
949 1623 1058 1657 ejuran-

269 1664 303 1689 do
321 1663 452 1698 peccavit,
470 1664 590 1691 nondum
604 1666 742 1700 accepisse
758 1666 888 1701 Spiritum
909 1673 1033 1695 sanetutn
1047 1677 1056 1698 ;

268 1707 347 1736 nobis
357 1715 422 1736 vero
433 1708 455 1736 si
469 1716 502 1736 eo
515 1715 629 1744 accepto
640 1711 853 1745 peccaverimus,
868 1719 953 1746 neque
967 1715 992 1740 in
1006 1714 1058 1742 hoc

268 1754 378 1787 steculo,
388 1762 475 1790 neque
485 1756 510 1782 in
523 1755 614 1783 futuro
629 1756 734 1783 veniam
748 1757 781 1784 iri
793 1765 963 1786 concessum.
976 1768 986 1785 ι
1003 1759 1058 1788 lloc

268 1802 389 1841 attende,
407 1810 416 1826 ι
433 1801 521 1836 inquit
539 1807 619 1830 tract.
636 1811 707 1830 xxxv
727 1804 755 1829 in
776 1803 887 1837 ΜαιιΙι..
908 1814 982 1833 ttuttt.
996 1807 1057 1840 ΗΔ»,

269 1855 330 1882 pag.
347 1847 411 1880 913,
425 1857 434 1873 (
451 1849 579 1882 quoniam
595 1850 734 1884 antegadh
748 1856 870 1883 cantum,
886 1857 913 1879 et
926 1858 987 1881 ante
998 1853 1056 1888 Spi-

270 1895 350 1921 ritum
366 1895 537 1927 sanctum,in
553 1901 674 1930 tempore
689 1897 777 1923 noctis
796 1897 946 1932 profundae,
962 1900 1059 1927 etiarn-

268 1940 291 1966 si
308 1940 464 1974 frequenter
484 1941 657 1975 denegaverit
675 1943 745 1976 quis,
765 1943 854 1970 vivere
869 1949 956 1977 putest
970 1946 1058 1980 :qnod

269 1986 442 2014 manifestum
458 1992 546 2014 estex
563 1995 608 2020 eo,
631 1990 701 2022 quod
723 1994 764 2015 ter
785 1989 927 2025 denegavit
950 1991 1057 2019 Petrus.

269 2032 297 2059 Si
316 2038 406 2059 autem
423 2038 483 2067 post
508 2033 572 2068 galli
596 2040 717 2067 cantum,
732 2035 772 2061 vel
798 2036 879 2062 semel
895 2036 920 2063 in
939 2045 1058 2071 quocun-

268 2084 320 2111 que
335 2077 455 2112 perictdo
469 2078 632 2105 constitutus
652 2079 827 2113 denegaverit
844 2081 921 2114 quis,
937 2081 1060 2115 impossi-

268 2124 322 2151 bile
337 2129 378 2151 est
401 2132 462 2151 etim
491 2125 614 2151 renovari
644 2124 670 2151 itt
694 2126 894 2158 paenitentiam,
910 2132 938 2153 ιιι
961 2127 1058 2154 iterum

268 2169 412 2204 crttciligat
435 2169 485 2196 sibi
506 2169 604 2196 Filium
620 2168 678 2196 Dei.
696 2178 705 2195 ι
721 2169 846 2196 Clemens
865 2171 972 2204 quidem
994 2171 1058 2199 Ale-

1112 1578 1165 1600 tetn
1184 1572 1315 1606 Origenes
1331 1572 1378 1600 lib.
1406 1580 1442 1605 tt,
1461 1574 1487 1599 in
1502 1571 1593 1607 .Epist.
1611 1573 1647 1599 ad
1672 1572 1761 1604 Rom,
1775 1572 1871 1600 nutn.9'

1114 1629 1123 1645 ι
1142 1618 1196 1646 Nos
1211 1627 1275 1646 vero
1288 1619 1333 1654 qui
1359 1619 1416 1646 iure
1431 1619 1521 1646 omnia
1543 1619 1706 1654 spiritaliter
1730 1619 1874 1653 intelligentia

1111 1666 1255 1697 sentimus,
1269 1665 1370 1693 idcirco
1393 1669 1420 1692 et
1434 1673 1486 1692 non
1502 1665 1651 1697 auditores,
1669 1665 1718 1693 sed
1736 1665 1838 1692 factores
1850 1664 1873 1690 lc-

1115 1712 1156 1747 εἰς
1169 1711 1360 1747 justiticandos
1373 1711 1519 1743 creditnus,
1538 1719 1589 1738 non
1610 1711 1680 1744 legis
1697 1710 1834 1738 secundant
1848 1710 1873 1736 lit-

1112 1763 1209 1790 teram,
1225 1765 1285 1792 quaa
1299 1758 1391 1792 utique
1405 1765 1454 1791 pro
1468 1758 1508 1784 sui
1521 1757 1741 1792 impossibilitate
1751 1765 1798 1783 non
1810 1762 1873 1791 potest

1113 1803 1212 1831 habere
1226 1803 1367 1836 factorem,
1380 1803 1426 1830 sed
1444 1804 1592 1830 secundum
1606 1805 1746 1838 spirituut,
1763 1812 1805 1838 per
1815 1811 1872 1837 quem

1112 1850 1199 1877 solum
1217 1849 1258 1876 lex
1274 1849 1379 1884 impleri
1404 1849 1516 1884 poterit;
1537 1859 1546 1874 ι
1563 1855 1590 1876 et
1602 1857 1677 1876 nmn.
1696 1850 1738 1882 M,
1754 1849 1872 1884 pathiti:

1114 1905 1124 1922 ‹
1141 1895 1215 1923 Licet
1237 1903 1289 1922 tton
1311 1895 1477 1924 crediderint
1497 1895 1606 1929 quidam
1628 1895 1791 1928 Juda-ornnt,
1809 1897 1835 1922 de
1846 1895 1874 1920 iu-

1112 1941 1241 1970 lidelitate
1267 1946 1356 1968 tamen
1371 1948 1465 1968 eorum
1489 1941 1635 1968 dicendum
1661 1947 1715 1972 est,
1735 1942 1800 1976 quod
1823 1941 1873 1967 Deut

1112 1987 1221 2023 quidem
1236 1987 1310 2014 solus
1330 1987 1366 2014 sit
1381 1995 1473 2020 verax,
1486 1988 1558 2016 omni
1577 1994 1669 2015 autem
1682 1993 1762 2015 ιιοιιιο
1773 1989 1805 2016 sit
1818 1994 1872 2014 uteti-

1113 2033 1164 2060 dax
1182 2041 1189 2059 :
1205 2033 1267 2068 quia
1281 2033 1362 2060 etiam
1376 2032 1399 2060 si
1416 2033 1477 2067 quis
1499 2033 1588 2068 justus
1602 2039 1661 2066 est,
1677 2041 1786 2061 necesse
1803 2037 1873 2059 estta-

1113 2087 1173 2106 men
1187 2084 1214 2106 ut
1231 2079 1257 2106 in
1269 2078 1359 2113 aliquo
1372 2087 1387 2105 a
1403 2078 1517 2106 veritate
1534 2079 1654 2112 decidat,
1670 2088 1752 2113 quam
1770 2080 1794 2106 in
1806 2079 1872 2106 omni-

1112 2124 1163 2152 bus
1186 2132 1298 2152 servare
1314 2125 1439 2152 humana:
1453 2132 1556 2153 natura:
1567 2135 1635 2161 pene
1651 2127 1810 2161 impossibile
1822 2130 1871 2151 est.»

1112 2169 1241 2197 Graviora
1256 2176 1318 2197 sunt
1332 2171 1413 2197 etiam
1433 2177 1460 2198 et
1476 2174 1559 2206 magis
1577 2180 1707 2206 expressa
1724 2180 1780 2206 qua-
1791 2174 1871 2197 exstant

268 2216 431 2242 xandrinunt
446 2214 573 2242 Stromat.
586 2215 633 2242 lib.
650 2223 679 2247 ll,
693 2215 815 2242 iteratam
830 2216 898 2242 hanc
919 2216 1062 2249 putuitudi-
1079 2218 1101 2247 D
1114 2221 1193 2244 tract.
1212 2224 1282 2243 xxxv
1299 2216 1327 2243 in
1348 2216 1456 2251 Matth,
1471 2226 1546 2245 num.
1568 2218 1611 2250 88,
1630 2226 1693 2253 pag.
1709 2218 1768 2248 900,
1783 2215 1872 2246 90l.ubi

269 2268 329 2287 nam
348 2269 400 2295 qua
427 2266 485 2295 post
499 2262 701 2289 conversionem
725 2261 804 2288 hutntt
829 2262 946 2296 peccatis
957 2263 1060 2290 deditus

270 2308 399 2341 tangitur,
414 2315 475 2335 esse
491 2308 606 2335 allirtnat
619 2309 695 2343 quasi
713 2309 855 2342 quamdam
870 2309 931 2335 novi
958 2310 1060 2344 peccati

269 2354 486 2386 tttedttatiunem;
508 2354 618 2381 minimc
641 2362 704 2380 vero
726 2355 763 2380 ita
780 2355 889 2386 insanit,
907 2361 935 2382 ut
956 2355 1058 2382 hotnini

268 2405 328 2435 post
341 2400 413 2427 illaut
427 2401 614 2434 pmttitctttiattt
633 2401 754 2436 peccanti
771 2400 872 2428 utilium
886 2402 920 2428 ad
933 2402 1058 2430 virtutem

269 2453 423 2482 regressum
441 2450 535 2481 patere
553 2451 640 2481 putet,
656 2455 704 2473 nec
727 2447 810 2473 ullum
828 2447 905 2474 alteri
924 2448 1059 2482 pmniten-

268 2491 312 2519 tia:
331 2491 416 2519 locum
446 2499 590 2526 superesse
614 2491 688 2518 velit.
713 2492 814 2526 Νιιιιιμε
838 2499 871 2520 eo
895 2492 1059 2527 impulerunt

267 2542 411 2572 utrumque
432 2545 574 2572 perperam
597 2543 708 2572 accepta
732 2537 824 2565 isttucc
843 2545 875 2564 ex
890 2537 1006 2572 Epistula
1024 2537 1059 2565 ad

266 2582 395 2611 Hebraeos
407 2591 466 2618 cap.
483 2591 518 2614 vt,
537 2590 609 2611 vers.
624 2582 690 2610 4-6:
705 2592 714 2608 ι
730 2583 897 2617 lmpossibile
923 2584 995 2610 euitn
1015 2587 1059 2611 est

265 2637 314 2658 eos
324 2629 370 2665 qui
387 2629 469 2657 semel
485 2634 549 2657 sunt
559 2628 713 2660 illuminati,
726 2633 904 2664 gustaverunt
916 2630 997 2657 etiaut
1008 2629 1058 2656 do-

266 2682 330 2702 num
340 2674 462 2706 cmleste,
483 2679 512 2702 et
526 2674 677 2709 participes
697 2674 761 2701 facti
781 2679 845 2701 sunt
866 2673 986 2709 Spiritus
1000 2682 1060 2702 san-

269 2719 318 2747 cti.
331 2719 514 2747 Gustaverunt
529 2720 703 2747 nihilominus
715 2719 813 2747 bonum
824 2719 872 2748 Dei
887 2720 997 2747 verbum
1007 2720 1059 2747 vir-

266 2767 392 2799 tutesque
411 2764 501 2793 δίπουιί
526 2765 643 2798 venturi,
665 2769 693 2793 et
713 2764 831 2800 prolapsi
857 2765 938 2801 suntl.
951 2773 1058 2794 rursum

302 2851 325 2867 "
340 2851 434 2880 Matth.
445 2851 569 2885 xxvt,3l.

1114 2261 1209 2295 quaerit
1223 2267 1313 2289 utrum
1336 2263 1424 2297 posito
1439 2263 1539 2290 Christi
1566 2264 1696 2291 vaticinia
1714 2265 1772 2295 hoc,
1784 2262 1871 2290 scanda-

1114 2308 1168 2335 lum
1183 2309 1209 2335 in
1226 2317 1255 2335 se
1279 2317 1409 2344 passuros
1423 2317 1483 2337 esse
1497 2311 1634 2345 apostolos
1645 2319 1759 2343 omnes,
1775 2310 1825 2337 ﬁeri
1840 2316 1872 2342 po-

1114 2355 1196 2383 tuerit
1212 2359 1241 2382 ut
1257 2355 1412 2383 scandalum
1425 2356 1521 2384 Petrus
1532 2365 1584 2384 non
1599 2362 1754 2393 pateretur;
1766 2356 1826 2391 quod
1838 2355 1872 2381 du-

1113 2400 1173 2436 plici
1191 2401 1270 2428 solvit
1288 2403 1482 2436 rc>ponsione;
1501 2403 1598 2437 prima.
1619 2412 1629 2429 ι
1648 2404 1775 2439 quoniam
1788 2407 1871 2429 necesse

1111 2451 1237 2477 crat,0re
1249 2446 1391 2473 verissimo
1402 2448 1574 2480 praedicente,
1585 2448 1647 2481 quia
1663 2456 1752 2474 autne:
1768 2455 1805 2474 vos
1815 2453 1871 2471 uitu-

1112 2491 1294 2519 dulimbimiui
1304 2492 1337 2524 υ,
1351 2493 1406 2520 lieri
1417 2493 1487 2527 quod
1504 2494 1661 2528 pmdictum
1679 2499 1739 2521 erat
1753 2493 1785 2520 ab
1797 2491 1868 2521 Jestt'.’

1112 2537 1215 2570 altera,
1234 2547 1243 2563 ι
1269 2538 1397 2572 quoniam
1420 2539 1466 2572 qui
1495 2544 1625 2567 exoratus
1640 2547 1655 2566 ει
1673 2538 1809 2570 Ninivitis,
1827 2541 1870 2570 qua

1112 2583 1278 2618 praedixerat
1300 2591 1347 2617 per
1357 2582 1453 2611 Jonam
1477 2591 1529 2612 non
1546 2584 1609 2612 fecit
1632 2589 1742 2620 propter
1762 2582 1869 2618 paeniten-

1113 2628 1178 2656 tiam
1204 2628 1394 2662 Ninivitarum,
1413 2629 1453 2657 sic
1477 2629 1606 2664 possibile
1622 2629 1683 2664 fuit,
1699 2635 1728 2657 ut
1757 2627 1869 2664 repellere!

1111 2674 1194 2702 etiam
1210 2682 1225 2701 tt
1241 2674 1321 2702 Petro
1335 2675 1489 2703 scandalum
1502 2676 1675 2711 deprecante.
1693 2685 1703 2702 ι
1721 2675 1784 2703 Ven
1793 2677 1868 2705 estpo‘

1112 2719 1212 2747 sterior
1229 2719 1383 2754 responsio,
1400 2719 1475 2754 prior
1495 2720 1561 2748 falsa
1578 2729 1585 2748 z
1602 2721 1690 2756 posito
1711 2720 1780 2746 enim
1791 2712 1867 2745 οιπιςιί

1114 2765 1252 2800 vaticinio,
1271 2769 1347 2794 certo
1361 2765 1473 2795 cﬂ'cctus
1494 2773 1654 2795 consecutus
1669 2771 1721 2799 est,
1733 2772 1782 2793 non
1796 2767 1867 2790 nece:-
