1912 3079
46 110 102 138 961
446 111 734 142 ORIGENIANORUM
752 113 818 141 LIB.
839 111 871 146 ll,

890 113 966 141 CAP.
989 112 1020 147 ll,
1040 113 1182 148 QUzEST.
1204 115 1260 144 VII.
1640 120 1694 150 962

49 174 138 202 sario.
157 173 281 209 Disputat
296 178 402 209 postea,
420 182 453 201 an
468 180 610 210 postquam
628 175 753 210 praedixit
766 176 847 204 Chri-
861 178 884 206 Δ
900 179 963 203 test.
975 175 1014 203 Ex
1029 183 1063 203 eo
1080 182 1170 204 autem
1186 176 1257 212 quod
1267 176 1387 207 nondum
1401 177 1480 206 datus
1493 183 1552 207 erat
1563 178 1693 215 Spiritus,

47 225 113 248 stus
130 220 250 247 futurum
269 225 298 248 ut
313 226 376 248 ante
390 221 556 256 gallicinium
580 226 621 249 ter
640 231 654 249 a
672 223 751 250 Petro
763 230 847 258 uege-

49 271 109 297 tur,
138 265 265 300 precibus
282 266 426 301 impetrare
440 267 558 302 potuerit
577 267 685 299 Petrus,
700 268 846 304 quominus

47 311 212 339 vaticinium
225 311 290 338 illud
308 312 485 347 impleretur;
504 313 702 348 respondetque
720 315 846 349 precilms

46 357 193 392 prohiberi
209 357 329 392 potuisse
342 359 460 386 vaticinii
484 359 564 395 hujus
587 359 724 392 eﬂeclum,
737 360 758 388 si
780 361 845 388 illud

41 404 179 434 Christus
202 405 357 440 juramento
383 414 434 433 non
457 407 591 434 firmasset
606 416 614 440 ;
629 408 676 435 sed
695 408 755 443 quia
771 407 846 442 jure-

41 452 170 487 iurando
201 455 337 480 ﬁrmatum
367 453 456 481 fuerat
477 462 492 481 a
521 454 646 487 Christo,
667 463 728 482 cum
753 456 844 483 dixit:

46 498 160 525 «Amen
173 499 234 525 dico
247 498 292 526 tibi
301 499 336 530 ’°,
352 508 362 524 ι
380 498 437 526 ﬁeri
450 507 502 526 non
518 501 636 534 potuisse
647 505 676 527 ιιι
692 509 743 527 non
760 501 844 531 donec

42 550 138 579 garet.
153 544 262 572 Falsum
283 545 308 573 id
325 553 442 581 quoque,
457 553 520 573 nam
540 546 647 577 etiamsi
670 553 745 574 certo
762 556 844 582 nega-

43 595 129 620 turus
147 592 238 623 fnorit,
254 592 338 626 potuit
359 598 446 619 tamen
466 600 518 622 non
545 599 653 626 negare.
670 593 769 620 Ibidem
788 593 839 620 Pe-

42 642 122 664 trum
153 647 163 663 l
183 638 338 665 derelictum
359 648 368 663 ι
395 637 478 666 fuisse
500 639 601 666 sciscit.
628 649 636 665 ι
653 639 685 666 Ει
704 639 843 674 quoniam,

40 681 151 716 inquit,
183 691 235 709 non
255 683 339 710 solum
358 683 573 715 inconsiderate,
603 685 649 711 sed
672 691 740 719 pene
760 684 841 712 etiam

41 729 132 762 impie
149 729 233 755 dixit:
248 729 303 755 Etsi
315 737 402 756 omnes
418 730 592 756 scandalizati
601 730 699 763 fuerint
710 731 735 757 in
749 736 782 765 te,
793 739 839 765 ego

40 784 99 802 non
110 775 313 803 scandalizabar
321 776 355 809 “,
366 784 415 804 nec
429 777 553 812 cogitans
565 776 698 804 lubricam
716 782 839 804 naturam

42 821 209 853 humanam,
227 828 352 856 magnum
378 821 489 856 protulit
509 822 620 849 verbum
638 830 644 849 :
665 822 725 849 ideo
742 829 792 849 nec
809 822 841 848 ad

40 867 189 893 modicum
212 872 253 893 est
268 866 424 899 derelictus,
447 872 478 894 ut
494 868 597 895 scilicet
621 867 779 903 denegaret,
797 867 838 896 vel
858 872 878 899 Β

40 912 133 940 semel
147 912 295 947 denegaret
309 921 316 944 ;
329 913 375 940 sed
389 913 567 942 abundantius
585 914 791 948 derelinquitnr,
810 918 838 940 ut

41 964 89 986 ter
112 960 271 996 denegaret.
294 970 304 986 ι
326 959 652 996 Subjuugitpostmodum
676 961 774 988 melius
786 961 837 988 sibi

39 1006 237 1034 consulturum
268 1006 350 1034 fuisse
376 1006 504 1039 Petrtnn,
527 1007 548 1034 si
573 1012 714 1042 perspecta
737 1012 840 1034 natura:

41 1053 176 1080 humana
190 1053 392 1086 imbecillitate,
407 1061 466 1088 (ιιιπ³
491 1058 587 1088 suapte
610 1054 633 1080 vi
654 1059 680 1081 et
706 1054 838 1086 industria

39 1099 150 1127 Christi
176 1107 273 1126 nomen
299 1099 420 1134 profiteri
451 1107 621 1136 nequaquam
648 1105 748 1135 potest,
777 1108 853 1129 eum.

39 1149 165 1178 orasset,
182 1150 211 1173 ut
224 1146 406 1174 necessariam
423 1147 456 1174 ad
476 1147 501 1174 id
523 1147 639 1181 gratiam
663 1147 714 1173 sibi
729 1146 838 1175 confer-

41 1197 97 1219 ret.
111 1190 220 1226 Optime
235 1191 260 1219 id
271 1192 444 1226 quidem,sed
457 1193 552 1220 vitiosa
561 1197 623 1219 sunt
639 1200 699 1227 quae
719 1201 839 1227 sequun—

41 1243 91 1267 tur
109 1249 116 1266 :
135 1247 145 1264 ι
164 1237 220 1266 Nec
252 1238 337 1270 enim,
359 1238 457 1273 inquit,
492 1242 597 1273 poterat
628 1238 686 1266 fieri
718 1245 746 1266 ut
768 1239 837 1267 facta

41 1284 261 1318 interrogatione
273 1284 406 1319 potuisset
422 1283 512 1311 dicere
535 1283 675 1311 Dominum
697 1283 790 1312 Jesnm
808 1285 835 1312 in

40 1329 148 1364 Spiritu
164 1335 270 1362 sancto.
282 1335 328 1357 aut
340 1329 482 1358 confessus
507 1329 615 1363 fuisset,
637 1339 698 1357 cum
721 1330 836 1366 Spiritus

39 1380 156 1405 sanctus
170 1376 288 1403 nomium
306 1375 401 1404 fni~sct
429 1377 517 1404 datus.
537 1386 546 1402 ι
562 1377 652 1411 Atque
678 1379 734 1404 haec
755 1378 837 1405 αὺτο-

38 1419 118 1453 1562).
130 1421 228 1455 repetit
243 1420 355 1448 inferius
372 1429 446 1448 num.
460 1421 520 1454 114,
538 1430 599 1457 pag.
618 1422 680 1455 91‘2,
695 1428 722 1450 et
739 1431 835 1451 novqu

40 1469 157 1501 insuper
174 1467 269 1501 dogma
291 1467 433 1501 congerit:
457 1477 466 1493 σ
493 1468 681 1495 Abundantius
709 1469 836 1498 conside-

40 1518 138 1540 rantes
163 1513 235 1540 Petri
262 1514 449 1548 negationem,
470 1514 584 1542 dicimus
610 1516 738 1549 quoniam
758 1524 833 1543 nemo

39 1564 126 1593 potest
139 1558 227 1585 dicere
244 1558 383 1586 Dominum
396 1558 554 1591 Jesum,nisi
576 1560 602 1587 in
616 1560 715 1594 Spiritu
731 1566 832 1593 sancto,

39 1606 113 1637 sicut
124 1605 221 1632 Paulus
235 1612 283 1632 nos
299 1605 425 1632 docet":
440 1611 463 1632 et
476 1606 591 1633 nondum
606 1612 662 1633 erat
675 1612 738 1633 tunc
749 1607 774 1634 in
787 1607 836 1637 ho-

40 1651 163 1688 minibus
172 1651 286 1685 Spiritus
295 1658 413 1684 sanctus,
422 1653 544 1687 quoniam
559 1652 636 1680 Iesus
647 1654 761 1682 nomium
778 1653 836 1687 [ue-

40 1702 83 1724 rat
107 1698 309 1733 honot'iﬁctttus,
330 1700 400 1725 sicut
422 1698 487 1725 dicit
509 1698 626 1725 Joannes
640 1699 673 1725 '3.
689 1699 834 1733 Propterea

40 1751 96 1771 non
116 1749 178 1771 erat
195 1743 330 1778 possibile,
347 1751 433 1780 neque
450 1744 525 1771 illum
541 1744 620 1771 talem
639 1744 747 1772 Petrum
770 1751 835 1775 tunc

38 1788 134 1815 Jesnm
151 1789 288 1820 conﬁteri,
297 1797 345 1816 nec
355 1794 444 1817 tamen
457 1790 693 1824 reprehendendus
707 1798 759 1818 non
769 1798 835 1818 con-

42 1835 121 1863 fitens
137 1834 241 1863 Jesum.
258 1835 390 1868 Quoniam
405 1836 438 1863 ad
455 1836 615 1864 confitentes
638 1836 735 1864 dicitur
750 1846 757 1864 :
773 1836 834 1864 Non

39 1883 103 1909 estis
115 1890 159 1908 vos
171 1882 216 1917 qui
228 1882 377 1916 loquimini,
395 1883 441 1910 sed
459 1882 575 1916 Spiritus
588 1882 679 1910 Patris
695 1884 772 1910 vestri
789 1883 835 1919 qui

39 1928 159 1963 loquitur
178 1929 206 1954 in
219 1929 290 1955 vobis
299 1929 331 1955 νδ.
342 1928 397 1956 Νοιι
417 1933 520 1960 autent,
532 1935 592 1955 cum
608 1929 643 1955 sit
656 1933 752 1962 potens
770 1927 834 1962 Spi-

41 1976 109 2002 ritus
135 1975 180 2002 ille
205 1975 293 2002 Patris
320 1975 408 2005 nostri
423 1976 495 2010 loqui
520 1975 546 2002 in
566 1976 658 2008 nobis,
683 1981 709 2002 et
729 1984 790 2003 cum
806 1976 833 2003 itt

40 2026 133 2048 nostra
165 2022 202 2048 sit
226 2027 359 2055 potestate
383 2022 474 2049 locum
496 2022 562 2049 dare
578 2022 603 2049 in
627 2022 705 2050 nobis
719 2023 833 2057 Spiritui

38 2072 148 2098 sancto,
166 2073 193 2094 et
205 2075 258 2094 nou
280 2067 400 2099 diabolo,
417 2067 440 2094 si
462 2067 697 2102 denegaverimus,
717 2075 832 2094 excusa-

39 2115 142 2140 tionem
174 2113 256 2140 ullam
275 2113 444 2141 habebimus.
468 2122 478 2139 ι
495 2113 535 2140 Ac
562 2114 688 2147 primunt,
704 2112 774 2147 quod
797 2113 834 2140 ait

38 2158 201 2191 derelictum
230 2157 312 2185 fuisse
334 2157 453 2188 Petrum,
470 2166 525 2186 non
550 2165 604 2185 ιιιιο
623 2158 702 2185 modo
720 2157 831 2193 intelligi

38 2209 146 2239 potest;
161 2211 222 2230 nam
239 2204 278 2232 vel
292 2204 364 2231 omni
380 2205 475 2239 gratim
501 2204 648 2238 cujuslibet
664 2204 765 2234 auxilio
784 2206 831 2231 de-
850 2216 872 2243 ο

37 2250 163 2278 stitutum
179 2249 262 2277 fuisse
274 2250 341 2281 vult.
355 2250 432 2285 cujus
443 2250 536 2285 gratia:
549 2257 611 2284 ope,
625 2255 716 2284 spreto
733 2250 829 2278 mortis

38 2301 145 2324 terrore
158 2296 295 2323 Christum
317 2301 410 2331 aperte
434 2296 554 2325 confiteri
579 2296 732 2330 potuisset;
748 2300 830 2331 atque

37 2343 101 2370 huic
110 2342 254 2372 sententiae
266 2350 328 2370 cuin
344 2341 457 2369 solemni
471 2349 558 2369 saera}
572 2340 709 2371 facultatis
728 2341 830 2368 theolo-

36 2389 104 2424 gicae
123 2388 287 2419 Parisiensis
312 2388 421 2416 decreto
445 2387 622 2418 temeritatis,
638 2387 787 2421 impietatis
804 2391 832 2414 et

37 2436 173 2462 hereseos
196 2438 258 2461 nota
278 2434 365 2461 inusta
387 2434 432 2466 sit,
461 2441 532 2461 anno
550 2432 632 2464 1656,
654 2432 830 2460 temerarium

35 2488 146 2515 quoque
158 2485 270 2507 essetet
286 2480 395 2514 impium
409 2480 461 2509 ulla
476 2487 535 2506 eam
551 2478 724 2506 cavillatione
738 2482 765 2505 et
783 2485 830 2505 ar-

36 2530 165 2560 gumento
179 2525 249 2552 tueri
265 2533 272 2551 :
287 2525 328 2552 vel
341 2525 366 2552 ei
378 2525 495 2553 defuisse
510 2528 603 2552 censet
612 2532 668 2550 ιιοιι
683 2523 829 2550 vehemen—

36 2576 89 2598 tem
107 2571 195 2598 solum
208 2570 280 2597 illam
297 2571 342 2598 Dei
368 2570 572 2605 aspirationem,
590 2574 617 2597 et
629 2569 748 2596 diVinam
762 2568 827 2603 Οερ-

37 2617 152 2653 μότητα,
165 2625 217 2652 qua
236 2616 405 2651 itnpulsusiu
423 2617 525 2644 medios
542 2623 601 2643 Sese
622 2615 719 2643 fluctus
732 2615 830 2650 praeei-

36 2664 180 2697 pitaverat.
195 2668 224 2690 et
244 2663 389 2690 satellitum
418 2667 534 2689 turmam
560 2663 656 2689 stricto
668 2661 760 2696 gladio
781 2668 829 2695 pro

35 2710 145 2736 Christo
157 2713 311 2736 certaturus
326 2709 479 2743 invaserat,
498 2708 544 2735 sed
565 2708 659 2743 gratiae
676 2709 758 2735 etiatn
773 2706 829 2734 elli-

36 2756 107 2783 cacis
121 2755 271 2784 auxilium:
289 2760 370 2789 atque
384 2754 409 2781 id
423 2758 497 2781 recte
515 2759 541 2781 et
556 2753 690 2780 catholice
707 2753 760 2780 dici
779 2760 828 2786 po-

69 2848 91 2864 "
107 2848 200 2875 .llattb.
218 2847 336 2879 unﬁt
372 2846 393 2862 "
411 2847 487 2879 ibid”
500 2847 544 2873 55.
585 2847 606 2862 ¹¹
631 2845 640 2872 l
656 2846 717 2874 Cor.
738 2854 793 2879 xu,
812 2847 837 2874 '5.

899 222 967 249 falso
988 222 1125 251 concludit
1147 230 1284 250 nenunem
1305 223 1426 258 potuisse
1446 225 1536 253 dicere
1550 225 1693 254 Dominum

897 267 989 295 Jesum
1005 268 1032 297 iu
1047 267 1148 303 Spiritu
1164 273 1257 296 sancto
1270 276 1278 301 ;
1289 270 1413 304 quamvis
1423 271 1494 298 enim
1509 271 1628 300 nondum
1643 272 1694 299 da-

899 317 942 340 tus
957 313 1049 341 l'nissrt
1076 314 1196 350 Spiritus
1219 320 1331 342 sanctus
1345 315 1419 351 larga
1447 315 1492 343 illa
1518 321 1546 344 et
1572 317 1692 345 mirabili

898 359 1038 393 missione,
1056 368 1108 394 qua
1128 359 1258 395 apostolis
1277 360 1383 389 infusus
1404 366 1447 388 est
1474 363 1499 388 in
1519 362 1692 394 Pentecoste,

897 405 976 432 datus
992 411 1079 432 tanien
1095 406 1183 432 fuerat
1197 406 1251 432 alio
1269 407 1349 434 modo
1362 406 1519 442 virisjustis
1531 413 1594 435 ante
1614 408 1692 436 Chri-

896 451 931 479 sti
944 456 1046 485 ortum,
1064 457 1091 478 et
1120 452 1182 479 dum
1201 452 1274 479 inter
1299 453 1423 481 homines
1447 459 1557 489 ageret,
1573 460 1601 482 et
1618 460 1692 490 post-

895 505 976 532 quam
990 498 1016 526 in
1039 498 1138 526 ctrlum
1157 506 1187 525 se
1209 499 1321 535 recepit.
1345 499 1478 530 Praiclara
1492 505 1534 528 est
1547 501 1689 535 Augustini

896 543 930 570 de
944 551 974 570 ea
1003 551 1033 571 re
1056 544 1213 573 dissertatio
1243 548 1352 571 tractat.
1388 553 1462 572 xxxu
1485 547 1512 572 in
1538 545 1631 580 Joan.,
1646 546 1690 574 ubi

895 588 1013 616 ostendit
1023 589 1086 623 quid
1109 594 1275 623 postremam
1295 589 1365 617 hanc
1388 590 1459 617 inter
1473 590 1591 624 Spiritus
1603 591 1690 618 sancti

897 633 1055 662 missionem
1081 634 1203 669 aliasque
1214 636 1387 669 superiorum
1407 641 1558 670 temporum
1572 636 1689 664 intersit.

896 679 979 714 Igitur
1002 687 1062 707 cum
1079 681 1217 708 Christum
1245 681 1354 715 negavit
1377 681 1484 713 Petrus,
1503 682 1554 709 etsi
1573 683 1690 709 nonduin

894 719 974 754 datus
990 727 1084 761 fuisset
1106 727 1229 763 Spiritus
1242 734 1353 756 sanctus
1371 729 1485 756 solemni
1506 729 1551 756 illa
1568 735 1595 756 et
1611 737 1690 763 aspc-

894 772 984 799 ctabili
1001 773 1129 800 missione
1145 782 1205 808 quae
1218 774 1243 800 in
1260 773 1421 801 Pentecoste
1431 775 1689 809 contigit,suppete-

894 818 941 845 bat
953 818 1002 853 ipsi
1018 824 1108 847 tamen
1124 821 1211 854 gratia
1231 821 1333 853 divina,
1349 829 1397 855 per
1419 822 1550 854 Spiritum
1564 827 1688 848 sanctum

892 869 1012 900 erogata,
1030 873 1082 900 qua
1097 866 1236 893 Christum
1249 867 1372 902 neglecto
1393 869 1487 895 mortis
1504 869 1625 902 periculo
1640 876 1689 901 po-

893 915 962 938 tet-at
979 911 1110 945 proﬁteri.
1125 911 1202 939 Ferri
1215 920 1281 948 ergo
1298 921 1352 940 non
1379 919 1468 948 potest
1482 914 1555 948 quod
1574 915 1688 949 subiicit

891 957 1022 995 Origenes
1044 969 1050 986 :
1071 969 1080 985 ι
1100 960 1247 996 Propterea
1278 969 1330 988 non
1354 966 1414 989 erat
1440 963 1584 997 possibile,
1600 970 1688 998 neque

892 1005 967 1032 illum
980 1006 1059 1035 talem
1072 1006 1180 1035 Petrum
1194 1012 1258 1034 tunc
1271 1007 1364 1035 Jesuui
1381 1008 1518 1040 conﬁteri,
1534 1016 1584 1036 nec
1594 1013 1684 1037 tamen

891 1052 1132 1086 reprehendendus
1144 1057 1203 1080 erat
1221 1061 1273 1080 non
1299 1055 1432 1081 confitens
1445 1054 1544 1082 .lcsnm.
1567 1063 1576 1080 ι
1600 1054 1656 1082 Nec
1670 1064 1685 1083 ιι

889 1097 970 1126 Petro
985 1098 1071 1126 solum
1088 1103 1150 1126 tunc
1167 1099 1286 1127 abfuisse
1302 1105 1379 1134 putat
1393 1100 1524 1135 Spiritum
1541 1106 1665 1128 sanctum
1676 1120 1684 1134 ,

890 1144 938 1172 sed
947 1143 1066 1175 adfuisse
1077 1145 1160 1172 etiam
1174 1145 1300 1180 spiritum
1314 1145 1432 1180 Spiritus
1445 1146 1524 1180 hujus
1534 1147 1685 1180 inimicum,

888 1195 969 1223 quem
984 1188 1019 1216 iis
1034 1189 1190 1224 impertitur
1207 1190 1287 1223 Deus,
1306 1198 1376 1225 quos
1396 1199 1449 1226 ope
1471 1200 1519 1218 sua
1543 1191 1686 1220 sublevare

889 1234 955 1267 vult,
975 1234 1053 1262 docet
1083 1235 1154 1262 idem
1185 1240 1249 1263 ιοιιι.
1277 1245 1315 1263 ιιι
1347 1237 1374 1264 in
1402 1237 1512 1269 .llattlt.,
1538 1246 1612 1265 num.
1637 1237 1684 1271 40,

889 1288 949 1316 pag.
966 1281 1031 1310 560,
1047 1281 1112 1309 561.

923 1326 1005 1354 XXII.
1020 1326 1212 1354 Verumtamen
1241 1327 1303 1355 licet
1328 1327 1476 1364 aliquando
1502 1329 1601 1358 divinis
1631 1338 1684 1358 non

889 1379 967 1406 posse
984 1374 1118 1400 mandatis
1136 1373 1318 1409 obtemperari
1343 1375 1455 1402 definire
1471 1376 1544 1403 visus
1560 1377 1606 1409 sit,
1617 1384 1684 1404 con~

889 1419 1002 1447 trarium
1028 1425 1116 1447 tamen
1145 1421 1245 1447 occinit
1262 1422 1334 1448 hom.
1348 1422 1364 1449 9
1385 1422 1412 1448 in
1432 1421 1526 1454 Iosue,
1549 1430 1624 1451 num.
1640 1423 1681 1451 9:

891 1473 900 1490 ι
917 1465 1024 1498 Aulion,
1049 1465 1143 1501 inquit,
1164 1467 1211 1494 tibi
1233 1467 1340 1494 videtur
1355 1468 1424 1494 inter
1441 1469 1568 1496 "mlieres
1591 1468 1685 1495 existi-

889 1512 1004 1539 nmndus
1020 1511 1064 1540 ille
1080 1512 1132 1545 vir,
1147 1513 1192 1547 qui
1211 1513 1278 1540 dicit
1298 1521 1305 1538 :
1319 1512 1378 1540 Non
1403 1521 1512 1548 possum
1534 1515 1684 1543 observare

887 1566 948 1592 quae
963 1559 1066 1594 scripta
1083 1564 1156 1591 sunt,
1173 1561 1289 1587 vendere
1303 1567 1364 1594 qua:
1378 1561 1476 1593 habeo,
1492 1566 1520 1588 et
1532 1562 1597 1588 dare
1614 1561 1683 1596 pau-

885 1605 995 1639 peribus
1009 1612 1060 1633 non
1077 1613 1232 1640 passuum...
1245 1612 1343 1634 cietera
1361 1607 1461 1635 similia
1476 1616 1537 1642 qua:
1551 1608 1683 1637 mandan-

888 1654 940 1681 tur,
955 1651 999 1685 qui
1017 1651 1081 1678 dicit
1097 1651 1209 1686 implere
1221 1659 1273 1678 non
1292 1659 1412 1686 possum,
1429 1653 1492 1687 quid
1510 1653 1557 1680 tibi
1574 1654 1683 1680 videtur

887 1695 970 1728 aliud,
986 1704 1066 1730 quam
1082 1697 1152 1723 inter
1165 1697 1301 1728 mulieres,
1312 1705 1371 1732 qute
1386 1698 1450 1724 nihil
1465 1699 1543 1726 virile
1557 1704 1681 1733 possunt,

886 1749 946 1768 csse
971 1743 1154 1769 nuuterandus
1175 1742 1187 1769 ?
1203 1751 1212 1768 I
1244 1747 1270 1770 et
1287 1748 1352 1770 ιοιιι.
1369 1751 1414 1770 xw
1433 1745 1461 1770 in
1478 1744 1590 1776 Mattk.,
1605 1753 1681 1772 ιιιιιιι.

884 1785 930 1818 25,
947 1792 974 1813 et
993 1792 1059 1814 tom.
1082 1795 1126 1818 xv,
1149 1795 1224 1814 num.
1245 1787 1273 1821 5,
1292 1795 1511 1823 unumquemque
1536 1790 1602 1816 dicit
1628 1791 1681 1817 im-

885 1838 960 1866 petra
967 1839 994 1859 re
1008 1839 1088 1866 posse
1103 1840 1116 1858 a
1130 1833 1184 1860 Deo
1199 1835 1298 1860 donmn
1315 1834 1459 1867 castitatis,
1481 1835 1681 1868 quamvis‘uni-

885 1879 983 1914 cuique
997 1887 1156 1908 concessum
1173 1889 1226 1909 non
1253 1882 1299 1908 sit.
1325 1881 1466 1916 Repugnat
1486 1887 1617 1916 praeterea
1637 1891 1681 1911 stt-

885 1933 932 1960 pra
949 1933 965 1952 a
986 1925 1064 1953 nobis
1078 1933 1226 1960 expensum
1252 1928 1361 1962 dogma,
1381 1935 1436 1961 quo
1454 1927 1544 1961 iustos
1563 1928 1680 1962 ἀπαθεῖς

885 1979 946 1999 esse
966 1971 1069 2003 tradit;
1085 1979 1146 1998 nam
1164 1980 1226 1999 cum
1247 1980 1280 2000 ex
1301 1974 1384 2000 variis
1400 1974 1573 2007 testimoniis,
1586 1975 1681 2009 ipsius-

885 2024 937 2052 que
959 2017 1039 2044 etiam
1064 2016 1220 2052 Hieronymi
1238 2019 1404 2048 auctoritate
1430 2021 1637 2054 probaverimus
1651 2021 1677 2048 in

889 2063 942 2093 hoc
971 2065 1081 2097 errore}
1092 2069 1227 2091 versatum
1255 2064 1421 2100 Origent-m,
1437 2067 1571 2100 quomodo
1601 2066 1678 2094 alteri

886 2109 958 2142 huic,
975 2117 1055 2145 quem
1070 2109 1274 2145 investigamus,
1286 2111 1427 2139 adluerere
1441 2113 1538 2147 potuit,
1550 2112 1677 2140 mandata

886 2155 932 2183 Dei
958 2156 1049 2183 omnia
1073 2163 1107 2183 ne
1133 2157 1176 2182 vix
1197 2157 1306 2191 quidem
1327 2159 1431 2185 servari
1455 2160 1559 2194 posse?
1575 2167 1637 2186 nam
1654 2160 1677 2186 si

885 2203 988 2230 servari
1005 2203 1132 2229 mandata
1148 2210 1201 2230 non
1218 2208 1341 2237 possunt,
1351 2211 1430 2230 nemo
1441 2211 1530 2239 potest
1542 2205 1678 2234 mattdatis

886 2256 938 2274 non
951 2247 1095 2283 refragari,
1112 2256 1145 2276 ac
1158 2256 1237 2279 nemo
1247 2249 1361 2283 proinde
1373 2254 1462 2283 potest
1478 2258 1530 2278 non
1549 2259 1676 2286 peccare.

884 2294 950 2327 Qua:
968 2301 1028 2321 cum
1043 2302 1075 2321 ex
1102 2295 1216 2321 adverso
1236 2295 1358 2329 opposita
1383 2303 1446 2324 esse
1462 2297 1617 2329 videantur,
1635 2299 1678 2325 sic

884 2341 1029 2369 conciliata
1048 2340 1081 2368 ab
1103 2341 1149 2367 illo
1168 2340 1255 2370 fuisse
1275 2342 1414 2375 suspicor,
1436 2342 1553 2374 ἀπειθεῖς
1567 2345 1676 2379 quidem

884 2392 944 2414 esse
967 2386 1055 2420 justas
1081 2386 1204 2414 homines
1223 2394 1256 2414 ac
1278 2387 1434 2421 perfectos,
1455 2395 1535 2422 posse
1557 2396 1605 2416 eos
1622 2398 1676 2419 non

886 2439 1011 2466 peccare,
1029 2433 1128 2459 divinis
1144 2432 1246 2467 legibus
1263 2440 1359 2467 parere
1375 2441 1453 2467 posse
1469 2443 1477 2467 ;
1493 2434 1615 2469 reliquos
1630 2444 1677 2463 ve-.

887 2470 917 2504 ro
930 2478 1052 2506 homines
1068 2483 1201 2512 praecepta
1218 2479 1309 2510 omnia
1320 2486 1430 2506 servare
1443 2487 1495 2506 non
1511 2487 1677 2514 posseznam

887 2533 896 2549 ι
911 2523 974 2550 ίΙΙιιιΙ
984 2523 1110 2558 Origenis
1122 2524 1259 2558 proprium
1270 2534 1280 2550 ›
1291 2524 1372 2552 fuisse
1382 2525 1490 2552 tradidit
1499 2525 1677 2562 Hieronymus

884 2576 999 2604 promtu.
1013 2569 1116 2605 Dialog.
1128 2570 1230 2597 advers.
1248 2570 1370 2606 Pelag.,t
1389 2572 1556 2606 impossibile
1574 2578 1616 2602 est
1626 2573 1676 2601 hu-

885 2623 992 2642 tnanam
1009 2623 1023 2641 a
1042 2616 1176 2651 principio
1193 2624 1279 2652 usque
1295 2618 1328 2647 ad
1355 2622 1468 2645 mortem
1484 2626 1538 2646 non
1563 2627 1676 2653 peccare

883 2665 1009 2691 naturam
1026 2670 1033 2688 :
1048 2666 1076 2688 et
1092 2670 1202 2691 rursum
1222 2670 1282 2690 esse
1299 2664 1439 2698 possibile,
1453 2672 1514 2692 cum
1530 2672 1559 2692 se
1577 2665 1676 2699 aliquis

883 2708 917 2734 ad
936 2706 1047 2734 meliora
1059 2708 1238 2742 converterit,
1250 2709 1282 2735 ad
1295 2713 1398 2736 tantam
1413 2709 1598 2738 fortitudinem
1613 2718 1674 2745 pcr-

881 2752 987 2786 venire,
1000 2757 1028 2780 ut
1043 2752 1112 2780 ultra
1131 2760 1244 2787 peccare
1261 2762 1313 2782 non
1328 2756 1424 2790 possit.
1438 2765 1448 2782 ι
1460 2756 1569 2784 Petrum
1582 2761 1672 2785 autem

878 2845 991 2883 ".loan.
1010 2853 1064 2880 vu,
1087 2846 1130 2874 59.
1169 2847 1192 2863 ’³
1211 2846 1306 2874 Matth.
1320 2856 1348 2881 tt,
1365 2848 1408 2876 20.
