1912 3079
212 129 265 159 983

852 126 883 155 Ρ.
903 124 1062 154 DANlEldS
1078 122 1195 151 llUETll

1805 120 1861 148 90b

212 189 254 217 vel
267 189 384 216 nondum
401 188 484 214 fuisse
499 186 773 222 perl’cetumccnsuit,
784 194 844 214 cum
862 185 1001 214 Christum
1018 187 1041 215 Α
1055 188 1093 216 to,
1113 190 1175 210 cum
1194 182 1253 210 sine
1276 181 1404 216 operibus
1416 179 1502 208 otiosa
1518 185 1560 207 est
1577 179 1660 212 ﬁdes;
1678 178 1748 205 adeo
1765 183 1799 204 ut
1822 179 1859 205 ita

213 236 342 272 negavit;
358 239 469 268 accepto
493 240 584 260 autem
611 238 705 261 sancto
722 233 825 268 Spiritu
844 233 928 260 fuisse
942 240 1005 268 per—

215 283 312 309 lectum
328 286 353 308 et
369 280 475 315 ἀπαθῆ,
490 280 530 306 vel
548 284 659 315 propter
674 279 810 306 ﬁrmatam
826 278 1005 314 jurejurando

213 323 314 352 Christi
330 323 549 350 vaticinationem
564 323 597 350 de
611 323 701 350 futuro
713 323 798 358 ipsius
810 328 1005 358 peccato,pec-

213 374 302 396 catqu
317 370 402 397 vitare
419 377 472 396 non
492 370 622 404 potuisse.
633 369 710 402 Quod
729 373 819 396 autem
834 369 872 396 ait
887 377 893 395 :
913 378 922 394 ι
935 369 1006 404 Quo-

214 414 285 441 niam
300 422 410 442 necesse
420 419 480 442 erat
492 414 550 441 ﬁcri
565 415 636 450 qttod
651 415 808 450 praedictum
818 420 899 442 erata
911 415 1002 446 .lesu,»

215 460 249 486 ab
267 459 416 494 interprete
449 459 600 494 profectum
627 459 711 487 fuisse
739 465 842 495 putem,
866 468 927 487 tiam
943 461 1005 487 Ori-

215 513 298 541 genes
316 511 381 534 tom.
397 514 425 532 ιιι
444 506 590 533 Comment.
613 506 640 532 in
668 505 774 539 Cenes.,
799 514 874 534 num.
897 507 924 539 6,
943 514 1005 541 pag.

219 551 260 582 ll,
287 550 365 577 aliter
393 551 484 577 sentit.
514 550 600 578 Verba
624 549 683 584 ejus
697 555 758 577 sunt
779 559 786 578 :
807 550 844 577 Οὐ
869 550 922 586 γὰρ
944 551 1006 577 ἐπεὶ

215 596 470 630 ἔγνωτται,γῖνεται
481 605 487 611 ·
497 596 554 623 ἀλλ’
569 596 630 622 ἐπεὶ
650 596 771 630 γίνεσθαι
787 596 910 632 ἔμελλεν,
923 596 1007 632 ἐγνω-

217 649 288 667 σται.
309 641 457 675 Διαστολῆς
478 641 505 667 δὲ
531 640 626 667 δεῖται.
642 641 673 667 El
694 642 743 676 μὲν
763 641 817 677 γὰρ
838 641 878 675 τὸ,
899 642 1007 674 πάντως

215 686 303 717 ἔσται,
320 686 390 713 οὕτω
409 696 450 718 τις
465 686 621 722 ἐρμηνεύει,
640 687 678 718 ὡς
702 687 824 723 ἀνάγκην
842 685 910 714 εἶναι
932 688 1007 722 γενέ-

218 733 279 759 σθαι
294 733 324 759 τὸ
341 733 565 769 προεγνιιημένον
575 753 581 765 ,
605 733 636 759 οὑ
655 732 781 768 διδόαμεν
802 733 876 769 αὐτῷ
887 742 894 749 ·
907 734 937 760 οὐ
953 733 1007 770 γὰρ

217 778 343 814 ἐροῦμεν.
365 779 425 804 ἐπεὶ
452 779 639 814 προέγνωσται
656 779 756 806 Ἰούδαν
780 779 913 816 προδότην
930 780 1007 814 γενέ-

219 825 290 856 σθαι,
301 826 341 851 ὅτι
354 825 427 851 πᾶσα
445 824 550 860 ἀνάγκη
559 822 593 860 ἦν
608 825 708 852 Ἰούδαν
721 826 854 861 προδότην
869 826 1004 860 γενέσθαι,

1056 234 1078 259 si
1106 231 1308 267 intelligendus.
1327 237 1406 266 posse
1421 229 1566 264 aliquando
1586 227 1748 257 hominem,
1761 226 1860 260 qualis

1056 280 1125 307 latro
1143 280 1204 312 fuit,
1218 279 1321 306 Christi
1338 279 1364 305 in
1383 281 1506 305 extremo
1518 275 1653 310 supplicio
1676 274 1858 305 socius.sola

1057 326 1108 353 ﬁde
1120 324 1273 360 iustiﬁcari,
1294 323 1367 351 nullo
1382 323 1463 351 etiam
1489 321 1637 350 accedente
1656 328 1743 356 opere
1758 320 1858 351 bono;

1057 372 1164 405 quando
1179 371 1284 399 scilicet
1301 370 1418 397 faciendi
1433 369 1494 405 ejus
1507 369 1569 396 data
1588 375 1642 396 non
1660 373 1704 395 est
1721 366 1858 398 facultas,

1056 416 1098 443 Vel
1116 415 1243 444 occasio:
1266 425 1275 442 ε
1297 415 1404 443 Initium
1432 412 1703 449 namquejnstilicari
1719 419 1736 439 a
1752 411 1827 444 Deo,
1846 421 1856 437 ι

1055 462 1186 498 Origenes
1201 461 1249 490 lib.
1261 469 1286 489 tv
1303 465 1444 496 sequente,
1457 468 1532 489 num.
1546 461 1572 491 l,
1585 466 1646 494 pag.
1667 458 1734 489 59.5,
1752 468 1763 484 ‹
1788 457 1859 484 ﬁdes

1055 514 1097 536 est
1114 517 1172 542 qua:
1195 507 1284 535 credit
1304 507 1331 534 in
1351 506 1609 542 justillcantem:et
1624 505 1683 532 haec
1705 504 1776 530 ﬁdes
1792 510 1857 530 cum

1053 555 1199 590 justificata
1221 554 1312 587 fuerit,
1322 557 1450 588 tauquam
1461 552 1537 579 radis
1549 552 1635 578 imbre
1647 554 1781 584 suscepto
1799 548 1858 576 ha:—

1056 602 1139 629 retin
1159 600 1257 627 anima:
1278 599 1352 631 solo,
1376 603 1485 626 utcqu
1511 605 1558 631 per
1578 596 1665 631 legem
1694 594 1742 623 Dei
1763 594 1857 622 excoli
1888 608 1892 613 -

1056 647 1181 682 cmperit,
1195 650 1307 680 surgant
1322 646 1348 672 in
1367 652 1398 671 ea
1415 644 1481 671 rami
1495 643 1540 677 qui
1557 643 1661 669 fructus
1680 648 1800 676 operum
1815 640 1857 667 fe-

1056 699 1127 720 rattt.
1136 691 1192 720 Non
1205 699 1271 727 ergo
1283 699 1316 719 ex
1329 690 1456 726 operibus
1471 690 1544 716 radix
1559 688 1683 722 iustitiae,
1696 687 1743 715 sed
1758 694 1796 714 et
1812 695 1858 713 ra-

1055 739 1117 766 dice
1128 738 1241 773 iustitia:
1259 737 1364 764 fructus
1377 744 1489 771 operum
1505 735 1612 766 crescit,
1626 744 1635 759 ι
1653 738 1682 760 et
1701 732 1787 768 paulo
1807 741 1857 759 su-

1056 785 1146 818 perins
1160 791 1220 818 pag.
1244 782 1296 810 52‘}
1312 791 1317 808 :
1336 791 1345 807 ε
1361 781 1420 808 Jam
1435 789 1500 808 sane
1511 779 1696 807 consid‘rabis
1710 798 1718 810 ,
1735 778 1757 805 si
1778 783 1809 804 ιιι
1823 777 1858 804 de

1058 828 1109 854 ﬁde
1122 828 1221 854 dictmn
1236 831 1288 859 est,
1298 826 1360 861 quia
1373 831 1522 859 reputatum
1537 829 1573 851 est
1589 824 1613 850 ei
1627 823 1662 849 ad
1672 822 1812 857 justitiam
1821 822 1856 850 ’⁸.

219 870 364 903 Sequentia
375 879 481 905 quoque
498 870 592 901 eodem
605 870 908 899 faciunt.Commodatu
924 873 1006 899 ctiam
1024 869 1045 896 Β
1059 876 1094 901 ita
1121 879 1149 901 et
1166 874 1199 901 de
1223 874 1284 900 aliis
1309 873 1455 899 virtutibus
1477 870 1531 898 dici
1552 870 1649 904 possit,
1673 870 1752 903 quia,
1775 869 1855 895 verbi

219 917 365 943 admittunt
384 917 592 950 explicationem
620 924 680 950 qnte
702 918 823 944 subnexa
843 922 907 944 sttnt
922 918 948 944 in
961 925 1008 945 eo—

219 961 279 988 dem
293 960 487 991 Commentario
501 961 527 987 in
540 961 703 994 Matt/imum,
721 965 829 988 tractat.
840 969 921 991 xxxv.
933 969 1007 988 ntttu.

219 1007 264 1040 88,
293 1014 354 1041 pag.
379 1007 443 1039 90l,
474 1007 530 1034 lieri
557 1015 609 1034 non
635 1009 756 1041 potuisse
783 1013 811 1035 ut
836 1008 931 1034 Petrus
957 1015 1008 1034 non

221 1058 356 1087 peccaret,
375 1058 517 1087 postquam
537 1053 697 1079 vaticinium
721 1060 798 1079 suum
817 1053 1008 1088 jurejurando,

221 1099 312 1132 Amm,
328 1098 453 1126 Christus
466 1098 650 1125 continuavit.
662 1099 728 1126 Nam
739 1098 780 1129 τὸ,
792 1099 852 1133 fieri
860 1107 948 1132 posse,
961 1099 1011 1124 du-

221 1144 283 1178 plici
294 1145 373 1171 modo
387 1145 532 1171 enuntiare
549 1144 644 1172 Gnece
657 1145 745 1180 potttit
762 1144 893 1180 Origenes
907 1141 969 1178 οἶόν,
980 1153 1010 1171 τε

221 1187 302 1223 εἶναι,
321 1195 349 1217 et
360 1190 472 1217 δυνατὸν
485 1188 569 1217 εἶναι·
591 1198 706 1225 quorum
727 1191 802 1226 prior
817 1190 937 1218 excludit
961 1198 1011 1218 ne-

222 1237 388 1268 cessitatem,
415 1240 442 1262 et
472 1243 532 1262 cum
556 1235 683 1263 libertate
710 1235 743 1263 ad
765 1235 907 1270 opp0sita,
923 1239 952 1262 ut
974 1235 1013 1262 lo-

222 1285 343 1314 quuntur
373 1280 530 1311 consentit;
559 1279 692 1314 posterior
720 1286 787 1306 vero
822 1279 1011 1307 necessitatem

223 1327 348 1359 includit,
363 1332 390 1354 et
405 1327 559 1354 libertatcnt
576 1326 708 1353 excludit.
722 1326 910 1354 Distinctionis
933 1326 1013 1361 hujus

224 1378 411 1407 argumentum
424 1380 533 1399 arcesso
545 1380 560 1399 e
578 1372 638 1399 libr.
663 1380 680 1399 Il
698 1378 788 1398 contra
804 1371 919 1403 Celsum,
938 1381 1012 1400 tttttn.

225 1420 269 1448 18.
290 1419 334 1446 ubi
352 1420 392 1446 sic
407 1419 440 1446 de
456 1419 576 1452 ejusdem
599 1417 674 1444 Jud:e
698 1418 850 1452 proditione
870 1423 898 1445 et
912 1417 1013 1445 Christi

224 1464 352 1492 vaticiuio
367 1464 484 1498 loquitur
500 1471 506 1489 :
519 1464 574 1499 Οὐχ
584 1463 639 1490 οἷόν
651 1472 680 1489 τε
691 1461 724 1499 ἦν
736 1463 797 1489 οὔτε
816 1463 862 1490 τὸν
876 1463 1014 1498 ἐγνωσμὲ-

224 1519 269 1538 νον
279 1510 317 1542 ὡς
330 1509 509 1546 προδώσοντα.
521 1509 557 1545 μὴ
568 1509 721 1545 προδοῦναι,
730 1508 790 1536 οὔτε
804 1509 849 1535 τὸν
857 1508 1016 1544 ἐλεγχθέντα

224 1556 421 1593 ἀρνησόμενον,
442 1555 479 1591 μὴ
492 1555 674 1591 ἀρνήσασθαι.
699 1555 780 1588 Quasi
797 1555 871 1582 dicas
886 1563 892 1584 :
912 1564 920 1580 ι
934 1554 1015 1581 Nullo
1029 1547 1049 1575 C

227 1602 308 1630 modo
322 1602 441 1628 futurum
455 1607 524 1628 erat.
544 1611 553 1626 ι
574 1602 606 1628 At
619 1602 698 1636 patilo
713 1601 826 1628 inicrius
845 1608 918 1628 rutili.
931 1600 966 1627 20
977 1602 1015 1627 sic

227 1649 309 1676 habet
329 1656 336 1675 :
353 1648 408 1675 Kal.
429 1648 488 1674 ὅλον
498 1656 529 1682 γε
550 1647 628 1674 τοῦτο
645 1649 674 1674 ὲν
686 1649 719 1683 τῇ
740 1647 892 1684 προγνώσει
906 1647 953 1673 τοῦ
973 1647 1016 1673 θε-

226 1694 367 1726 σπίζοντος
385 1695 451 1721 αὐτὸ
466 1694 595 1729 τυγχάνει
613 1694 726 1720 δυνατοῦ
749 1694 824 1726 owe;
847 1694 925 1720 τοῦδέ
944 1702 1016 1725 τινος

225 1740 361 1775 γενέσθαι,
372 1740 448 1766 ἔσται
465 1740 495 1766 τὸ
509 1740 600 1775 ἕτερον
612 1740 700 1766 αὐτῶν
712 1740 743 1766 τὸ
758 1740 785 1766 δέ
798 1749 832 1767 τι.
848 1740 901 1766 Καὶ
917 1740 946 1766 οὗ
965 1748 1016 1773 φα-

228 1786 278 1822 μὲν
294 1787 336 1813 ὃτι
349 1787 363 1812 ὁ
380 1786 576 1821 προγινώσκων
591 1785 697 1820 ὑφελὼν
710 1786 740 1812 τὸ
757 1786 868 1812 δυνατὸν
886 1784 955 1813 εἶναι
971 1795 1017 1819 γε-

226 1831 319 1859 νέσθαι
331 1832 379 1859 καὶ
399 1833 437 1868 μὴ
448 1833 573 1867 γενέσθαι
593 1833 673 1859 οἱονεὶ
687 1832 806 1859 τοιοῦτόν
822 1841 848 1859 τι
858 1832 931 1867 λέγει
942 1841 948 1846 ·
958 1832 1017 1858 165:

227 1877 336 1909 πάντως
346 1877 432 1910 ἔσται,
443 1879 489 1904 καὶ
509 1878 640 1905 ἀδύνατον
654 1878 754 1914 ἑτέρως
768 1877 895 1912 γενέσθαι
905 1886 912 1893 ·
924 1883 952 1905 et
969 1878 1015 1905 lib.

228 1930 266 1950 VII
285 1923 430 1950 Comment.
445 1923 472 1950 in
485 1923 569 1958 Epist.
589 1924 623 1950 ad
636 1923 723 1956 Rom.,
739 1931 812 1952 num.
830 1924 856 1956 8,
874 1931 934 1959 pag.
945 1923 1015 1950 605:

231 1977 242 1995 ι
262 1967 319 1996 Non
332 1976 397 2004 ergo
408 1969 470 2003 quia
487 1969 623 2004 propheta:
635 1970 831 2004 przediaerunt,
842 1970 942 1996 idcirco
956 1977 1018 2004 pro-

229 2015 296 2042 didit
315 2014 400 2042 Judas
421 2023 428 2042 :
445 2015 491 2042 sed
516 2015 578 2050 quia
606 2015 713 2042 futurus
739 2021 813 2043 esset
830 2016 969 2051 proditor,
986 2023 1016 2044 ea

229 2069 288 2095 quae
304 2061 349 2087 ille
369 2068 403 2088 ex
419 2062 548 2096 propositi
562 2062 602 2089 sui
615 2062 735 2096 nequitia
752 2066 876 2096 gesturus
884 2066 942 2088 erat
953 2069 1020 2096 prae-

229 2107 358 2134 dixerunt
375 2107 524 2141 prophetas,
540 2115 601 2133 cttm
619 2107 711 2141 utique
732 2106 816 2134 ludas
836 2107 863 2134 in
886 2112 1019 2142 potestate

231 2153 379 2184 habuisset,
399 2158 428 2180 ut
442 2158 515 2180 esset
536 2154 634 2180 similis
653 2153 733 2180 Petro
751 2158 778 2180 ct
794 2152 890 2180 Joanni
904 2173 912 2185 ,
932 2154 953 2180 si
971 2162 1018 2180 vo-

232 2194 337 2222 luisset.
358 2205 367 2221 »
393 2195 462 2222 llinc
480 2196 547 2222 adeo
567 2205 576 2221 ι
602 2195 682 2230 chis
710 2195 918 2230 possibilitatem
942 2203 1019 2223 asse-

232 2241 319 2268 ruisse
337 2250 347 2267 ι
360 2241 505 2275 Origeoem
528 2226 772 2276 Magdeburgenses
797 2242 940 2277 conquesti
955 2248 1019 2270 sunt
1036 2226 1056 2253 θ

232 2291 305 2313 cent.
325 2294 365 2318 ιιι,
380 2294 440 2322 cap.
451 2287 493 2315 50.

267 2338 361 2366 XXIII.
380 2339 458 2367 Patet
477 2341 558 2368 etiam
577 2342 834 2377 reprehensionibus
858 2342 935 2371 locus
958 2342 1016 2370 Ori-

233 2385 310 2420 genis
328 2393 343 2412 e
358 2385 405 2412 lib.
420 2393 449 2413 ιιι
468 2387 495 2413 in
515 2387 599 2420 Epist.
619 2388 654 2415 ad
673 2388 762 2421 Rom.,
783 2396 857 2415 num.
871 2389 903 2421 9,
918 2389 944 2415 in
963 2396 1017 2423 quo

232 2431 365 2466 exemplis
373 2436 400 2458 et
415 2433 563 2460 rationibus
574 2433 761 2461 demonstrare
777 2434 870 2461 nititur
881 2433 936 2462 sola
955 2434 1017 2466 lidc,

233 2477 334 2511 absque
361 2476 422 2504 ullis
435 2476 561 2510 operibus
575 2478 651 2513 legis.
665 2478 801 2506 hominem
819 2478 921 2513 justum
938 2477 1019 2510 silici,

231 2521 308 2556 juxta
325 2522 390 2549 illttd
406 2522 529 2556 Apostoli
545 2522 624 2550 Rom.
641 2523 778 2556 ut,‘27,28
795 2533 821 2550 ει
841 2523 890 2551 Ubi
903 2530 944 2551 est
956 2531 1020 2559 ergo

233 2568 360 2603 gloriatio
384 2567 527 2596 ?Exclusa
553 2574 606 2596 est.
629 2568 682 2596 Per
703 2577 783 2604 quam
808 2570 893 2605 legem
908 2570 920 2597 τ
938 2570 1021 2597 facto-

235 2622 293 2642 rum
307 2614 319 2641 ?
332 2613 402 2646 Non,
418 2615 465 2642 sed
482 2623 530 2650 per
547 2615 632 2650 legem
659 2615 731 2642 ﬁdei.
754 2615 926 2642 Arbitramur
948 2616 1020 2643 enim

231 2659 374 2694 iustiﬁcari
387 2660 523 2688 hominem
539 2667 587 2695 per
604 2660 694 2690 ﬁdem,
704 2660 764 2688 sine
777 2661 906 2696 operibus
922 2661 1018 2696 legis.»

233 2706 269 2732 At
284 2710 388 2733 certum
402 2711 443 2733 est
455 2711 545 2733 tamen
559 2707 802 2741 dejustilicationis
817 2707 899 2735 initiis
915 2707 951 2734 ibi
965 2708 1021 2735 dis-

233 2757 325 2777 serere
338 2750 554 2785 0rigenem,non
569 2751 602 2779 dc
621 2759 767 2787 progressu
778 2751 838 2787 eius
853 2758 1020 2788 ctaugmen-

269 2837 293 2853 "
311 2837 389 2865 Rom.
405 2846 440 2870 tv,
451 2839 477 2866 3.

1060 920 1157 956 gratia,
1178 919 1364 947 misericordia
1390 917 1536 952 unicuique
1562 915 1680 950 reputari
1704 919 1796 948 potest
1823 914 1857 939 ad

1057 967 1262 1000 justitiam,ant
1285 965 1429 999 sapientia,
1445 968 1491 990 aut
1516 963 1639 994 scientia,
1656 967 1704 988 aut
1730 967 1857 987 mansue-

1061 1014 1135 1046 tudo,
1154 1018 1181 1040 et
1196 1012 1345 1043 humilitas,
1360 1011 1403 1038 vel
1421 1015 1494 1038 certe
1511 1010 1532 1037 si
1552 1009 1626 1036 omni
1643 1007 1766 1035 credenti
1789 1006 1858 1033 lich

1061 1060 1095 1087 ad
1107 1058 1241 1094 justitiam
1255 1061 1408 1092 reputetur.
1425 1066 1434 1082 ι
1449 1056 1517 1083 Tum
1533 1056 1560 1082 in
1578 1054 1653 1081 Rom.
1667 1061 1704 1085 tv,
1719 1053 1765 1084 18.
1778 1060 1855 1079 num.

1061 1106 1088 1139 6,
1105 1112 1165 1140 pag.
1180 1103 1228 1130 531
1246 1110 1252 1127 τ
1274 1113 1284 1129 ι
1304 1102 1372 1130 Ριιιο
1394 1102 1464 1137 quod
1492 1102 1577 1137 prima
1596 1099 1691 1126 salutis
1717 1099 1816 1132 initia,
1828 1105 1846 1125 e

1063 1152 1119 1186 ipsa
1137 1149 1321 1180 fundamenta,
1341 1148 1407 1175 ﬂdes
1433 1151 1475 1175 est
1491 1155 1497 1173 :
1521 1145 1661 1181 profectus
1676 1152 1744 1172 vero
1756 1149 1786 1172 et
1805 1151 1856 1170 an-

1063 1202 1170 1233 gmenta
1184 1195 1290 1223 :edillcii
1302 1215 1310 1227 ,
1325 1203 1387 1230 spes
1407 1199 1449 1221 est
1464 1203 1471 1221 :
1492 1192 1624 1228 perfectio
1639 1196 1731 1218 autem
1747 1195 1776 1218 et
1800 1190 1858 1218 cul-

1063 1251 1124 1271 men
1142 1244 1224 1270 totius
1247 1242 1347 1277 opcris,
1371 1241 1501 1268 charitas.
1519 1249 1528 1265 ι
1551 1239 1634 1266 Idem.
1662 1243 1730 1264 tom.
1757 1244 1804 1263 xvr
1829 1237 1857 1262 in

1065 1290 1175 1321 Mante,
1191 1297 1267 1316 ntun.
1284 1288 1317 1315 ‘27
1328 1308 1336 1318 .
1351 1295 1413 1323 pag.
1430 1287 1493 1318 760,
1511 1285 1590 1313 ﬁdem
1611 1285 1713 1319 absque
1726 1283 1857 1318 operibus

1064 1335 1180 1363 similem
1197 1342 1257 1362 esse
1268 1334 1332 1361 dicit
1351 1334 1412 1360 licui
1433 1341 1447 1359 a
1463 1331 1570 1360 Christo
1581 1331 1719 1360 arefactze.
1739 1336 1803 1364 qua:
1815 1329 1857 1355 l'o-

1066 1382 1099 1408 lia
1110 1386 1213 1408 tantum
1227 1379 1329 1414 absque
1347 1379 1478 1406 fructibus
1495 1376 1761 1411 ostentabat.ltaque
1780 1380 1858 1410 post-

1065 1434 1145 1462 quam
1158 1429 1273 1462 probare
1288 1430 1402 1452 conatus
1417 1427 1461 1451 est
1477 1423 1533 1451 sola
1561 1422 1614 1449 ﬁde
1632 1422 1772 1449 hominem
1786 1419 1857 1447 eniti

1063 1471 1177 1506 justum,
1192 1471 1295 1505 absque
1309 1469 1437 1505 operibus
1452 1468 1528 1502 legis,
1541 1468 1634 1502 priore
1657 1467 1718 1494 loco
1740 1466 1804 1494 libri
1826 1474 1856 1493 ιιι

1067 1518 1092 1544 in
1106 1516 1190 1552 Epist.
1202 1517 1237 1543 ad
1249 1516 1325 1543 liam.
1339 1515 1431 1543 statim
1450 1514 1559 1549 subjiclt
1576 1522 1649 1541 num.
1668 1514 1696 1545 9.
1711 1521 1775 1549 pag.
1787 1513 1858 1540 517:

1069 1572 1079 1590 ι
1096 1564 1149 1592 Scd
1167 1563 1291 1591 lorta~sis
1315 1563 1371 1590 bzec
1396 1562 1496 1596 aliquis
1518 1560 1632 1588 audiens
1653 1560 1819 1590 resolvatur,
1831 1564 1859 1586 et

1066 1610 1134 1637 bene
1149 1608 1244 1644 agendi
1264 1607 1454 1642 negligentiam
1479 1607 1578 1640 capiat,
1603 1605 1739 1640 siquidem
1757 1604 1792 1631 ad
1814 1603 1859 1638 ju-

1066 1655 1237 1683 stiilcandum
1253 1655 1320 1681 ﬁdes
1332 1654 1389 1682 sola
1406 1653 1529 1680 sulliciat.
1554 1653 1594 1679 Ad
1609 1659 1690 1686 quem
1714 1651 1857 1681 dicemus,

1066 1702 1127 1737 quia
1141 1705 1200 1736 post
1220 1700 1443 1734 iustiﬁcationetn
1470 1699 1493 1726 si
1514 1699 1612 1733 injuste
1627 1697 1690 1732 quis
1704 1700 1786 1732 agat,
1798 1696 1858 1723 sine

1065 1747 1148 1774 dubio
1160 1745 1363 1781 justilieationis
1379 1745 1495 1780 gratiam
1516 1743 1619 1778 sprevit
1633 1751 1641 1776 ;
1662 1752 1672 1769 ι
1687 1747 1716 1769 et
1736 1747 1859 1776 postmo-

1067 1792 1128 1819 dum
1144 1799 1218 1818 nutn.
1238 1790 1281 1822 lii,
1295 1797 1355 1825 pag.
1374 1789 1426 1817 5l9
1441 1797 1449 1815 :
1468 1798 1478 1815 ι
1491 1788 1567 1822 Quod
1579 1788 1602 1815 si
1621 1787 1744 1822 requirat
1758 1786 1858 1820 aliquis

1066 1837 1211 1868 curiosius,
1227 1837 1243 1862 ii
1259 1836 1304 1870 qui
1319 1842 1352 1863 ex
1369 1835 1421 1862 ﬁde
1432 1834 1636 1869 justiﬁcantur,
1653 1840 1702 1868 per
1716 1840 1798 1867 quem
1811 1832 1857 1866 jn-

1069 1882 1236 1914 stilicenlur;
1252 1881 1314 1909 licet
1334 1881 1458 1908 fortassis
1485 1880 1567 1906 multa
1589 1879 1616 1906 in
1640 1879 1693 1906 hoc
1711 1878 1855 1906 curiositas

1067 1928 1201 1958 videatur,
1217 1932 1305 1954 tmnen
1317 1926 1511 1954 convenienlcr
1520 1925 1610 1951 dicere
1621 1931 1778 1958 possumus,
1787 1923 1854 1957 quod

1068 1973 1112 2007 qtti
1125 1981 1158 2000 ex
1172 1972 1223 2000 lide
1234 1973 1435 2006 jttslilicantur,
1453 1971 1529 1998 iuilio
1549 1978 1582 1997 ex
1602 1970 1655 1997 llde
1673 1976 1793 2004 sumpto,
1809 1977 1855 2004 per

1068 2019 1286 2055 adimpletiouem
1315 2019 1446 2046 bonorqu
1472 2025 1583 2053 operum
1612 2021 1852 2047 consummantur;

1067 2071 1094 2093 et
1109 2066 1154 2100 qui
1168 2073 1217 2100 per
1230 2065 1308 2092 lldcm
1319 2064 1514 2100 jnstiﬁcantnr,
1524 2070 1537 2089 a
1551 2063 1631 2090 bonis
1640 2063 1772 2096 operibus
1782 2070 1855 2088 exor-

1069 2111 1103 2142 si,
1120 2118 1167 2145 per
1187 2111 1266 2137 ﬁdem
1295 2118 1427 2137 summam
1455 2108 1648 2144 perfectionem
1675 2109 1822 2142 accipiunt.
1842 2117 1851 2132 ι

1069 2156 1191 2190 Quanam
1204 2163 1268 2191 ergo
1281 2156 1333 2182 ildc
1346 2155 1516 2190 scripserunt
1530 2153 1776 2188 Magdeburgcnscs
1783 2159 1852 2180 cem.

1071 2209 1111 2235 Ill,
1128 2209 1189 2237 cap.
1206 2201 1257 2234 l0,
1276 2200 1420 2236 Origenem
1445 2210 1454 2227 ι
1470 2199 1675 2235 jtutillcationis
1696 2198 1798 2226 fontem
1818 2199 1854 2224 le-

1070 2248 1140 2275 cisse
1153 2247 1223 2274 bona
1240 2254 1322 2281 opera
1333 2247 1345 2274 τ
1359 2255 1368 2272 ι

1109 2292 1205 2320 XXIV.
1221 2293 1259 2320 De
1276 2297 1390 2328 peccato
1399 2291 1512 2327 originis
1523 2293 1556 2318 ab
1571 2292 1675 2319 Adamo
1694 2291 1719 2318 in
1735 2290 1852 2318 homine:

1071 2345 1218 2375 propagato
1230 2348 1282 2367 non
1310 2347 1362 2366 una
1377 2343 1420 2366 est
1442 2339 1559 2374 lprcnsis
1581 2339 1700 2373 episcopi
1727 2338 1852 2364 adversus

1071 2386 1261 2413 Adamantium
1271 2385 1391 2420 querela.
1403 2385 1427 2411 Is
1436 2389 1502 2412 tom.
1517 2385 1536 2416 Ι,
1546 2384 1591 2411 lib.
1609 2391 1646 2416 vt,
1658 2391 1719 2418 cap.
1732 2383 1851 2417 l7,post-

1072 2439 1153 2466 quain
1166 2430 1307 2465 Origenem
1325 2430 1414 2457 fassus
1428 2435 1469 2457 est
1483 2431 1515 2457 de
1530 2435 1640 2465 peccato
1654 2429 1769 2463 originis
1781 2436 1795 2455 a
1808 2435 1852 2455 cs-

1074 2477 1171 2504 tltolica
1185 2476 1303 2503 Ecclesia
1327 2476 1473 2504 dissentire
1493 2477 1650 2510 neutiquam
1666 2475 1765 2507 videri,
1784 2474 1852 2502 Pela-

1071 2523 1158 2558 gianis
1174 2528 1275 2555 tamen.
1289 2528 1319 2549 ιιι
1331 2523 1364 2549 de
1376 2530 1407 2550 ea
1425 2529 1453 2550 re
1464 2522 1529 2549 falsa
1544 2523 1735 2556 opinarentur,
1751 2527 1850 2555 portam

1072 2569 1211 2603 aperuisse
1223 2569 1299 2596 dicit.
1310 2568 1370 2595 Mox
1379 2577 1394 2595 υ
1404 2568 1474 2595 libro
1482 2576 1498 2595 v
1506 2567 1763 2594 Commentariorum
1773 2567 1850 2601 ipsius

1070 2616 1097 2642 in
1113 2615 1198 2650 Epist.
1224 2615 1260 2642 ad
1276 2614 1351 2642 Rom.
1377 2615 1512 2649 praecipua
1525 2614 1631 2647 colligit
1643 2613 1745 2647 capita,
1761 2613 1850 2648 quibus

1072 2662 1224 2688 doctrinam
1244 2661 1305 2696 ejus
1318 2667 1400 2696 super
1414 2661 1465 2688 hoc
1482 2667 1643 2696 argumento
1662 2659 1795 2687 contineri
1808 2666 1848 2692 pu-

1074 2711 1132 2740 tat;
1147 2714 1207 2742 quae
1214 2707 1383 2742 singulatim,
1396 2707 1443 2734 sed
1458 2707 1550 2742 paucis
1558 2705 1785 2741 examinabimus.
1797 2704 1848 2732 Pri-

1073 2761 1146 2780 mum
1162 2753 1212 2781 ltoc
1228 2759 1269 2781 est
1287 2752 1428 2786 ttntndum,
1441 2753 1468 2780 in
1486 2759 1565 2788 quem
1583 2757 1728 2786 peccatum
1745 2752 1849 2780 intrasse
