1912 3079
88 128 125 157 35
481 130 768 160 ORIGENIANOItUM
789 132 853 159 LIB.
876 132 906 166 ΙΙ,
927 132 1004 160 CAP.
1026 131 1058 164 II,
1078 131 1218 165 QUAES'I‘.
1243 132 1297 161 VII.

1657 134 1710 164 966

70 186 155 214 docet
170 187 319 223 Apostolus
336 196 384 224 per
396 195 537 224 peccatum
554 190 664 222 Adami,
676 195 799 218 terrenos
810 198 870 218 esse
884 195 906 222 Α
923 191 988 218 tioui
1005 194 1103 225 quarta
1114 197 1236 219 connexa
1252 194 1311 222 est,
1330 191 1418 218 visum
1437 190 1523 219 fuisse
1550 190 1614 227 ipsi,
1635 199 1708 219 mor-

71 233 268 264 homines;2.
284 241 399 262 mortem
426 243 487 270 quae
512 236 539 262 in
570 244 665 264 omnes
690 237 867 271 pertransiit,

71 281 193 304 mortem
204 285 266 305 esse
281 279 389 312 animae,
403 287 456 307 non
468 282 606 316 corporis;
623 282 650 309 3.
665 287 779 310 mortem
796 283 868 309 illam

70 325 323 358 nonpertransisse
339 326 364 353 in
379 334 485 360 omnes,
497 328 544 355 sed
554 329 580 355 in
595 329 759 365 multos,qui
773 338 869 366 nempe

70 375 139 396 actu
160 377 360 406 peccaverunt;
382 373 410 400 4.
426 381 478 400 non
493 373 519 400 in
544 382 638 402 omnes
654 383 783 411 regnasse
800 384 868 404 tuor-

69 417 144 447 tem,
162 416 209 442 sed
223 415 249 442 in
265 424 311 444 eos
323 417 505 453 duntaxatqui
517 421 868 454 peccaveruntinsimilitn-

69 459 170 487 dinem
187 463 417 496 praevaricationis
433 465 516 498 Adae;
539 465 565 492 5.
593 473 645 493 non
662 474 756 494 otnnes
773 467 861 494 homi-

71 514 136 539 nes,
152 508 199 534 sed
219 509 319 536 multos
336 509 415 537 unius
428 510 529 539 delicto
545 517 705 547 peccatores
730 513 814 540 fuisse
827 514 867 540 ei-

71 551 185 583 I’ectos;
213 553 239 580 6.
255 553 396 582 Christum
430 556 521 591 plures
547 558 579 584 ad
604 558 687 585 vitam
706 559 865 591 reduxisse,

69 605 158 632 quam
172 599 303 627 Adatnum
322 601 356 628 ad
373 607 507 636 mortem;
530 603 557 631 7.
574 604 708 631 Adamum
727 613 787 632 esse
812 607 866 633 t‘or-

71 651 149 670 mam
162 644 258 677 l'uturi,
270 647 332 680 quia
343 648 446 680 peccati
463 648 546 681 ipsius
555 650 698 684 exetiiplar
714 651 866 684 imitantes,

70 695 236 724 peccatores
249 691 336 719 elIccti
365 699 437 721 sunt.
467 694 647 723 Οὲιμρτνιιιιιιιι
667 702 758 724 autent
783 697 865 725 velim

69 741 138 762 ante
151 737 254 770 ouiuia,
271 739 304 764 ab
314 739 430 774 Origene
442 740 499 768 htec
511 741 699 779 ἀλληγορικῶς
707 742 789 770 fuisse
803 751 866 778 pro-

68 783 175 817 posita,
198 792 250 811 non
275 785 448 822 δογματικῶς
468 788 597 819 delinila‘,
619 793 765 823 antequatn
791 790 864 817 enim

69 829 108 856 ad
121 837 155 857 ea
169 831 291 863 accedat,
310 832 445 867 explicato
461 833 559 861 litterae
577 842 670 862 sensu.
694 844 703 861 ι
720 835 864 863 Videamus

69 883 159 908 nunc,
179 885 189 902 ι
208 876 295 910 inquit
313 866 387 904 num.
405 878 431 911 1,
451 886 513 914 pag.
528 879 592 911 545,
612 889 621 905 ι
640 880 704 915 quid
724 881 806 908 etiam
823 882 866 908 in-
880 866 901 894 Β

70 921 161 947 terior
177 920 272 948 habeat
288 921 455 950 intellectus.
471 933 480 950 ι
494 924 571 958 Quod
584 933 617 952 cx
631 926 716 959 ipsius
729 926 864 961 opinatio-

77 974 146 993 num
163 967 344 995 inconstantia
373 974 398 996 et
421 969 575 998 diversitate
594 971 691 1000 clarius
704 973 784 1001 etiam
804 983 865 1003 sese

69 1014 181 1048 prodet.
199 1013 264 1040 Nam
280 1015 396 1049 primum
407 1016 478 1051 quod
495 1018 603 1049 attinet,
616 1024 757 1054 postquam
775 1025 863 1049 terre-

70 1066 124 1086 nos
137 1058 262 1087 homines
275 1065 302 1087 et
320 1060 400 1087 rebus
430 1062 545 1089 terrenis
565 1063 671 1091 deditos
684 1084 693 1098 ,
718 1065 864 1099 allegorice

70 1105 204 1133 mundum
223 1114 284 1133 erse
300 1106 379 1139 dixit.
410 1107 436 1134 in
462 1115 541 1143 quem
570 1115 711 1143 peccatum
740 1111 862 1145 intravit,

69 1152 203 1180 mundttm
214 1153 310 1180 deinde
324 1154 404 1181 aliter
416 1155 537 1188 exponit,
551 1162 639 1190 eoque
655 1157 802 1192 signiﬁcari
819 1159 864 1186 do-

69 1203 202 1225 cetnutu.
218 1199 242 1229 I,
264 1207 325 1234 pag.
344 1200 406 1232 547,
429 1209 439 1226 ‹
456 1205 593 1228 terrenum
612 1203 682 1230 hunc
707 1203 808 1236 locum,
835 1205 861 1232 itt

69 1250 126 1278 quo
141 1243 266 1272 homines
287 1245 409 1272 habitant
422 1254 430 1277 ;
446 1247 487 1274 vel
502 1252 638 1275 terrenam
656 1254 681 1276 et
692 1251 862 1282 corporalem

70 1289 169 1321 vitam,
186 1291 275 1325 inqua
294 1299 367 1319 mors
384 1292 467 1320 habet
488 1293 593 1327 locum;
616 1295 658 1321 cui
677 1296 788 1327 mundo,
811 1297 862 1324 hoc

71 1341 125 1365 est,
139 1340 253 1363 terrena:
264 1337 336 1370 vitm,
346 1338 492 1367 cruciﬁxus
504 1347 533 1366 se
542 1340 634 1367 dicunt
649 1342 736 1368 sancti
748 1347 775 1369 et
791 1351 863 1370 tuor-

73 1386 144 1408 tuos.
165 1392 175 1408 ι
195 1382 252 1409 Non
280 1384 364 1411 multo
390 1390 480 1412 autent
510 1386 622 1413 inferius
640 1395 701 1422 pag.
722 1387 785 1420 549,
810 1389 861 1416 ala

72 1426 170 1455 habet:
187 1437 197 1453 t
215 1428 326 1456 Videtur
343 1430 419 1461 mihi,
438 1431 537 1466 inquit,
555 1432 626 1467 quod
646 1433 688 1459 hic
713 1435 860 1469 Apostolus

71 1472 146 1500 illam
163 1477 284 1505 mtatetn.
299 1483 358 1509 qua)
374 1477 493 1503 nendum
507 1477 540 1504 ad
556 1479 734 1512 rapacitatem
749 1479 860 1507 rationis

924 240 976 263 tem
991 236 1063 263 illam
1076 238 1109 264 de
1123 244 1175 271 qua
1190 236 1290 263 Paulus
1307 237 1386 263 ltotn.
1400 245 1427 270 ν,
1439 237 1484 269 It,
1500 245 1553 264 non
1570 237 1598 265 in
1613 245 1711 266 omnes

921 289 1060 317 regnasse,
1077 283 1125 310 sed
1149 283 1175 309 in
1190 289 1238 310 eos
1262 284 1407 315 duntaxat,
1423 282 1468 318 qui
1483 289 1667 317 peccaverunt
1682 284 1709 312 in

918 328 1125 356 similitudinem
1139 329 1373 364 praevaricationis
1383 329 1459 357 Adae.
1472 328 1623 365 Utrobique
1637 338 1709 358 mor-

919 379 972 402 tem
992 375 1097 407 peccati
1112 375 1236 409 intelligit
1251 383 1258 402 :
1276 382 1307 402 ac
1326 376 1440 410 proinde
1453 377 1553 410 pendet
1564 376 1626 403 hinc
1641 384 1710 411 quo-

919 429 971 455 que
988 421 1082 456 quinta
1098 422 1248 452 accusatio,
1266 420 1415 449 allirmasse
1429 421 1528 456 ipsum,
1545 429 1599 448 non
1610 430 1708 451 omnes

918 466 1054 497 homines,
1066 465 1113 492 sed
1127 465 1226 492 multos
1242 465 1323 492 unius
1338 464 1439 492 delicto
1459 470 1616 500 peccatores
1646 472 1709 493 esse

917 511 1042 538 etiectos.
1057 511 1204 546 Dis-tinguit
1220 515 1310 538 autem
1321 511 1453 546 Origenes
1471 511 1615 538 transitqu
1633 519 1708 539 moro

917 558 952 585 tis
961 566 974 583 a
985 558 1170 592 regnomortis
1184 566 1190 584 :
1207 567 1216 582 ι
1229 556 1373 585 Peccatum
1383 558 1466 588 enim,
1479 567 1488 583 ι
1501 556 1586 591 inquit
1598 558 1705 590 num.‘l,

917 612 978 639 pag.
1006 604 1058 631 550
1074 624 1081 636 ,
1103 613 1111 629 t
1133 604 1292 639 pertransiit
1317 604 1400 631 etiam
1429 604 1456 631 in
1481 603 1582 639 jtlstos,
1604 609 1631 632 et
1654 604 1706 632 levi

917 651 1033 686 quadam
1049 658 1096 678 eos
1112 651 1276 685 contagione
1292 651 1453 684 perstrinxit
1468 660 1475 678 :
1494 650 1521 677 in
1537 650 1704 685 prazvarica-

918 697 1022 724 toribus
1038 704 1113 729 vero,
1126 696 1152 723 id
1169 702 1211 724 cst
1225 716 1233 728 ,
1265 696 1308 723 his
1323 696 1369 730 qui
1387 704 1416 723 se
1432 696 1456 723 ci
1479 701 1534 724 tota
1562 701 1656 724 mente
1674 703 1707 725 ac

916 743 1058 770 devotione
1083 742 1243 777 subjiciunt,
1259 750 1373 777 regnum
1398 747 1481 774 tenet,
1500 747 1528 769 et
1541 743 1614 770 omni
1629 747 1707 778 pote-

916 794 986 816 state
1004 788 1170 816 dominatur.
1186 798 1195 815 ι
1215 788 1248 815 At
1267 793 1381 815 mortem
1396 787 1468 814 illam
1485 795 1568 823 super
1581 796 1628 815 eos
1642 792 1706 815 lan-i

918 840 973 862 tum
990 843 1100 870 regnum
1120 835 1241 862 tenuisse
1253 835 1321 866 vult,
1331 835 1376 869 qui
1393 834 1474 861 simili
1488 841 1558 867 sese,
1574 839 1604 861 ut
1618 835 1704 862 Adam

915 881 1032 908 crimine
1047 881 1271 915 inquinaverunt.
1291 880 1450 916 Quanquam
1478 880 1541 906 alibi
1559 885 1701 914 peccatum

914 927 1031 961 originis
1047 933 1129 961 super
1145 934 1242 954 omnes
1261 933 1390 959 regnasse
1411 927 1448 952 ait
1464 934 1472 953 :
1491 934 1500 951 ι
1519 925 1576 952 Non
1592 933 1668 960 ergo,
1690 934 1701 952 ι

915 972 1003 1007 inquit
1016 979 1089 998 num.
1104 971 1131 1002 Ξ.
1146 979 1208 1006 pag.
1226 971 1290 1004 554,
1310 981 1319 997 ι
1336 971 1402 998 nihil
1421 971 1599 1004 peccantibus
1615 970 1704 1004 nobis,

915 1026 990 1045 mors
1006 1018 1131 1053 regnavit
1144 1017 1170 1044 in
1187 1018 1286 1045 nobis:
1308 1027 1317 1044 ι
1335 1021 1362 1045 et
1375 1025 1437 1044 mox
1455 1028 1461 1044 :
1480 1026 1490 1043 ι
1509 1016 1562 1044 Sed
1579 1016 1704 1051 regnavit

915 1071 988 1091 mors
1004 1063 1039 1090 ab
1055 1063 1140 1090 Adam
1159 1071 1246 1098 usque
1261 1063 1293 1089 ad
1309 1063 1418 1099 Moysen
1437 1063 1463 1090 in
1482 1071 1530 1090 eos
1541 1064 1587 1099 qui
1601 1071 1702 1098 pecca-

915 1114 1014 1137 verunt
1040 1110 1066 1136 in
1084 1109 1289 1136 similitudinem
1313 1110 1547 1144 praevaricationis
1568 1109 1641 1137 Adrc.
1659 1109 1704 1138 Vi-

914 1155 998 1182 desne
1013 1159 1043 1181 ut
1057 1162 1072 1181 a
1086 1159 1199 1189 peccato
1214 1155 1317 1182 nullum
1342 1155 1442 1182 Paulus
1456 1156 1591 1182 excuset?
1609 1166 1620 1182 ι
1640 1155 1704 1184 l’er-

913 1201 1057 1229 transiisse
1085 1206 1175 1228 autem
1203 1205 1319 1228 mortem
1338 1201 1364 1228 in
1389 1209 1484 1230 omnes
1500 1202 1605 1230 iteratis
1633 1202 1702 1230 locis

913 1249 1012 1275 diserte
1030 1247 1141 1281 asserit,
1155 1252 1185 1274 ut
1199 1255 1260 1273 cum
1275 1255 1349 1274 num.
1369 1247 1394 1277 I.
1412 1255 1474 1283 pag.
1490 1247 1554 1279 547,
1576 1247 1701 1282 corporis

913 1299 1026 1321 mortem
1048 1294 1172 1321 umbram
1191 1301 1253 1321 esse
1267 1293 1333 1320 dicit
1346 1294 1441 1320 mortis
1455 1293 1558 1328 peet-ati
1571 1301 1578 1326 ;
1595 1301 1626 1320 ac
1640 1301 1703 1328 pro-

912 1339 975 1366 inde
996 1338 1099 1366 nulluln
1121 1344 1209 1366 tnorte
1237 1338 1343 1372 peccati
1368 1345 1430 1366 esse
1457 1339 1617 1368 immunem,
1639 1338 1702 1373 quia

912 1393 1072 1422 corpoream
1087 1390 1201 1412 mortem
1217 1392 1297 1412 nemo
1318 1385 1405 1411 vitare
1421 1389 1522 1420 potest.
1552 1384 1579 1411 Id
1606 1385 1703 1419 probat

911 1433 1008 1460 deinde
1017 1431 1239 1460 commemoratis
1255 1431 1378 1465 priorum
1392 1435 1545 1465 temporum
1562 1430 1629 1457 viris
1639 1438 1703 1457 san.

911 1478 1007 1505 ctitate
1015 1476 1162 1510 nobilibus,
1173 1484 1242 1510 qttos
1250 1484 1346 1505 omnes
1355 1482 1467 1512 peccato
1478 1476 1611 1504 obnoxios
1618 1475 1703 1503 fuisse

70 1519 196 1552 accessit,
209 1527 260 1546 non
272 1523 326 1546 tam
340 1521 472 1554 homines,
488 1530 569 1557 quant
586 1523 715 1549 mundum
735 1524 852 1558 appella-
873 1537 894 1565 ο
912 1526 1091 1552 demonstrat.
1111 1523 1186 1550 Idem
1201 1531 1254 1550 non
1273 1524 1357 1551 multo
1379 1528 1440 1558 post
1458 1523 1615 1554 conﬁrmat,
1632 1529 1702 1557 apo-

70 1564 149 1591 verit.
165 1573 174 1590 ›
189 1565 282 1591 Altera
303 1566 411 1600 querela
430 1566 487 1593 lucc
512 1571 565 1597 est,
584 1567 686 1594 dixisse
712 1567 857 1603 Origenem

70 1616 186 1638 mortem
208 1619 268 1646 quae
286 1612 313 1639 in
335 1620 430 1640 omnes
447 1613 570 1640 homines
602 1614 768 1647 pertransiit,
788 1622 860 1641 ator-

71 1663 123 1684 tem
136 1665 198 1685 esse
211 1659 320 1691 animm,
339 1667 391 1686 non
419 1660 551 1694 corporis.
573 1660 670 1687 Fateor
696 1665 810 1687 mortem
825 1661 857 1687 il-

70 1703 122 1730 lam
137 1705 241 1737 passim
256 1705 341 1739 accipi
357 1705 391 1732 ab
405 1713 438 1732 eo
452 1714 499 1740 pro
514 1712 600 1733 tuorte
611 1706 727 1741 peccati,
744 1707 802 1739 sed,
821 1711 850 1733 ut

68 1750 186 1785 reliqua,
218 1751 368 1785 allegorica
392 1759 499 1779 sensu:
524 1752 602 1787 cujus
631 1752 726 1779 mortis
743 1758 858 1780 mortem

67 1805 228 1833 corpoream
242 1798 366 1825 umbram
383 1798 500 1833 appellat
515 1806 592 1825 num.
607 1799 633 1831 1,
646 1806 706 1833 pag.
723 1798 857 1833 547,quia

69 1853 80 1870 ι
99 1851 266 1878 quocunque
286 1844 331 1870 illa
347 1844 500 1877 incesserit,
517 1844 589 1871 hanc
608 1851 723 1872 necesse
740 1843 857 1871 estsub-

66 1891 157 1925 scqui,
172 1890 246 1917 velut
261 1890 384 1918 umbram
403 1898 519 1925 corpus;
536 1901 546 1917 ι
562 1895 643 1925 atque
659 1890 760 1918 idcirco
785 1897 858 1917 mor-

64 1942 144 1964 tuum
174 1937 260 1964 fuisse
285 1937 436 1970 Christum,
452 1937 515 1972 quia
537 1945 586 1972 pro
611 1937 690 1964 nobis
707 1936 795 1964 Iactus
815 1941 858 1963 est

63 1988 221 2018 peccaturo.
231 1983 265 2010 At
278 1987 392 2010 mortem
405 1983 489 2018 illam,
498 1991 579 2017 quam
595 1990 721 2018 regnasse
731 1983 765 2010 ab
772 1982 855 2010 Adam

62 2037 153 2065 usque
170 2030 204 2057 ad
222 2029 332 2065 Moysen
348 2030 386 2057 ait
397 2030 547 2065 Apostolus
575 2029 655 2056 Rom.
673 2037 700 2062 v,
717 2029 762 2061 I4,
783 2036 857 2056 mor-

63 2082 120 2105 tem
134 2077 272 2111 corporis,
288 2082 316 2103 et
327 2077 491 2104 descensum
504 2076 537 2103 ad
561 2076 664 2102 inferos
693 2083 746 2102 non
771 2074 855 2101 semel

62 2125 261 2158 interpretatur
279 2123 410 2157 Origenes
428 2123 476 2149 lib.
501 2130 517 2148 ν
544 2122 572 2149 in
596 2121 680 2156 Epist.
703 2123 737 2147 ad
755 2120 830 2147 Rom.
846 2141 854 2153 ,

63 2177 130 2205 puta
153 2178 216 2197 cum
231 2171 270 2197 ait
295 2177 370 2197 num.
385 2169 422 2196 ιε
442 2178 452 2194 ‹
474 2168 615 2202 Quomodo
636 2175 714 2200 sane,
732 2167 772 2194 vel
794 2174 855 2201 qua:

910 1573 1035 1599 stolicum
1052 1571 1118 1599 illud
1136 1572 1287 1607 explanatis
1301 1570 1382 1597 Roin.
1399 1577 1426 1603 v,
1442 1569 1475 1597 I8
1487 1576 1494 1596 :
1506 1578 1515 1595 ι
1531 1569 1615 1604 Igitur
1631 1569 1702 1596 sicut

910 1627 959 1654 per
971 1619 1051 1646 unius
1064 1618 1191 1646 delictum
1208 1618 1234 1646 in
1245 1625 1341 1645 omnes
1356 1617 1480 1644 homines
1493 1616 1520 1643 in
1534 1615 1700 1643 condemna-

911 1665 1021 1698 tionem,
1043 1674 1052 1690 I
1069 1669 1123 1692 etc.
1136 1673 1145 1690 ι
1157 1664 1188 1691 Et
1206 1663 1340 1696 suﬂicere,
1362 1672 1372 1688 ι
1387 1663 1475 1697 inquit
1487 1670 1564 1689 num.
1577 1662 1605 1693 4,
1621 1673 1629 1688 ι
1644 1662 1699 1690 for-

909 1711 981 1739 sitan
997 1716 1086 1744 potest
1101 1710 1251 1737 secundmn
1267 1709 1421 1744 simplicem
1439 1708 1651 1743 expositionem,
1667 1711 1697 1735 ut

907 1756 1032 1784 dicamus
1049 1755 1307 1783 condemnationem
1323 1761 1385 1781 esse
1415 1753 1508 1782 delicti
1525 1761 1696 1782 communem

908 1803 977 1830 hanc
994 1807 1120 1833 mortem,
1130 1809 1189 1836 qum
1197 1801 1325 1828 omnibus
1337 1800 1423 1833 venit,
1432 1804 1460 1827 et
1473 1800 1576 1832 veniet,
1587 1800 1696 1829 etiamsi

904 1847 971 1882 justi
987 1847 1147 1880 videantur;
1164 1856 1173 1873 ι
1191 1851 1274 1881 atque
1291 1847 1361 1873 hanc
1376 1852 1437 1873 esse
1450 1845 1516 1872 dicit
1530 1845 1694 1879 simplicem,

907 1900 960 1919 non
989 1892 1163 1926 allegoricam
1189 1891 1401 1925 expositionem.
1431 1890 1486 1918 Nec
1510 1890 1696 1924 superioribus

908 1943 1048 1973 repugnet,
1065 1938 1136 1972 quod
1147 1938 1185 1965 ait
1203 1946 1278 1966 nutu.
1295 1938 1323 1971 2,
1337 1946 1398 1972 pag.
1417 1937 1480 1964 553.
1504 1947 1513 1962 ι
1529 1936 1587 1964 Νοη
1600 1944 1696 1964 omnes

908 1983 1044 2016 homines,
1066 1982 1136 2010 sicut
1154 1983 1232 2015 solet,
1256 1983 1281 2009 in
1299 1982 1408 2010 cmteris
1422 1982 1498 2016 ponit
1514 1982 1695 2018 (Apostolus),

906 2030 952 2057 sed
965 2029 1076 2059 multos.
1089 2029 1136 2064 qtti
1153 2029 1234 2056 unius
1251 2028 1352 2056 delicto
1368 2033 1528 2063 peccatores
1551 2027 1693 2054 constituti

905 2080 986 2108 sunt;
1003 2085 1012 2100 ι
1040 2083 1100 2102 nam
1125 2082 1222 2102 omnes
1245 2075 1345 2102 multos
1368 2082 1428 2102 esse
1454 2074 1558 2101 fatetur
1574 2081 1647 2101 num.
1664 2073 1692 2107 5,

906 2128 967 2155 pag.
993 2120 1055 2154 556,
1081 2121 1259 2156 consultoque
1277 2128 1370 2148 vocem
1401 2129 1489 2148 omnes
1505 2120 1539 2147 ab
1564 2119 1693 2154 Apostolo

907 2165 1140 2197 fuisscomissam,
1156 2176 1165 2191 ι
1185 2174 1217 2192 ne
1234 2166 1305 2193 forte
1319 2166 1341 2193 si
1355 2166 1469 2193 dixisset
1485 2174 1535 2202 per
1548 2166 1627 2193 unius
1652 2166 1693 2193 itt-

62 2216 256 2244 condemnalio
269 2217 297 2243 in
315 2223 411 2243 oniues
432 2215 557 2242 homines
575 2214 680 2241 venerit
705 2213 852 2240 videndum
869 2210 892 2237 1)
906 2213 1086 2239 obedientiam
1099 2217 1255 2246 peccatores
1270 2210 1355 2238 factos
1369 2219 1430 2239 esse
1444 2219 1548 2244 omnes,
1558 2216 1585 2239 et
1599 2219 1693 2240 neces—

61 2268 107 2292 cst
124 2272 132 2290 :
149 2268 178 2290 et
189 2262 312 2290 sutlicere
327 2262 442 2291 forsitan
458 2266 558 2296 potest,
576 2260 728 2288 secundum
746 2259 853 2294 simpli-

62 2318 124 2338 cem
135 2310 342 2345 expositionem,
355 2309 514 2336 utdicamus
524 2307 779 2336 condemnationem
792 2313 854 2334 esse

61 2356 154 2384 delicti
172 2363 344 2383 communem
368 2355 438 2382 hanc
452 2360 568 2382 mortem
587 2361 649 2388 qua:
663 2354 791 2381 omnibus
805 2360 853 2380 ve-

63 2405 105 2431 nit
120 2409 146 2430 el
160 2404 262 2434 veniet,
279 2403 385 2430 etiamsi
396 2403 461 2437 justi
474 2402 628 2429 videantur.
650 2410 659 2427 ι
680 2401 853 2428 Existimavit

60 2458 129 2487 ergo
143 2450 273 2485 Origenes
288 2457 340 2476 non
353 2455 494 2483 peceatum
506 2447 605 2480 solumI
621 2447 695 2482 quod
714 2455 786 2474 mors
803 2453 850 2474 est

63 2497 174 2526 anitum,
185 2495 232 2522 sed
247 2499 361 2522 mortem
379 2494 461 2521 etiam
476 2500 635 2528 corpoream
658 2492 685 2519 in
699 2500 781 2520 omne
805 2500 851 2527 ge-

62 2550 116 2569 nus
127 2542 274 2568 humanum
284 2548 331 2574 per
339 2540 434 2567 Adami
444 2539 547 2575 lapsum
558 2539 641 2566 I'uiSse
653 2539 851 2570 trausmissam,

62 2588 136 2624 quod
153 2588 246 2623 synodi
265 2587 433 2615 Tritici-tina:
447 2588 568 2617 decreto,
599 2593 668 2612 sess.
684 2584 711 2616 5,
739 2591 799 2610 can.
816 2583 850 2614 ‘2,

63 2636 174 2668 penitus
184 2640 396 2661 consentaneum
417 2638 470 2661 est.
489 2631 516 2659 Id
530 2631 688 2663 Jausenius,
701 2630 774 2657 velut
790 2638 804 2656 ιι
821 2638 852 2657 sc.

63 2682 240 2712 dissentiens,
257 2681 369 2708 minime
385 2679 538 2707 dissimulat
556 2684 621 2705 tom.
635 2678 655 2709 Ι,
669 2678 716 2705 lib.
732 2685 773 2708 ιιι,
790 2683 851 2710 cap.

64 2728 109 2755 15.
125 2727 218 2754 Tertia
233 2726 387 2753 criminatio
398 2725 460 2752 talis
477 2730 528 2755 est,
547 2725 690 2752 censuisse
717 2724 852 2750 Adaman-

66 2774 142 2804 timn.
157 2779 272 2800 tnortcm
289 2772 361 2798 illaut
381 2780 440 2806 quae
465 2779 493 2798 In
514 2778 619 2803 omnes,
635 2770 712 2804 juxta
734 2768 849 2796 Paulum

65 2820 143 2848 Boot.
158 2827 186 2852 v,
205 2819 246 2850 12,
259 2818 425 2854 pertransiit,
436 2818 463 2844 in
476 2817 573 2844 multos
587 2821 689 2843 tantum
706 2821 849 2850 pertrans-

65 2867 139 2901 iissc,
163 2866 209 2901 qui
233 2873 331 2900 nempe
356 2870 417 2891 actu
447 2868 638 2898 peccaverunt.
656 2862 704 2889 Cui
721 2861 851 2889 crimina-

906 2259 980 2286 sario
1007 2258 1208 2291 subjuuxisset'.
1226 2258 1261 2284 ita
1286 2262 1312 2284 et
1334 2264 1382 2290 per
1403 2257 1485 2284 unius
1504 2257 1690 2284 obedientiam

903 2305 969 2339 justi
981 2304 1182 2331 constituentur
1199 2311 1304 2335 otnncs,
1332 2302 1470 2329 videretur
1487 2310 1519 2329 cx
1536 2301 1690 2336 huiusmodi

905 2351 1097 2387 promissionis
1129 2349 1278 2377 securitate
1306 2349 1441 2375 resolvere
1462 2348 1569 2375 animos
1593 2355 1689 2375 eorum

905 2398 1006 2432 quibus
1030 2395 1141 2430 expedit
1161 2403 1221 2422 esse
1235 2394 1285 2422 sub
1310 2399 1392 2420 metu.
1414 2402 1423 2418 ι
1444 2392 1545 2420 Deinde
1561 2401 1635 2420 num.
1652 2392 1689 2426 5,

904 2452 967 2479 pag.
982 2442 1044 2475 556,
1058 2441 1121 2474 557,
1138 2441 1210 2468 aliud
1224 2448 1285 2468 esse
1298 2443 1375 2466 dot-ct
1391 2446 1522 2473 peccare;
1539 2439 1612 2466 aliud
1624 2446 1688 2473 pec-

905 2494 1024 2517 catorem
1037 2496 1116 2520 esse;
1137 2495 1251 2522 peccare
1269 2494 1364 2513 otnnes
1376 2485 1458 2512 etiam
1477 2484 1577 2518 justos,
1593 2491 1690 2518 pecca-

905 2541 977 2563 tores
994 2542 1055 2562 csse
1072 2534 1116 2568 qui
1137 2541 1208 2567 saepe
1235 2532 1371 2566 pet-cando
1390 2538 1468 2557 unum
1495 2529 1625 2564 peccandi
1656 2537 1689 2556 ac

905 2581 1128 2609 consuetudinem
1142 2583 1355 2610 contraxerunt;
1370 2581 1526 2612 peccatores
1536 2575 1619 2610 igitur
1629 2583 1688 2603 esse

908 2627 1016 2658 multos,
1033 2633 1086 2653 non
1102 2633 1212 2657 omnes;
1228 2631 1342 2659 peccare
1359 2628 1448 2650 autem
1462 2622 1611 2648 universos.
1625 2621 1688 2648 Per-

906 2674 999 2708 spicua
1014 2679 1080 2700 vero
1093 2679 1124 2699 ea
1141 2674 1204 2698 sunt
1220 2678 1295 2697 num.
1309 2670 1335 2701 I,
1352 2677 1413 2704 pag.
1428 2668 1480 2696 5M
1495 2677 1505 2694 ι
1520 2677 1526 2695 :
1539 2668 1571 2696 Et
1588 2673 1616 2696 ut
1628 2668 1688 2696 evi-

906 2720 1014 2748 dentius
1025 2718 1183 2746 ostenderet
1200 2724 1296 2744 omnes
1311 2716 1433 2743 homines
1446 2720 1474 2742 et
1489 2715 1589 2743 multos
1604 2715 1691 2742 homi-

906 2774 955 2794 ιιι-ε
969 2766 1040 2793 idem
1055 2771 1127 2797 esse,
1140 2763 1245 2790 addidit
1261 2761 1303 2789 his
1320 2771 1327 2789 :
1343 2761 1419 2789 Sicut
1435 2761 1506 2788 enim
1532 2769 1578 2796 per
1600 2760 1691 2788 inobs-

904 2813 1030 2840 dienliam
1061 2811 1138 2838 unius
1164 2809 1275 2836 homini:
1298 2814 1444 2843 peccatores
1471 2808 1606 2835 constituti
1628 2811 1690 2835 sunt

905 2859 993 2890 multi,
1009 2858 1047 2885 ita
1062 2863 1086 2884 et
1107 2865 1152 2891 per
1167 2857 1243 2883 unius
1261 2854 1514 2889 obedientiumjusli
1528 2855 1689 2883 constituen-
