1912 3079
209 154 262 183 967

846 148 877 176 Ρ.
897 147 1058 176 DANIELIS
1077 146 1195 174 iiUE’I‘ll

1789 148 1843 175 968

211 220 255 240 ων
266 211 344 240 mum
356 212 388 238 ἰ.
409 211 442 239 Et
451 209 522 247 quod
540 209 665 244 superius
689 216 785 237 omnes
806 208 914 236 dixerat
948 209 999 236 ho-
1015 212 1038 239 Α
1055 209 1235 240 propagatum
1252 205 1410 240 neutiquam
1426 204 1545 233 excludit
1559 213 1566 232 :
1586 214 1596 230 ι
1613 205 1667 232 Aut
1683 205 1768 239 magis
1780 206 1841 232 sim.

212 258 311 288 mines,
338 256 384 283 hic
400 256 495 283 eodem
521 263 603 282 sensu
629 254 729 282 mullos
756 255 928 288 nominavit;
946 264 956 281 ι
973 259 1001 282 et

212 304 262 329 ista
278 310 353 329 num.
367 304 394 334 2,
411 309 472 337 pag.
491 301 545 328 555
559 309 566 328 :
585 310 594 327 ι
605 301 718 328 Mortem
734 305 824 328 tamen
838 301 916 328 istam
930 308 1001 328 emn-

212 356 320 375 tuunem
339 348 459 382 suscepit
474 346 622 382 (Christus)
641 354 702 373 eum
721 346 794 373 illam
811 347 927 381 peccati,
941 354 1001 382 qua:

212 393 343 428 regnabat
355 393 381 419 in
403 393 541 425 omnibus,
563 401 615 420 non
634 393 778 428 receperit.
797 402 806 417 ι
826 392 858 419 Ει
874 400 941 419 sane
955 400 1002 419 ne-

212 439 311 465 minem
327 445 426 465 vacare
451 443 565 472 peccato
587 445 748 472 persuasum
774 437 885 472 Origeni
917 437 1002 464 fuisse

209 484 264 519 jam
278 485 344 512 satis
356 492 437 519 supra
450 485 712 517 demonstravimus.
728 484 841 511 Sextum
852 484 903 511 hoc
914 484 938 511 ei
949 483 1002 511 cri-

212 537 275 557 men
293 530 431 563 objicilur,
451 529 608 556 decrevisse
624 530 725 564 ipsum,
742 529 882 557 Christum
910 529 1002 564 plures

213 576 247 602 ad
263 576 345 602 vitam
377 576 538 608 reduxisse,
563 584 644 611 quarti
663 576 798 603 Adamum
819 576 851 602 ad
874 581 1000 602 mortem.

213 621 293 655 Quod
317 620 397 648 facile
420 629 453 648 ex
479 621 667 656 superioribus
685 621 828 652 reiellitur,
846 629 907 648 nam
924 622 946 648 si
974 621 1000 648 in

213 674 308 694 omnes
320 672 433 694 mortem
450 667 507 694 sive
524 667 631 698 animze,
648 666 706 693 sive
717 666 840 700 corporis
853 666 886 693 ab
898 667 1003 693 Adamo

213 711 375 747 proﬂuxisse
401 717 478 739 ratus
494 716 535 739 est
562 711 704 746 Origenes,
730 720 783 739 non
808 712 899 748 plures
928 717 1003 739 certe

213 765 295 791 quam
311 765 407 784 omnes
421 757 454 784 ad
475 756 556 783 vitam
583 756 721 783 Christum
740 757 879 784 reduxisse
896 756 1002 793 opinari

213 803 311 837 potuit.
340 802 474 830 Praeterea
491 810 630 838 exponens
653 802 717 830 illud
736 803 859 837 Apostoli
876 802 956 830 Rom.
974 811 1001 836 v,

215 849 249 877 15
266 858 273 876 :
290 859 299 875 ι
319 849 346 876 Si
359 851 431 876 enim
449 850 531 877 unius
558 849 656 877 delicto
687 849 763 876 multi
791 850 892 876 inortui
918 853 1001 883 sunt;

1053 251 1172 286 pliciter,
1191 261 1200 277 ι
1215 251 1301 285 inquit
1318 259 1395 278 num.
1417 251 1444 282 l,
1467 258 1528 287 pag.
1540 251 1605 282 550,
1624 260 1634 276 ι
1652 251 1846 285 accipiendum

1052 296 1170 328 videtur,
1184 302 1214 324 et
1228 297 1378 324 similitudo
1403 297 1638 331 praevaricationis
1653 297 1722 324 Adae
1741 296 1847 329 absque

1053 342 1143 377 aliqua
1171 342 1344 371 discussione
1364 343 1540 376 recipienda,
1570 347 1598 370 ut
1626 343 1679 370 hoc
1714 350 1846 369 sermone

1052 397 1146 417 omnes
1163 390 1208 424 qui
1224 397 1257 417 ex
1281 390 1366 417 Adam
1382 391 1593 424 praevaricatore
1609 389 1665 417 nati
1682 395 1757 422 sunt,
1777 390 1847 416 indi-

1053 437 1110 464 cari
1125 436 1279 469 videantur,
1301 442 1329 464 ct
1346 437 1446 465 habere
1461 437 1489 464 in
1513 437 1670 471 semetipsis
1687 436 1848 464 similitudi-

1053 489 1115 509 nem
1128 483 1360 517 prmvaricationis
1370 482 1440 517 ejus,
1455 491 1507 510 non
1522 483 1608 510 solum
1620 490 1652 510 ex
1667 483 1786 513 set-line.
1801 483 1848 510 sed

1053 535 1085 555 ex
1103 528 1274 555 institutione
1286 534 1454 563 susceptam.
1474 538 1483 554 ι
1502 528 1551 556 Ubi
1567 534 1708 563 peccatum
1728 528 1847 563 originis

1053 574 1157 602 semine
1176 574 1376 606 transmissum,
1391 579 1419 602 et
1443 580 1595 610 peccatum,
1625 575 1665 601 uti
1684 575 1825 609 appellant
1838 595 1846 604 ,

1056 619 1172 652 actuale,
1186 619 1359 646 institutione
1373 625 1527 655 susceptum
1541 620 1674 654 agnoscit.
1687 619 1744 647 Nec
1759 619 1849 646 multo

1055 670 1116 701 post
1128 673 1204 693 num.
1220 665 1247 696 2,
1262 673 1324 700 pag.
1338 665 1403 698 555,
1415 666 1479 698 554,
1495 666 1647 693 doctrinam
1662 666 1791 693 eamdem
1807 665 1843 692 in-

1054 712 1155 744 culcat,
1166 711 1266 738 docens
1279 711 1404 739 homines
1426 724 1434 737 ι
1455 719 1508 739 non
1521 717 1574 738 tam
1595 716 1692 738 natura
1710 711 1807 746 urgeri
1821 712 1846 738 in

1055 761 1171 783 mortem
1188 757 1397 791 pecrati,quam
1425 757 1599 792 discipulam.
1618 766 1627 782 ι
1647 761 1675 784 ct
1702 762 1847 791 peccatum

1057 812 1067 829 ι
1084 811 1137 830 non
1154 802 1239 830 solum
1264 803 1425 834 nativitatis.
1444 803 1490 830 sed
1513 809 1539 830 et
1562 803 1696 830 doctrinae
1705 811 1781 835 esse,
1800 813 1810 829 ι
1823 808 1848 829 et

1053 847 1192 875 Christum
1201 849 1338 875 contraria
1352 849 1499 876 contrariis
1512 849 1681 884 oppesuisse,
1694 849 1850 882 vitiumque

214 894 300 921 multo
313 895 400 929 magis
423 895 510 929 gratia
527 894 574 922 Dei
603 899 630 922 et
646 894 747 921 donum
770 896 796 921 in
817 895 904 929 gratia
923 895 1003 922 unius
1019 902 1040 929 Β
1054 893 1118 920 illud
1135 901 1184 929 per
1205 895 1409 928 generationem
1431 899 1612 927 contractum,
1634 903 1683 930 per
1700 903 1851 930 regenera-

214 941 332 968 hotninis
343 940 406 968 Jesu
421 941 522 969 Chriin
539 941 565 968 in
579 943 669 976 plures
684 941 845 973 abundavit,
862 950 872 967 ι
889 941 1004 976 opponit

214 987 329 1022 gratiam
342 987 443 1014 Christi
458 993 570 1022 peccato
588 987 695 1019 Adami,
712 993 739 1014 ct
766 987 895 1021 quidquid
912 987 1003 1014 utriu-

214 1040 267 1065 que
282 1032 438 1060 hominibtts
455 1033 517 1060 boni
535 1032 576 1060 vel
597 1033 659 1059 mali
678 1032 729 1059 l'uit
746 1033 932 1067 importatum.
961 1033 1003 1059 in-

214 1077 303 1104 vicem
318 1082 446 1104 accurate
457 1078 608 1109 contendit,
624 1085 673 1104 nec
686 1077 777 1112 plures
794 1077 882 1112 gratia
900 1077 1002 1104 Christi

215 1123 375 1151 sublevatos
402 1123 486 1151 fuisse
503 1124 642 1158 observat,
665 1131 745 1159 quam
766 1129 879 1158 peccato
906 1124 1003 1151 Adami

215 1170 328 1199 oll'eelos
341 1175 369 1198 et
386 1172 411 1198 iu
427 1171 550 1198 deterius
572 1175 766 1198 eomnmtatos.
787 1170 923 1198 Praeclare
938 1179 1005 1198 vero

215 1214 357 1242 Paulinam
385 1216 551 1243 sententiam
576 1216 619 1243 his
644 1216 736 1243 verbis
749 1220 861 1243 enarrat
874 1224 949 1243 num.
965 1216 982 1243 2
994 1237 1002 1249 ,

215 1269 276 1297 pag.
291 1261 363 1289 552:
383 1271 393 1288 ι
409 1262 560 1290 Ostendere
581 1263 637 1289 vult
651 1264 724 1297 quod
744 1262 830 1290 multo
853 1263 889 1290 sit
907 1262 1005 1289 fortior

215 1308 271 1335 vita
291 1316 372 1343 quam
387 1317 471 1343 mors,
485 1314 510 1336 et
521 1309 626 1344 justitia
644 1317 726 1344 quam
745 1316 899 1344 peccatum,
915 1313 943 1336 et
958 1316 1005 1344 per

216 1352 268 1380 hoc
278 1353 405 1387 edocere,
422 1354 468 1389 qui
483 1355 504 1381 si
523 1354 560 1381 ita
576 1362 624 1388 per
639 1360 781 1389 peccatum
799 1362 874 1382 mors
889 1361 1005 1389 regnare

216 1398 244 1424 in
255 1398 383 1426 omnibus
394 1400 493 1434 potuit,
510 1401 647 1436 accipiens
662 1408 696 1428 ex
714 1401 793 1428 unius
816 1401 936 1428 hominis
965 1400 1006 1427 iu-

219 1445 374 1473 obedientia
393 1446 510 1478 initium,
523 1451 626 1481 quanto
645 1447 782 1482 potentius
796 1451 824 1474 et
837 1446 944 1482 dignius
959 1455 1006 1481 per

214 1489 348 1525 justitiam
363 1491 417 1517 vita
430 1491 563 1525 regnabit,
584 1491 691 1518 initium
708 1492 846 1527 accipiens
858 1499 907 1526 per
924 1492 1005 1519 unius

217 1536 397 1564 obedientiam
409 1537 529 1564 Christi?
546 1548 556 1564 ι
574 1538 627 1565 Sed
645 1543 672 1566 et
689 1546 716 1574 p.
730 1538 794 1569 555.
813 1547 822 1564 ι
838 1538 1004 1573 simpliciore

1055 939 1155 966 tionem
1172 939 1342 972 abolevisse;
1357 944 1534 974 etpeceatum
1555 948 1603 975 per
1617 940 1718 967 malam
1737 940 1850 967 institu-

1055 985 1154 1012 tionem
1186 986 1355 1018 admissum,
1388 986 1490 1014 salubri
1516 986 1640 1014 doctrina
1664 986 1847 1014 coercuisse:

1055 1033 1136 1064 atque
1153 1030 1256 1057 idcirco
1271 1030 1415 1065 discipulis
1430 1031 1488 1058 suis
1505 1039 1558 1058 non
1571 1031 1690 1059 dixisse:
1704 1041 1715 1057 ι
1730 1031 1783 1064 Ite,
1802 1031 1850 1058 ba-

1055 1076 1160 1110 ptizate
1175 1083 1271 1104 omnes
1283 1081 1394 1112 gentes;
1415 1086 1424 1102 I
1440 1077 1508 1105 sed:
1531 1086 1541 1103 ι
1566 1077 1615 1110 lte,
1629 1077 1729 1105 docete
1752 1084 1849 1105 omnes

1055 1127 1159 1157 gentes,
1175 1123 1348 1158 baptizautes
1363 1131 1411 1151 eos
1425 1123 1452 1150 in
1466 1124 1576 1151 nomine
1599 1123 1700 1158 Patris,
1727 1129 1756 1152 et
1775 1124 1850 1156 Filii,

1054 1172 1083 1194 et
1103 1167 1224 1202 Spiritus
1238 1168 1325 1196 sancti
1340 1168 1391 1194 ".i
1408 1167 1476 1195 Tum
1495 1168 1533 1195 ita
1549 1168 1706 1196 concludit:
1728 1178 1740 1196 ι
1753 1169 1850 1197 Sciens

1055 1221 1121 1248 ergo
1137 1217 1282 1248 utrumque
1294 1221 1355 1241 esse
1369 1214 1396 1241 in
1413 1215 1503 1249 culpa,
1517 1220 1664 1250 utrumque
1691 1216 1849 1243 remedium

1055 1259 1139 1291 dedit,
1161 1265 1190 1287 ut
1204 1260 1343 1294 generatio
1356 1261 1482 1288 mortalis
1494 1261 1701 1296 regeneratione
1718 1262 1850 1296 baptismi

1057 1310 1218 1336 mutaretur.
1236 1312 1263 1333 et
1281 1306 1430 1340 impietatis
1447 1306 1601 1334 doctrinam
1616 1307 1745 1334 doctrina
1761 1308 1850 1342 pieta-

1056 1352 1090 1379 tis
1103 1352 1270 1379 excluderet.
1288 1362 1297 1378 ι
1312 1351 1375 1379 Plus
1389 1352 1499 1386 prodest.
1512 1353 1545 1379 ad
1561 1354 1776 1388 oppugnandum
1790 1353 1851 1381 Ori-

1055 1406 1162 1432 genem,
1180 1399 1295 1433 quodex
1312 1398 1358 1424 illo
1373 1398 1492 1425 referunt
1508 1398 1616 1426 Catena:
1633 1400 1658 1426 in
1674 1399 1804 1427 Psalmos
1816 1401 1849 1427 ad

1057 1444 1124 1478 psal.
1152 1451 1246 1476 vant,
1266 1443 1282 1469 6
1297 1464 1304 1474 ,
1333 1452 1395 1479 pag.
1421 1444 1484 1474 718.
1513 1444 1588 1478 Μηδὲ
1604 1445 1720 1477 ἕκαστος
1734 1445 1786 1481 τὴν
1803 1446 1852 1472 τοῦ

1062 1492 1148 1528 Ἀδὰμ
1177 1491 1320 1527 rapam-ip:
1347 1491 1489 1526 φοϐεῖται·
1509 1492 1611 1527 ταύτην
1632 1493 1687 1528 γὰρ
1715 1493 1851 1529 ὑπῃνιξά-

1058 1537 1126 1573 μεΟα
1153 1538 1269 1572 πτέρναν
1289 1537 1405 1573 ἀνομίας
1421 1535 1508 1564 εἶναι·
1524 1538 1612 1570 οὐδεὶς
1631 1539 1686 1574 γὰρ
1703 1539 1741 1565 δι’
1769 1539 1852 1566 ἄλλον

219 1582 356 1609 intellectu
374 1592 383 1608 ι
401 1583 454 1610 dici
471 1591 550 1618 posse
564 1589 657 1611 censet
673 1584 764 1619 plures
782 1584 837 1611 vita
856 1584 942 1612 fuisse
956 1585 1004 1611 do—

1057 1583 1154 1610 κακίαν
1174 1582 1396 1614 καταδικάζεται.
1420 1583 1522 1615 Quibus
1553 1582 1667 1617 originis
1694 1590 1850 1617 peccatum.

218 1632 297 1655 natos
308 1636 322 1655 a
337 1628 457 1662 Christo,
474 1637 554 1664 quam
572 1634 659 1657 morte
681 1630 794 1658 adectos
825 1631 859 1657 ab
875 1631 980 1657 Adamo
995 1639 1002 1663 ;

217 1673 280 1708 quia
297 1673 416 1701 Adamus
429 1675 553 1702 homines
574 1680 679 1703 tantum
695 1684 710 1703 a
730 1684 760 1704 se
777 1676 908 1703 oriundos
933 1675 1006 1703 letho

217 1720 308 1753 dedit;
324 1719 452 1748 Christus
466 1726 557 1748 autem
572 1730 624 1749 non
637 1722 697 1749 illos
715 1726 830 1754 tantum,
856 1720 904 1749 sed
917 1721 1004 1755 ipsum

216 1765 299 1793 etiam
318 1765 450 1792 Adamum
477 1767 540 1793 vitm
567 1767 693 1794 reddidit.
712 1777 721 1793 (
746 1768 792 1794 Sic
806 1775 881 1802 ergo,
906 1767 1004 1801 inquit,

217 1811 308 1846 plures
320 1811 446 1839 Christtts
463 1813 567 1839 reducit
580 1813 612 1839 ad
626 1813 720 1844 vitam,
738 1822 820 1848 quam
831 1814 916 1840 Adam
929 1813 1006 1839 duxit

217 1857 252 1884 ad
267 1863 401 1889 mortem;
420 1859 483 1892 quia
509 1859 591 1885 etiam
607 1858 694 1894 ipsum
710 1859 812 1891 Adam,
827 1859 873 1894 qui
898 1860 1006 1887 caeteris

217 1910 300 1929 causa
315 1903 420 1930 exstitit
435 1905 540 1936 mortis,
561 1904 687 1931 Christus
702 1905 837 1932 revocavit
849 1905 880 1932 ad
892 1906 1002 1932 vitam.)

218 1948 359 1976 Postremo
374 1950 482 1977 tandem
500 1950 526 1977 id
555 1951 581 1977 in
599 1950 715 1986 Origene
730 1951 818 1986 culpat
846 1951 1005 1984 .lauscnius,

218 1995 289 2029 quod
304 1995 477 2023 aiilrmarcrit
490 1997 622 2023 Adanium
634 2005 694 2024 esse
707 1997 821 2024 formam
836 1998 930 2030 futuri,
944 1999 1006 2033 quia

218 2041 323 2076 peccati
341 2041 426 2076 ipsius
441 2042 581 2076 exetnplar
597 2042 746 2075 imitantes,
768 2048 928 2077 peceatores
941 2043 1007 2071 ell’e-

216 2086 253 2114 cti
269 2091 342 2114 sunt.
361 2087 456 2114 Exstat
481 2087 545 2114 illud
559 2088 667 2122 quidem
685 2096 746 2115 cum
764 2089 825 2116 aliis
848 2089 909 2116 libri
928 2089 1008 2123 hujus

217 2133 304 2168 quinti
319 2134 345 2160 in
363 2133 508 2167 ΕρὶιιοΙαηι
525 2135 559 2161 ad
572 2134 703 2162 Romanos
719 2135 798 2168 locis,
820 2142 877 2163 tum
894 2144 1008 2172 prieser-

219 2179 266 2206 tint
284 2187 358 2206 num.
375 2179 405 2212 5,
427 2187 489 2215 pag.
507 2180 570 2213 55'],
598 2181 640 2207 his
664 2181 777 2209 verbis:
803 2190 812 2207 ι
831 2181 909 2209 Dedit
941 2190 1007 2217 ergo

217 2224 304 2251 Adam
331 2225 522 2259 peccatoribus
552 2224 666 2252 fortnam
697 2233 745 2260 per
766 2226 1005 2261 iuobedientiam;

217 2269 342 2297 Christus
355 2277 418 2297 vero
437 2278 452 2297 e
477 2271 615 2298 contrario
626 2271 709 2306 justis
735 2271 850 2299 formam
878 2280 925 2307 per
939 2273 1005 2300 obe-

218 2315 348 2342 dientiam
363 2315 499 2349 posuit....
515 2316 660 2350 Propterea
673 2316 746 2344 enim
762 2323 790 2344 et
805 2317 863 2352 ipse
881 2318 1004 2345 obediens

219 2361 306 2395 {actus
335 2365 374 2388 est
401 2369 482 2396 usque
500 2362 533 2388 ad
550 2368 659 2389 mortem
676 2363 711 2393 ’⁷,
727 2368 755 2389 ut
778 2363 825 2398 qui
843 2364 1006 2391 obedienlize

218 2406 277 2440 ejus
294 2412 446 2441 sequuntur
468 2407 632 2441 exemplum,
655 2407 720 2441 justi
747 2408 950 2435 constituantur
971 2410 1005 2435 ab

220 2453 276 2487 ipsa
294 2452 411 2486 iustitia,
421 2453 492 2479 sicut
508 2453 544 2480 illi
558 2453 746 2481 inobcdieutiae
759 2454 871 2480 l'orniam
888 2461 1007 2488 sequen-

220 2504 260 2527 tes
275 2499 417 2527 constituti
447 2502 511 2526 sunt
536 2504 704 2534 peccatores.
728 2509 737 2526 ι
756 2499 853 2526 Verum
880 2499 1004 2534 repetitis

218 2552 326 2582 quoque
342 2545 403 2572 libri
427 2545 548 2578 ejusdem
565 2546 729 2572 testimoniis
744 2545 877 2572 Adamum
905 2546 1006 2572 idcirco

219 2592 333 2619 formam
355 2591 435 2618 httnri
454 2592 555 2618 dictqu
571 2591 744 2626 pronuntiat,
758 2592 831 2626 quod
848 2591 950 2618 Christi
965 2597 1006 2625 ty-

218 2645 281 2674 pum
298 2639 449 2673 przeferret.
466 2638 543 2671 Quod
560 2638 655 2672 adjicit
672 2644 763 2665 autem
779 2645 826 2672 per
841 2638 1006 2673 prmvnriea-

219 2684 320 2711 tionem
333 2684 492 2712 hominibus
505 2685 618 2712 formant
633 2685 761 2719 pet-catuli
776 2685 922 2718 praebuisse
933 2683 1006 2710 Ada-

219 2738 304 2761 mum,
318 2735 398 2763 atque
418 2731 453 2757 ita
470 2735 626 2765 peccatores
639 2730 801 2757 constitutos
833 2729 918 2757 fuisse
937 2729 1006 2756 ιιιιιΙ-

219 2777 271 2806 tos,
288 2779 428 2808 peccatum
446 2775 518 2802 aliud
535 2775 650 2810 originis
661 2783 693 2802 ex
711 2776 824 2803 traduce
838 2775 864 2802 iu
881 2775 1007 2802 homines

1056 1629 1201 1663 debitaque
1217 1629 1267 1662 ipsi
1282 1628 1415 1663 supplicia
1430 1628 1537 1662 penitus
1556 1627 1699 1655 tolluntur.
1713 1627 1770 1655 Sed
1783 1636 1853 1662 prze-

1050 1680 1099 1711 .tcr
1113 1676 1258 1703 sublestam
1270 1674 1432 1702 Calellaruttt
1445 1674 1537 1706 ﬁdem,
1554 1674 1655 1701 faciunt
1666 1682 1717 1708 pro
1733 1674 1852 1709 Origene

1059 1728 1133 1749 same
1152 1721 1237 1754 ipsius
1252 1728 1335 1754 super
1359 1720 1410 1747 hoc
1427 1724 1599 1754 argumento,
1626 1724 1653 1746 et
1685 1721 1852 1747 orthodoxa:

1057 1768 1201 1795 sententia!
1228 1766 1312 1794 variis
1343 1774 1444 1801 sparse
1471 1765 1556 1797 locis,
1577 1766 1648 1792 velut
1676 1766 1776 1794 homil.
1793 1767 1852 1794 Sin

1057 1813 1154 1845 Leril.,
1173 1821 1245 1840 num.
1263 1813 1291 1845 ὅ,
1306 1812 1349 1839 ubi
1363 1812 1488 1838 homines
1506 1813 1531 1838 in
1560 1812 1753 1846 iniquitatibus
1777 1821 1848 1840 con-

1057 1860 1120 1894 cipi,
1135 1865 1162 1887 et
1175 1860 1202 1886 in
1214 1859 1331 1894 peccatis
1346 1859 1419 1886 nasci
1435 1858 1544 1890 asserit,
1559 1863 1640 1893 atque
1657 1858 1767 1886 ideirco
1779 1860 1848 1886 scri-

1058 1912 1132 1940 ptum
1148 1913 1225 1933 esse;
1249 1914 1259 1930 ‹
1281 1905 1364 1932 Nemo
1381 1905 1499 1932 mundus
1514 1913 1527 1931 a
1552 1905 1643 1936 sorde,
1661 1912 1695 1931 ne
1715 1905 1739 1932 si
1768 1905 1848 1932 unins

1057 1951 1110 1979 diei
1128 1952 1163 1978 sit
1176 1952 1229 1978 vita
1245 1951 1304 1985 ejus
1316 1951 1338 1967 "
1358 1961 1367 1976 ι
1385 1952 1553 1987 (quanquam
1580 1951 1674 1978 homil.
1693 1951 1730 1978 12
1754 1952 1786 1978 in
1802 1951 1850 1979 Lc-

1058 1999 1116 2031 uit.,
1137 2006 1212 2026 num.
1229 1998 1257 2031 4,
1269 2002 1295 2025 et
1311 1998 1405 2025 homil.
1423 1998 1493 2025 “in
1506 1997 1570 2025 Luc.
1589 1999 1685 2025 sordes
1700 1999 1764 2026 illas
1781 2006 1850 2034 quas

1059 2048 1201 2070 nascentes
1211 2044 1411 2076 contrahimus,
1424 2051 1438 2070 a
1454 2048 1565 2077 peccato
1576 2044 1768 2079 distinguit,et
1783 2053 1849 2072 eon-

1058 2090 1192 2124 ceptionis
1208 2095 1291 2124 atque
1302 2095 1379 2117 ortus
1401 2091 1559 2125 spurcitiem
1580 2096 1607 2118 et
1634 2090 1791 2119 fmditatem
1813 2092 1850 2119 si-

1059 2136 1180 2171 gnilieari
1201 2135 1303 2171 putat),
1325 2136 1424 2171 alioqui
1440 2137 1601 2170 baptisnmm
1627 2137 1751 2172 parvulis
1766 2138 1795 2165 in
1810 2145 1853 2165 re-

1059 2181 1217 2208 missionem
1233 2186 1407 2216 peccatorum
1416 2181 1535 2209 conferri
1548 2182 1670 2214 solitum.
1684 2190 1853 2217 supervaca-

1060 2234 1139 2254 neum
1157 2227 1215 2255 fore
1231 2233 1260 2255 et
1282 2227 1414 2255 inutilem.
1430 2227 1510 2255 Paria
1533 2228 1647 2263 replicat
1665 2233 1733 2256 tom.
1762 2239 1798 2257 xv
1826 2231 1852 2257 in

1059 2272 1170 2305 Matt/L,
1185 2281 1258 2301 num.
1276 2273 1324 2304 25,
1342 2281 1405 2309 pag.
1434 2274 1506 2306 686,
1521 2279 1549 2301 et
1574 2275 1710 2309 baptismo
1728 2276 1853 2303 decernit

1059 2319 1179 2354 abstergi
1193 2319 1299 2351 sordes,
1318 2327 1387 2354 quas
1408 2325 1551 2348 nascentes
1574 2321 1788 2355 eor-trahimus;
1815 2324 1852 2348 vi-

1058 2365 1158 2393 delicet
1172 2372 1325 2401 peccatum,
1344 2367 1421 2400 juxta
1444 2366 1508 2393 illud
1526 2367 1635 2394 Daridis
1649 2367 1752 2401 psalmi
1770 2375 1798 2397 ι.
1818 2368 1852 2395 7:

1061 2420 1070 2436 ι
1090 2410 1159 2439 Ecce
1183 2412 1256 2439 enim
1280 2412 1307 2439 iu
1336 2412 1522 2446 iniquitatibus
1538 2418 1685 2447 conceptus
1719 2421 1796 2446 sum,
1827 2420 1852 2439 ct

1059 2457 1086 2484 in
1101 2458 1223 2492 peccatis
1241 2457 1367 2492 concepit
1381 2465 1423 2485 me
1445 2463 1532 2485 mater
1545 2465 1615 2485 mea.
1632 2466 1642 2483 ι
1664 2457 1743 2486 Unde
1771 2459 1851 2486 solvi-

1061 2508 1116 2534 tur,
1134 2508 1163 2529 ut
1176 2503 1201 2529 id
1217 2504 1306 2530 obiter
1318 2504 1420 2535 dicam,
1444 2504 1592 2538 impactum
1615 2503 1789 2538 Origenistis
1800 2507 1850 2532 cri-

1060 2558 1120 2576 uzcu
1133 2549 1260 2580 alterum,
1277 2550 1418 2577 censuisse
1434 2550 1506 2584 ipsos
1521 2554 1632 2584 peccata
1649 2558 1703 2577 non
1732 2550 1792 2576 ιοΗί
1805 2558 1849 2584 per

1060 2595 1236 2629 baptismum,
1249 2596 1296 2622 sed
1315 2596 1380 2630 tegi.
1394 2595 1463 2623 lline
1475 2596 1532 2630 ipse
1548 2595 1694 2623 Janscoius
1703 2595 1848 2631 Origene-tn

1059 2640 1092 2666 de
1102 2644 1219 2673 peccato
1239 2639 1357 2675 originis
1370 2648 1423 2667 non
1435 2640 1521 2667 videri
1540 2648 1554 2667 a
1573 2640 1709 2667 catholica
1726 2641 1847 2668 doctrina

1061 2679 1196 2712 dissidere
1208 2685 1350 2712 confessus
1364 2691 1421 2713 est:
1439 2686 1502 2712 hinc
1530 2686 1616 2720 ipsum
1632 2694 1698 2713 sima
1724 2687 1848 2714 docuisse

1061 2730 1093 2757 de
1105 2729 1202 2757 el'l‘ectu
1221 2731 1359 2765 baptismi,
1379 2738 1427 2764 per
1441 2738 1502 2757 eum
1517 2738 1612 2764 nempe
1624 2730 1724 2764 deponi
1746 2730 1846 2765 peccati

1060 2775 1166 2808 sordes,
1178 2780 1205 2803 et
1215 2783 1297 2804 omne
1324 2784 1457 2804 noxarum
1482 2784 1569 2811 genus
1585 2774 1686 2803 auferri
1703 2777 1847 2811 pradicant

261 2861 286 2879 ο·
301 2859 377 2887 nom.
394 2869 420 2893 ν,
439 2861 483 2888 19.
514 2863 536 2879 ’⁷
554 2863 669 2898 Philipp.
686 2871 714 2896 ιι,
729 2864 756 2891 8.
794 2864 816 2880 ⁸⁸
831 2863 926 2891 Matth.
939 2871 1000 2891 xxvi

1057 2865 1090 2891 ιο.
1129 2867 1151 2881 ’³
1164 2864 1214 2892 Joh
1230 2873 1280 2895 λιν,
1297 2866 1322 2893 ri.
