1912 3079
53 122 114 149 969

54 181 318 218 Magdeburgenses,
332 193 466 218 cene-tn.
484 198 544 223 cap.
568 191 610 218 l0.
627 192 654 219 Si
671 195 735 227 quid
752 195 777 222 in
796 195 849 223 illis

53 231 152 254 tamen
163 228 365 258 Commentariis
378 233 405 259 in
415 233 560 265 Epistulam
573 237 606 262 ad
618 237 749 266 [lanienas
757 242 850 268 ortho-

52 272 140 299 doxae
154 273 214 300 titlei
230 282 325 308 parum
339 284 551 313 consentaneum
565 288 700 315 occurret,
717 286 848 313 memine-

53 318 90 344 rit
107 319 332 349 cruditusJector
347 330 400 349 non
419 328 473 350 tam
498 325 607 353 illorum
633 334 771 357 auctorent
788 332 847 358 exi-

51 363 223 392 stimandum
236 373 296 393 esse
310 366 471 403 Origenem,
489 378 569 405 quant
585 372 712 401 Ruﬁnum
726 384 733 408 ;
753 383 767 402 a
794 384 848 411 quo

51 415 180 436 nontam
211 411 395 447 interpretati,
420 422 500 449 quam
532 419 618 446 recusi
640 425 668 447 et
693 421 846 457 ittterpolati

49 460 142 488 sunt;
160 456 288 485 littlinum
305 465 395 487 autem
414 466 468 489 tam
485 470 568 497 prave
589 465 622 492 de
636 472 748 500 peccato
762 470 848 504 origi-

49 501 95 528 nis
111 503 245 534 sensisse.
263 509 292 532 ιιι
308 507 378 540 apud
398 507 612 544 Carthaginense
626 513 770 541 concilium
784 501 847 550 pro-

49 546 144 575 iesstts
160 549 195 576 sit
212 550 354 580 Caelestius
381 561 411 580 se
437 554 471 581 ab
497 562 530 582 eo
552 558 689 592 accepisse
715 560 844 588 nefarium

48 592 119 620 illud
143 594 251 629 dogma,
273 598 414 625 traducem
436 602 539 634 peccati
565 611 617 630 non
632 612 705 638 esse,
719 611 747 632 ιιι
763 608 846 636 refert

46 638 222 672 Augustinus
236 641 284 668 lib.
297 650 317 669 tt
332 642 369 670 De
382 651 482 678 peccat.
501 647 612 682 erigim,
628 657 690 684 cap.
712 651 740 679 5.

84 682 206 711 Notetnr
243 686 352 714 interim
385 690 509 724 capitalis
533 682 688 730 Hieronymi
714 697 843 726 adversus

45 727 199 763 Origenent
222 731 402 766 insimulatio,
429 735 457 762 itt
480 745 531 772 qua
551 739 650 766 desinit
672 741 739 769 liber
761 743 842 777 ipsius

46 774 149 802 tertius
165 777 290 804 adversus
308 777 466 814 Pelagianos
481 790 490 808 :
506 792 515 808 ι
536 784 611 816 Qttod
628 786 651 812 si
664 774 777 821 injuste,
799 789 842 815 in‘

45 818 120 853 quit,
139 821 218 848 vobis
233 822 412 860 (Pelagianis)
427 827 534 855 videtttr
546 830 695 859 alienorum
717 835 840 862 remissio

45 871 239 901 peccatorum,
251 877 311 904 qua:
322 870 354 904 ﬁt
368 880 415 906 per
426 874 595 909 baptismum,
607 885 659 912 qua
669 886 721 906 non
740 881 840 916 indiget

45 912 91 945 qui
109 919 229 946 peccare
243 923 296 943 nott
309 918 397 951 potuit
413 928 420 946 :
439 921 555 949 transite
570 923 604 950 ad
625 924 766 953 Atnasium
795 935 840 954 ve-

45 962 149 990 strum,
163 960 356 994 quiprteterita
371 964 397 991 itt
411 965 489 993 cmlis
499 969 647 1003 etantiqua
660 970 756 998 delicta
770 973 838 1001 solvi

43 1003 112 1030 dicit
129 1005 157 1031 in
172 1005 327 1041 baptismo;
355 1014 386 1036 ιιι
407 1011 485 1045 cujus
504 1012 530 1039 in
556 1015 662 1042 caneris
675 1018 840 1045 auctoritate

44 1048 192 1083 dttcimini,
202 1052 284 1079 etiam
301 1054 327 1080 in
340 1054 392 1082 hac
411 1062 490 1090 parte
507 1065 627 1086 errorem
644 1063 808 1096 sequamini.
827 1074 836 1090 ι

44 1095 190 1123 Amasium
205 1097 290 1131 illuttt,
303 1099 447 1135 Origenem
469 1103 599 1139 intelligo,
620 1095 696 1140 quasi
718 1109 754 1135 ab
772 1109 840 1136 ada-

47 1144 150 1168 manda
164 1142 301 1171 diceretur
313 1146 498 1180 Adamantius,
512 1149 550 1177 sic
561 1151 594 1177 ab
608 1153 722 1179 amando
737 1155 837 1182 dictum

43 1186 200 1214 Amasium.
229 1189 314 1221 Quem
329 1198 391 1218 cum
410 1199 522 1226 peccata
552 1195 578 1221 itt
605 1196 675 1223 (ξωΙο
691 1198 725 1224 ab
740 1199 839 1227 animis

44 1231 166 1260 admissa
174 1234 325 1262 credidisse
334 1236 396 1264 fassi
406 1238 501 1271 simus,
511 1241 605 1268 eadem
620 1243 752 1278 baptismo
764 1245 836 1272 ablui

44 1282 156 1310 putasse
172 1288 224 1306 non
249 1289 398 1316 negamus:
418 1286 440 1312 si
462 1287 543 1313 tttotlo
560 1291 725 1316 concedatur
741 1298 836 1325 pecca—

45 1327 100 1349 tum
115 1331 227 1359 quoquc
247 1329 416 1362 propaginis,
433 1331 468 1357 ab
484 1332 589 1359 Atlanto
611 1335 774 1370 derivatum,
790 1344 837 1364 eo-

43 1368 102 1394 dem
122 1369 263 1404 baptismo
284 1373 369 1400 deleri
386 1377 529 1404 censuisse
541 1379 623 1405 etiam
642 1380 748 1414 ipsum;
763 1383 835 1417 quod

44 1421 123 1440 uttttttt
140 1414 169 1441 itt
184 1419 328 1450 praesentia
349 1423 574 1456 propugnandttnt
590 1427 774 1460 suscepimus.

77 1458 163 1488 XXV.
179 1461 309 1497 Superest
324 1464 380 1499 jatn
399 1472 428 1494 ut
444 1467 477 1495 de
492 1468 548 1496 suis
568 1470 640 1498 circa
657 1458 834 1507 praedestina-

44 1505 145 1533 tionettt
168 1508 277 1541 placitis
290 1509 422 1546 Origenes
435 1521 548 1542 causam
572 1505 664 1546 dicat.‘
679 1517 835 1547 Meminisse

42 1558 105 1585 ergo
117 1558 229 1586 oportet
246 1555 393 1589 totiesjam
412 1565 426 1584 a
440 1559 519 1587 nobis
534 1560 672 1588 decantati
687 1562 832 1598 dogmatis,

42 1603 94 1629 Quo
109 1604 216 1626 mentes
236 1605 384 1636 antequam
414 1604 592 1633 illabereutur
607 1608 770 1642 corporibus
783 1609 833 1635 titt-

42 1642 111 1670 xisse
125 1645 212 1671 vitam
228 1646 254 1673 itt
270 1648 340 1674 cmlo
363 1651 541 1682 asseveravit,
554 1657 581 1678 et
601 1660 649 1687 pro
662 1659 721 1682 acta
736 1655 771 1681 ibi
788 1655 830 1682 vel

43 1694 114 1716 recte
128 1689 171 1717 vel
182 1691 252 1719 male
265 1693 329 1726 vita,
342 1695 442 1728 partim
459 1696 612 1730 angelicum
629 1699 752 1726 ordinem
768 1700 832 1727 ade-

42 1740 109 1769 ptas,
127 1736 230 1770 partim
254 1738 280 1765 in
303 1743 403 1767 terram
422 1741 506 1769 fuisse
521 1742 665 1776 dctrusas;
690 1752 740 1772 nec
755 1747 830 1774 varia

41 1780 124 1807 solum
140 1789 269 1816 corpora,
286 1785 445 1821 variamque
466 1788 572 1815 vivendi
589 1790 615 1816 in
631 1790 711 1817 terris
724 1797 826 1819 sortem

42 1830 131 1854 nactae
139 1835 211 1861 esse,
222 1830 268 1856 sed
284 1831 387 1857 variutn
399 1833 480 1859 etiam
497 1835 591 1867 gratia:
609 1835 706 1863 divinae
721 1837 828 1864 tnodum

41 1871 122 1899 fuisse
137 1876 318 1908 promeritus,
337 1884 456 1912 vasaque
469 1878 561 1906 ﬁctilia
577 1880 619 1907 vel
643 1888 736 1914 aurea,
762 1889 842 1924 con-V

42 1919 156 1946 tumelias
168 1919 211 1946 vel
225 1921 337 1949 ltonoris
348 1922 433 1950 fuisse
443 1923 570 1958 ell‘ectas;
587 1925 623 1952 ita
640 1931 729 1954 tamen
747 1933 829 1956 utca-

39 1963 97 1990 tlem
115 1965 225 1993 arbitrii
251 1967 377 1996 libertate
395 1975 515 2002 utentes,
536 1979 604 1998 nova
619 1974 716 2007 gratia:
739 1974 829 2007 inene-

40 2014 126 2036 tttettta
151 2018 308 2045 capessere.
337 2020 364 2040 et
384 2015 418 2041 ad
434 2016 588 2050 superiores
604 2018 701 2045 iterum
734 2019 827 2047 revehi

39 2055 147 2089 gradus,
160 2058 203 2084 vel
220 2059 253 2084 ad
272 2059 416 2087 inferiores
446 2062 530 2089 relabi
556 2063 672 2097 possint.
688 2065 726 2091 At:
740 2069 826 2092 totttnt

40 2101 64 2126 itt
83 2101 134 2130 hoc
151 2110 313 2138 argumento
327 2105 388 2133 libri
404 2108 514 2134 secundi
527 2109 597 2143 Περὶ
610 2109 712 2144 ἀρχῶν
726 2119 825 2139 ιιοιιιιιιι

38 2154 116 2182 caput
128 2150 272 2177 contrivit.
298 2152 351 2179 Sed
369 2157 397 2179 et
419 2153 489 2180 idettt
508 2160 603 2188 aperte
621 2156 703 2183 tradit
724 2156 773 2184 lib.
786 2165 824 2184 vtt

38 2193 62 2219 in
77 2193 164 2229 Epist.
180 2197 214 2222 ad
235 2196 324 2229 Rom.,
339 2206 414 2225 num.
427 2199 472 2231 17,
490 2199 554 2227 illud
566 2201 708 2228 Paulinum
721 2203 729 2218 ¹
745 2210 824 2230 enar-

45 2247 104 2267 rans
119 2249 126 2268 :
149 2251 159 2268 ι
175 2243 271 2270 Annon
300 2244 382 2271 habet
411 2250 569 2279 potestatem
586 2247 682 2281 ﬁgulus
697 2247 744 2275 luti
758 2269 766 2281 ,
789 2257 822 2277 ex

38 2287 126 2314 eadem
139 2296 231 2316 massa
248 2289 338 2317 facere
348 2290 420 2317 aliud
435 2291 545 2325 quidem
570 2300 618 2319 vas
639 2292 665 2319 itt
681 2294 824 2327 honorem,

37 2332 106 2359 aliud
123 2341 191 2361 vero
206 2335 233 2362 in
244 2338 440 2364 contumeliam
453 2338 465 2358 ν
482 2347 492 2364 ι

69 2380 300 2412 Quemadmodum
328 2389 416 2411 autem
445 2384 594 2412 arbitratus
616 2389 658 2412 est
686 2386 823 2414 Adaman-

38 2426 96 2460 tius,
116 2435 177 2463 qua:
190 2437 204 2457 a
215 2431 294 2458 nobis
304 2436 380 2465 gesta
397 2438 461 2459 sunt
476 2433 540 2460 olim
552 2454 559 2466 ,
582 2439 728 2468 atttequam
751 2442 814 2462 cor-

37 2479 95 2505 pora
105 2476 273 2509 subiremus,
293 2485 403 2505 causam
427 2479 534 2506 dedisse
559 2480 624 2512 Deo,
642 2488 691 2507 cur
718 2485 822 2509 mentes

38 2524 141 2549 nostras
158 2523 275 2550 terrenis
287 2524 363 2551 hisce
377 2525 494 2553 molibus
512 2526 674 2560 implicaret,
695 2527 766 2553 adeo
791 2531 821 2554 ιιι

37 2566 66 2591 ad
81 2566 149 2594 hanc
165 2568 192 2595 itt
205 2570 286 2597 terris
298 2571 432 2605 agendam
444 2571 526 2598 vitam
540 2571 610 2599 Deus
618 2579 668 2599 nos
678 2573 819 2607 praedesti-

38 2613 149 2646 naverit,
165 2622 199 2641 ex
214 2616 336 2649 praevisis
347 2616 382 2643 ab
394 2617 469 2643 omni
482 2622 555 2644 retro
567 2625 625 2644 aevo
637 2618 741 2645 meritis
756 2619 818 2646 vitae

38 2655 104 2685 illitis
120 2660 146 2686 in
159 2661 230 2688 ctelo
245 2661 392 2695 traducta;
411 2662 446 2689 ita
461 2670 494 2689 ex
512 2663 636 2697 przevisis
647 2664 751 2691 meritis
763 2668 819 2691 ter-

38 2705 125 2732 restris
139 2706 218 2740 hujus
232 2707 292 2734 vita:
304 2715 385 2742 quant
398 2715 470 2735 nunc
483 2709 598 2744 agimus,
613 2709 819 2744 prazdestlnasse

69 2758 76 2773 ¹
94 2759 169 2787 Rom.
187 2769 224 2794 ιι,
239 2762 285 2788 21.
322 2762 332 2777 ¹
351 2763 429 2790 Rom.
447 2770 503 2795 vttt,
518 2763 563 2791 50.
601 2763 611 2778 ³
625 2763 647 2791 ll
663 2763 734 2792 Tim.
751 2771 781 2798 tt,
795 2763 828 2792 I9

452 128 740 161 ORIGENIANORUM
759 134 823 162 LIB.
842 134 873 169 II,
890 136 967 165 CAP.
989 138 1020 173 II,
1038 139 1176 173 QU/EST.
1198 142 1253 171 VII.

1639 153 1689 181 970

863 202 884 227 Α
901 205 950 224 nos
964 198 1045 226 Deum
1061 200 1094 227 ad
1110 201 1208 229 ttobilia
1221 203 1344 237 quattlam
1360 204 1385 233 itt
1404 208 1482 235 terris
1495 208 1616 238 obeunda
1630 219 1689 240 mu-

902 243 956 276 nia,
973 244 1069 272 deinde
1083 253 1149 273 vero
1165 253 1226 281 post
1241 249 1344 277 obituttt
1358 251 1391 278 ad
1408 253 1532 287 gloriam.
1546 257 1688 285 existima-

902 287 948 315 vit.
965 289 1024 324 (λιι)
1038 291 1067 317 Id
1083 290 1188 318 duobus
1203 295 1336 329 praecipue
1356 296 1421 325 locis
1443 299 1550 332 asserit.
1571 308 1686 335 quorum

899 336 975 368 prior
989 341 1031 364 est
1051 336 1097 364 lib.
1112 345 1121 364 ι
1140 339 1168 364 in
1184 337 1269 372 Epist.
1282 341 1316 367 ad
1332 341 1418 375 ηοω..
1431 346 1549 380 num.-5,
1572 347 1686 377 Paulum

899 379 935 407 ibi
947 388 962 406 a
975 387 1070 409 ventre
1088 385 1183 413 matris
1195 393 1251 414 sua:
1263 392 1405 422 propterea
1417 397 1586 428 segregatum
1601 394 1685 423 luisse

898 426 963 453 dicit
992 427 1020 453 in
1039 428 1213 465 Evangelium
1240 433 1297 465 Dei,
1325 436 1388 469 quia
1410 445 1419 462 t
1434 426 1530 465 causas
1553 438 1578 465 in
1604 447 1637 467 eo
1657 447 1685 468 et

899 472 1008 504 merita,
1021 474 1120 508 quibus
1144 476 1170 503 in
1195 477 1247 506 hoc
1261 481 1397 515 segregari
1411 482 1544 516 debuerit,
1562 486 1627 513 vidit
1639 487 1684 515 illc

896 522 975 550 quem
1000 526 1052 546 non
1072 519 1137 548 latet
1161 530 1246 551 mens.
1271 524 1484 556 Przeviditenim
1508 531 1579 565 quod
1597 533 1682 560 abun-

897 561 1006 591 dantius
1018 573 1099 600 quain
1115 569 1206 595 cteteri
1223 577 1318 598 omnes
1332 571 1502 602 laboraturus
1516 581 1588 604 esset
1604 577 1630 609 in
1647 578 1682 605 Ε·
1723 579 1727 582 ”

896 608 1020 643 vangelio
1096 611 1158 640 Haec
1174 621 1250 649 ergo,
1271 621 1298 642 et
1317 617 1400 644 multa
1419 619 1471 646 alia
1486 620 1527 647 his
1540 608 1636 650 similia
1655 624 1680 651 itt

894 657 927 677 eo
944 653 976 679 de
987 660 1083 683 ventre
1102 657 1197 685 matris
1208 660 1358 693 praevidens
1368 661 1456 696 Iesus,
1475 672 1523 699 pro
1539 666 1580 694 bis
1592 674 1682 703 segre-

894 698 965 731 gavit
984 706 1045 726 ettm
1065 701 1091 728 in
1109 702 1294 738 Evangeliutn.
1307 716 1317 733 t
1344 706 1377 735 Et
1393 715 1455 736 mox
1471 698 1482 736 εγ
1499 719 1508 737 ι
1522 710 1595 744 Quos
1611 698 1680 747 pyrae-

894 745 973 773 scitit
988 747 1059 775 Deus
1078 749 1143 777 tales
1169 751 1274 781 futuros
1294 758 1322 782 ut
1337 754 1446 784 Christo
1456 765 1487 785 se
1503 758 1530 785 in
1548 745 1681 794 passioni-

893 789 943 817 bus
956 792 1169 827 conformarent,
1183 797 1255 831 ipsos
1271 799 1351 827 etiam
1366 801 1518 831 confortnes
1530 811 1562 832 ac
1579 805 1680 834 similes

893 835 1016 871 imaginis
1032 839 1090 873 ejus
1104 842 1303 874 prmdestinsvlt
1317 849 1343 872 et
1353 845 1454 881 gloria).
1473 847 1603 877 Prmcedit
1614 855 1680 887 ergo

893 884 1061 916 praescientia
1078 885 1124 913 Dei
1144 894 1191 920 per
1202 897 1281 922 qttatn
1295 897 1443 919 noscuntur
1454 895 1499 928 qui
1514 895 1540 922 ιιι
1557 903 1587 924 se
1602 884 1678 925 labe-

891 934 937 954 res
947 933 974 955 et
988 930 1102 959 virtutes
1117 933 1234 960 ltabituri
1248 935 1313 966 sint.
1328 941 1356 965 et
1369 938 1404 965 ita
1417 941 1617 974 prtetlestinatio
1633 951 1678 970 se-

891 973 1003 1008 quitur;
1022 983 1072 1004 nec
1095 982 1183 1006 tamen
1207 988 1302 1008 rursus
1326 973 1571 1017 praedestinationis
1595 994 1677 1016 causa

891 1021 1031 1054 potabitur
1058 1025 1240 1058 praescientia.
1263 1027 1339 1061 Quod
1358 1031 1429 1058 cnim
1458 1034 1528 1067 apud
1553 1034 1677 1063 homines

891 1067 1103 1103 uniuscujusque
1122 1071 1247 1099 meritum
1269 1079 1445 1108 pensatur.”
1462 1079 1607 1112 prteteritis
1627 1089 1675 1116 ge-

890 1113 950 1144 stis,
965 1113 1015 1141 hoc
1029 1116 1098 1149 apud
1111 1116 1195 1144 Deum
1212 1117 1350 1151 judicatur
1362 1128 1394 1148 ex
1411 1122 1516 1151 l’uturis.
1530 1134 1540 1150 ι
1556 1113 1676 1155 Habetur

891 1157 965 1185 locus
992 1159 1061 1187 alter
1087 1161 1135 1188 lib.
1151 1169 1187 1189 vn
1207 1163 1351 1193 Comment.
1379 1167 1406 1194 in
1421 1168 1505 1203 Epist.
1531 1172 1567 1198 ad
1586 1171 1674 1206 Rom,

889 1211 963 1231 num.
975 1205 1004 1236 8.
1018 1206 1062 1233 ubi
1076 1207 1192 1242 hocApo
1210 1210 1254 1236 toli
1264 1212 1274 1225 '
1289 1212 1437 1245 explanans
1455 1223 1462 1242 :
1480 1224 1489 1241 ι
1500 1215 1571 1249 Qttos
1585 1223 1673 1246 autem

887 1249 1098 1284 praedestinavit,
1115 1253 1164 1281 hos
1184 1260 1210 1281 et
1224 1257 1329 1284 vocavit
1345 1267 1351 1284 :
1368 1263 1396 1285 et
1416 1267 1482 1294 qttos
1493 1262 1610 1295 vocavit,
1624 1263 1673 1292 ltos

886 1300 913 1321 ct
927 1295 1103 1330 justillcavit;
1119 1305 1187 1332 qttos
1205 1305 1294 1327 autem
1307 1301 1475 1336 justiilcavit,
1492 1305 1550 1334 illos
1569 1311 1595 1334 et
1612 1307 1670 1343 glo-

887 1339 1013 1373 r’ilicavit,
1028 1350 1036 1366 ι
1056 1342 1172 1377 primum
1200 1345 1278 1372 aliter
1294 1347 1479 1382 accipiendum
1506 1351 1584 1380 docet
1598 1339 1672 1386 illud,
1690 1377 1691 1380 η

889 1393 899 1410 ‹
912 1393 979 1419 quos
996 1388 1142 1420 prtescivit,
1157 1398 1166 1415 ι
1195 1391 1334 1425 superiore
1357 1400 1596 1425 commemoratum
1613 1406 1674 1427 ver-

886 1430 983 1463 siculo,
996 1438 1076 1466 quam
1095 1433 1174 1468 vulgo
1195 1435 1280 1469 accipi
1302 1436 1392 1467 solet:
1411 1439 1474 1473 quia
1493 1440 1516 1467 si
1536 1441 1554 1468 ii
1569 1445 1672 1469 tantum

887 1483 1102 1512 prmnoscttntur,
1119 1480 1164 1514 qtti
1179 1481 1422 1517 prtedestinantttr;
1439 1486 1485 1520 qui
1500 1494 1554 1514 non
1571 1489 1673 1522 praede-

885 1521 1031 1557 stinantur,
1058 1525 1150 1559 utique
1164 1533 1216 1553 non
1240 1534 1446 1561 prtettoscuntur
1468 1533 1671 1568 :cognitionent

886 1575 950 1603 ergo
963 1568 1034 1596 illam
1050 1578 1100 1604 pro
1117 1572 1220 1600 amoris
1238 1581 1319 1607 nexu,
1335 1581 1361 1601 et
1375 1575 1487 1604 all'ecttts
1504 1578 1611 1607 vinculo
1623 1588 1670 1607 su-

885 1614 1010 1641 tuendam
1037 1616 1131 1649 probat
1153 1618 1243 1646 ntttltis
1257 1619 1404 1655 Scriptura:
1420 1624 1590 1656 testimoniis,
1606 1630 1668 1660 puta

884 1660 937 1686 isto
951 1669 959 1688 ι
978 1670 986 1685 ι
1000 1660 1133 1696 Cognovit
1155 1663 1284 1692 Dominus
1305 1673 1352 1693 eos
1367 1667 1410 1701 qui
1433 1673 1496 1695 sunt
1513 1669 1572 1704 ejus
1582 1670 1602 1702 ⁸,
1621 1680 1630 1697 t
1643 1672 1669 1698 id

883 1709 925 1732 est
947 1705 1043 1741 diligit,
1067 1715 1128 1734 cttm
1144 1712 1233 1735 tamen
1257 1718 1306 1737 nec
1319 1719 1365 1739 eos
1380 1714 1424 1746 qui
1451 1721 1503 1740 non
1528 1721 1592 1742 sunt
1610 1717 1669 1751 rjtts

883 1749 990 1783 ignoret
1004 1759 1011 1776 :
1026 1754 1208 1786 praccognosci
1221 1761 1286 1788 ergo
1301 1763 1348 1783 eos
1361 1764 1375 1782 a
1393 1757 1448 1784 Deo
1459 1758 1523 1790 vult,
1541 1768 1551 1784 ι
1563 1759 1590 1786 in
1606 1749 1669 1795 qui-

881 1794 942 1827 bus,
956 1795 1046 1823 sciens
1064 1796 1156 1830 quales
1172 1805 1409 1833 essenthamoretn
1425 1810 1503 1829 sttttttt
1518 1804 1589 1832 Deus
1602 1805 1668 1833 ειπε-

881 1844 1011 1874 clumque
1030 1842 1177 1875 posuisset.
1195 1853 1205 1870 ι
1225 1844 1326 1877 Quaerit
1344 1849 1514 1881 postmodum
1533 1857 1587 1885 quo
1603 1859 1667 1879 sen-

880 1892 911 1913 su
929 1886 1159 1921 interpretandum
1178 1890 1214 1917 sit
1228 1890 1292 1918 illttd
1305 1892 1424 1926 Apostoli
1438 1902 1445 1920 :
1466 1904 1476 1921 (
1489 1895 1563 1929 Quos
1578 1903 1667 1926 voca-

879 1930 930 1964 vit,
943 1931 992 1959 hos
1003 1936 1030 1959 et
1042 1932 1232 1967 justilicavit,t
1249 1943 1311 1964 cuttt
1322 1938 1398 1966 multi
1415 1941 1502 1968 vocati
1516 1942 1581 1975 sint,
1598 1951 1665 1978 pau-

879 1977 904 2003 ci
921 1977 1012 2005 electi.
1028 1977 1184 2013 Respondet
1198 1981 1296 2016 duplex
1315 1990 1375 2011 esse
1387 1987 1538 2016 vocationis
1559 1977 1664 2024 genus;

879 2023 953 2051 aliud
969 2024 1118 2051 secundum
1132 2027 1311 2062 propositum,
1330 2037 1384 2057 tton
1401 2033 1523 2060 vocantis
1544 2032 1600 2066 Dei,
1617 2036 1664 2062 sed

877 2071 966 2098 vocati
979 2071 1108 2105 hominis,
1125 2079 1178 2106 quo
1189 2073 1317 2102 virtutem
1334 2077 1525 2112 amplectitur;
1546 2079 1662 2114 quicun-

877 2123 929 2150 que
941 2121 1031 2144 autem
1058 2119 1198 2145 v0catione
1220 2119 1353 2153 ejusmodi
1369 2123 1454 2150 vocati
1477 2124 1542 2157 sint,
1569 2125 1619 2153 hos
1635 2131 1663 2153 et

873 2161 1036 2196 justilicatos
1050 2171 1110 2191 esse
1134 2173 1140 2191 :
1166 2164 1237 2192 aliud
1257 2174 1318 2194 esse
1334 2170 1483 2198 vocatiOnis
1497 2178 1592 2206 genus,
1609 2179 1662 2200 non

840 2224 861 2251 υ
875 2209 1023 2236 secundum
1046 2210 1144 2236 bonum
1169 2212 1345 2246 propositum,
1368 2222 1421 2249 quo
1436 2222 1566 2245 vocantur
1578 2218 1662 2246 etiam

878 2254 996 2288 reprobi,
1011 2263 1043 2282 tte
1057 2257 1161 2284 meritis
1172 2256 1305 2285 alliciendi
1318 2259 1406 2293 pmnis
1426 2261 1478 2289 hoc
1489 2267 1602 2291 utantur
1612 2264 1660 2292 ob-

877 2303 964 2332 tentu,
987 2301 1090 2329 idcirco
1102 2309 1164 2330 sese
1176 2304 1259 2331 fuisse
1273 2311 1288 2331 a
1301 2304 1400 2332 virtute
1410 2306 1523 2341 alienos,
1538 2309 1603 2343 quia
1618 2311 1663 2338 de-

874 2344 957 2372 fuerit
976 2346 1027 2374 sibi
1045 2349 1162 2376 vocatio.
1192 2349 1220 2377 Si
1238 2350 1299 2385 quis
1319 2356 1408 2379 autem
1431 2355 1600 2388 propositum
1627 2357 1659 2384 il-

874 2390 932 2423 lud,
948 2392 1095 2420 secundum
1109 2394 1181 2428 quod
1194 2395 1284 2422 vacari
1301 2403 1350 2423 nos
1363 2405 1377 2422 ιι
1394 2396 1448 2424 Deo
1464 2398 1533 2425 dixit
1546 2399 1659 2434 Aposto-

873 2436 925 2470 lus,
945 2438 978 2465 ad
999 2438 1082 2465 Deum
1103 2439 1197 2467 referri
1223 2441 1298 2474 velit,
1323 2441 1443 2469 futurum
1465 2443 1529 2471 illud
1551 2453 1658 2481 quoque

871 2483 1006 2518 posterius
1020 2490 1095 2511 recto
1109 2486 1232 2513 humana:
1247 2487 1393 2515 voluntatis
1404 2489 1552 2524 proposito,
1568 2498 1601 2518 ac
1613 2499 1658 2518 re-

871 2528 967 2563 ligiosa
987 2534 1085 2563 mente,
1100 2536 1128 2558 et
1146 2532 1242 2560 salutis
1263 2533 1408 2562 desiderio.
1425 2536 1536 2563 Demum
1548 2536 1575 2563 id
1593 2538 1658 2565 sub-

872 2572 955 2599 nectit
969 2581 976 2598 :
995 2582 1004 2598 t
1022 2573 1077 2601 Iloc
1095 2582 1159 2610 ergo
1174 2582 1254 2610 pacto
1274 2585 1362 2612 neque
1373 2579 1399 2606 in
1413 2581 1580 2614 pmscientia
1596 2581 1657 2615 Dei,

871 2617 912 2644 vel
927 2618 1033 2652 salutis,
1052 2620 1094 2647 vel
1111 2621 1270 2655 perditionis
1292 2628 1392 2652 nostra:
1415 2632 1496 2652 causa
1519 2627 1656 2658 consistit.

871 2670 959 2698 neque
973 2663 1133 2697 justilicatio
1147 2674 1179 2694 ex
1194 2667 1251 2694 sola
1262 2668 1402 2697 voluntate
1416 2670 1553 2705 pendebit,
1566 2677 1657 2706 neque

872 2709 1017 2744 gloriﬁcari
1048 2712 1083 2739 de
1102 2717 1196 2740 nostra
1225 2715 1333 2749 penitus
1361 2720 1494 2750 potestate
1518 2716 1656 2745 sublatum

857 868 878 897 Β

847 1555 868 1583 C

65 2802 122 2839 (44)
153 2805 185 2832 Id
205 2807 306 2834 duobus
339 2808 552 2852 prttcipuenloct't
577 2810 680 2852 qsffrt't,
707 2814 760 2838 etc.
777 2809 843 2838 Vide
862 2811 942 2840 etiam
971 2812 1069 2842 librum
1098 2813 1135 2843 De
1163 2815 1280 2843 oratione
1311 2823 1385 2844 num.
1399 2817 1426 2850 6,
1447 2824 1508 2852 pag.
1523 2817 1655 2852 207-209,

38 2843 61 2865 et
77 2841 165 2868 ltontil.
181 2842 214 2868 14
227 2843 253 2869 in
266 2843 360 2875 Ναιη..
378 2841 451 2870 nunt.
466 2843 494 2874 2,
508 2851 567 2878 pag.
584 2844 645 2871 3:25.

169 2889 304 2920 Ριιτιιοι..
321 2890 379 2920 Gtt.
399 2889 484 2920 XVII

1439 2896 1474 2926 31
