1912 3079
231 111 278 140 ετι

870 115 898 142 Ρ.
921 115 1076 142 DANIELIS
1095 113 1209 142 IIUETII

1798 115 1844 143 979.

228 177 289 206 est;
306 183 314 199 ι
336 179 361 201 et
375 175 454 209 paulo
466 174 578 203 inferius
596 184 602 202 :
621 185 630 202 t
644 175 679 204 Ut
693 180 782 203 autem
796 176 867 205 scias
878 178 940 212 quia
959 186 1011 205 non
1027 181 1049 207 Α
1064 176 1174 204 scimus.
1194 175 1366 203 Vocationem
1378 183 1485 211 quoque
1495 175 1566 203 illam
1585 174 1738 203 secundum
1750 182 1842 210 propo-

229 219 256 245 in
270 220 440 254 prtescientia
461 220 506 247 Dei
531 220 676 256 unicuique
687 222 783 250 salutis
794 230 874 250 causa
887 223 1007 257 ponitur,

228 265 275 292 sed
289 266 314 292 in
331 265 468 300 proposito
488 270 516 292 et
530 265 635 293 actibus
649 267 717 299 suis,
735 267 795 295 vide
810 267 922 295 Paulum
935 268 946 284 ⁵
962 276 1009 295 vc-

228 316 330 339 rentem
346 319 379 339 ne
394 311 462 338 forte
475 318 536 338 cum
552 311 613 339 aliis
626 312 824 347 praedicaverit,
842 313 899 348 ipse
913 321 1010 349 repro-

227 357 277 384 bus
287 357 426 389 ciliciatur,
449 365 589 386 macerare
603 366 702 394 corpus
714 367 804 394 suum,
828 364 856 388 et
875 360 1011 396 subjicere

226 403 360 430 servituti.
374 412 383 430 ι

261 448 356 478 XXVI.
377 449 454 477 Dolet
471 449 572 486 lprensi
593 451 720 486 episcopo
739 451 840 480 dixisse
853 451 1009 487 Origenem,

223 494 487 528 praedestinationetn
500 495 618 530 pendere
639 503 673 523 ex
689 497 811 531 praevisis
826 499 929 526 meritis
941 507 948 526 :
962 507 1010 526 vo-

192 555 194 557 -
221 540 361 568 cntionem
379 541 436 568 ﬁeri
452 541 599 569 secundum
621 543 788 577 propositum
809 543 938 575 hominis.
957 552 1009 572 non

224 585 272 613 Dei
286 595 293 613 :
309 586 476 614 vocationem
492 586 640 614 secundum
651 588 818 622 propositum
837 589 895 623 Dei,
914 598 947 618 ex
965 591 1010 618 bo-

223 633 268 661 nis
280 633 418 661 hominum
442 633 586 662 desideriis
607 639 696 668 aptam
713 642 773 662 esse
795 640 822 663 et
833 643 983 663 connexatn
1001 645 1008 663 :

225 687 335 707 causam
348 679 469 707 eamdem
483 686 541 706 esse
556 679 653 708 salutis
666 685 694 707 et
709 681 901 714 damnationis,
914 689 1010 717 nempe

226 726 358 761 religiosa:
375 726 472 753 mentis
488 725 632 753 desideria.
647 725 713 759 Quae
731 726 820 753 omnia
833 726 861 753 in
882 727 952 754 idem
968 727 1009 754 [ε-

225 778 256 798 re
270 771 406 798 recidunt.
418 769 536 797 Oll‘endit
558 776 665 804 quoque
676 769 762 804 ipsum
776 777 915 804 perperam
928 777 1007 805 expo-

225 816 293 843 sitos
323 815 442 851 Apostoli
469 815 561 843 locus“
583 825 590 842 :
623 824 632 841 t
659 815 752 843 Posuit
786 815 856 843 Deus
876 816 1007 848 membra,

1061 222 1142 250 situm
1158 221 1284 255 hominis,
1305 229 1386 256 quam
1401 229 1493 249 revera
1512 220 1666 256 Pelagianis
1683 220 1780 248 tribuit
1793 221 1844 248 Διι-

1060 268 1184 303 gustinus
1209 267 1257 296 lib.
1273 275 1291 295 ll
1315 267 1413 295 Contra
1437 268 1504 294 duo:
1526 268 1602 302 epist.
1629 266 1844 302 Pelagianorum.

1061 320 1114 341 nou
1140 313 1176 340 ita
1202 317 1292 341 tuetur
1303 312 1444 348 Origenes,
1467 318 1497 340 ut
1519 321 1572 341 non
1585 313 1668 340 etiam
1679 312 1844 340 vocationem

1060 360 1208 387 secundum
1226 359 1393 395 propositum
1413 359 1459 388 Dei
1481 359 1527 387 hic
1541 359 1653 395 intelligi
1672 367 1754 395 posse
1766 359 1844 386 fatea-

1062 411 1123 438 tur;
1144 413 1207 433 nam
1223 405 1349 440 proponit
1370 410 1513 440 utramque
1525 411 1553 433 et
1571 406 1716 433 sententia:
1735 412 1792 433 sua:
1804 413 1845 432 ac-

1061 451 1226 478 commodat.
1246 450 1375 484 Quamvis
1387 455 1475 478 autem
1489 458 1569 478 unatn
1584 450 1658 478 illam
1669 451 1788 485 priorem
1803 452 1845 478 de-

1060 497 1194 530 fenderet,
1207 497 1409 531 astipulatorem
1422 497 1535 524 haberet
1553 497 1791 532 Chrysoslomum.
1808 497 1845 523 sie

1061 544 1087 570 in
1101 543 1180 570 Rom.
1201 551 1278 575 xvnt,
1289 543 1336 574 ‘28.
1352 543 1528 570 disserentem
1543 551 1551 569 ε
1569 541 1702 578 Ηρόθεσιν
1716 541 1746 568 δὲ
1757 541 1847 568 ἐνταῦ-

1060 589 1095 616 θά
1105 597 1197 624 φησιν,
1222 589 1266 615 ἶνα
1292 588 1329 624 μὴ
1343 588 1374 615 τὸ
1387 589 1442 615 πᾶν
1458 589 1491 624 τῇ
1507 587 1600 623 κλήσει
1619 587 1667 623 δῷ,
1687 587 1750 614 ἐπεὶ
1765 587 1847 619 οὕτως

1059 634 1170 671 ἔμελλον
1192 635 1239 662 καὶ
1259 634 1387 670 ’Έλληνες
1411 633 1572 668 ἀντιλέγειν,
1597 634 1644 661 καὶ
1664 634 1796 661 Ἰουδαῖοι.
1818 634 1848 660 El

1059 682 1114 718 γὰρ
1125 683 1141 718 ἡ
1156 681 1250 717 κλῆσις
1261 682 1340 718 ἤρκει
1352 681 1441 717 μόνον,
1454 681 1526 712 τίνος
1534 681 1625 707 ἕνεκεν
1637 681 1668 707 οὐ
1677 681 1778 712 πάντες
1788 679 1848 706 ἐσώ-

1059 728 1161 763 lin-Juv;
1181 727 1229 754 Διὰ
1242 727 1332 762 τοῦτο,
1346 726 1438 762 φησιν,
1457 726 1506 761 οὐχ
1520 727 1537 762 ἡ
1557 726 1652 761 κλῆσις
1668 725 1759 761 μόνον,
1784 725 1848 751 ἀλλὰ

1058 773 1129 808 καὶὴ
1143 772 1270 808 πρόθεσις
1284 772 1339 798 τῶν
1352 770 1528 806 καλουμένων
1539 770 1588 806 τὴν
1604 771 1742 806 σωτηρίαν
1755 770 1848 805 εἰργά-

1061 827 1137 845 σατο.
1160 818 1197 844 Οὺ
1215 817 1270 852 γὰρ
1284 816 1478 852 ἠναγκασμένη
1503 814 1614 850 γέγονεν
1631 816 1648 851 ἠ
1663 815 1773 850 κλῆσις,
1791 814 1849 841 οὐδὲ

226 862 435 897 unumquodque
443 869 535 888 eorum
553 861 578 887 in
591 861 790 895 corpore,sicnt
804 861 897 894 voluit,
910 871 919 887 ι
934 862 1008 896 quasi

1063 863 1241 898 βεϐιασμένη·
1254 863 1354 894 πάντες
1368 861 1434 896 γοῦν
1452 860 1616 896 ἐκλήθησαν,
1631 860 1690 888 ἀλλ’
1705 861 1737 887 οὺ
1753 860 1849 892 πάντες

175 914 179 918 ·
225 906 350 934 voluntas
369 906 414 933 illa
427 907 460 932 ad
474 906 637 939 membrum,
650 914 703 934 non
720 908 753 934 ad
770 907 852 933 Deum
867 906 1010 942 pertineat.

224 952 312 980 Locus
327 952 443 979 habetur
454 953 500 979 lib.
519 960 543 980 tx
565 952 709 980 Comment.
726 954 754 979 in
767 952 853 986 Epist.
871 953 905 979 ad
922 951 1010 983 Βοηι..

226 1005 300 1025 ιιιιιιι.
313 998 341 1030 5,
358 1005 419 1032 pag.
435 997 488 1025 658
503 1007 510 1024 :
527 1006 536 1022 t
554 996 641 1024 Voluit
653 1003 756 1030 atttem,
773 997 869 1031 inquit,
888 998 956 1024 Deus
966 1005 1011 1025 se-

225 1044 344 1070 cundum
372 1043 504 1070 rationem
521 1044 563 1070 vel
585 1050 741 1070 mensuram
758 1042 819 1070 ﬁdei
848 1051 908 1078 quae
920 1047 962 1070 est
984 1043 1010 1070 in

226 1090 316 1122 nobis,
330 1089 370 1116 vel
385 1088 471 1116 voluit
487 1088 520 1114 ad
540 1088 565 1115 id
581 1088 652 1123 quod
673 1088 792 1123 expedit.
809 1087 865 1115 Nisi
883 1088 952 1116 forte
974 1088 1010 1116 ila

226 1136 321 1170 aliquis
334 1142 362 1164 et
378 1137 430 1164 hoc
446 1137 510 1164 velit
528 1137 677 1174 intelligere
693 1147 700 1166 :
720 1138 790 1166 Deus
808 1140 894 1173 posuit
911 1139 938 1165 in
954 1147 1011 1165 cor-

223 1190 285 1216 pore
297 1184 499 1218 unumquodque
512 1185 666 1217 membrum,
678 1189 755 1217 prout
763 1185 856 1216 uoluit,
871 1190 900 1211 ut
917 1186 1010 1218 uoluit,

225 1228 259 1254 ad
271 1229 413 1255 membrum
432 1229 517 1264 ntagis
530 1229 675 1262 referatur,
695 1230 747 1258 hoc
763 1235 815 1262 est,
829 1236 906 1264 prout
921 1231 1011 1264 uoluit,

228 1277 307 1306 prottt
320 1273 411 1308 elegit,
424 1278 504 1308 prout
518 1281 629 1308 operam
641 1274 725 1308 dedit,
739 1283 772 1302 ne
784 1276 906 1303 videatur
920 1276 953 1304 de
964 1277 1012 1304 ho-

225 1318 297 1344 mine
314 1319 418 1345 arbitrii
437 1324 556 1353 potestas
569 1319 682 1348 auferri.
698 1330 708 1347 ι

260 1363 525 1391 Prmdeslinationem
552 1366 674 1399 prmvisis
704 1366 808 1394 meritis
828 1368 1011 1402 postposuisse

220 1408 368 1444 Origenetn
385 1410 495 1438 minime
517 1411 615 1437 tnirtttn
639 1416 692 1444 est,
706 1420 767 1440 cum
787 1413 962 1447 quaestionem
980 1414 1012 1441 il-

225 1455 278 1482 lam
295 1455 389 1483 leviter
404 1460 507 1482 tantum
524 1456 744 1490 etperfnnctorie
755 1458 894 1486 delibarin-
914 1460 1011 1487 vetusti

219 1501 317 1529 Patres
337 1500 488 1536 Pelagianis
503 1503 668 1536 temporibus
686 1504 865 1539 antiquiores.
887 1509 917 1532 ιιι
930 1505 1011 1533 disci-

225 1556 284 1575 mus
298 1555 331 1575 ex
346 1548 468 1582 epistolis
486 1548 611 1583 Prosperi
633 1554 660 1576 et
676 1548 770 1576 llilarii
793 1549 959 1578 Arelatensis
976 1551 1008 1579 ad

224 1595 414 1629 Augustinum,
427 1595 527 1630 prwligi
545 1595 634 1622 solitis
654 1595 739 1629 ipsius
754 1595 830 1624 libris
849 1596 885 1623 De
905 1597 1008 1632 prcede-

223 1642 365 1668 uitiatione
385 1646 536 1668 sanctorum
557 1647 581 1669 et
608 1642 677 1669 dono
700 1643 909 1676 perseverantiae,
929 1648 957 1670 et
974 1651 1009 1670 cx

224 1687 323 1722 prioris
336 1687 407 1715 illitts
421 1688 562 1722 Augustini
579 1688 637 1714 libri
656 1688 744 1722 capite
756 1688 800 1720 l4,
814 1693 840 1716 et
853 1688 1010 1724 posterioris

222 1735 314 1769 capite
329 1734 376 1761 20.
395 1733 431 1769 ln_
441 1741 471 1761 ea
495 1734 595 1768 quippe
613 1733 698 1760 fuisse
720 1735 851 1761 sententia
868 1734 1007 1768 Irenaeum,

222 1785 250 1806 et
263 1779 507 1815 Chrysostomum;
523 1780 569 1807 sed
585 1784 614 1806 et
627 1785 688 1815 post
705 1779 874 1815 Pelagianam
889 1785 1007 1813 aetatem,

223 1825 437 1857 Theodoretuut,
453 1825 693 1860 Theophylactum,
708 1824 912 1858 (Ecttmenium,
928 1826 1008 1854 altos-

222 1879 275 1906 que
295 1870 447 1905 complures
460 1870 619 1897 tralatitiutn
633 1875 684 1898 est.
697 1870 763 1898 Cum
780 1875 808 1898 et
820 1872 942 1898 eamdem
961 1872 1009 1899 Ito-

169 1939 176 1946 .
224 1917 321 1952 dieque
341 1924 357 1943 a
375 1917 442 1944 viris
468 1917 610 1944 catholicis
632 1921 828 1952 propugnatam
852 1918 1006 1951 videamus;

222 1968 250 1989 ct
263 1963 343 1995 hanc,
362 1962 510 1990 alteramve
523 1962 561 1990 illi
578 1963 728 1997 oppositam
750 1963 874 1998 persequi
890 1971 1009 1991 summo-

224 2017 281 2036 rum
295 2008 459 2036 auctoritate
471 2008 629 2040 pontificum
653 2008 742 2036 liceat.
759 2009 814 2037 Nec
831 2011 897 2037 adeo
919 2015 1007 2038 tamen

222 2055 365 2082 sententia:
381 2054 444 2081 huic
457 2054 642 2088 patrocinatus
657 2060 699 2082 est
710 2055 899 2086 Adamantius,
914 2061 942 2082 ut
955 2063 1007 2083 non

221 2100 386 2128 contrariam
405 2101 486 2127 etiam
508 2101 653 2135 aliquando
665 2101 764 2129 sectari
782 2102 856 2128 visus
878 2101 925 2129 sit.
940 2100 1007 2128 Nam

222 2146 270 2173 lib.
286 2154 323 2173 vn
344 2147 372 2172 in
395 2145 480 2180 Epist.
505 2147 540 2173 ad
564 2146 652 2178 Rom.,
669 2154 743 2173 nttm.
757 2146 801 2178 15.
817 2146 874 2173 haec
886 2146 982 2173 scribit
999 2154 1006 2173 :

1063 910 1232 946 ὑπήκουσαν.
1255 918 1264 935 ι
1278 909 1445 944 Propositum
1459 912 1549 936 autem
1563 907 1607 935 hic
1621 906 1700 939 dicit,
1714 914 1749 933 ne
1765 911 1848 933 totum

1061 955 1196 983 vocationi
1214 954 1316 982 tribuat
1338 964 1344 982 :
1361 954 1402 982 sic
1421 953 1493 981 enim
1511 952 1705 981 contradictori
1728 957 1808 979 erant
1824 957 1850 979 et

1061 1000 1149 1029 Graeci
1169 1006 1196 1028 et
1206 999 1302 1028 Judaei.
1320 999 1387 1027 Nam
1402 998 1425 1026 si
1439 997 1573 1027 suﬁiceret
1587 997 1643 1025 sola
1659 998 1780 1028 vocatio.
1800 1004 1851 1032 qua

1062 1046 1096 1074 de
1108 1053 1190 1073 causa
1207 1053 1259 1073 non
1271 1052 1366 1072 omnes
1376 1043 1444 1071 salvi
1460 1043 1524 1070 facti
1543 1043 1624 1070 sunt?
1638 1042 1800 1077 Propterea,
1813 1043 1851 1068 in-

1061 1093 1130 1129 quit,
1148 1099 1200 1119 tton
1213 1090 1269 1118 sola
1281 1090 1397 1122 vacatio,
1414 1090 1461 1117 scd
1475 1094 1503 1117 et
1514 1089 1684 1125 propositum
1697 1096 1795 1116 eorum
1809 1088 1851 1123 qui

1063 1141 1203 1169 vocantur.
1216 1136 1331 1163 salutetn
1355 1139 1493 1170 operatum
1513 1140 1555 1162 est
1570 1141 1577 1161 :
1593 1142 1642 1162 nec
1665 1134 1742 1162 enim
1761 1140 1852 1161 coacta

1062 1184 1131 1212 facta
1150 1188 1190 1210 est
1210 1182 1327 1214 vocatio,
1347 1187 1434 1216 neque
1451 1180 1580 1208 violenta.
1600 1181 1703 1208 Omnes
1725 1188 1794 1215 ergo
1809 1188 1854 1207 vo-

1061 1231 1115 1257 cati
1131 1234 1204 1261 sunt,
1230 1229 1276 1256 sed
1291 1236 1342 1255 non
1355 1233 1451 1254 omnes
1473 1227 1642 1254 obedierunt.
1657 1236 1667 1253 ι
1691 1227 1852 1255 Assentien—

1062 1282 1115 1303 tum
1141 1282 1248 1310 quoque
1275 1274 1386 1302 haberet
1410 1272 1620 1305 'l‘heodoretum,
1651 1277 1679 1300 et
1707 1277 1854 1306 perpetuos

1061 1320 1244 1356 Chrysostonti
1265 1319 1382 1347 asseclas
1401 1318 1642 1353 'l'heophylacluut.
1673 1322 1701 1345 et
1719 1317 1854 1345 (Ecume

1062 1367 1147 1400 nitnn,
1163 1372 1189 1393 et
1200 1365 1267 1393 alios
1292 1364 1445 1392 nouttullos.
1472 1364 1583 1392 Vocatio
1597 1368 1688 1390 autem
1702 1364 1853 1391 secundum

1062 1413 1227 1448 propositum
1246 1411 1303 1444 Dei,
1319 1411 1390 1446 quod
1404 1411 1567 1444 propositum
1578 1417 1610 1436 ex
1627 1410 1782 1444 perspectis
1796 1410 1854 1436 ani-

1062 1467 1113 1486 mae
1136 1459 1187 1494 piis
1206 1458 1349 1486 desideriis
1371 1457 1497 1492 pendeat,
1514 1461 1648 1491 quatenus
1662 1464 1727 1484 cum
1742 1455 1854 1490 reliquis

1062 1505 1216 1532 Adamantii
1245 1504 1380 1539 dogmatis
1401 1502 1530 1535 cohaeret,
1562 1502 1659 1530 merito
1682 1510 1697 1528 a
1722 1501 1855 1529 Jansenio

1060 1550 1230 1586 exploditur;
1247 1557 1309 1577 nam
1319 1550 1361 1584 pia
1375 1549 1508 1576 desideria
1524 1549 1557 1575 ab
1569 1548 1711 1575 hominum
1728 1547 1788 1575 sola
1806 1555 1853 1575 vo-

1060 1598 1162 1625 luntate
1183 1597 1305 1629 derivat;
1324 1597 1422 1631 quibus
1446 1595 1595 1630 perspectis
1620 1595 1768 1622 desideriis
1789 1602 1851 1630 pro-

1059 1648 1141 1678 ponat
1162 1642 1318 1678 Deusipsos
1335 1649 1443 1673 vocare.
1465 1647 1573 1676 tutnqtte
1595 1641 1713 1675 primum
1734 1641 1851 1675 gratiam

1059 1688 1091 1714 ad
1116 1689 1142 1715 id
1157 1691 1335 1722 opportttnam
1358 1686 1498 1721 largiatur.
1523 1685 1589 1712 llinc
1609 1684 1690 1712 ailine
1718 1684 1852 1719 qttiddatn

1058 1732 1143 1767 carpit
1158 1732 1185 1759 itt
1200 1731 1315 1766 Origene
1331 1731 1474 1758 Jansenitts
1489 1735 1553 1758 tom.
1569 1730 1589 1762 I,
1607 1730 1654 1757 lib.
1673 1738 1734 1762 vut,
1750 1737 1812 1764 cap.
1825 1731 1853 1762 4,

1059 1779 1129 1812 quod
1153 1778 1256 1806 scilicet
1280 1777 1379 1804 dixerit
1406 1777 1534 1804 salutaris
1559 1776 1689 1803 doctrina:
1713 1783 1851 1811 praecepta

1058 1823 1195 1852 Christum
1220 1823 1373 1852 hominibus
1399 1823 1555 1855 tradidisse,
1580 1826 1660 1857 prout
1673 1821 1790 1850 affectos
1806 1829 1852 1849 eos

1058 1877 1118 1897 esse
1133 1871 1217 1902 novit,
1236 1870 1370 1904 ﬁdemque
1380 1869 1431 1897 sibi
1451 1868 1621 1896 adhibituros
1642 1869 1802 1903 praesensit.
1819 1868 1853 1896 E-

1058 1916 1166 1951 quidem
1180 1923 1233 1942 tton
1251 1915 1357 1948 dubito,
1373 1915 1412 1942 uti
1425 1922 1506 1950 supra
1520 1914 1589 1948 dixi,
1605 1914 1749 1949 opinatum
1770 1914 1853 1941 fuisse

1058 1960 1212 1996 Origenem,
1231 1967 1264 1987 ex
1281 1959 1331 1987 hac
1349 1959 1514 1994 prae-notione
1540 1963 1644 1986 tnotum
1667 1959 1756 1986 fuisse
1770 1958 1852 1987 Chri-

1058 2011 1129 2035 stum
1145 2007 1178 2034 ad
1193 2007 1308 2041 primam
1326 2006 1378 2033 illis
1400 2006 1516 2040 gratiam
1532 2003 1744 2040 impertiendam
1765 2014 1772 2032 :
1790 2013 1854 2040 pro-

1058 2058 1204 2088 ptereaque
1223 2052 1322 2079 nullatn
1341 2052 1558 2088 Setnipelagiano
1576 2050 1638 2078 huic
1652 2051 1744 2078 errori
1759 2051 1853 2078 defen-

1058 2098 1160 2125 sionem
1176 2098 1359 2125 ohtenditnus.
1376 2097 1424 2125 Sin
1444 2098 1479 2125 ita
1497 2096 1626 2124 sensisset
1638 2095 1787 2131 Origenes,
1803 2097 1853 2123 do-

1059 2143 1145 2171 ctrina
1172 2151 1220 2171 soa
1238 2143 1300 2171 illos
1322 2143 1452 2171 imbuisse
1473 2142 1622 2175 Christum,
1644 2149 1716 2177 quos
1737 2142 1791 2176 ipsi
1806 2149 1854 2176 per

224 2202 234 2218 ι
245 2193 301 2221 Sed
318 2193 375 2220 hzcc
392 2193 483 2220 omnia
496 2200 529 2220 eo
544 2198 678 2228 spectant,
697 2197 725 2220 ut
738 2193 803 2220 illud
826 2192 920 2228 probet
934 2193 1008 2227 Apo-
1023 2193 1048 2224 ι)
1059 2190 1151 2224 gratim
1165 2196 1221 2217 sua:
1240 2197 1314 2217 tnere
1324 2189 1450 2224 gratuita:
1462 2188 1591 2216 auxilium
1601 2194 1766 2215 assensurus
1782 2195 1852 2222 ριξ-

221 2238 317 2270 stolus,
329 2239 401 2273 quod
420 2239 442 2267 si
456 2239 498 2266 vel
517 2239 604 2271 Isaac,
619 2238 661 2265 vel
683 2237 767 2266 Jacob
783 2245 834 2273 pro
846 2238 890 2265 his
902 2238 1006 2266 meritis

221 2284 300 2311 electi
317 2283 430 2311 fuissent
449 2292 465 2311 a
487 2285 544 2312 Deo
559 2292 620 2319 qua:
636 2285 662 2312 in
679 2292 761 2312 carne
773 2284 852 2319 positi
871 2284 1006 2319 acquisie-

222 2333 292 2360 raut,
304 2332 332 2356 et
340 2335 387 2363 per
398 2336 478 2363 opera
489 2329 578 2356 carnis
586 2328 732 2363 justiﬁcari
748 2329 921 2362 meruissent,
938 2337 1004 2365 pos-

221 2377 264 2401 set
277 2373 370 2409 utique
382 2374 470 2401 meriti
484 2382 577 2402 eorum
598 2376 685 2410 gratia
697 2377 731 2402 ad
747 2375 930 2410 posteritatem
945 2383 1006 2403 car-

222 2420 265 2447 nis
281 2427 389 2454 qnoque
403 2424 430 2447 et
444 2421 581 2455 sanguinis
606 2421 751 2455 pertinere.
768 2420 845 2448 Nunc
864 2428 928 2448 vero
942 2429 1004 2448 cum

220 2465 317 2493 electio
330 2473 436 2497 eorum,
452 2473 506 2493 non
517 2473 550 2493 ex
561 2466 687 2501 operibus
700 2465 772 2493 facta
785 2467 830 2499 sit,
843 2466 891 2494 sed
900 2473 933 2494 ex
944 2474 1007 2502 pro-

219 2510 309 2546 posito
323 2511 383 2543 Dei.
402 2516 429 2538 et
439 2518 473 2538 ex
496 2511 616 2538 vocantis
643 2510 767 2543 arbitrio,
798 2511 1004 2545 promissionum

220 2557 307 2592 gratia
319 2564 372 2584 non
385 2556 411 2584 in
425 2556 487 2584 ﬁliis
505 2557 597 2584 carnis
609 2557 745 2592 impletur,
757 2557 804 2584 sed
816 2557 842 2584 in
857 2557 918 2584 ﬁliis
932 2557 979 2585 Del
995 2567 1004 2584 :

221 2603 274 2629 hoc
288 2607 330 2629 est
351 2601 396 2636 qui
416 2601 541 2629 similiter
561 2606 591 2628 ut
615 2602 663 2636 ipsi
679 2609 712 2628 ex
735 2602 871 2637 proposito
889 2601 935 2628 Dei
952 2601 1004 2629 eli-

221 2652 332 2682 guntur,
349 2651 376 2674 et
401 2647 566 2682 adoptantur
587 2647 613 2673 in
631 2647 709 2674 ﬁlios.
724 2656 733 2673 I
752 2645 862 2680 Verum,
889 2651 918 2674 ut
933 2654 1004 2682 sape

220 2692 288 2725 dixi,
306 2700 402 2728 parum
414 2692 476 2720 huic
487 2692 557 2720 libro
571 2692 770 2727 adiungendum
782 2698 822 2720 est
835 2692 909 2725 ﬁdei,
922 2699 1002 2727 quem

221 2738 373 2766 ltuﬁnianis
392 2739 595 2774 opinationibus
617 2746 757 2773 aspersum
785 2744 812 2766 et
835 2739 1003 2774 inquinatum

259 2825 362 2854 ‘lCor.
378 2834 415 2860 ιιι,
431 2827 474 2854 27.
514 2828 524 2844 '
536 2827 544 2854 Ι
556 2828 617 2856 Cor.
632 2835 679 2861 xu,
698 2827 739 2854 l8.

1058 2240 1170 2264 noverat
1180 2255 1189 2268 ,
1202 2236 1244 2263 vel
1257 2235 1378 2263 futurum
1390 2240 1419 2263 ct
1430 2235 1574 2270 praevisum
1587 2241 1754 2261 consensum
1770 2241 1853 2261 occa-

1057 2282 1161 2309 sionem
1176 2281 1288 2309 Christo
1306 2281 1491 2316 impertienda:
1513 2288 1571 2308 suae
1593 2280 1727 2307 doctrina
1744 2284 1775 2307 et
1791 2287 1854 2314 gra—

1059 2328 1101 2355 tia:
1112 2328 1267 2362 prmbuisse,
1282 2335 1333 2355 non
1347 2333 1375 2355 ιιι
1400 2328 1565 2362 praeberetur
1585 2325 1767 2360 promeritum
1786 2326 1853 2353 [uis-

1058 2380 1103 2404 se;
1122 2373 1172 2400 hoc
1185 2378 1226 2400 est
1240 2372 1355 2408 gratiam
1372 2379 1448 2400 suam
1467 2376 1494 2399 et
1512 2372 1664 2398 doctrinam
1685 2378 1740 2398 non
1759 2379 1796 2398 ex
1812 2371 1839 2397 ﬁt

1058 2419 1126 2445 toris
1139 2425 1231 2445 eorum
1245 2418 1358 2450 meritis,
1375 2418 1421 2445 sed
1434 2418 1484 2445 hac
1502 2423 1650 2443 consensus
1663 2415 1757 2443 oblata
1773 2423 1853 2443 occa-

1058 2465 1134 2492 sione
1147 2464 1283 2492 Christum
1306 2464 1388 2491 luisse
1406 2463 1542 2498 largitotn,
1566 2462 1671 2497 magnis
1690 2462 1791 2496 utique
1805 2470 1852 2496 pa-

1059 2510 1144 2538 tronis
1160 2517 1220 2538 sese
1235 2515 1374 2542 tueretur;
1391 2514 1455 2544 pota
1469 2507 1630 2542 Augustino,
1645 2507 1705 2542 qui,
1727 2513 1759 2534 ut
1770 2507 1852 2535 habet

1055 2555 1200 2584 Jansenius
1227 2562 1309 2590 supra
1339 2555 1448 2581 laudato
1463 2553 1534 2586 loco,
1560 2553 1586 2580 in
1609 2552 1726 2587 epistola
1745 2552 1794 2584 49.
1817 2553 1849 2579 ad

1056 2601 1227 2636 Deogratias,
1241 2605 1335 2636 qntest.
1352 2600 1379 2633 2,
1394 2602 1472 2627 docet
1494 2609 1503 2625 t
1513 2603 1578 2626 tunc
1591 2597 1712 2626 voluisse
1728 2598 1848 2626 hornini-

1056 2646 1107 2674 bus
1121 2653 1251 2681 apparere
1269 2645 1418 2677 Christutn,
1434 2649 1461 2672 et
1482 2645 1552 2679 apttd
1567 2651 1616 2671 eos
1634 2643 1782 2678 praedicari
1799 2643 1848 2670 do-

1057 2692 1173 2720 ctrinatn
1187 2699 1277 2726 suam,
1296 2692 1403 2727 quando
1429 2690 1589 2722 sciebat,'et
1603 2688 1649 2717 ubi
1666 2688 1773 2716 sciebat
1788 2694 1849 2715 esse

1057 2739 1103 2774 qui
1119 2738 1145 2766 in
1167 2746 1227 2766 eam
1246 2739 1354 2766 fuerant
1369 2736 1517 2771 credituri;
1533 2745 1543 2763 ι
1565 2741 1593 2764 et
1610 2735 1754 2771 aliquanto
1767 2739 1844 2771 post:
