1912 3079
67 123 133 151 973

469 126 758 158 OIIIGENIANORUM
780 128 844 157 LIB.
865 130 898 162 II,
918 129 995 160 CAP.
1016 131 1047 163 II,
1068 130 1207 164 QUES'I'.
1231 128 1297 159 VIII.

1658 133 1709 161 97‘

72 194 83 208 ι
100 185 175 216 Ouid
186 192 252 220 ergo
267 187 365 214 mirum
380 188 402 215 si
419 192 472 215 tam
489 190 644 219 intldelibus
658 191 763 226 plenum
778 193 871 218 orhcm
887 195 909 221 Α
925 193 1048 226 poribus,
1067 200 1098 220 ex
1113 188 1206 226 eaque
1219 192 1378 219 diversitate
1395 192 1488 219 mundi
1505 193 1711 220 consonantiam

69 234 214 258 terrarum
232 232 358 261 Christus
373 234 514 269 prioribus
528 237 634 263 amentis
647 243 771 270 noverat,
792 243 820 264 ut
831 238 871 264 eis

68 283 223 309 apparere,
247 278 289 305 vel
316 281 459 313 przcdicari
489 282 587 308 merito
607 282 701 316 nollet,
729 291 796 318 quos
822 291 871 311 nec

67 322 179 356 verbis,
197 331 247 351 nec
263 325 403 353 miraculis
422 327 479 354 suis
501 327 655 355 credituros
671 336 732 356 esse
744 329 871 363 praescie-

67 369 121 394 Ital
131 369 143 395 ἲ
154 379 164 395 ι
180 375 207 396 et
221 370 426 406 Chrysostomo,
439 372 484 407 qui
497 380 581 401 serm.
599 373 616 400 4
627 374 654 401 In
672 373 757 407 Epist.
772 376 807 401 od
817 374 869 402 Co-

67 415 154 446 ιυυ..
176 416 209 441 ad
230 424 302 445 vers.
318 417 353 444 25
369 418 409 445 sic
429 419 510 445 habet
530 427 537 445 :
563 419 592 445 '0
608 418 662 455 γὰρ
678 420 745 451 Θεὸς
761 421 811 447 οὐκ
837 421 870 447 ὰ-

70 459 169 495 epam;
195 462 285 489 πάντα
308 465 391 494 ποιεῖ,
416 463 484 490 ἀλλὰ
513 464 646 500 κέχρηται
672 465 871 500 συγκαταϐάσει

64 505 117 531 διὰ
139 506 189 541 τὴν
202 507 303 542 πολλὴν
319 509 401 536 αὐτοῦ
419 511 632 547 φιλανθρωπίαν.
655 511 710 538 Καὶ
726 512 804 538 τοῦτο
828 512 870 539 αἷ-

65 559 132 578 τιον
145 553 194 579 τοῦ
211 553 259 580 νῦν
274 555 476 590 παραγενέσθαι
491 557 536 583 τὸν
548 555 674 593 Χριστὸν,
685 557 759 588 ’ἀλλὰ
772 557 809 594 μὴ
822 558 871 585 πά-

66 596 119 624 λαι
133 607 140 613 ·
157 608 167 625 t
180 599 250 627 Deus
268 600 340 628 enim
358 609 411 629 non
428 609 538 638 repente
553 604 616 630 tacit
627 604 729 636 omnia,
742 605 791 631 sed
806 613 869 638 pro-

65 648 137 676 pter
159 651 292 672 summam
320 654 395 673 suam
424 647 621 676 humanitatem
643 657 704 676 sese
726 649 805 677 rebus
824 658 871 678 ac-

65 690 242 717 commodat.
270 690 302 717 Et
317 691 375 719 haec
389 699 470 719 causa
495 698 548 725 est,
571 701 620 721 cur
637 702 707 722 nunc
731 695 870 722 advenerit

66 732 216 767 Servatur,
233 743 285 763 non
302 736 366 764 olim
381 745 389 771 ;
403 747 411 763 ι
438 739 509 772 quod
525 739 612 767 fusius
636 740 747 767 disserit
766 741 791 768 in
816 741 870 768 line

65 779 194 808 homilize
209 782 348 815 ejusdem;
376 789 403 810 et
418 783 539 817 Sedulio,
567 786 612 820 qui
629 787 656 812 in
674 785 786 814 Roman.
806 794 868 820 vIII,

63 825 117 859 28,
139 828 309 862 propositum
324 829 390 857 illud
411 831 458 858 Dei
473 831 508 858 ibi
527 831 731 867 intelligendum
747 840 810 861 esse
825 833 869 860 di-

922 236 1103 269 ellloresccre,
1118 237 1192 264 addit
1208 237 1338 271 quasdam
1352 244 1386 264 ex
1399 237 1443 264 his
1458 245 1518 271 quae
1531 246 1540 262 t
1555 237 1712 265 melioribus

923 283 1029 311 meritis
1042 289 1116 317 sunt,
1145 285 1178 311 ad
1192 283 1378 310 exornandqu
1398 284 1489 311 muntli
1517 289 1616 312 statum
1638 292 1713 311 com-

922 330 976 365 pati
989 330 1111 364 reliquis,
1129 334 1157 357 ct
1179 328 1294 356 cilicium
1315 329 1437 364 praebere
1454 329 1640 362 inferioribus,
1657 337 1712 364 quo

921 381 971 409 per
994 374 1046 401 hoc
1060 374 1206 408 participes
1230 374 1365 401 exsistant
1384 374 1523 409 patientiae
1546 374 1709 402 Creatoris:

922 420 1070 448 secundum
1102 419 1173 454 quod
1199 420 1346 453 Apostolus
1374 420 1432 455 ipse
1459 421 1544 448 dicit“
1562 430 1569 448 :
1590 421 1711 449 Vanitati

921 465 994 493 enim
1010 471 1135 493 creatura
1158 466 1277 500 subjecta
1296 472 1339 493 est
1360 474 1412 493 non
1426 467 1528 499 volens,
1541 468 1587 494 sed
1602 473 1712 502 propter

920 519 983 538 eum
997 514 1044 546 qui
1061 512 1208 548 subjecerit
1233 513 1258 539 iu
1277 520 1365 547 spem.
1382 521 1392 538 ›
1415 512 1492 546 Quod
1504 513 1536 540 de
1550 514 1631 540 astris
1650 514 1711 542 sine

920 559 1004 585 dubio
1020 558 1223 594 intelligendum
1236 564 1288 586 est.

956 604 1012 632 Nec
1038 605 1158 632 animam
1187 605 1320 632 duntaxat
1347 605 1485 633 sideribus
1499 606 1618 633 additam
1638 614 1709 641 esse,

920 651 967 678 sed
983 658 1016 678 ea
1026 650 1109 678 etiam
1123 651 1230 678 ratione
1242 650 1352 686 pollere,
1369 651 1453 678 Deum
1466 659 1641 686 cognoscere,
1656 652 1711 679 Iau-

920 697 986 725 dare
1002 704 1034 724 ac
1060 697 1164 731 precari
1182 702 1257 724 ratus
1271 702 1323 724 est.
1336 696 1403 724 Nam
1417 702 1481 725 tom.
1496 705 1543 724 χιιι
1561 698 1588 725 in
1603 698 1711 730 ΜιιιιΙι..

920 751 995 770 ιιιιιιι.
1012 742 1059 774 20,
1078 743 1134 770 Ittec
1151 742 1277 777 leguntur
1293 752 1299 769 :
1320 742 1437 770 Ἄτοπον
1452 743 1507 779 γὰρ
1523 743 1610 777 λέγειν
1630 744 1661 770 τὸ
1682 744 1711 777 ἐξ

918 790 1032 825 οὐρανοῦ
1045 789 1092 816 καὶ
1106 790 1157 825 γῆς
1173 789 1220 816 καὶ
1232 790 1285 816 τῶν
1297 791 1325 816 ὲν
1339 792 1431 822 αὐτοῖς
1444 786 1579 826 σύάτημα.
1597 791 1660 818 ὥστ’
1671 792 1710 818 εἰ·

919 837 979 862 πεῖν
993 835 1027 862 ἂν
1039 835 1078 862 ὅτι
1093 835 1180 870 ἥλιος,
1195 835 1241 862 καὶ
1258 835 1368 871 σελήνη,
1386 836 1433 863 καὶ
1446 837 1460 863 ὸ
1476 837 1555 872 χορὸς
1567 837 1622 863 τῶν
1635 837 1712 864 ἀστέ-

66 873 121 904 cit,
149 881 160 899 ι
174 874 322 902 secundum
339 876 412 910 quod
440 878 709 918 proposuit_salvare
730 879 787 906 sola
803 879 855 907 Iide

919 889 984 916 ρων,
1010 881 1057 908 καὶ
1082 881 1107 907 οἱ
1127 881 1156 907 ὲν
1172 881 1225 916 ὅλῳ
1239 881 1279 916 τῷ
1297 870 1393 918 κόσμῳ
1417 870 1634 918 τούτῳ-ἄγγελοι
1660 883 1711 909 οὐκ

64 926 140 952 quos
167 923 324 954 prmsclerat
342 922 527 950 credituros.»
558 915 634 951 Ferri
660 925 744 952 etiam
765 930 866 960 posset,

64 964 144 997 quod
166 965 241 992 addit
252 966 394 1001 Origenes,
415 977 467 996 non
481 978 514 997 ex
537 970 594 998 sola
609 971 656 998 Dei
669 971 809 999 voluntate
824 972 868 1007 ju-

64 1009 267 1039 stiﬁcationem
290 1017 412 1040 nostram
437 1017 568 1049 pendere,
588 1024 676 1052 neque
700 1017 814 1044 salutem
834 1018 867 1045 de

67 1062 166 1083 nostra
184 1058 294 1090 penitus
305 1066 366 1087 esse
380 1065 514 1095 poteSIate
525 1062 676 1095 sublatam;
694 1071 756 1090 nam
772 1064 866 1099 gratia:

62 1102 274 1137 jnstillcationis
296 1106 380 1133 libere
401 1108 536 1135 consentit
550 1109 639 1141 homo,
656 1118 670 1135 a
689 1117 740 1142 qua
760 1110 866 1137 dissen-

66 1150 123 1177 tire
143 1155 252 1185 potest;
278 1156 305 1179 et
318 1152 436 1180 salutem
455 1159 584 1181 aeternam
609 1155 795 1182 dissentiendo
816 1164 866 1190 po-

67 1201 124 1224 test
139 1197 276 1229 amittere,
288 1197 365 1232 juxta
380 1199 540 1227 Tridentina
563 1200 663 1235 placita
678 1200 746 1236 (L5).
764 1201 864 1229 Verum

66 1243 243 1270 commodam
258 1252 366 1272 omnem
384 1246 635 1282 interpretationem
648 1247 796 1274 excludunt
806 1255 866 1281 qnze

51 1285 185 1323 'apponit
200 1287 344 1324 Origenes,
371 1299 381 1315 ι
395 1298 447 1317 non
468 1291 493 1317 in
511 1291 681 1326 praescientia
699 1291 746 1318 Dei
760 1292 866 1319 unicui-

66 1340 123 1367 que
140 1334 238 1361 salutis
255 1343 365 1362 causam
385 1337 458 1371 poni,
484 1337 532 1363 sed
552 1337 578 1364 in
594 1337 733 1372 proposito
755 1342 782 1365 et
797 1338 866 1365 acli-

66 1381 119 1408 bus
136 1381 211 1412 suis;
226 1390 236 1406 ι
260 1381 409 1409 excludunt
434 1387 461 1409 et
488 1382 592 1417 reliqua
615 1383 770 1410 Adamantii
795 1391 865 1418 pra:-

67 1426 187 1460 scripta,
203 1426 274 1453 unde
291 1427 347 1454 haec
365 1428 586 1461 proﬁciscuntur.
597 1426 662 1455 lure
677 1435 784 1463 quoque
799 1429 865 1456 Pau-

67 1472 116 1498 lini
138 1472 200 1505 loci,
213 1473 258 1507 qui
270 1478 359 1500 exstat
371 1472 381 1499 Ι
395 1473 459 1500 Cor.
474 1481 523 1506 xu,
537 1473 583 1506 I8,
600 1475 737 1508 proposita
756 1475 790 1502 ab
805 1475 865 1502 Ori-

65 1525 151 1550 gene,
167 1525 219 1545 non
238 1524 340 1546 asserta
356 1524 444 1546 tamen
459 1521 493 1547 ab
504 1527 548 1551 eo,
567 1527 654 1555 neque
673 1521 786 1548 omnino
801 1528 864 1555 pro-

67 1563 134 1589 Irata
163 1564 318 1599 explicatio,
346 1570 440 1601 utpote
462 1566 580 1593 absurda
600 1571 628 1593 et
649 1566 764 1594 violenta
783 1566 863 1594 refel-

66 1609 145 1637 Iilur.

344 1657 507 1691 QUIES'I‘IO
526 1657 594 1688 VIII.

388 1711 421 1731 DE
438 1712 544 1731 AS'I'RIS.

66 1768 86 1776 -.
109 1748 207 1776 Utrum
236 1755 308 1777 ostra
334 1750 451 1777 animata
465 1759 539 1786 reue.
559 1750 641 1777 Deum
660 1759 814 1786 cognoscere
835 1756 860 1778 et

101 1786 218 1818 precari,
234 1793 340 1817 peccare
359 1793 444 1820 posse,
455 1785 605 1820 judicatum
629 1786 673 1813 iri.
694 1785 728 1812 ut:
747 1786 860 1813 salutem

102 1827 210 1849 sperare
226 1826 248 1846 et
267 1828 342 1854 posse
360 1819 481 1855 consequi
497 1819 622 1854 Origenes
638 1821 812 1855 affirmaveril.
828 1820 858 1848 II.

103 1857 126 1882 Α
145 1856 234 1880 multis
251 1856 293 1880 Itie
306 1854 446 1889 arguituh
459 1856 501 1882 III.
525 1854 581 1882 Nec
598 1854 751 1888 defensione
771 1860 859 1882 tamen

101 1895 185 1917 caret.
208 1889 251 1916 IV.
275 1890 350 1917 Viam
375 1890 426 1924 ipsi
438 1892 472 1916 ad
488 1891 515 1916 id
526 1891 684 1918 credendum
710 1895 859 1917 straverunt

99 1926 217 1956 antiqui.
239 1925 269 1953 V.
289 1924 383 1952 Utrum
402 1926 530 1952 sideribus
555 1926 706 1960 futurorum
722 1925 860 1960 signi/icu-

101 1961 201 1987 tiancm
222 1969 238 1986 (ι
266 1960 319 1987 Deo
335 1961 488 1993 impressam
512 1961 652 1995 putaverit.
683 1961 724 1987 \'I.
745 1962 784 1987 Att
806 1965 858 1987 tres

101 1996 202 2029 priores
216 1995 355 2022 rreatianis
368 1997 424 2022 dies
443 1996 499 2022 sine
515 1996 578 2027 sole,
593 1996 657 2022 luna
670 2000 693 2022 et
713 1996 795 2022 stellis
807 2003 859 2022 non

101 2031 187 2065 [uiue
200 2031 350 2057 decreverit.

101 2077 123 2104 I.
145 2077 214 2109 Quid
231 2075 361 2112 Origenes
375 2077 408 2103 de
427 2076 507 2104 astris
531 2076 648 2104 senserit
664 2075 857 2110 exploratoris,

64 2123 194 2150 auintaue
218 2131 249 2149 ea
263 2128 290 2150 et
315 2130 433 2158 corpore
449 2128 577 2150 constare
593 2122 629 2149 sit
650 2121 808 2154 arbitratus,
822 2129 856 2148 an

63 2175 183 2202 corpora
197 2175 258 2195 esse
276 2168 410 2200 inanima,
438 2175 545 2195 rursum
563 2168 685 2195 iteranda
715 2172 779 2195 sunt
798 2175 859 2202 quae

917 926 1039 961 ἐγνιιῒσαν
1053 927 1083 954 τὸ
1096 927 1221 963 ἀληθινὸν
1236 928 1303 963 φῶς,
1318 929 1366 955 καὶ
1387 929 1549 963 ἀγνοοῦντες
1565 929 1632 956 αὐτὸ
1646 930 1711 965 ἐτή-

918 981 1005 1008 ρησαν
1021 972 1070 1009 τὴν
1082 974 1298 1010 ὲπιτεταγμένην
1312 974 1403 1006 αὐτοῖς
1418 975 1472 1001 ἀπὸ
1484 975 1551 1001 Θεοῦ
1565 975 1652 1008 τάξιν.
1675 977 1710 1002 At

918 1019 988 1046 libro
999 1027 1015 1046 v
1030 1025 1121 1047 contra
1134 1020 1215 1053 Cels"
1231 1029 1306 1049 num.
1320 1021 1364 1055 I0,
1377 1029 1438 1057 pag.
1453 1022 1518 1054 585,
1536 1027 1607 1049 astra
1621 1023 1710 1057 appel-

917 1065 953 1092 lat
970 1064 1026 1097 ζῶα
1039 1066 1136 1100 λογικὰ
1151 1066 1199 1094 καὶ
1211 1067 1353 1100 σπουδαῖα,
1366 1067 1414 1094 καὶ
1425 1067 1595 1103 φωτισθέντα.
1606 1068 1644 1104 τῷ
1658 1078 1710 1104 φω-

916 1111 943 1137 τὶ
954 1111 1003 1146 τῆς
1010 1112 1136 1146 γνώσεως
1144 1112 1196 1141 ὑπδ
1205 1113 1255 1149 τῆς
1267 1114 1371 1148 σοφίας,
1383 1114 1443 1150 ἥτις
1455 1114 1529 1141 ἐστὶν
1539 1115 1708 1151 ἀπαύγασμα

917 1157 1006 1191 φωτὸς
1018 1156 1115 1184 ἀϊδίου.
1141 1158 1241 1185 Eadem
1257 1166 1351 1193 preces
1366 1158 1466 1187 oll'erre
1478 1160 1531 1187 Deo
1548 1168 1595 1195 per
1614 1161 1708 1193 unige-

918 1203 1006 1229 nitutn
1036 1203 1095 1237 ejus
1105 1203 1214 1236 Filium,
1233 1204 1376 1240 ipsumque
1391 1205 1502 1232 laudare
1521 1207 1616 1240 probat
1630 1215 1705 1233 nutu.

916 1249 960 1279 15.
979 1256 1010 1276 ex
1026 1249 1136 1277 Davidis
1150 1250 1247 1284 psalm.
1259 1258 1370 1282 CXLVIII.
1382 1251 1409 1283 3,
1427 1252 1443 1278 εί
1459 1260 1466 1278 :
1481 1261 1490 1277 ι
1502 1252 1620 1280 Laudato
1633 1261 1708 1287 eum,

916 1303 1012 1323 omnes
1030 1296 1113 1324 stella:
1133 1303 1161 1324 et
1178 1297 1267 1325 lumen
1292 1306 1298 1324 :
1322 1298 1429 1326 laudate
1452 1307 1525 1330 eum,
1545 1299 1607 1326 cceli
1624 1300 1708 1327 caelo-

917 1349 988 1368 rum.
1002 1351 1011 1366 ι
1031 1341 1091 1375 Quo
1114 1347 1142 1369 et
1159 1343 1225 1370 illud
1241 1344 1325 1371 refert
1346 1352 1380 1371 ex
1398 1344 1484 1380 Epist.
1500 1346 1532 1372 ad
1557 1345 1635 1372 Rmn.
1649 1353 1707 1378 νιιι.

919 1388 999 1415 I9—2I
1029 1395 1037 1415 :
1066 1398 1075 1415 ‹
1094 1388 1268 1423 Exspectatio
1295 1395 1428 1419 creaturae
1454 1392 1645 1420 revelationem
1675 1392 1707 1419 ti-

917 1433 1015 1461 Iiorum
1034 1434 1079 1462 Dei
1099 1440 1247 1470 exspectat.
1269 1436 1385 1464 Vanitati
1407 1437 1480 1465 enim
1497 1443 1625 1466 creatura
1643 1439 1708 1466 sub-

913 1480 986 1516 jecta
1001 1485 1043 1508 est
1062 1489 1113 1508 non
1130 1481 1235 1514 volens,
1255 1483 1302 1509 sed
1320 1489 1431 1518 propter
1444 1491 1506 1511 eum
1526 1484 1572 1518 qui
1589 1485 1708 1519 subjecit

917 1534 977 1554 eam
997 1527 1022 1554 in
1044 1534 1119 1562 spe:
1142 1528 1205 1562 quia
1221 1533 1248 1554 et
1274 1528 1329 1562 ipsa
1354 1533 1478 1556 creatura
1506 1529 1664 1557 liberabitur
1690 1539 1705 1557 ιι

914 1573 1044 1600 servitute
1056 1573 1238 1607 corruptionis
1256 1573 1282 1600 in
1301 1574 1452 1602 libertatem
1478 1574 1570 1609 glorim
1588 1576 1703 1603 [Iliorum

915 1619 960 1646 Dei
974 1628 981 1652 ;
997 1628 1006 1645 ι
1023 1624 1050 1646 et
1066 1619 1110 1647 lib.
1128 1627 1175 1647 vnt
1191 1621 1282 1654 operis
1301 1620 1423 1654 ejusdem
1446 1628 1522 1648 num.
1537 1621 1572 1648 66
1591 1630 1598 1648 :
1614 1621 1706 1657 Εὐφη-

915 1665 1019 1701 μοῦμεν
1034 1663 1080 1692 οὖν
1092 1666 1178 1702 ἥλιον,
1197 1667 1294 1701 inquit,
1308 1666 1346 1698 ὡς
1356 1667 1439 1694 καλὸν
1455 1667 1523 1695 Θεοῦ
1537 1667 1706 1704 δημιούργη-

914 1719 952 1746 μα
965 1711 1012 1738 καὶ
1024 1712 1088 1742 τοὺς
1104 1711 1202 1747 νόμους
1216 1711 1352 1746 φυλάσσον
1365 1712 1446 1744 Θεοῦ,
1463 1713 1509 1739 καὶ
1525 1713 1624 1739 ἀκοῦον
1637 1713 1685 1740 τοῦ
1696 1722 1703 1728 '

912 1758 1015 1784 Αἰνεῖτε
1024 1757 1069 1784 τὸν
1082 1757 1193 1793 Κύριον,
1202 1758 1278 1792 ἥλιος
1290 1758 1336 1784 καὶ
1347 1758 1444 1793 σελήνη
1463 1759 1509 1786 καὶ
1520 1759 1569 1794 ὅση
1580 1759 1704 1794 δύναμις,

911 1804 1020 1838 ὑμνεῖτε
1036 1803 1081 1830 τὸν
1096 1804 1215 1839 Πατέρα,
1234 1804 1337 1831 καὶτὸν
1351 1804 1515 1840 δημιουργὸν
1524 1804 1572 1830 τοῦ
1587 1804 1685 1836 παντός
1696 1813 1702 1820 ·

911 1853 939 1875 et
969 1849 1050 1883 paulo
1077 1854 1147 1883 post,
1175 1857 1251 1876 num.
1268 1850 1302 1876 67
1321 1858 1328 1876 :
1346 1849 1501 1885 ’Υμνοῦμέν
1517 1858 1549 1884 γε
1562 1850 1638 1883 θεὸν,
1657 1853 1705 1878 καὶ

910 1894 954 1921 τὸν
969 1895 1108 1930 Μονογενῆ
1128 1895 1223 1928 αὑτοῦ,
1241 1895 1279 1927 ὡς
1293 1896 1340 1922 καὶ
1359 1896 1443 1930 ἥλιος,
1465 1896 1512 1922 καὶ
1532 1896 1639 1933 σελήνη,
1657 1898 1704 1924 καὶ

910 1942 1006 1976 ἄστρα,
1024 1941 1072 1968 καὶ
1087 1942 1161 1968 πᾶσα
1186 1942 1202 1977 ἡ
1218 1942 1331 1977 οὐρανία
1361 1942 1492 1978 στρατιά·
1515 1943 1629 1978 ὑμνοῦσι
1647 1943 1702 1980 γὰρ
1729 1961 1737 1967 ι

911 1988 1011 2019 πάντες
1024 1984 1108 2020 οὗτοι,
1133 1988 1204 2019 (istoc
1223 1989 1300 2021 ὄντες
1311 1989 1390 2025 χορὸς
1409 1989 1477 2024 μετὰ
1486 1989 1540 2016 τῶν
1555 1991 1584 2016 ὲν
1599 1989 1704 2026 ἀνθρώ-

910 2040 972 2064 ποις
991 2032 1103 2060 δικαίων
1117 2033 1163 2060 τὸν
1187 2034 1233 2060 ἐπὶ
1249 2034 1316 2061 πᾶσι
1331 2033 1408 2067 Θεὸν,
1436 2034 1482 2060 καὶ
1503 2033 1549 2060 τὸν
1563 2034 1702 2069 Μονογενῆ

909 2078 1003 2107 αὑτοῦ.

947 2125 1047 2153 Eadem
1069 2126 1187 2161 peccatis
1200 2133 1261 2153 esse
1280 2125 1417 2158 obnoxia;
1445 2133 1494 2152 nec
1512 2130 1584 2152 astra
1609 2125 1701 2158 modo,

911 2172 958 2198 sed
971 2171 1108 2198 elementa
1124 2172 1219 2204 etiam,
1239 2179 1272 2198 ac
1296 2171 1411 2206 proinde
1429 2171 1561 2205 judicium
1577 2171 1621 2197 Dei
1636 2170 1700 2197 oliui

65 2220 124 2241 tam
142 2221 213 2248 sa-pe
225 2222 307 2248 supra
323 2214 502 2241 disseruimus
526 2224 533 2242 :
549 2218 652 2242 utentes
668 2219 731 2241 ante
742 2220 857 2248 corpora
875 2226 897 2254 υ
913 2216 1037 2243 subitura
1058 2216 1126 2249 fore,
1143 2216 1279 2244 sententia
1306 2216 1390 2251 ipsius
1412 2221 1465 2248 est,
1483 2216 1525 2243 his
1541 2215 1701 2251 consignata

63 2260 191 2286 conditas
213 2260 354 2294 opinatum
368 2259 572 2292 Adamantium,
598 2267 631 2286 ac
647 2267 696 2294 pro
714 2259 818 2287 meritis
831 2259 859 2286 in

64 2305 155 2336 varia,
177 2306 309 2339 variaque
322 2312 437 2340 corpora
459 2306 598 2338 detrusas;
622 2305 752 2340 quasdam
770 2310 858 2333 autem

64 2359 98 2378 ex
117 2351 171 2378 illis
184 2359 246 2385 qua!
260 2359 311 2379 non
330 2353 446 2386 pessime
459 2359 519 2380 sese
530 2352 689 2386 gessissent,
706 2352 860 2380 animandis

64 2398 133 2425 solis
144 2403 172 2424 et
188 2398 268 2430 quat,
283 2398 453 2433 aliorumque
467 2398 587 2425 siderum
602 2398 771 2433 corporibus,
787 2406 862 2425 mun-

63 2445 156 2479 doque
167 2444 328 2470 illustrando
341 2451 373 2471 ac
392 2445 559 2475 exornando,
579 2444 660 2471 nobili
676 2443 783 2471 scilicet
799 2451 859 2471 mu-

65 2490 124 2517 neri
140 2489 225 2517 fuisse
239 2490 392 2524 pradectas.
413 2490 440 2518 Id
455 2498 536 2525 supra
550 2490 606 2524 jam
624 2489 771 2517 delibatum
787 2497 860 2516 nunc

63 2543 97 2562 co
110 2536 193 2562 etiam
216 2535 332 2570 amplius
352 2536 520 2571 probandqu
536 2541 588 2563 est.
610 2536 655 2563 Sic
671 2535 788 2563 habetur
802 2535 859 2569 qui-

63 2581 126 2607 dem
145 2586 219 2608 tomo
234 2590 240 2608 I
254 2582 380 2617 Origeuis
394 2582 422 2608 in
435 2582 527 2614 Joan.,
547 2590 621 2609 nutu.
639 2581 683 2613 I7,
707 2581 755 2608 καὶ
770 2581 824 2617 γὰρ
838 2581 856 2616 ἡ

63 2627 136 2663 ψυχὴ
150 2627 198 2654 τοῦ
211 2627 286 2663 ἡλίου
303 2629 332 2654 ὲν
348 2627 466 2662 σώματι.
481 2627 537 2655 Iloc
552 2633 606 2661 est,
624 2637 633 2652 ι
644 2628 735 2654 anima
754 2627 831 2659 solis,
844 2635 854 2652 ι

64 2681 117 2699 ιιιιιι
134 2673 208 2704 Elim,
231 2678 261 2700 ut
284 2674 373 2708 inepte
391 2673 473 2700 vertit
498 2673 643 2708 interpres.
662 2672 745 2699 Libro
761 2679 825 2700 vero
836 2680 854 2699 ιι

63 2719 134 2752 Περὶ
159 2717 273 2752 ἀρχῶν,
303 2726 366 2753 cap.
381 2719 409 2750 9,
436 2726 510 2745 num.
528 2718 555 2751 7,
580 2723 721 2753 postquam
752 2719 857 2745 animas

61 2767 142 2800 juxta
159 2767 273 2793 virtutes
287 2773 319 2793 ac
335 2766 431 2792 merita
446 2765 560 2792 diversis
572 2765 663 2792 sanxit
674 2765 781 2793 aduecti
792 2772 855 2793 cor-

97 2815 108 2830 ε
123 2812 204 2840 Rom.
217 2802 277 2844 vin,
289 2812 334 2839 ευ.
368 2812 378 2828 τ
392 2812 456 2839 ibid.
474 2811 519 2840 νε.

97 2861 154 2897 (ιό)
167 2858 290 2887 'l‘ridcnt.
307 2867 396 2893 conc.,
413 2866 479 2888 sess.
496 2865 534 2891 vt,
547 2866 605 2894 cap.
624 2859 651 2892 5,
666 2864 690 2886 et
706 2867 768 2887 cm.
782 2859 807 2886 ι.

912 2261 1000 2289 verbis
1015 2262 1109 2289 homil.
1121 2261 1138 2288 4
1149 2262 1177 2288 in
1188 2261 1297 2293 Eua/L,
1310 2269 1383 2288 nutu.
1398 2262 1408 2288 I
1426 2270 1434 2288 :
1451 2270 1460 2286 ι
1474 2261 1604 2288 Futurum
1618 2266 1661 2288 est
1672 2265 1702 2287 ut

911 2307 937 2334 in
954 2307 1106 2341 diejudicii
1122 2314 1173 2334 non
1188 2307 1276 2335 solum
1300 2307 1391 2340 homo,
1408 2308 1454 2334 sed
1471 2307 1554 2334 etiam
1572 2307 1700 2334 universa

911 2353 1031 2380 Conditio
1041 2353 1187 2387 judicetur.
1203 2353 1296 2380 Omnis
1315 2353 1414 2388 quippe
1432 2359 1553 2380 creatura
1568 2353 1700 2388 congemi-

910 2398 958 2424 rcit
973 2398 1160 2426 etcondolet".
1179 2398 1207 2426 Si
1230 2399 1319 2426 onmis
1339 2403 1461 2426 creatura
1482 2399 1659 2432 congemiscit
1672 2403 1701 2425 et

909 2444 1045 2475 condolet.
1061 2450 1105 2472 est
1118 2450 1208 2473 autem
1225 2450 1411 2472 creaturarum
1428 2451 1492 2479 pars
1509 2449 1582 2471 terra
1598 2449 1626 2470 et
1641 2450 1699 2471 coe-

909 2490 975 2522 lum,
991 2495 1018 2517 et
1029 2495 1128 2518 caetera
1148 2498 1262 2525 quaeque
1277 2497 1338 2523 qua:
1349 2489 1400 2517 sub
1420 2489 1490 2517 ctelo
1505 2493 1579 2521 sunt,
1593 2492 1621 2516 et
1638 2495 1699 2523 qua:

908 2544 990 2570 super
1003 2536 1097 2568 malos,
1110 2541 1139 2563 et
1155 2536 1313 2563 liberabitur
1328 2535 1418 2563 omnis
1434 2539 1560 2562 creatura
1583 2543 1597 2560 ιι
1615 2534 1700 2561 servi-

909 2587 965 2609 tute
976 2582 1162 2616 corruptionis
1181 2582 1209 2609 in
1226 2582 1377 2610 libertatem
1390 2582 1483 2617 gloria:
1508 2580 1623 2608 ﬁliorum
1639 2580 1697 2613 Dei,

910 2627 972 2662 quis
985 2627 1037 2654 st-it
1051 2632 1078 2654 et
1092 2628 1126 2655 de
1154 2633 1238 2660 terra,
1258 2635 1292 2655 an
1307 2627 1456 2655 secundum
1472 2631 1596 2654 naturam
1620 2633 1697 2653 suam

910 2673 937 2699 in
949 2673 1040 2707 aliquo
1052 2678 1163 2709 peccato
1179 2677 1301 2701 teneatur
1313 2673 1449 2700 obnoxia?
1464 2673 1491 2699 Si
1507 2673 1580 2700 enim
1594 2671 1695 2699 animal

909 2724 961 2753 est,
978 2721 1003 2747 si
1018 2721 1188 2749 rationabilis
1199 2726 1249 2753 est,
1261 2721 1283 2749 si
1298 2721 1400 2756 indiget
1414 2721 1552 2748 auditione
1562 2719 1696 2748 sermonis

908 2766 1057 2801 prophetici
1076 2767 1208 2795 dicentis:
1228 2767 1339 2794 Attende
1351 2766 1442 2794 talum
1455 2772 1478 2793 et
1492 2767 1594 2801 loquar,
1609 2770 1633 2792 et
1646 2772 1696 2792 au—
