1912 3079
196 109 252 137 975

855 106 883 133 Ρ.
903 104 1064 133 DANIEIJS
1083 106 1200 134 llUETll

1785 108 1831 135 976

200 171 255 198 diat
265 174 336 197 terra
348 170 423 198 verba
439 170 493 197 ovis
513 169 602 201 mei“;
619 173 646 196 et
666 178 672 196 :
689 170 769 199 Audi.
785 169 889 199 cii-lum,
909 173 932 194 et
945 177 993 194 au-
1009 170 1031 197 Α
1047 167 1100 193 Deo
1115 172 1141 194 ct
1156 167 1240 198 Patri,
1258 171 1320 195 tunc
1335 167 1417 194 etiam
1441 167 1492 194 ista
1508 167 1658 195 animantia
1675 169 1739 195 cuiu
1764 167 1832 200 prius

200 217 272 244 ribus
288 217 400 252 percipe,
416 221 486 243 terra
496 217 506 231 ⁰
570 223 656 250 quare
669 223 722 243 non
738 221 815 243 terrm
829 219 855 242 et
867 215 938 241 aeris
946 213 989 248 ju-

201 262 300 290 dicium
317 261 499 289 sitfuturum?
511 270 521 287 ι
551 261 578 288 Id
595 261 693 288 deinde
709 260 805 295 probat
820 259 903 287 variis
917 259 987 287 Scri-

199 315 286 344 ptura;
299 308 476 340 testimoniis;
490 312 548 335 tum
563 307 638 335 addit
653 316 660 334 :
675 317 684 334 t
695 307 787 342 Capax
801 312 853 337 est.
868 307 988 341 inquam.

200 355 295 390 (terra)
311 360 342 382 ut
356 353 455 381 animal
475 353 551 388 juxta
575 353 692 389 partiutn
712 352 871 388 qualitates.
889 357 918 378 et
939 351 988 378 bo-

200 409 295 429 norum
313 406 434 431 actuum,
449 405 477 427 et
493 400 639 432 malorum,
657 400 682 427 in
700 399 798 434 quibus
816 404 861 426 aut
879 399 986 426 laudem

198 452 333 475 mereatur
347 452 394 473 aut
417 453 536 481 prunam.
552 455 561 471 ι
595 445 683 479 Super
700 453 732 472 co
757 450 888 479 praeterea
917 444 988 479 quod

197 494 311 522 habetur
329 493 422 521 Matth.
440 500 512 525 xxiv,
530 493 574 523 35,
590 492 689 519 Cwlum
700 498 722 519 et
739 497 808 519 terra
826 491 986 519 transibunt.

200 549 210 565 ι
222 539 276 567 Cur
290 539 402 570 ca-lmn.
419 539 515 574 inquit,
530 539 759 573 prtrtergreditur.
770 545 831 565 cum
846 542 918 564 terra
927 544 989 570 per-

197 587 306 618 transit,
327 586 378 613 nisi
398 587 459 620 quia
481 585 610 612 transitus
629 585 668 611 sui
683 584 806 618 quaedam
819 583 899 618 digna
918 583 988 610 fece-

197 633 304 660 runt?»
328 633 418 666 Atque
444 632 501 659 hmc
525 636 724 658 commentatur
746 631 773 658 in
798 630 862 657 illud
886 629 985 658 Ezech.

196 687 253 711 xlv,
270 679 303 706 l5
316 688 322 705 :
342 689 350 705 I
362 678 446 706 Terra
461 685 514 705 non
529 677 682 712 peccaverit
696 677 771 709 mihi,
784 681 813 704 ut
825 679 986 712 praevarice-

196 730 240 752 tttr
264 725 457 759 prarvaricans.
483 724 626 751 extendam
656 731 765 750 ntauum
791 730 879 750 meam
906 731 987 758 super

195 778 268 802 eam.
285 776 312 798 et
326 775 464 797 conteram
482 769 584 804 virgam
602 768 679 803 panis
691 768 758 803 ejus.
770 778 780 795 ι
797 768 909 796 Frustra
922 776 986 796 vero

196 817 266 844 dicta
289 817 344 844 ha'c
363 815 397 842 ab
412 815 528 849 Origene
544 823 591 849 per
608 814 826 850 prosopopoeiam
847 815 986 842 existimat

165 876 169 880 ί
196 863 291 892 Sixtus
310 861 440 889 Senensis
465 861 589 888 Biblioth.
608 861 655 888 lib.
674 868 699 892 v,
718 862 808 887 adnot.
832 860 896 893 242,
912 865 939 887 ut
955 868 986 888 ex

195 908 326 935 doctrinm
342 907 425 941 ipsius
442 907 611 934 connexione
635 905 807 935 manifestum
825 911 875 933 est.
893 905 987 934 Melius

195 954 303 989 Origeni
321 953 457 981 consuluit
474 952 676 985 Genebrardus,
706 953 874 986 respondens
903 953 987 980 fuisse

195 1000 252 1028 hac
267 999 428 1034 inquirendo
449 1004 473 1026 ct
487 999 646 1025 disserendo
667 999 852 1032 pronuntiata.
875 998 944 1031 Quin
960 1002 987 1024 et

193 1053 242 1080 spe
267 1045 348 1072 ﬁttnri
371 1051 443 1072 astra
468 1044 528 1073 duci
549 1045 648 1071 asserit
667 1043 715 1071 lib.
740 1052 774 1071 ru
801 1051 887 1072 conlr.
903 1044 984 1077 Cels.,

194 1099 270 1118 num.
283 1091 335 1123 65;
364 1098 427 1117 natu
443 1095 586 1125 postquam
604 1091 727 1117 eutndem
748 1090 823 1117 Pauli
847 1091 935 1118 locum
952 1099 984 1118 ex

194 1139 312 1174 Epistula
326 1140 358 1166 ad
371 1138 449 1165 Rom.
463 1140 497 1165 ad
511 1139 600 1166 sidera
614 1139 717 1171 retulit,
732 1140 871 1174 subjungit
882 1139 919 1175 μὴ
930 1140 985 1167 δεῖν

190 1184 225 1211 τὰ
238 1184 284 1211 ἐπὶ
298 1185 331 1220 τῇ
342 1183 448 1218 δουλείᾳ.
461 1184 509 1219 τῆς
521 1184 634 1220 φθορᾶς,
651 1184 698 1211 καὶ
711 1185 757 1211 ἐπὶ
773 1185 806 1221 τῇ
825 1186 985 1222 ματαιότητι

191 1229 410 1265 ὑποτεταγμένα,
425 1230 472 1256 καὶ
491 1231 534 1256 ἐπ’
546 1230 633 1256 ἐλπίδι
648 1230 783 1266 κρείττονι
795 1231 882 1258 ταῦτα
896 1232 984 1268 πράτ-

191 1284 282 1308 τοντα,
299 1277 327 1302 ὲν
341 1275 419 1311 χώρᾳ
433 1275 515 1310 τιμᾷν
529 1275 608 1302 Θεοῦ.
628 1275 696 1309 Spes
715 1281 804 1303 autent
822 1277 879 1304 haec
895 1282 938 1304 est
953 1277 985 1304 Ii-

192 1321 307 1349 bertatis
321 1321 463 1348 etzluturm
480 1320 658 1354 seiunctionis
673 1329 687 1347 ιι
709 1321 869 1355 corporibus
886 1323 984 1356 quibus

190 1368 334 1402 (mi-juncta
351 1372 424 1399 sunt,
443 1373 470 1393 et
492 1367 597 1394 salutis.

225 1413 261 1442 At
271 1419 352 1439 oume
370 1412 396 1439 id
410 1417 598 1445 argumentum
614 1412 740 1439 exhau~it
756 1411 804 1439 lib.
820 1420 827 1439 ι
844 1412 914 1446 Περὶ
931 1413 983 1447 ἀρ-

190 1457 269 1492 χῶν,
287 1465 347 1491 cap.
362 1456 377 1482 7
389 1476 396 1488 ,
413 1457 484 1483 unde
501 1456 559 1483 loca
583 1456 673 1490 aliqua
696 1457 789 1491 sulegit
801 1456 982 1488 Justinianus,

190 1509 217 1530 et
233 1503 294 1529 ﬁdei
308 1502 498 1536 comparanda:
511 1502 598 1536 gratia
613 1502 638 1529 in
653 1503 706 1529 ﬁne
720 1503 842 1537 epistola:
854 1512 909 1530 suae
921 1512 980 1538 quae

189 1555 231 1580 est
244 1550 277 1575 ad
290 1548 408 1580 Menam,
421 1548 522 1575 retulit.
541 1548 660 1574 Priuuun
674 1549 781 1582 quidem
798 1557 874 1576 nutu.
888 1550 906 1576 2
919 1550 981 1576 stel-

191 1598 231 1624 las
245 1605 260 1624 a
277 1596 381 1631 peccati
405 1601 522 1629 comage
544 1596 679 1622 immunes
705 1603 758 1622 non
781 1602 842 1622 esse
863 1596 981 1623 ostendit

189 1650 221 1669 ex
237 1641 297 1669 Jobi
312 1648 383 1673 xxv,
402 1640 436 1668 5:
459 1649 477 1665 ιη
489 1640 580 1669 Stella:
599 1648 651 1668 non
675 1645 736 1668 sunt
753 1642 858 1669 mundae
874 1642 901 1669 in
915 1649 981 1669 con-

189 1693 282 1722 spectu
298 1686 368 1722 ejus.
382 1696 392 1713 ›
412 1686 488 1720 Quod
501 1691 530 1713 ut
546 1686 642 1713 melius
657 1691 772 1718 astruat,
786 1694 833 1714 eas
846 1695 907 1715 esse
922 1695 981 1722 pro-

189 1734 236 1762 bat
250 1733 394 1767 animalia;
412 1733 483 1767 quod
509 1733 634 1759 tnandata
659 1741 674 1759 a
699 1733 753 1760 Deo
768 1733 894 1761 dicantur
909 1733 980 1760 acci-

190 1787 272 1815 pere;
297 1780 426 1807 mandare
446 1784 536 1806 autem
558 1779 623 1813 ipsis
636 1777 730 1811 Deum,
750 1784 780 1806 ut
794 1779 873 1806 statis
887 1786 981 1806 move-

189 1830 270 1853 antur
284 1826 471 1860 temporibus;
501 1830 589 1852 motus
605 1832 669 1852 vero
687 1824 748 1852 illos
764 1830 851 1859 neque
871 1824 978 1852 absolvi

188 1878 267 1906 posse
280 1871 339 1898 sine
353 1872 461 1903 anima;
478 1878 566 1905 neque
578 1871 636 1898 sine
656 1875 728 1898 tnott-
750 1878 810 1898 esse
826 1878 906 1906 posse
917 1878 979 1905 quae

189 1917 278 1945 anima
293 1917 404 1951 praedita
420 1917 496 1944 sint:
514 1924 563 1944 nec
577 1916 667 1943 anima
682 1917 770 1943 solum
783 1936 790 1949 ,
809 1917 857 1944 sed
881 1920 908 1943 et
933 1924 978 1943 ra-

189 1966 262 1993 tione
282 1965 403 2001 pollere;
427 1972 459 1992 ac
483 1964 597 1999 proinde
617 1965 784 1992 incrementa
805 1971 902 1998 capere
918 1965 992 1992 sine,

188 2011 269 2039 dubio
284 2011 402 2042 virtutis,
419 2011 460 2037 vel
475 2011 650 2038 decrementa
664 2019 671 2037 :
688 2011 721 2036 ad
738 2010 795 2037 lucc
808 2010 913 2036 animas
928 2017 978 2036 an-

188 2056 319 2092 tiquiores
342 2057 541 2083 recentioribus
558 2056 678 2083 siderum
696 2056 858 2090 corporibus
874 2058 978 2082 extrin-

187 2109 268 2130 secus
283 2102 363 2129 iuseri
384 2102 481 2136 probat
503 2102 622 2136 primum
638 2102 744 2129 ratione
757 2102 818 2134 hac,
832 2102 902 2136 quod
914 2110 975 2128 cum

187 2147 313 2175 humanas
326 2148 433 2178 anima}.
457 2155 518 2182 qua:
540 2147 604 2175 dum
629 2148 767 2175 hominum
790 2148 887 2175 anima:
901 2153 974 2180 stmt,

1046 219 1157 247 regnum
1179 213 1279 241 Christi
1307 214 1407 241 fuerint
1431 213 1538 245 cll'ecta,
1569 213 1650 241 simul
1675 221 1738 241 cum
1765 214 1831 240 omni

1044 266 1127 293 regno
1147 259 1230 286 etiam
1248 259 1320 287 Patri
1341 260 1459 295 regenda
1484 260 1613 287 traditum
1640 260 1694 291 iri;
1719 266 1751 287 ut
1776 267 1831 286 cum

1044 304 1114 332 Deus
1141 305 1194 333 erit
1219 306 1309 333 omnia
1339 307 1365 333 in
1393 306 1539 338 omnibus,
1576 306 1658 333 etiam
1695 307 1748 334 ista
1777 313 1832 333 cum

1043 350 1098 377 sint
1123 358 1155 378 ex
1180 351 1324 385 omnibus,
1357 353 1394 379 sit
1421 357 1449 380 et
1473 352 1500 379 in
1527 352 1585 380 istis
1608 352 1679 380 Deus
1707 353 1781 381 sicut
1809 352 1831 379 in

1043 396 1178 424 omnibus.
1189 406 1198 423 ι

1079 442 1109 470 ΙΙ.
1129 442 1287 478 Opportuna
1314 443 1363 470 fuit
1392 444 1436 471 illa
1452 443 1579 480 Origenis
1605 445 1776 472 adversariis
1802 446 1831 472 ad

1043 488 1130 522 ipsum
1155 489 1363 515 insimulamlum
1388 491 1507 517 occasio.
1535 489 1701 525 Theophiius
1718 491 1831 518 Alexan-

1042 535 1136 562 drinus
1151 534 1248 562 Poscit.
1270 536 1347 570 epist.
1366 537 1375 562 l
1395 542 1422 563 et
1439 535 1457 563 2
1476 537 1546 563 inter
1560 538 1690 565 damnosa
1714 537 1777 572 ejus
1796 538 1831 564 el-

1043 581 1095 607 tata
1114 581 1189 615 ponit
1205 580 1280 608 illud.
1297 581 1376 608 Ponit
1396 587 1423 608 et
1440 581 1621 617 Hieronymus
1638 583 1665 610 in
1683 583 1769 617 epist.
1788 582 1828 613 59.

1041 626 1074 652 ad
1089 625 1210 657 Avitum,
1230 634 1289 661 cap.
1304 627 1364 660 1-5,
1379 631 1406 653 et
1423 627 1449 653 in
1461 627 1540 661 epist.
1557 627 1601 659 (il,
1614 628 1648 654 ad
1661 627 1830 660 Pammaclt.,

1041 679 1101 706 cap.
1115 672 1147 703 5.
1166 677 1248 707 atque
1272 674 1297 700 id
1319 680 1379 700 esse
1401 674 1439 700 ait
1458 673 1556 709 dogma
1571 673 1714 709 gentilium
1728 694 1736 707 ,
1761 680 1788 701 et
1802 683 1831 701 ex

1041 723 1117 751 parte
1129 717 1309 746 Platonicum.
1323 719 1437 746 Orosius
1449 719 1474 745 in
1483 719 1690 746 Cammunitort'o
1701 721 1738 747 ad
1746 720 1832 755 Augu-

1041 765 1143 792 stinum
1171 766 1357 800 opinationem
1387 766 1456 793 hanc
1478 764 1643 800 Origcuistis
1669 767 1830 801 quibusdam

1041 816 1095 836 sua:
1111 810 1200 837 aetatis
1212 810 1347 842 ascribit;
1364 812 1479 845 eamque
1495 810 1583 838 valide
1601 811 1732 839 cenvellit
1747 812 1831 847 Augu-

1004 853 1024 879 Β
1039 856 1128 882 stinus
1141 855 1166 882 in
1181 855 1272 883 libello
1285 861 1378 882 contra
1391 855 1609 884 l’rt‘scitliauistas
1620 862 1644 884 et
1654 856 1831 892 Ongenittnt,

1038 908 1098 935 cap.
1111 902 1189 935 8—H,
1206 901 1314 936 duoque
1333 902 1470 937 dogmatis
1494 902 1574 936 hujus
1592 902 1773 930 fundamenta
1794 903 1831 930 ia-

1038 947 1167 981 befactat,
1198 956 1340 983 perversas
1364 948 1492 976 nimirum
1516 949 1744 984 interpolationes
1765 949 1832 976 Pau-

1038 993 1099 1021 lina;
1126 994 1207 1030 hujus
1224 997 1368 1022 sententia:
1380 996 1422 1022 '°:
1444 1005 1453 1021 ι
1467 995 1585 1023 Vanitati
1609 997 1682 1023 enint
1706 1003 1831 1023 creatura

1036 1039 1157 1074 subjecta
1173 1046 1215 1068 est
1229 1049 1282 1068 non
1300 1042 1403 1073 volens.
1428 1042 1474 1069 sed
1497 1046 1608 1076 propter
1622 1049 1685 1068 eum
1701 1043 1749 1076 qui
1768 1042 1831 1069 sub-

1034 1085 1097 1120 jecit
1111 1093 1170 1123 eam
1185 1086 1210 1113 in
1226 1094 1288 1121 spe;
1306 1096 1315 1112 ι
1333 1091 1360 1114 et
1376 1087 1454 1114 istius
1466 1094 1525 1121 qua:
1538 1091 1628 1114 exstat
1641 1085 1703 1114 .Iobi
1718 1094 1772 1118 xv,
1789 1087 1830 1118 15,

1038 1142 1046 1157 ι
1061 1132 1128 1159 Coeli
1143 1140 1194 1159 non
1210 1138 1274 1160 sunt
1285 1133 1380 1163 nnmdi
1394 1133 1420 1159 iu
1437 1139 1584 1168 conspectu
1602 1133 1680 1167 ejus;
1692 1143 1701 1158 ι
1723 1133 1768 1160 cui
1785 1133 1831 1160 ad-

1034 1183 1113 1206 sonat
1126 1179 1170 1206 illa
1179 1186 1239 1214 cap.
1254 1187 1317 1212 xxv,
1327 1187 1395 1207 vers.
1405 1179 1432 1212 5,
1449 1188 1459 1204 ι
1473 1179 1564 1206 Stellae
1577 1186 1630 1206 non
1643 1184 1710 1206 sunt
1726 1179 1832 1206 mundae

1035 1225 1061 1252 in
1089 1230 1236 1260 conspectu
1264 1226 1358 1260 eius.»
1388 1225 1548 1260 Quanquam
1568 1225 1629 1255 sine
1653 1232 1751 1252 errore
1779 1226 1830 1252 dici

1035 1278 1115 1306 posse
1139 1271 1266 1299 concedit
1286 1279 1319 1298 ne
1340 1271 1452 1306 angelos
1469 1271 1578 1306 quidem
1600 1271 1706 1312 ratione
1731 1271 1832 1298 divinae

1031 1319 1145 1354 iustitia:
1171 1319 1261 1354 justus
1284 1326 1362 1349 esse;
1382 1327 1413 1346 ac
1432 1319 1544 1354 proinde
1559 1318 1582 1345 si
1600 1319 1680 1346 detur
1694 1318 1833 1346 sideribus

1035 1367 1126 1394 inesse
1151 1365 1282 1400 angelos;
1308 1365 1479 1400 perspicuum
1504 1365 1562 1392 fore
1586 1366 1624 1392 ait
1650 1372 1701 1392 cur
1729 1365 1831 1392 dixerit

1033 1413 1117 1440 Johns
1132 1412 1226 1440 stelias
1239 1420 1291 1439 non
1305 1419 1367 1438 esse
1387 1412 1503 1439 numidas
1516 1411 1543 1438 iu
1558 1416 1706 1446 censpectu
1719 1411 1777 1438 Dei.
1797 1412 1831 1437 At

1035 1466 1124 1487 utrtun
1142 1459 1255 1486 rationis
1271 1462 1412 1493 compotes
1428 1457 1541 1492 spiritus
1564 1458 1606 1484 his
1631 1457 1718 1484 insint
1732 1457 1831 1484 lucidis

1034 1507 1194 1542 corporibus
1212 1505 1317 1532 nescire
1334 1512 1364 1531 se
1378 1504 1487 1535 fatetur,
1501 1509 1528 1531 et
1545 1510 1624 1530 caute
1640 1503 1829 1537 indagandum

1033 1557 1136 1580 monet.
1163 1551 1227 1579 Utut
1243 1555 1306 1582 est,
1327 1558 1361 1577 ex
1378 1551 1520 1585 Augusuni
1545 1550 1710 1577 auctoritate
1734 1551 1829 1577 multis

1031 1599 1185 1634 opinionem
1207 1598 1286 1625 istam
1306 1597 1433 1632 Origenis
1459 1597 1597 1632 impugnat
1615 1597 1759 1633 Remigius
1777 1598 1828 1625 lie-

1032 1645 1133 1672 mensis
1146 1645 1173 1671 in
1188 1643 1264 1671 Rom.
1279 1652 1337 1674 vui.
1351 1643 1396 1670 20.
1409 1643 1557 1678 Consurgit
1569 1649 1596 1671 et
1604 1644 1739 1671 adversus
1753 1644 1828 1671 illan:

1030 1691 1199 1720 Justinianus
1218 1691 1244 1718 in
1263 1690 1379 1726 cpistola
1398 1691 1432 1718 ad
1447 1690 1564 1722 Menam,
1579 1695 1606 1717 et
1621 1690 1715 1717 Basilii
1734 1695 1828 1717 aucto-

1031 1739 1139 1766 ritatem
1156 1737 1295 1770 adsciscit,
1319 1737 1363 1772 qui
1389 1737 1481 1764 Itomil.
1496 1737 1513 1764 5
1536 1736 1562 1763 in
1579 1736 1710 1764 [lea-nem.
1725 1737 1827 1772 Orige~

1031 1791 1090 1810 netn
1105 1783 1204 1818 carpit,
1216 1784 1287 1818 quod
1311 1791 1396 1818 aquas
1410 1791 1470 1817 qua:
1488 1791 1569 1818 supra
1587 1788 1615 1810 et
1639 1783 1710 1810 infra
1731 1784 1824 1810 [irrua-

1031 1833 1150 1856 mentum
1166 1833 1229 1856 sunt
1241 1849 1248 1861 ,
1265 1830 1377 1862 angelos
1392 1831 1495 1864 tropice
1510 1830 1667 1866 signiﬁcare
1681 1831 1825 1862 docuerit;

1031 1883 1080 1902 nec
1107 1875 1208 1903 idcirco
1231 1883 1311 1903 sensu
1338 1876 1479 1910 praeditum
1500 1877 1601 1904 animal
1619 1877 1827 1904 ﬁrmamentum

1028 1929 1088 1950 esse
1105 1923 1200 1956 tradit,
1216 1924 1288 1958 quod
1304 1923 1417 1958 gloriam
1435 1924 1480 1951 Dei
1496 1929 1615 1958 enarret,
1628 1925 1751 1960 alioquin
1767 1926 1827 1952 ani-

1029 1969 1108 1996 malia
1127 1969 1218 1997 futura
1237 1977 1337 2002 rorem,
1357 1975 1384 1997 et
1396 1971 1533 2004 pruinam,
1550 1975 1577 1998 et
1591 1971 1735 2007 abyssum,
1752 1972 1825 2006 quod

1028 2015 1060 2042 iis
1082 2015 1189 2043 Iaudem
1203 2016 1249 2043 Dei
1267 2017 1396 2050 propheta
1414 2017 1595 2044 commendet.
1613 2017 1698 2045 Sexto
1713 2018 1824 2045 deuan

1027 2067 1059 2088 ex
1077 2062 1314 2089 anathematismis
1331 2063 1393 2090 huic
1409 2061 1556 2090 Justiniani
1571 2063 1696 2097 epistola:
1720 2064 1824 2091 subne-

1026 2107 1068 2134 xis
1081 2108 1176 2135 eadem
1190 2108 1247 2135 haec
1259 2107 1386 2143 Origenis
1402 2110 1537 2136 sententia
1551 2109 1584 2136 de
1602 2109 1743 2137 sideribus
1760 2111 1824 2137 ani-

1027 2154 1107 2181 matis
1121 2153 1287 2181 confoditur.
1307 2154 1338 2180 ln.
1353 2162 1407 2188 quo
1429 2161 1495 2181 sane
1516 2154 1601 2182 miror
1616 2156 1716 2190 ecquid
1735 2156 1770 2183 de
1788 2158 1824 2183 si-

187 2193 331 2221 inferiores
349 2197 413 2220 sunt
428 2194 546 2221 siderum
571 2193 685 2226 animis.
710 2194 869 2229 corporibus
889 2194 976 2221 ltomi-
993 2199 1014 2226 ο
1027 2199 1139 2226 del-ibus
1150 2205 1262 2234 peccato
1273 2200 1411 2230 obnoxiis,
1424 2200 1458 2228 de
1468 2208 1563 2228 eorum
1576 2209 1624 2235 spe
1636 2206 1661 2228 et
1676 2201 1770 2229 futura
1783 2211 1824 2229 sa-

188 2247 252 2267 num
275 2239 329 2267 sint
355 2240 541 2274 antiquiores,
568 2240 715 2268 verisimile
740 2240 776 2267 sit
805 2239 974 2274 antiquiores

188 2292 248 2312 esse
262 2291 370 2318 quoque
383 2286 500 2312 siderum
521 2285 625 2313 animas
645 2287 765 2313 siderum
788 2286 949 2320 corporibus
966 2295 973 2312 :

187 2330 284 2364 probat
309 2330 423 2365 idipsum
447 2331 545 2359 deinde
559 2339 638 2366 supra
655 2332 773 2359 adducto
791 2332 863 2359 Pauli
883 2332 943 2360 loco
959 2339 974 2359 θ

186 2375 302 2404 Ιιοηιιιιι.
330 2384 389 2406 vtu.
416 2377 516 2408 i9~22;
545 2378 691 2405 vanitatem
718 2378 818 2413 quippe
844 2379 973 2413 appellari

187 2431 285 2460 corpus
299 2424 363 2452 illud
377 2425 536 2457 aethereum.
557 2426 628 2460 quod
648 2426 730 2453 invita
741 2426 814 2454 subit
831 2427 921 2453 anima
936 2427 974 2452 si-

187 2470 269 2502 deris,
283 2478 396 2506 sperans
413 2471 532 2498 futurum
547 2476 576 2498 ut
590 2472 698 2506 expleto
711 2472 761 2499 hoc
776 2472 926 2499 ministerio
940 2473 973 2499 li-

185 2515 297 2544 beretur
312 2526 321 2542 ι
332 2525 346 2543 a
367 2517 497 2545 servitute
515 2518 697 2552 corruptionis
711 2524 739 2546 et
751 2518 888 2548 vanitatis.
911 2527 971 2545 cum

186 2561 379 2596 redemptionis
402 2564 494 2598 gloriae
512 2563 629 2591 ﬁliorum
649 2564 695 2591 Dei
721 2569 827 2599 tempus
854 2565 971 2592 advene-

187 2607 240 2639 rit;
257 2617 267 2633 ι
287 2608 364 2643 cujus
384 2609 437 2636 voti
455 2610 626 2644 adeptionem
650 2610 713 2636 dum
739 2615 899 2645 exspectat,
928 2617 975 2644 ge-

186 2662 269 2686 mere,
278 2660 306 2683 et
318 2665 328 2682 ι
348 2661 440 2690 utpote
451 2656 575 2684 aﬁ'ectnm
589 2657 731 2685 habentem
743 2665 806 2693 erga
819 2665 865 2684 eos
877 2657 975 2691 quibus

186 2702 332 2736 ministrat,
346 2704 489 2732 condolere
503 2714 511 2732 :
528 2714 537 2730 ι
559 2705 666 2731 demum
685 2709 774 2732 atttem
790 2705 920 2732 servitute
938 2704 974 2731 li-

187 2746 308 2775 beratum
327 2749 371 2782 iri,
394 2759 403 2775 ι
418 2755 445 2777 et
464 2758 524 2777 cum
550 2751 689 2778 tradiderit
708 2750 834 2778 Christus
851 2756 965 2778 restnum

222 2834 232 2848 ⁸
251 2834 326 2861 Deut.
341 2843 424 2868 xxx”,
440 2836 465 2862 1.
503 2837 513 2852 ⁹
525 2837 584 2864 lsai.
602 2845 619 2870 ι,
634 2837 661 2864 ‘3.
701 2838 722 2854 ¹⁰
738 2838 817 2866 Rern.
835 2846 891 2869 \‘III.
908 2838 952 2866 ΞΟ.

1026 2244 1083 2272 lute
1095 2253 1128 2272 ne
1141 2245 1251 2272 verbum
1264 2246 1372 2280 qttidcm
1384 2246 1410 2273 in
1422 2247 1658 2274 anathematismis
1672 2247 1825 2282 imperator

1026 2291 1070 2318 ille
1085 2291 1194 2323 fecerit,
1210 2299 1271 2318 cum
1287 2291 1346 2325 eius
1361 2296 1449 2319 tatnen
1464 2292 1545 2319 verba
1560 2293 1617 2328 ipsa
1631 2301 1646 2320 e
1662 2293 1711 2321 ﬁb.
1725 2302 1734 2321 ι
1750 2294 1824 2328 Περὶ

1024 2335 1142 2370 ἀρχῶν,
1157 2345 1218 2372 cap.
1230 2337 1246 2363 7
1257 2357 1265 2369 .
1290 2338 1371 2372 petita
1391 2342 1583 2372 repraesentet,
1607 2339 1711 2373 quibus
1727 2341 1823 2367 verbis

1024 2386 1052 2409 et
1065 2382 1156 2409 anima
1168 2382 1304 2410 sideribus
1320 2381 1459 2414 tribuitur,
1472 2388 1500 2409 et
1514 2382 1555 2410 sol
1569 2383 1709 2411 inducitur
1725 2385 1822 2412 dicens

1027 2432 1157 2460 pra'stare
1181 2427 1290 2455 dissolvi
1313 2432 1341 2454 et
1362 2435 1422 2454 esse
1443 2435 1505 2454 cum
1519 2427 1629 2455 Christo
1645 2428 1680 2460 “,
1704 2430 1753 2456 sed
1773 2438 1821 2457 ue-

1027 2474 1174 2500 cessarium
1192 2474 1280 2509 magis
1302 2482 1362 2501 esse
1381 2481 1489 2501 manere
1514 2473 1540 2500 in
1560 2481 1687 2508 corpore,
1706 2482 1822 2510 propter

1027 2519 1220 2548 revelationetn
1253 2520 1369 2547 liliut‘uln
1389 2520 1445 2552 Dei,
1461 2524 1489 2547 et
1501 2522 1595 2547 eadem
1609 2521 1711 2549 acriter
1726 2530 1821 2556 repre-

1026 2564 1126 2591 hendat
1139 2565 1167 2592 in
1183 2565 1297 2600 epistola
1315 2565 1350 2593 ad
1366 2566 1490 2600 quintqu
1501 2566 1658 2598 concilium,
1672 2575 1757 2602 quem
1777 2576 1820 2595 re-

1026 2609 1079 2636 fert
1089 2610 1245 2642 Cedrenus;
1264 2619 1346 2638 unum
1361 2611 1386 2638 id
1400 2611 1563 2646 culpandum
1581 2619 1613 2639 ac
1628 2612 1817 2640 damnandum

1025 2656 1187 2689 susceperit,
1204 2656 1276 2690 quod
1294 2656 1351 2683 suis
1371 2662 1460 2684 tamen
1477 2664 1530 2684 non
1552 2663 1628 2684 caret
1643 2659 1769 2692 patronis
1785 2665 1818 2684 ac

1024 2701 1223 2729 defensoribus.
1246 2701 1361 2730 Ruﬁnus
1377 2710 1485 2738 quoque
1499 2703 1663 2731 Paltestiuus
1680 2704 1708 2730 in
1726 2704 1818 2732 libello

1026 2746 1063 2773 De
1075 2747 1137 2780 ﬁde,
1155 2748 1306 2775 doctrinam
1328 2749 1397 2777 hanc
1415 2749 1567 2777 Adamantii
1584 2749 1718 2784 gravibus
1738 2758 1817 2787 argu-

993 2839 1012 2855 ιι
1031 2837 1128 2872 ι-ἰιὶιίρ.
1147 2836 1227 2869 1,23.
