1912 3079
79 197 121 224 9'!
126 196 142 223 7

495 196 782 225 OBICENIANORUM
802 196 866 224 LIB.
889 197 922 229 II,
943 197 1020 225 CAP.
1042 197 1074 230 Il,
1096 195 1233 230 QUIEST.
1258 194 1322 222 VIII.

1663 198 1719 225 978

80 257 186 284 mentis
200 257 284 289 'elidit,
298 257 557 292 fandam‘entumque
575 257 680 285 subruit
697 258 723 286 in
737 259 788 285 hoc
801 257 875 285 Scri-
889 261 911 287 A
926 258 952 284 in
977 266 1024 293 spe
1038 267 1045 291 ;
1069 258 1131 290 quia
1162 261 1272 293 sperant
1293 256 1373 284 etiam
1390 255 1471 290 hujus
1486 256 1584 284 laboris
1599 262 1715 292 grauan

78 308 173 336 plura:
189 302 248 330 loco
261 303 449 337 constitutum,
462 303 513 331 Job
534 311 598 337 xxv,
615 303 632 330 5
644 313 650 330 :
669 312 678 329 ‹
692 303 771 330 Astra
785 309 873 330 autem

79 356 141 375 non
165 354 229 375 sunt
257 350 355 377 munda
381 350 408 376 in
426 354 573 385 conspectu
591 349 660 383 ejus.
682 349 774 384 Neque
790 350 873 382 enim,

78 395 190 428 inquit,
209 403 241 423 ex
263 404 296 423 eo
310 397 381 431 quod
407 405 460 424 non
478 402 542 424 sttnt
558 397 655 423 tttunda
681 397 708 424 in
729 399 873 431 conspectu

78 441 149 472 Dei.
174 441 235 469 ideo
251 442 378 469 dicuntur
396 441 522 470 animalia
534 462 541 474 ,
560 442 678 476 alioquin
699 443 780 469 etiam
800 449 874 468 men-

75 491 161 515 strua
186 488 330 515 mulierum
362 489 396 516 ab
420 489 486 524 ipsis
510 488 638 516 animalia
664 493 872 524 nuncupentur;

74 539 109 562 et
128 535 234 569 Ieprosa
254 535 362 568 domus,
383 535 511 570 qttoniam
527 542 561 562 ne
581 535 631 561 ista
646 534 754 570 quidem
774 534 874 562 tnunda

75 584 147 608 sunt
170 582 240 615 apttd
259 581 354 614 Deum,
387 580 535 608 secundum
567 580 652 616 legem
668 579 764 616 Moysi.
790 579 872 607 Multa

72 627 154 654 enim
167 634 261 655 eorum
277 635 338 662 qua:
356 628 415 655 sine
429 628 520 655 aninta
536 632 611 660 sunt,
629 627 736 654 ratione
756 626 872 661 quadam

74 681 154 708 sepe
176 673 289 709 legimus
309 673 458 701 immunda.
483 683 493 700 ι
508 672 553 700 Ait
574 674 655 700 etiam
678 672 792 699 Rufinus
817 672 873 700 btcc

75 719 234 754 Scriptum
255 720 313 747 loca
334 720 360 747 in
375 720 517 747 sententia:
532 728 587 747 sua:
605 718 716 746 ttttelatn
729 717 872 753 Origenotn

74 771 243 792 convertere
259 774 266 793 :
282 775 291 791 ι
304 765 350 793 Sol
368 765 493 800 cognovit
516 772 639 793 occasum
656 772 746 795 sutntt,
770 772 780 790 ι
801 763 872 792 Psnl.

73 817 138 843 cut,
155 810 212 845 I9;
244 816 271 838 et
301 811 399 838 illum:
422 821 431 836 ε
449 811 506 847 Ego
533 810 660 838 oumibus
688 809 773 837 stellis
799 817 874 836 II-all-

74 855 156 888 dari,
176 865 185 882 ι
206 856 280 883 Isaia:
293 864 355 886 ην.
366 855 408 883 1‘2.
432 856 551 890 Denique
566 855 733 890 Nicephorus
749 854 794 881 lib.
809 861 873 886 mi,

75 909 143 937 cap.
165 902 213 935 28,
237 910 358 930 erronem
388 902 460 929 hunc
488 903 520 928 de
540 902 667 928 animatis
690 900 824 928 sideribus
846 902 872 927 in

74 949 176 982 quinta
190 949 294 984 synodo
309 949 466 976 damnatum
485 948 569 974 fuisse
586 953 690 975 narrat.

113 993 160 1022 Ill.
182 994 216 1021 At
235 1001 296 1020 eum
319 994 443 1028 quamvis
466 993 539 1019 omni
562 992 741 1019 allirmatione
764 998 874 1018 asseve-

75 1045 158 1066 rasse
181 1039 256 1065 visus
283 1039 318 1066 sit
342 1038 481 1074 Origenes,
507 1039 557 1066 ltoc
587 1044 676 1065 tamen
701 1037 873 1072 pronuntiato

75 1084 194 1112 lectoris
208 1085 327 1111 animum
346 1085 489 1119 occupavit
504 1084 529 1111 in
546 1084 677 1119 promtnio
697 1083 759 1110 libri
773 1082 873 1116 prioris

75 1130 202 1164 ejusdem
220 1130 291 1165 Περὶ
314 1130 432 1165 ἀρχῶν,
450 1138 523 1157 ntnn.
543 1129 576 1157 I0
591 1139 619 1157 ε(
631 1130 668 1157 De
690 1128 747 1156 sole
771 1133 872 1160 autem,

74 1183 104 1204 ct
125 1177 204 1209 luna,
224 1184 251 1205 et
268 1178 362 1208 stellis,
384 1183 474 1204 utrum
496 1176 645 1204 animantia
664 1176 728 1207 sint,
754 1183 787 1202 an
810 1182 874 1201 exa-

77 1223 166 1254 nima,
183 1221 328 1250 manifeste
342 1229 394 1248 non
414 1221 547 1253 traditur;
566 1231 575 1247 ι
603 1229 662 1255 qtae
678 1221 760 1247 verba
777 1219 873 1254 repetit

75 1267 241 1302 Pamphilus
259 1268 284 1294 itt
301 1267 438 1302 Apologia.
460 1266 556 1302 Capite
581 1273 688 1301 quoque
702 1266 732 1293 II
752 1265 812 1292 libri
829 1273 872 1292 se-

75 1313 204 1348 quentis,
232 1320 306 1340 num.
322 1313 356 1345 '1,
381 1313 456 1340 velut
482 1312 602 1339 incertus
621 1317 649 1339 et
669 1311 789 1338 titubans
813 1310 869 1336 ait:

78 1367 87 1382 ι
101 1357 172 1384 Cum
188 1365 269 1392 ergo.
287 1357 361 1384 verbi
379 1357 464 1390 gratia
475 1377 483 1390 ,
510 1357 543 1384 ad
561 1356 683 1384 cmlcstia
701 1356 758 1383 loca
778 1363 872 1390 perve-

76 1403 170 1431 nerint
185 1404 283 1436 sancti,
299 1409 362 1432 tunc
378 1403 434 1438 jam
454 1404 585 1431 rationem
601 1409 736 1430 astrorum
751 1409 800 1437 per
817 1402 873 1429 sin-

75 1449 142 1483 gula
168 1449 368 1484 pervidebuut,
395 1455 423 1477 ct
447 1450 504 1477 sive
530 1449 679 1476 animantia
701 1453 788 1480 sunt,
817 1449 874 1476 sive

75 1495 211 1530 quidquid
224 1496 287 1522 illttd
301 1501 352 1528 est,
368 1496 610 1530 comprehendent.
628 1505 636 1521 ι
653 1494 684 1521 Ει
701 1499 774 1522 ιοηιο
786 1494 873 1528 prium

76 1543 104 1568 in
120 1540 270 1574 Joannem,
288 1549 363 1571 num.
374 1541 422 1574 40,
439 1550 499 1576 pag.
515 1541 563 1574 4‘2,
582 1540 754 1576 hyperbolice
771 1541 872 1567 dictutn

75 1588 236 1622 suspicatur
248 1596 262 1614 a
273 1586 343 1615 Jobo
353 1607 361 1620 ,
376 1593 448 1615 astra
468 1595 534 1622 pura
552 1596 603 1614 non
622 1595 682 1614 csse
695 1594 785 1613 coram
801 1586 854 1613 Deo

77 1688 158 1706 σχειν
178 1679 384 1716 ἁμαρτημάτων
410 1679 557 1714 γεγεῦσθαι
573 1678 699 1710 θανάτου,
715 1679 765 1705 οὐκ
783 1678 824 1704 ἔτι
846 1678 874 1704 δὲ

77 1726 128 1753 καὶ
144 1726 214 1762 ὑπὲρ
227 1726 307 1754 ἄλλου
328 1726 398 1758 τινὸς
414 1725 488 1761 παρὰ
505 1725 558 1752 τῶν
572 1724 722 1761 ἀνθρώπων
741 1725 769 1750 ἐν
785 1725 875 1760 ἁμαρ-

76 1774 185 1807 τήμασι
209 1772 406 1808 γεγενημένου,
427 1768 483 1798 οἷον
500 1771 570 1806 ὑπὲρ
591 1770 714 1806 ἄστρων·
740 1770 800 1796 οὐδὲ
820 1769 874 1796 τῶν

77 1819 190 1853 ἇςτρων
215 1819 324 1851 πάντως
341 1818 468 1854 καθαρῶν
490 1818 574 1844 ὅντων
596 1816 710 1844 ἐνώπιον
729 1816 776 1843 τοῦ
794 1816 873 1847 Θεοῦ,

76 1865 117 1896 ὡς
143 1865 172 1890 ὲν
191 1864 230 1900 τῷ
252 1863 312 1890 ’1ὼὸ
337 1863 504 1898 ἀνέγνωμεν.
530 1863 635 1897 ’Λστρα
660 1862 688 1888 δὲ
710 1862 740 1888 οὐ
765 1861 874 1897 καθαρὰ

78 1909 198 1936 ἐνώπιον
218 1909 314 1936 αὐτοῦ·
334 1911 359 1936 εἰ
375 1910 412 1946 μὴ
429 1909 484 1945 ἄρα.
499 1908 685 1944 ὑπερϐολικῶς
705 1908 783 1935 τοῦτο
797 1907 873 1943 εἴρη-

77 1964 138 1984 ται.
162 1956 276 1983 llomilia
291 1956 401 1982 demum
418 1958 444 1983 in
456 1956 600 1984 Jeremt‘am
616 1956 722 1983 decima
732 1975 738 1985 ,
757 1962 832 1981 tttttn.
845 1955 872 1986 6,

78 2003 234 2038 cxplanans
255 2003 321 2031 illud
338 2003 439 2030 Jorcm.
455 2011 489 2030 ιιι
500 2024 506 2035 ,
523 2003 558 2033 4,
579 2013 588 2029 ‹
603 2002 751 2036 Quousque
773 2001 874 2036 lugebit

79 2055 167 2080 terra,
180 2058 190 2074 ι
212 2054 311 2076 terram
333 2057 432 2082 corpus
453 2056 514 2076 esse
530 2049 567 2075 ait
586 2048 676 2075 anima
692 2051 719 2074 et
731 2054 812 2074 sensu
826 2054 874 2074 ca-

79 2105 157 2128 rens,
171 2095 219 2124 sed
236 2100 316 2123 terra:
330 2096 441 2123 nomine
455 2095 584 2130 appellari
601 2095 727 2130 angelum
742 2098 820 2121 terra:
835 2101 875 2121 as-

78 2144 245 2175 sisteutem,
273 2149 305 2169 ac
338 2142 430 2168 itidem
461 2149 557 2176 aqum,
583 2140 748 2172 elementis,
775 2144 804 2167 et
831 2147 876 2166 re-

79 2190 132 2216 bus
161 2188 288 2223 singulis.
321 2187 387 2221 Quae
418 2187 489 2214 inter
514 2186 715 2214 ecclesiasticos
749 2186 875 2213 doctores

79 2235 226 2262 tritissima
244 2239 285 2261 est
302 2233 407 2268 opinio,
428 2233 548 2260 animata
565 2239 626 2259 esse
642 2232 730 2259 sidera
753 2239 801 2266 per
820 2230 876 2257 for-

928 304 961 331 ab
976 311 1009 331 eo
1031 304 1077 339 qui
1097 304 1214 339 subjecit
1235 311 1292 332 eas.
1318 302 1435 339 Ideoque
1460 308 1569 338 propter
1585 310 1649 330 eum
1670 311 1714 330 su-

928 349 1040 381 stinent,
1053 348 1078 375 id
1089 353 1131 376 est
1153 354 1264 384 propter
1277 349 1337 384 ejus
1350 349 1529 377 voluntatum
1546 347 1600 377 Nec
1617 349 1715 376 mirum

927 396 950 423 si
967 396 1102 430 patienter
1119 396 1272 428 sustinent,
1288 403 1350 422 cum
1372 396 1461 423 sciant
1482 396 1714 425 Domittutrrsnunt

927 447 955 469 et
971 441 1127 470 Creatorem
1143 442 1276 473 omnium,
1290 443 1347 469 sive
1362 450 1424 477 quae
1445 443 1472 469 in
1489 443 1568 476 cmlo,
1584 444 1640 470 sive
1653 451 1716 478 quae

928 489 954 516 in
971 492 1044 516 terra
1069 493 1148 522 sunt,
1168 488 1321 523 suscepisse
1337 488 1422 516 nostri
1439 489 1561 524 corporis
1581 489 1714 522 fragilita-

928 539 992 562 tem.
1009 543 1018 560 ι
1042 534 1144 562 Deinde
1161 543 1169 561 ε
1192 543 1201 560 ι
1217 534 1289 562 Illius
1315 542 1381 569 ergo
1406 535 1543 563 imitantes
1564 535 1713 563 bonitatem

926 581 1051 609 caelestes
1068 586 1202 608 creatura:
1213 601 1221 613 ,
1243 581 1305 608 licet
1320 581 1516 616 ingemiscant,
1533 581 1605 616 quod
1620 581 1716 609 mundi

928 627 1008 662 hujus
1024 626 1136 654 vanitati
1152 626 1278 660 subjecta:
1293 627 1347 654 sint
1358 647 1366 659 ,
1381 626 1559 654 consolantur
1579 634 1609 655 se
1625 633 1713 656 tamen

927 674 997 708 quod
1022 673 1212 700 liberabuntur
1232 681 1246 700 a
1267 674 1399 700 servitute
1425 673 1605 707 corruptionis
1629 673 1656 701 in
1683 675 1716 702 li-

927 718 1061 745 bertatem
1091 718 1193 753 gloriae.
1208 727 1218 744 ι
1239 718 1405 753 Augustinus
1426 725 1534 752 quoque
1561 717 1609 745 lib.
1632 727 1650 746 ll
1678 714 1716 746 De

928 763 1020 791 Cenes.
1037 765 1072 791 ad
1090 765 1166 790 lilter.
1180 784 1188 796 ,
1208 768 1234 790 et
1250 764 1276 791 itt
1293 763 1427 790 Eutlu'rid.
1444 763 1479 790 ad
1491 763 1615 792 Laurent.
1628 785 1635 797 ,
1653 772 1715 800 cap.

927 810 972 843 58,
990 811 1023 838 de
1037 817 1080 842 eo,
1101 814 1193 844 tttpotc
1212 817 1240 836 re
1263 810 1377 837 obscura
1391 813 1418 836 et
1429 810 1543 841 incerta,
1558 811 1672 838 delinire
1686 817 1715 838 se

927 856 1000 883 nolle
1013 856 1161 891 quidquam
1175 855 1304 882 declarat.
1325 854 1393 882 llittc
1409 855 1467 890 ipse
1483 854 1608 890 Origenis
1623 864 1716 893 repre-

929 902 1030 930 hensor
1055 901 1237 937 Hieronymus
1257 902 1284 927 in
1303 901 1402 928 Ercles.
1418 909 1438 933 t,
1455 901 1482 933 6,
1503 901 1610 929 dubitat
1625 910 1715 930 antron

890 942 911 969 Β
926 947 1063 976 sideribus
1078 948 1195 974 animatn
1208 947 1339 974 Salomon
1355 947 1451 974 adesse
1469 947 1605 982 putaverit
1620 955 1629 981 ;
1644 952 1670 975 et
1687 949 1714 975 in

925 985 1022 1027 Eplies.
1041 1000 1067 1025 t,
1084 992 1139 1024 22,
1163 1000 1197 1019 ne
1213 993 1302 1019 sidera
1318 992 1426 1026 quidem
1449 992 1510 1027 ipsa
1531 993 1630 1021 munda
1655 1001 1715 1022 esse

924 1047 1016 1067 coram
1038 1039 1104 1072 Deo,
1118 1046 1205 1073 eaque
1220 1037 1375 1066 Scrvatoris
1395 1039 1542 1066 atheututn
1566 1039 1715 1068 formidare

924 1086 1030 1113 scribit.
1047 1084 1123 1112 Unde
1136 1085 1162 1110 in
1175 1084 1288 1119 epistola
1301 1084 1345 1117 6|,
1369 1085 1401 1111 ad
1425 1083 1582 1112 Patnmach.
1592 1104 1600 1117 .
1612 1092 1672 1120 cap.
1686 1084 1715 1119 5.

924 1132 958 1159 de
984 1131 1039 1158 hoc
1063 1138 1145 1165 agens
1173 1131 1319 1165 dogmate:
1337 1140 1346 1155 ‹
1362 1130 1420 1157 Non
1444 1136 1495 1162 est.
1519 1131 1618 1166 inqttit,
1634 1131 1714 1160 istius

925 1176 1057 1211 temporis
1070 1181 1164 1203 contra
1181 1176 1279 1211 dogma
1296 1176 1452 1211 gentilium,
1475 1181 1501 1203 et
1514 1184 1547 1204 ex
1561 1182 1638 1212 parte
1654 1177 1714 1205 Pla-

926 1223 1044 1250 tonicutn
1059 1222 1188 1252 scribere.
1203 1227 1266 1250 ante
1284 1230 1370 1250 annos
1384 1222 1470 1250 ferme
1484 1223 1578 1250 decem
1600 1223 1626 1250 iit
1640 1232 1714 1252 com-

925 1268 1064 1296 mentariis
1080 1268 1264 1301 Ecclesiastis,
1283 1273 1310 1295 et
1329 1268 1519 1302 explanatione
1536 1267 1663 1302 Epistolas
1679 1268 1714 1295 ad

925 1315 1055 1350 Ephesios
1081 1314 1199 1342 arbitror
1221 1321 1330 1342 sensum
1355 1313 1438 1341 animi
1462 1314 1513 1341 tttei
1537 1314 1715 1348 pruientibns

924 1362 1099 1396 explicatum.
1115 1371 1124 1387 ι
1144 1361 1208 1394 Quae
1230 1368 1292 1388 cum
1316 1361 1365 1394 ipsi
1383 1360 1496 1388 fuissent
1519 1369 1533 1387 a
1553 1360 1649 1388 ltnlltio
1663 1362 1714 1388 ob-

922 1408 993 1441 jecta
1012 1406 1138 1434 litvectiv.
1153 1414 1161 1433 ι
1177 1406 1279 1433 crimen
1295 1406 1373 1433 diluit
1386 1406 1495 1440 Apotog.
1517 1407 1562 1434 lib.
1580 1415 1599 1439 ι,
1617 1412 1676 1441 Cap.
1687 1407 1713 1437 ι.

925 1451 995 1485 Quin
1025 1451 1106 1479 etiam
1137 1450 1386 1479 Pseudo-Clemens
1415 1451 1441 1478 in
1472 1451 1714 1486 Recoynilionlbltx,

926 1497 972 1526 lib.
993 1505 1020 1530 ν,
1051 1502 1078 1525 et
1104 1497 1137 1524 lt.
1155 1496 1242 1524 Moses
1268 1497 1318 1524 ben
1349 1497 1476 1530 Mainton,
1503 1498 1607 1526 animos
1634 1504 1716 1525 astris

925 1544 1066 1580 allingnnt.
1090 1544 1210 1578 Denique
1232 1543 1262 1571 S.
1276 1543 1395 1570 Thomas
1417 1543 1461 1570 lib.
1480 1551 1498 1570 Il
1524 1549 1608 1572 contr.
1625 1543 1714 1576 Gent..

77 1589 236 1622 suspicatur
248 1596 262 1614 a
273 1589 343 1615 Jobo
353 1607 361 1620 ,
376 1593 448 1615 astra
468 1595 534 1622 pura
552 1596 603 1614 non
622 1595 682 1614 csse
695 1594 785 1613 coram
801 1589 854 1613 Deo

77 1633 136 1660 Καὶ
156 1632 210 1660 γὰρ
229 1632 329 1660 ἄτοπον
351 1633 421 1660 ὑπὲρ
440 1632 620 1660 ἀνθρωπίνων
648 1632 696 1660 μὲν
717 1631 798 1658 αὐτὸν
823 1632 871 1660 φά-

927 1598 986 1625 cap.
1002 1590 1054 1622 70,
1074 1590 1106 1616 ad
1125 1590 1186 1616 ῆιΙυί
1202 1589 1353 1617 doctrinam
1372 1590 1509 1622 pertinere
1524 1595 1601 1624 negat
1615 1611 1622 1622 ,
1641 1596 1714 1617 astra

927 1635 1044 1660 animata
1077 1635 1221 1660 dicantur.
1249 1642 1283 1660 an
1316 1632 1455 1660 inanima:
1482 1634 1553 1660 unde
1580 1634 1714 1660 aestimare

103 1641 136 1660 αι
156 1641 210 1668 γαρ
229 1641 329 1660 ατοπον
351 1641 421 1669 υπερ
440 1641 620 1668 ανυρωπινων
648 1641 696 1668 μεν
717 1641 798 1658 αυτον
823 1641 874 1666 φα-

925 1635 1044 1662 animata
1077 1635 1221 1664 dicantur.
1249 1642 1283 1660 an
1316 1632 1455 1664 itmnima;
1482 1634 1553 1660 unde
1580 1634 1717 1661 aestimare

926 1682 986 1708 licet
1006 1688 1060 1716 quo
1075 1680 1339 1708 nutneranstiniani
1359 1680 1600 1708 anatbetnatismos
1610 1680 1714 1708 habue-

927 1728 971 1760 rit,
994 1727 1039 1762 qui
1055 1727 1233 1754 allirmantem
1250 1727 1414 1753 sententiam
1430 1725 1597 1753 confodiunt.

961 1773 1005 1800 IV.
1024 1773 1100 1801 Viam
1121 1771 1232 1805 Origeni
1260 1772 1292 1799 ad
1323 1772 1347 1798 id
1377 1771 1471 1805 dogma
1498 1772 1716 1806 prmtttonstravit

925 1819 1019 1851 Plato,
1039 1818 1085 1853 qui
1115 1818 1141 1845 in
1168 1817 1264 1844 Timn'o
1287 1817 1349 1844 (ιωιί
1376 1817 1493 1843 animam
1518 1817 1630 1844 rationis
1654 1824 1715 1845 esse

925 1869 1078 1900 compotem
1092 1864 1140 1896 ait,
1156 1871 1243 1898 eaque
1260 1863 1327 1890 nihil
1342 1872 1356 1888 ει
1374 1862 1428 1889 Deo
1442 1863 1615 1897 prmstantins
1631 1863 1715 1890 fuisse

926 1916 1114 1946 procreatum;
1134 1915 1161 1938 et
1179 1910 1205 1936 in
1224 1909 1379 1944 Ivfpinontitlc
1397 1908 1467 1934 θεῖον
1485 1909 1612 1942 pnedicat
1637 1909 1715 1943 γένος

925 1958 1043 1993 ἄστρων,
1069 1956 1193 1992 σώματος
1225 1955 1273 1991 μὲν
1296 1955 1376 1990 τυχὸν
1395 1954 1552 1985 καλλίστου,
1575 1954 1663 1990 ψυχῆς
1687 1955 1715 1982 δὲ

925 2003 1169 2039 εὐδαιμονεστάτης
1191 2010 1220 2028 τε
1238 2002 1285 2029 καὶ
1302 2001 1426 2036 ἀρίστης.
1451 2000 1673 2029 I't'attnonstravit
1688 2006 1717 2028 et

926 2049 1036 2082 Thales,
1055 2049 1151 2076 Ionicae
1170 2052 1251 2075 secta!
1266 2047 1401 2080 princeps,
1421 2047 1466 2081 qui
1486 2048 1565 2074 rebus
1582 2047 1717 2074 universis

927 2098 1043 2123 animam
1072 2094 1220 2122 tribuebat.
1251 2093 1477 2120 I’raentonstravit
1499 2098 1527 2120 et
1547 2092 1716 2128 Pythagoras

926 2142 972 2178 qui
992 2146 1065 2169 astra
1097 2141 1162 2168 deos
1188 2147 1248 2166 esse
1272 2139 1410 2166 CCIISt'biIL
1437 2139 1718 2166 I’rmuoustravernnt

928 2194 956 2216 et
968 2188 1059 2218 stoici.
1085 2190 1114 2214 et
1131 2186 1199 2220 ipse.
1224 2186 1247 2212 si
1266 2185 1424 2216 Plutarcho,
1440 2185 1594 2212 Alexandro
1611 2184 1717 2219 Aphro-

926 2236 1018 2264 disaeo,
1037 2239 1064 2262 ct
1082 2233 1143 2262 aliis
1160 2232 1310 2262 crcdouus,
1325 2232 1496 2259 Aristoteles.
1517 2232 1636 2259 Platonis
1654 2239 1717 2259 sen-

79 2289 153 2308 tnam
172 2281 345 2308 assistenteut
360 2284 387 2306 et
402 2279 599 2310 coltmrenlcm,
619 2285 671 2305 non
688 2277 872 2304 intr-omissam
890 2281 912 2308 Π
928 2281 1040 2309 tentiam
1057 2287 1089 2308 ac
1107 2280 1164 2314 ipsa
1189 2278 1383 2313 propemodum
1406 2279 1488 2304 verba
1510 2285 1558 2312 pro
1573 2285 1648 2304 more
1666 2283 1717 2304 suo

79 2331 106 2354 et
125 2326 330 2354 inforntantem.
352 2325 440 2359 Atque
457 2331 490 2352 ex
510 2324 553 2351 bis
569 2323 636 2351 satis
660 2327 734 2358 patet
750 2322 875 2358 Origenis

81 2373 228 2401 haesitatio.

115 2418 157 2445 Ad
179 2418 238 2445 btec
262 2416 420 2452 Pamphilus
444 2416 470 2443 in
495 2414 671 2450 responsione
694 2415 728 2442 ad
749 2420 874 2455 octavam

80 2464 322 2496 criminationem,
347 2463 492 2497 unicuique
513 2461 731 2489 Christianorum
752 2460 790 2487 fas
812 2467 875 2488 esse

80 2511 148 2540 dicit
163 2514 237 2537 astra
257 2508 375 2536 animata
398 2509 440 2535 vcl
461 2516 512 2535 non
535 2508 655 2534 animata
675 2514 806 2539 censere;
824 2513 874 2534 nec

80 2558 210 2591 cuiquam
227 2557 365 2590 opinionis
382 2555 540 2583 alterutrius
562 2562 644 2581 causa
661 2553 798 2581 Ita‘reseos
815 2553 874 2580 inu-

81 2604 195 2631 rendatn
219 2611 249 2630 es
265 2611 280 2630 e
299 2607 401 2636 notant,
425 2609 555 2636 «proper
579 2601 630 2628 ltoc
657 2600 727 2635 quod
756 2607 808 2627 non
837 2600 872 2626 ita

80 2656 176 2686 aperte
196 2650 230 2677 de
253 2650 295 2676 Itis
317 2649 447 2676 traditum
464 2654 506 2676 est
527 2648 552 2674 in
570 2647 722 2682 apostolica
738 2646 872 2683 pra-dica-

80 2703 187 2725 tonc.»
218 2697 295 2729 Quod
324 2696 412 2731 ipsum
435 2703 491 2730 pra:
511 2703 541 2723 se
566 2695 627 2722 tulit
644 2694 823 2722 Adamantius
846 2693 872 2720 itt

81 2745 216 2779 prooemio
231 2743 362 2770 librarum
372 2742 442 2777 Περὶ
457 2741 567 2776 ἀρχῶν,
589 2749 664 2768 num.
679 2741 724 2773 I0,
742 2741 779 2768 uti
795 2748 875 2774 supra

80 2790 264 2819 ostendimus.
280 2790 390 2816 l‘enitus
405 2796 471 2816 vero
480 2787 631 2822 origenizat
651 2786 822 2818 Ambrosius;
836 2786 876 2814 sic

81 2838 220 2865 disserens
243 2836 269 2862 itt
291 2836 362 2870 epist
383 2834 430 2867 38,
454 2833 488 2861 ad
510 2832 708 2860 Ilorontiannm
732 2842 738 2860 :
761 2842 769 2858 α
785 2833 874 2860 Stella:

82 2883 189 2912 nebulis
218 2882 341 2910 obducite
368 2885 526 2912 vanescunt,
544 2887 603 2914 qua:
628 2879 763 2906 sustinent
793 2880 874 2906 mini-

83 2929 157 2956 sterii
172 2928 252 2963 huius
268 2927 397 2955 mundani
413 2933 489 2959 usus,
512 2933 563 2953 non
581 2930 676 2960 sponte
698 2925 809 2959 utique,
825 2925 871 2953 sed

927 2327 1021 2355 retulit
1037 2326 1133 2359 Philo;
1154 2333 1215 2352 nam
1235 2326 1260 2351 lll
1278 2324 1346 2351 libro
1360 2324 1429 2358 Περὶ
1442 2324 1495 2350 τοῦ
1513 2323 1718 2358 θεοπέμπτους

926 2372 1002 2401 εἶναι
1027 2372 1097 2405 τοὺς
1113 2371 1250 2405 ὀνείρους
1262 2390 1269 2402 ,
1287 2374 1315 2396 et
1333 2370 1395 2397 alibi
1415 2375 1486 2396 astra
1509 2378 1562 2396 non
1590 2369 1717 2396 animalia

928 2419 1016 2449 modo,
1044 2419 1091 2446 sed
1116 2425 1221 2444 ntcntcs
1244 2417 1325 2443 etiam
1346 2416 1506 2450 purissimas
1521 2423 1582 2442 esse
1606 2415 1716 2442 asserit.

927 2465 955 2492 In
973 2465 1042 2492 libro
1060 2470 1149 2491 tamen
1165 2464 1203 2490 Ile
1220 2463 1312 2489 nutmli
1331 2462 1453 2495 api/icio,
1470 2467 1496 2488 et
1519 2461 1605 2487 altero
1621 2461 1656 2486 De
1678 2461 1717 2495 gi-

926 2511 1062 2547 gantibus,
1081 2518 1113 2536 ea
1129 2517 1189 2537 esse
1213 2509 1268 2535 vult
1282 2508 1315 2535 δι’
1327 2509 1387 2536 ὅλου
1405 2507 1535 2535 σπουδαῖα
1561 2509 1654 2540 (quam
1668 2513 1716 2532 vo-

927 2566 986 2584 cent
1002 2556 1141 2590 usurpavit
1152 2555 1294 2590 Origenes)
1317 2555 1363 2582 καὶ
1377 2554 1478 2585 παντὸς
1493 2552 1657 2580 ὰνεπίδεκτα
1669 2560 1718 2578 κα-

927 2602 976 2630 κοῦ
987 2623 994 2634 ,
1009 2602 1056 2629 καὶ
1076 2601 1203 2637 ἀκήρατα
1214 2621 1221 2633 ,
1235 2602 1307 2636 quod
1321 2601 1430 2636 Urigeni
1445 2607 1497 2627 nott
1514 2598 1624 2633 placuit.
1647 2597 1717 2625 Huic

925 2655 1033 2683 quoque
1058 2647 1090 2674 ad
1115 2655 1174 2674 eam
1201 2647 1397 2681 capessendam
1425 2645 1581 2680 opinionem
1612 2643 1718 2678 praeivit

924 2693 1051 2720 Clemens
1067 2691 1269 2719 Alexandrinus
1283 2692 1310 2718 in
1328 2691 1431 2726 It‘clogil
1450 2691 1484 2718 ὲκ
1500 2689 1560 2717 τῶν
1575 2696 1718 2724 προφητι-

926 2738 998 2766 κῶν.
1019 2737 1207 2765 Perseveravit
1220 2742 1312 2764 autem
1334 2737 1368 2764 ad
1386 2741 1504 2764 nostram
1520 2740 1627 2762 :etatem
1651 2734 1716 2762 illud

926 2787 959 2812 de
983 2785 1111 2812 attitnatis
1131 2784 1267 2811 sideribus
1283 2784 1425 2819 placitum,
1443 2783 1657 2818 defensoresque
1673 2783 1719 2810 hac

925 2833 984 2860 buit
1012 2833 1085 2860 viros
1108 2833 1248 2867 quantivis
1278 2832 1356 2867 pretii
1388 2831 1545 2867 Tycbonetn
1573 2836 1602 2859 et
1626 2831 1717 2867 Kepp-

924 2879 1023 2906 lerunt.

963 2926 993 2952 ν.
1011 2925 1176 2961 Augustinus
1192 2924 1238 2953 lib.
1257 2933 1270 2951 ν
1288 2924 1325 2952 De
1340 2925 1411 2956 cit-il,
1428 2923 1486 2958 Dei,
1503 2932 1564 2960 Cap.
1579 2925 1603 2958 I,
1621 2931 1715 2952 corum
