1912 3079
231 194 283 221 979

880 193 910 221 P.
930 192 1089 220 DANIELIS
1108 191 1224 220 IIUETII
1795 189 1840 217 089

232 252 376 279 confutans
401 251 497 286 dogma
513 251 558 285 qtti
582 260 591 276 ι
604 252 663 279 sine
686 252 732 279 Dei
759 252 897 280 voluntate
922 253 1016 280 deeer—
1032 256 1054 282 Α
1069 259 1095 278 γι
1112 255 1203 277 contra
1216 249 1319 277 Ceuqu
1341 248 1438 283 legitur
1451 255 1525 275 num.
1538 247 1583 279 50,
1598 247 1643 279 5|,
1660 247 1714 274 falli
1732 254 1788 279 eos,
1801 239 1838 281 qui

234 305 300 324 nere
312 298 458 331 opinantur
474 297 562 324 sidera
573 297 638 331 quid
654 305 776 332 agamus,
792 299 833 324 vel
854 298 920 333 quid
931 297 1015 324 botto-

234 350 293 369 rum
309 342 467 374 habeatnus,
488 341 654 369 malorumve
678 343 829 377 patiamur;
847 352 856 369 ι
874 343 930 370 haec
951 343 1017 369 sub-

230 387 319 422 iungit
332 394 339 412 :
360 395 369 412 t
385 386 461 420 Quod
479 386 502 413 si
516 387 644 414 dicuntur
659 388 745 415 stella:
757 388 913 423 signiﬁcare
926 389 1016 423 potius

233 433 294 463 ista,
310 439 390 466 quam
407 432 503 464 facere,
525 436 555 460 ut
574 433 650 466 quasi
666 433 767 460 locutio
783 435 904 468 quaedam
919 434 955 461 sit
970 434 1014 461 illa

232 478 331 513 positio
351 479 501 512 praedicens
517 480 616 512 futura,
630 489 682 508 non
698 487 779 515 agens
791 480 856 516 (non
871 481 943 507 enim
957 488 1015 508 nte-

232 523 361 551 diocriler
379 524 519 552 doctorum
532 525 671 553 hominum
690 524 844 561 [Origenem
860 524 946 561 notat]
966 525 1016 552 fuit

231 569 283 597 ista
302 570 458 605 sententia),
484 579 536 598 non
551 572 657 606 quidem
672 572 708 599 ita
724 572 810 599 solent
821 572 892 607 loqui
911 572 1015 599 mathe-

232 614 335 646 matici,
352 619 381 641 ut
399 616 472 642 verbi
487 615 575 650 gratia
588 615 690 648 dicant,
704 615 775 643 Mars
790 616 825 643 ita
845 616 950 650 positus
965 616 1015 643 ho-

235 659 360 687 micidam
388 660 538 695 signiﬁcat;
563 663 610 689 sed
637 661 799 689 homicidam
825 661 899 689 facit.
915 671 924 688 ι
957 662 1013 693 llis,

231 704 354 738 inquam,
368 705 513 741 Origenem
527 707 684 742 designasse
694 708 812 735 creditus
826 712 868 735 est
883 717 890 735 :
909 715 971 735 nam
988 708 1014 734 in

232 756 265 776 eo
276 749 428 784 fragmento
442 752 512 786 quod
528 759 543 778 e
558 751 810 780 Commentariorum
833 754 916 788 ipsius
928 754 956 781 in
967 753 1015 781 Ce-

231 796 314 822 uesim
337 801 410 823 tomo
427 797 457 824 ill
482 803 638 833 excerptum
656 798 789 827 Eusebius
805 799 1014 836 Prwparatt'ortir

230 842 386 876 evangelica:
411 843 480 871 libro
498 850 578 872 sexto
600 846 733 878 inseruit,
757 847 839 874 astris
861 847 1012 875 futurorum

232 887 321 914 inesse
334 888 558 920 signiﬁcationem
577 890 703 924 afﬁrmat,
725 900 798 919 Illltlt.
811 892 845 924 5,
861 893 878 921 9
892 899 921 920 et
936 901 1012 927 sei...

232 941 284 961 non
306 935 386 961 etiant
402 943 525 968 causam,
544 938 614 971 quod
631 937 734 965 faciunt
747 939 916 966 Genetltliaci
931 949 938 972 ;
954 947 1014 967 mo-

231 985 286 1006 tum
302 987 367 1014 ergo
384 980 415 1007 iis
429 988 444 1007 a
462 981 516 1008 Deo
530 986 558 1008 et
570 983 694 1009 ordinem
709 983 836 1017 inditum,
852 988 881 1010 ut
896 983 959 1011 itule
974 984 1016 1011 fu-

230 1029 352 1051 turorum
380 1026 561 1062 cognitionem
585 1027 672 1062 angeli
697 1028 840 1058 hauriant;
862 1028 938 1062 cujus
955 1029 1016 1062 qui-

230 1070 291 1096 dem
313 1071 475 1105 cognitionis
498 1071 681 1107 adeptionem,
700 1081 762 1100 ctnu
787 1074 858 1101 vires
875 1081 1016 1109 superaret

230 1115 373 1148 Innuanas,
388 1117 422 1143 ab
436 1117 540 1152 angelis
552 1118 687 1152 apostatis
701 1119 726 1145 itt
743 1119 866 1147 homines
879 1120 969 1154 aliqua
980 1128 1014 1148 ex

229 1164 306 1194 parte
337 1160 420 1188 fuisse
445 1162 655 1194 transmissum;
684 1163 787 1190 nttllattt
814 1169 905 1191 autem
930 1165 1014 1192 libero

229 1206 341 1234 arbitrio
357 1207 410 1234 vim
430 1207 471 1234 vel
490 1208 679 1235 necessitatem
703 1208 767 1236 hinc
785 1208 891 1236 inferri.
913 1208 1014 1236 Praeter

228 1253 408 1287 Augustinum:
425 1253 483 1280 haec
496 1253 672 1280 vehementer
686 1254 819 1288 castigant
831 1253 945 1281 Ruﬁnus
960 1254 1012 1281 Pa-

228 1297 349 1325 lastinns
365 1297 391 1324 in
409 1297 499 1325 libello
515 1297 552 1325 De
569 1299 640 1332 ﬁde,
656 1304 682 1326 et
695 1298 844 1334 Procopius
856 1299 968 1327 Gazteus
985 1300 1012 1326 in

227 1344 318 1372 (ἕκητι
330 1365 338 1378 ,
365 1345 413 1377 14,
431 1345 477 1380 qui
492 1345 525 1372 ab
538 1345 654 1381 Origene
666 1365 674 1378 ,
691 1353 772 1380 quem
789 1346 814 1373 in
830 1346 892 1373 aliis
906 1347 939 1374 ad
953 1353 1012 1373 ver-

227 1390 289 1417 Iuntt
311 1390 367 1417 fere
383 1390 517 1425 sequitur,
538 1390 589 1418 hac
606 1391 632 1417 in
652 1396 730 1425 parte
743 1392 878 1419 discessit.

262 1436 336 1463 Sane
349 1436 371 1463 si
397 1438 484 1464 l'utura
503 1437 586 1464 multa
604 1444 659 1464 non
681 1438 715 1464 ab
737 1438 818 1464 astris
835 1437 1010 1472 praenuntiari

227 1485 369 1515 duntaxat,
386 1482 432 1510 sed
448 1487 476 1510 et
491 1482 559 1510 eIIici
573 1483 686 1511 dixisset
697 1483 838 1518 Origenes,
851 1489 877 1511 et
892 1484 1009 1511 siderum

228 1529 328 1556 viribus
343 1535 457 1563 corpora
477 1529 534 1556 haec
549 1533 656 1556 terrena
670 1529 752 1556 variis
774 1529 842 1557 allici
863 1529 966 1562 modis,
983 1534 1011 1557 et

227 1574 260 1600 ad
279 1574 335 1601 lucc
358 1574 438 1601 illave
461 1573 628 1609 commoveri
653 1579 680 1601 et
702 1574 846 1607 inclinari,
865 1575 891 1602 in
915 1576 1008 1603 eadem

226 1625 297 1647 esset
314 1627 396 1647 causa
417 1627 450 1646 ac
462 1619 695 1654 Apostelesmatici
712 1628 818 1653 omnes,
834 1625 861 1648 et
885 1621 1008 1648 hodierni

227 1665 379 1699 astrologia:
394 1667 512 1700 patroni,
526 1673 643 1700 quormn
654 1666 800 1698 sententia,
815 1666 918 1702 integra
932 1667 1010 1694 tnodo

226 1716 351 1737 servetur
373 1711 482 1738 humani
501 1712 614 1740 libertas
642 1713 759 1746 arbitrii,
786 1713 922 1740 ltrereseos
947 1718 1008 1740 uota

225 1756 353 1784 inmtunis
368 1763 419 1784 est.
438 1758 472 1784 At
487 1765 548 1785 cum
560 1758 786 1794 signiﬁcationeut
802 1759 887 1787 solnttt
904 1759 1008 1788 futuru-

228 1810 299 1834 rtttn,
314 1803 405 1830 itidem
420 1808 449 1830 ιιι
462 1803 593 1838 Synesius
606 1804 652 1832 lib.
667 1804 705 1832 De
720 1806 867 1837 insomniis,
881 1814 933 1834 non
948 1814 1010 1833 can-

227 1857 284 1875 sam
301 1850 382 1876 astris
396 1849 574 1884 ascripserit,
589 1850 671 1878 illaesa
689 1850 793 1878 arbitrii
818 1851 943 1879 libertate
955 1872 962 1883 .
977 1860 1010 1880 eo

225 1895 316 1922 minus
338 1895 421 1922 etiam
449 1896 566 1924 decretis
598 1896 727 1923 Ecclesiae
755 1897 913 1924 adversatur
939 1898 1010 1925 illius

224 1942 337 1976 Opinio;
352 1950 431 1976 quant
448 1949 573 1970 manasse
585 1950 601 1970 e
617 1942 815 1970 Platonicorum
827 1943 928 1971 scholis
943 1945 1010 1971 satis

225 1992 338 2021 apparet
359 1995 392 2014 ex
413 1987 509 2015 Plotini
526 1987 596 2015 Eun.
614 1996 645 2021 tt,
670 1988 717 2015 lib.
730 1997 749 2022 t,
770 1996 831 2023 cap.
855 1989 867 2016 I
885 1996 912 2017 et
933 1990 960 2020 7,
983 1995 1010 2017 et

227 2032 296 2060 I'Jnn.
311 2041 358 2066 ut,
388 2033 436 2060 lib.
453 2041 471 2065 t,
487 2041 548 2068 cap.
563 2035 596 2065 6,
614 2041 694 2068 quem
717 2040 826 2062 secutus
847 2040 889 2062 est
907 2034 1010 2062 Macro-

225 2078 284 2106 bius
301 2078 346 2106 lib.
365 2086 372 2105 I
393 2079 420 2105 in
437 2078 530 2106 Somn.
549 2078 642 2113 Scip.,
663 2087 722 2114 cap.
737 2080 761 2107 Ι.

260 2123 325 2150 Cum
348 2123 373 2150 in
389 2131 422 2151 eo
436 2129 537 2156 autem,
556 2125 627 2159 quod
650 2125 781 2158 diximus,
807 2125 967 2161 fragmento,
983 2131 1010 2153 et

224 2169 288 2196 alibi
304 2176 412 2204 quoque
425 2189 433 2202 ,
454 2177 564 2197 causam
591 2171 744 2198 futurarum
769 2171 904 2199 sideribus
920 2173 1009 2200 neuti-

223 2222 306 2250 quam
331 2216 421 2243 inesse
447 2224 545 2251 magno
574 2221 673 2245 cenatu
687 2216 818 2252 Origenes
844 2218 1008 2252 probaverit,

1067 304 1130 324 vera
1144 296 1248 323 dierum
1262 303 1309 322 sex
1324 295 1411 328 spatia
1430 294 1548 329 Moysem
1566 294 1592 320 in
1608 294 1699 320 mundi
1717 295 1837 320 narranda

1067 342 1204 370 creatione
1225 341 1395 376 signiﬁcasse
1418 345 1539 375 putant:
1558 348 1681 375 quosque
1698 347 1727 367 se
1746 340 1772 366 in
1792 341 1840 367 suis

1066 391 1100 414 ad
1112 386 1231 414 Genetio:
1245 386 1446 414 Commentariis
1465 385 1595 413 refellisse
1607 386 1654 412 ait.
1676 385 1704 412 In
1721 393 1775 419 quo
1786 385 1840 412 l‘hi-

1067 433 1155 460 lonem
1182 438 1294 460 set-ntus
1323 437 1376 463 est.
1402 432 1481 466 cujus
1509 432 1567 459 lucc
1592 431 1671 458 verba
1693 436 1758 458 sunt
1779 431 1838 458 Iib.t

1066 478 1193 513 Allegor.,
1217 477 1320 513 Εὗηθες
1340 478 1409 504 πάνυ
1423 477 1453 504 τὸ
1466 477 1569 504 οἴεσθαι
1586 477 1615 509 ἓξ
1628 477 1756 512 ἡμέραις,
1770 476 1785 512 ἢ
1799 485 1840 503 κα-

1066 523 1142 550 θόλου
1160 523 1248 559 χρόνῳ
1265 523 1366 558 κόσμον
1382 523 1533 557 γεγονέναι.
1562 522 1662 558 Nempe
1678 523 1736 549 haec
1751 523 1840 556 tropice

1067 569 1239 604 intelligenda
1262 570 1476 604 explicandaque
1501 570 1629 596 censebat
1651 568 1793 604 Origenes,
1816 575 1841 596 ut

1067 615 1118 642 alia
1135 615 1273 649 pleraque,
1294 615 1320 642 itt
1341 616 1440 649 quibus
1456 615 1602 650 allegorica
1624 615 1715 642 sensui
1739 614 1839 641 nimium

1067 660 1199 693 tribuens,
1226 660 1346 687 nativum
1361 652 1404 688 eti
1420 660 1567 688 litteralem
1590 660 1774 687 subvertehat.
1797 660 1839 692 Qui

1065 706 1193 739 quoniam
1206 712 1286 733 error
1297 714 1376 733 suutn
1392 706 1444 732 sibi
1458 705 1578 740 postulat
1590 713 1705 732 examen
1716 723 1725 737 ,
1740 706 1839 732 verbum

1066 757 1119 777 non
1141 750 1250 777 addam.

1349 785 1514 819 QUESTIO
1534 784 1579 813 IX.

1224 839 1257 858 DE
1281 839 1499 859 RESURIIECTIONE
1514 837 1692 858 ιιοιιτυοιιωι.

1065 876 1087 904 1.
1108 876 1199 904 Status
1210 879 1364 912 qumtionis
1379 879 1546 911 proponitur.
1565 877 1601 912 II.
1612 877 1740 912 Doctrina
1756 876 1839 911 Orige—

1107 913 1147 939 uia
1168 914 1200 939 de
1213 911 1403 939 resurrectione
1417 913 1580 939 tmte/eatur.
1595 911 1638 939 III.
1658 911 1753 938 Utrum
1764 920 1840 938 resur-

1106 948 1247 974 rectionem
1273 947 1392 974 absolute
1413 948 1556 974 "tetulerit.
1586 946 1629 973 IV.
1657 946 1717 973 "ac
1744 947 1840 973 crimine

1104 988 1246 1017 purgatur.
1265 981 1296 1008 V.
1315 980 1407 1008 Utrum
1425 982 1542 1015 corporis
1562 983 1780 1017 resurrectionem
1801 983 1840 1007 ad-

1103 1016 1216 1048 miserit,
1239 1017 1327 1043 carnis
1347 1017 1479 1050 inﬁtiatus
1499 1018 1543 1043 sit.
1560 1016 1602 1043 VI.
1619 1016 1651 1043 In
1666 1025 1698 1042 eo
1710 1017 1786 1042 etiam
1799 1017 1841 1042 Ιηιι-

1103 1053 1179 1084 aitnt,
1198 1057 1222 1078 et
1244 1051 1390 1078 multorum
1407 1058 1532 1085 praeterea
1553 1059 1660 1078 nuensu
1674 1052 1782 1086 gaudet.
1794 1051 1839 1077 \‘II.

1103 1086 1199 1113 Utrum
1223 1092 1246 1112 et
1263 1086 1392 1121 quomodo
1414 1094 1523 1121 corpora
1541 1087 1776 1121 inireturrectioue
1790 1095 1839 1111 rna-

1102 1126 1185 1147 tatum
1205 1122 1239 1147 iri
1256 1119 1453 1147 sublimat-erit.
1474 1120 1538 1148 \'Ill.
1558 1120 1608 1156 llic
1624 1129 1728 1156 quoque
1742 1119 1839 1147 Patrum

1103 1157 1203 1190 aliquot
1216 1157 1386 1182 consensione
1412 1164 1440 1182 se
1462 1160 1558 1182 tuetur.
1575 1155 1679 1182 ΙΧᾏΑη
1703 1163 1806 1188 carpam
1819 1164 1840 1181 ιιι

1104 1191 1296 1217 resurrectione
1323 1191 1452 1223 rpha’rica
1480 1190 1572 1224 futuro
1606 1190 1792 1217 natumut-crit.
1814 1190 1839 1216 Χ.

1102 1224 1195 1252 Utrum
1209 1226 1305 1260 impios
1315 1225 1482 1259 alﬁrmuuerit
1496 1228 1647 1260 neutiquam
1662 1226 1691 1251 in
1702 1226 1778 1252 vitam
1790 1226 1842 1251 ml-

1100 1261 1193 1286 ituros.
1217 1259 1261 1287 ΧΙ.
1283 1259 1358 1286 Unde
1379 1268 1453 1287 suum
1464 1259 1692 1287 deruurrcctione
1705 1261 1839 1286 dortrmutr

1101 1296 1231 1326 Iturium,
1245 1295 1374 1328 aperitur.
1398 1295 1453 1321 XII.
1479 1294 1613 1321 Nonnulla
1633 1296 1667 1321 ad
1698 1295 1755 1328 ψη
1770 1303 1838 1320 uru-

1100 1331 1228 1356 catt‘onem
1241 1335 1338 1363 pra-ter
1352 1330 1487 1363 superiora
1503 1329 1672 1364 colliguntur.
1701 1329 1768 1357 XIII.
1788 1329 1838 1361 Quo

1101 1373 1179 1392 sensu
1196 1365 1292 1391 dixerit
1317 1371 1483 1399 peccatorum
1501 1373 1608 1391 causam
1633 1366 1667 1391 ad
1692 1373 1785 1398 corpus
1803 1373 1836 1390 rc-

1099 1400 1174 1434 ferri.

1100 1446 1120 1473 I.
1140 1455 1149 1471 t
1164 1445 1348 1472 Transeamus
1373 1445 1436 1472 hinc
1460 1444 1492 1472 ad
1521 1445 1732 1472 famosissimum
1755 1446 1788 1473 de
1807 1453 1841 1472 re-

1063 1491 1239 1520 sm‘rcctione
1253 1491 1343 1518 carnis
1360 1495 1388 1518 et
1401 1490 1523 1525 corporis
1539 1491 1731 1525 quat-stionem.
1744 1501 1753 1516 ι
1777 1490 1841 1518 Licet

1061 1538 1136 1565 enim
1157 1536 1196 1564 nti
1208 1537 1297 1564 verbis
1310 1536 1463 1572 Ilieronymi
1479 1537 1558 1571 epist.
1574 1537 1619 1568 6!,
1633 1537 1665 1563 ad
1681 1537 1820 1564 Pammaclt
1833 1558 1839 1569 ,

1023 1592 1044 1621 ρ
1062 1590 1121 1617 cap.
1144 1582 1169 1614 '1',
1187 1583 1237 1609 hoc
1255 1588 1443 1616 argumentum
1472 1583 1604 1609 adversus
1627 1584 1773 1617 Origeuem
1787 1591 1839 1617 per-

1060 1628 1210 1662 sequentis.
1226 1628 1351 1655 Colurret
1363 1633 1453 1654 autem
1467 1628 1509 1654 illa
1525 1636 1632 1662 quoque
1647 1636 1712 1655 cum
1727 1630 1838 1663 superio-

1063 1673 1148 1705 ribus,
1175 1681 1238 1700 natn
1264 1677 1335 1700 statu
1363 1673 1515 1700 animarum
1531 1678 1594 1700 ante
1611 1675 1683 1700 hanc
1698 1675 1779 1700 vitam
1798 1683 1838 1700 ex-

1060 1720 1173 1754 quisito,
1198 1719 1316 1754 ipsarum
1339 1726 1448 1753 quoque
1472 1718 1560 1744 l'ntnra
1587 1723 1646 1752 post
1672 1719 1744 1745 hanc
1767 1719 1838 1745 vitam

1061 1773 1121 1794 sors
1132 1765 1297 1800 exploranda
1311 1769 1352 1792 est
1367 1772 1373 1791 :
1392 1755 1519 1791 nimirum
1531 1764 1640 1792 solasne
1652 1772 1685 1792 ac
1701 1765 1837 1794 solitarias,

1061 1818 1094 1838 an
1134 1809 1292 1844 conjunctae
1334 1810 1493 1843 corporibus
1527 1810 1625 1844 quibus
1668 1811 1838 1837 convixerum

1060 1862 1227 1891 postremum
1243 1856 1383 1883 suliitnras
1395 1854 1540 1888 judicium,
1557 1855 1710 1890 iisdemque
1724 1855 1838 1889 deinceps

1061 1902 1218 1929 adhaesuras
1235 1901 1428 1928 autumaverit.
1458 1902 1494 1928 Ac
1520 1909 1647 1936 maguum
1663 1901 1785 1936 proferto
1798 1901 1838 1927 ha-

1061 1948 1185 1975 beremus
1200 1947 1232 1974 ad
1249 1947 1405 1981 qua:stionis
1420 1946 1492 1973 illius
1510 1947 1704 1973 tractationem
1719 1953 1835 1980 compen-

1059 1994 1146 2025 dium,
1159 1993 1180 2020 si
1197 1993 1277 2027 hujus
1290 1992 1444 2026 argumenti
1459 1997 1487 2018 et
1502 1991 1572 2018 tituli
1590 1991 1671 2018 libris
1689 1993 1726 2018 ab
1742 1998 1838 2018 eocou-

1060 2039 1169 2072 scriptis
1186 2038 1319 2073 temporis
1346 2038 1512 2064 diuturnitas
1535 2037 1719 2071 pepercisset;
1739 2042 1837 2070 etquze-

1060 2091 1168 2119 cunque
1186 2084 1212 2110 iu
1238 2084 1272 2111 iis
1296 2083 1361 2109 olim
1381 2083 1493 2110 fuerunt
1521 2083 1699 2117 reprehensa,
1728 2088 1835 2109 veterum

1061 2134 1235 2157 monumenta
1253 2136 1307 2161 prae
1322 2135 1350 2154 se
1368 2127 1488 2154 ferrent:
1505 2128 1538 2154 de
1551 2135 1580 2154 se
1595 2128 1696 2162 quippe
1712 2128 1768 2161 ipse
1783 2134 1835 2152 nar-

1061 2180 1102 2202 rat
1117 2175 1163 2202 Iib.
1182 2183 1199 2202 tt
1215 2174 1286 2208 Περὶ
1311 2173 1422 2208 ἀρχῶν.
1435 2181 1494 2208 cap.
1511 2174 1554 2205 I0,
1569 2181 1642 2199 mttn.
1664 2174 1693 2203 ί.
1709 2172 1836 2208 publicatis

1061 2221 1117 2247 suis
1142 2219 1180 2246 De
1199 2224 1388 2246 resurrectione
1412 2217 1661 2249 lucubrationibus,
1695 2226 1705 2241 ι
1731 2216 1835 2244 ollensus

226 2261 309 2288 miror
333 2261 358 2288 id
389 2262 414 2289 ci
441 2263 537 2297 dogma
569 2262 686 2290 allictum
707 2274 713 2290 ;
733 2263 774 2289 ὅτι
803 2263 931 2299 ποιητικὴ
956 2264 1009 2290 τῶν
1026 2264 1192 2300 Dqttosdam
1213 2264 1238 2291 itt
1261 2262 1446 2290 ecclesiastica
1472 2263 1532 2295 fide,
1551 2262 1630 2296 quasi
1656 2262 1730 2289 \‘elut
1755 2261 1833 2291 stulte,

224 2307 417 2342 πραττομένων
438 2309 456 2343 ἡ
478 2309 654 2344 ἀστρονομία,
673 2318 682 2334 ι
697 2310 889 2336 astronomiam
913 2317 1007 2337 eorum

223 2359 284 2386 qua:
313 2352 380 2379 ﬁunt
409 2360 519 2380 causam
546 2361 615 2385 esse,
631 2364 640 2380 ι
665 2355 736 2388 quod
760 2355 831 2381 inter
853 2356 904 2382 alia
920 2356 1006 2383 eidem

223 2398 382 2432 exprobrari
413 2399 492 2426 solita
525 2400 630 2426 decimo
659 2401 717 2428 loco
753 2406 875 2429 recenset
903 2409 1007 2437 anony-

223 2452 283 2471 mus
301 2450 396 2472 auctor
411 2445 548 2480 Apologia:
574 2453 623 2480 pro
640 2445 769 2481 Origene,
791 2448 862 2483 apud
883 2447 1007 2475 Pltotiuut

222 2490 283 2518 cod.
295 2498 380 2517 cxvii.

259 2534 301 2562 VI.
319 2536 420 2563 Pratter
439 2535 662 2571 superiora,illud
670 2544 779 2572 quoque
792 2537 1006 2572 reprehendendi

222 2589 304 2608 causa
316 2582 386 2609 elib.
396 2591 422 2610 tv
430 2582 498 2617 Περὶ
508 2582 618 2618 ἀρχῶν,
628 2590 702 2609 num.
718 2583 762 2614 I6,
776 2582 1007 2611 recitatJustinia‘

203 2649 206 2651 .
223 2633 274 2653 nus
288 2626 321 2652 ad
339 2625 440 2653 calcem
453 2628 532 2660 epist.
546 2627 579 2653 ad
593 2627 714 2654 Menam:
732 2627 780 2659 Τίς
795 2627 856 2654 νοῦν
870 2627 939 2663 ἔχων
951 2630 1008 2664 ὀρί-

221 2669 295 2703 ζεται
306 2672 427 2708 πρώτην,
435 2673 481 2700 καὶ
489 2673 627 2709 δευτέραν,
637 2673 684 2700 καὶ
691 2674 785 2710 τρίτην
798 2675 914 2710 ἡμέραν,
923 2675 1006 2701 ἐσπέμ-

223 2724 272 2752 ραν
287 2725 316 2744 τε
329 2718 375 2744 καὶ
389 2719 494 2754 πρωῖαν
506 2719 590 2754 χωρὶς
603 2720 679 2755 ⁴ἡλίου
692 2719 832 2754 γεγονέναι
844 2740 851 2752 ,
868 2721 915 2747 καὶ
930 2719 1007 2756 σελή-

222 2769 285 2795 νης,
300 2761 347 2788 καὶ
367 2763 508 2799 ἀστέρων;
534 2773 543 2789 t
559 2764 624 2796 Quis
649 2765 748 2792 tuentis
770 2773 881 2799 compos
908 2771 1009 2792 statuat

223 2807 350 2840 primum,
369 2813 396 2835 et
413 2810 571 2842 secundum,
588 2800 615 2837 et
638 2811 748 2838 tertium
760 2811 844 2843 diem,
864 2816 892 2838 et
911 2819 1007 2846 vespe-

225 2858 294 2883 ram,
309 2859 339 2878 ac
351 2854 513 2881 matutinum
528 2860 635 2890 tempus
645 2857 704 2884 sine
715 2857 773 2884 sole
787 2856 880 2889 fuisse,
896 2861 922 2884 et
934 2856 1006 2888 luna.

227 2898 253 2921 et
269 2894 391 2923 stellis?»
411 2896 461 2924 Cui
482 2903 509 2925 et
523 2899 586 2927 illud
613 2905 701 2935 potest
716 2900 835 2936 adjungi,
862 2902 932 2936 quod
954 2901 1002 2929 lib.

1060 2315 1089 2338 et
1117 2309 1226 2345 penitus
1248 2309 1411 2344 insipienter
1435 2309 1469 2336 de
1492 2309 1695 2336 resurrectione
1713 2308 1834 2337 crederet,

1064 2355 1201 2390 praecipue
1217 2355 1370 2381 haereticos.
1397 2363 1407 2379 ι
1435 2353 1546 2381 Multum
1564 2361 1674 2388 quoque
1689 2354 1834 2389 prodessent

1061 2402 1094 2428 ad
1114 2401 1195 2434 hujus
1206 2401 1358 2434 argumenti
1368 2400 1576 2427 illustrationem
1585 2399 1744 2426 Hammonis
1752 2398 1833 2425 Adria-

1062 2447 1190 2482 nopolitte
1210 2447 1270 2473 libri
1288 2447 1417 2473 adversus
1455 2446 1598 2481 Origeneut
1621 2453 1703 2480 super
1721 2453 1751 2472 ea
1770 2451 1832 2478 qua--

1061 2491 1150 2520 stione
1163 2492 1267 2526 scripti,
1283 2491 1305 2519 si
1319 2493 1360 2518 vel
1370 2496 1542 2526 superessent
1561 2492 1610 2523 illi,
1623 2492 1663 2519 vel
1681 2491 1831 2518 tantumdem

1061 2540 1137 2564 certe
1149 2544 1182 2563 ex
1197 2537 1230 2563 iis
1246 2537 1435 2571 depromptutu
1449 2536 1619 2571 pervenisset
1634 2536 1668 2563 ad
1686 2543 1746 2567 nos,
1759 2542 1830 2569 quau-

1061 2587 1118 2609 tutn
1132 2590 1147 2608 e
1160 2582 1287 2609 Metltodii
1305 2589 1388 2616 opere
1403 2576 1522 2616 ejusdem
1541 2581 1655 2608 instituti
1677 2580 1830 2616 Epiphanius

1060 2633 1088 2655 et
1105 2627 1218 2655 Photius
1231 2632 1390 2662 excerptum
1417 2633 1571 2655 servarunt.
1588 2626 1689 2654 Verum
1711 2629 1830 2653 vetustate

1060 2675 1228 2708 consumptis
1246 2674 1288 2701 his
1310 2674 1596 2705 commentationibus,
1617 2673 1669 2700 hac
1685 2680 1735 2707 ope
1755 2670 1826 2698 desii»

1061 2719 1122 2749 tuti.
1149 2721 1247 2753 partittt
1274 2727 1308 2746 cx
1330 2719 1454 2754 Origenis
1486 2721 1641 2753 dogmatuut
1672 2715 1826 2754 ἀλληλουχίᾳ,

1062 2766 1159 2800 partim
1184 2774 1217 2793 ex
1243 2766 1359 2793 aliorum
1380 2766 1659 2800 expostulationibus,
1685 2765 1779 2799 partiut
1799 2768 1825 2787 ει

1059 2810 1119 2844 ejus
1134 2811 1255 2845 scriptis,
1274 2810 1428 2845 cuiusmodi
1455 2811 1489 2837 ad
1514 2815 1634 2838 nostram
1662 2809 1824 2845 pervenerunt

1059 2860 1179 2890 :etatem,
1201 2857 1266 2891 quid
1291 2857 1342 2891 ipsi
1369 2856 1458 2884 visum
1483 2856 1517 2884 sit
1533 2864 1583 2892 pro
1605 2856 1706 2883 viribus
1725 2854 1823 2882 a‘stitne-

1059 2909 1129 2928 “IIIS-
