1912 3079
69 175 116 203 981

476 175 763 204 ORIGENIANORUM
784 175 846 203 LIB.
866 173 897 208 ll,
917 175 992 203 CAP.
1013 175 1045 209 II,
1063 174 1204 209 ρυιιεετ.
1221 175 1265 202 lx.

1633 172 1688 203 9.8%

106 234 138 262 ll.
161 233 241 267 Quod
261 235 282 262 si
300 242 358 262 rem
371 235 488 270 primum
503 244 536 263 ex
550 237 681 265 doctrina;
698 237 782 273 ipsius
797 242 852 265 tex-
869 239 891 266 Δ
907 244 956 264 nec
970 237 1051 263 ullam
1065 236 1177 271 proinde
1193 240 1361 263 morluorum
1375 241 1436 261 esse
1447 231 1684 266 resurrectionem.

70 284 128 306 tura
144 284 274 314 spectare
290 280 416 312 velimus,
441 282 596 310 meminisse
619 287 728 317 oportet
744 291 853 311 accusa-

70 330 124 351 tum
148 325 237 353 fuisse
265 333 339 360 eum,
366 328 438 362 quod
462 328 580 356 animam
607 330 692 357 solam
717 329 853 357 hominem

67 370 252 401 constituere.
276 375 336 405 post
362 371 515 404 Platonem,
531 372 630 401 dixerit
645 383 652 400 :
668 379 695 402 et
712 375 782 408 quod
796 374 854 402 ani-

69 420 126 440 mas
139 421 189 447 pro
205 415 329 448 peccatis
348 415 374 442 in
391 416 466 443 varia
482 424 611 452 corpora,
627 418 667 445 sic
683 424 811 453 tanquam
827 420 853 446 iu

68 459 174 486 vincula
199 460 342 494 coniectas
366 462 519 493 tradiderit,
545 468 574 490 ιιι
597 471 679 498 supra
697 464 854 492 observavi-

69 513 137 532 mus.
152 504 260 533 Ferunt
277 511 407 541 pratterea
426 515 585 542 persuasum
608 505 692 536 fuisse
712 508 764 542 illi,
783 509 854 537 Ada-

69 558 140 577 nmm
158 555 274 586 propter
298 559 396 580 noxam
415 553 522 581 mortali
548 553 631 582 fuisse
646 562 760 590 corpore
775 555 854 582 indu-

67 600 137 626 tum,
151 603 208 630 quo
220 595 299 630 prius
312 597 436 631 carebat,
450 606 511 625 cum
521 599 682 628 immortalis
696 607 710 627 a
724 601 779 629 Deo
791 600 853 628 fuis-

68 646 106 668 set
122 647 301 676 procreatus;
317 643 500 679 pelliceasque
514 645 631 677 tunicas,
647 653 715 681 quas
735 647 759 674 ei
782 646 853 676 Deus

68 691 127 722 post
147 688 404 721 praevaricationem
418 691 646 726 circumposuisse
659 692 767 725 dicitur,
786 694 852 721 nihil

69 734 153 761 luisse
168 734 245 761 aliud
261 742 343 769 quam
363 743 479 770 corpora
504 738 629 765 mortalia
649 747 657 771 ;
673 746 734 766 ossa
748 747 813 767 vero
827 745 854 767 et

69 786 162 806 carnes
190 787 264 813 quas
297 785 362 807 ante
389 786 529 815 peccatum
564 782 692 811 halmisse
721 784 853 812 Adamum

70 825 210 859 Scriptura
240 831 450 859 commemorat,
468 835 564 854 carnes
583 835 644 855 esse
660 829 852 863 intelligihiles,

69 877 94 899 et
118 879 180 898 ossa
205 871 401 906 intelligihilia.
422 871 488 899 Cum
514 872 598 907 igitur
620 874 734 901 mortale
755 882 854 909 corpus

71 917 249 944 adventilium
268 917 332 952 quid
353 925 385 944 ac
401 922 562 945 extraneum
575 925 636 946 esse
647 919 793 947 arbitratus
804 904 852 953 sit,
870 904 890 934 θ

70 965 193 998 sequitur
206 965 274 993 inde
287 969 451 1000 necessario,
474 969 630 1004 expurgatis
655 971 784 1005 peccatis,
805 977 856 997 ειν

71 1010 225 1046 solutisque
253 1013 408 1047 suppliciis,
441 1014 554 1042 liberam
581 1015 688 1043 tandem
712 1016 855 1051 aliquando

73 1057 200 1090 animam.
220 1059 459 1094 corporaliumque
486 1061 646 1096 compedum
671 1062 791 1096 pondere
805 1069 854 1089 ex-

74 1110 212 1131 oneratam
230 1113 385 1141 rcsurgere.
404 1106 468 1133 Nam
485 1106 507 1134 si
523 1114 601 1141 parua
616 1113 656 1134 est
669 1113 778 1143 gestare
793 1115 855 1135 cor-

71 1157 131 1183 pus,
146 1155 257 1183 gestare
269 1157 344 1179 certe
352 1159 452 1186 corpus
462 1152 569 1180 desinet
586 1153 686 1184 anima.
700 1162 760 1181 cum
776 1161 854 1188 ptena

74 1196 201 1223 cessabit.
231 1196 338 1231 Corpus
359 1196 423 1224 illud
443 1196 575 1232 intelligo,
599 1198 671 1232 quod
692 1198 718 1225 in
742 1199 854 1226 sceleris

75 1240 168 1267 luelam
183 1241 271 1269 stthiit
284 1241 353 1276 ipsa,
368 1249 450 1277 grave
473 1242 537 1269 illud
552 1250 658 1277 nempe,
678 1247 814 1270 terrenum
829 1247 857 1271 et

73 1294 223 1318 carneum;
241 1295 295 1314 non
311 1287 375 1314 illud
389 1293 481 1315 autem
497 1288 606 1322 quicum
634 1293 775 1323 procreata
800 1289 855 1323 pri-

76 1339 145 1358 nmm
165 1335 193 1358 et
221 1339 237 1358 a
255 1332 310 1359 Deo
333 1332 448 1359 formata
473 1337 524 1360 est.
563 1332 632 1360 Huic
655 1334 855 1361 consectariutn

76 1382 122 1407 est.
143 1377 265 1404 futurum
281 1382 309 1404 ut.
326 1378 415 1404 anima
431 1378 612 1405 humanorum
641 1378 714 1405 illaut
735 1379 856 1414 conligu-

79 1422 207 1449 rationem
246 1422 429 1450 membrorum
452 1431 465 1450 a
487 1430 516 1449 se
537 1422 656 1456 abiiciat,
675 1428 767 1458 utpote
796 1430 857 1458 qua:

76 1468 162 1494 carnei
184 1469 312 1502 corporis
334 1468 441 1502 propria
463 1468 498 1495 sit
516 1476 523 1500 ;
551 1468 691 1495 meliorem
716 1475 805 1496 autem
828 1473 857 1496 et

79 1511 267 1546 perfectiorem
292 1512 406 1539 formam
427 1513 570 1548 suscipiat,
591 1518 620 1539 ut
639 1521 698 1548 qute
714 1513 740 1541 in
759 1513 856 1542 melius

905 282 998 317 itaque
1023 282 1188 317 Augustinus
1217 283 1250 309 ad
1276 281 1488 315 Quodvultdenm
1513 280 1578 306 haar.
1607 285 1686 310 thu,

906 328 1132 355 resurrectionem
1159 327 1194 355 ab
1222 326 1348 361 Origenis
1362 325 1543 353 sectatoribus
1560 327 1685 358 negatam

905 374 1008 401 scribit.
1024 373 1202 408 Hieronymus
1222 373 1248 399 in
1270 372 1348 407 epist.
1365 372 1413 405 59,
1431 372 1463 398 ad
1479 370 1564 402 Avit.,
1580 377 1642 403 cap.
1658 369 1684 399 1,

904 419 1007 447 dixisse
1029 418 1176 454 Origeueln
1202 418 1283 445 tradit
1304 427 1314 442 ι
1335 417 1492 452 corporales
1518 415 1686 444 substantias

904 466 1013 500 penitus
1032 465 1184 499 dilapsuras
1201 473 1209 498 ;
1234 468 1280 490 aut
1292 469 1368 491 certe
1386 464 1412 490 in
1436 463 1488 489 line
1500 462 1619 489 omnium
1635 460 1685 487 hoc

904 519 966 539 esse
992 511 1081 538 futura
1105 518 1233 546 corpora,
1248 510 1319 545 quod
1336 517 1407 537 nunc
1425 513 1466 536 est
1481 508 1574 540 aether,
1587 510 1614 534 et
1631 513 1685 532 cu:-

905 556 974 588 lum,
992 561 1019 583 et
1033 556 1055 584 si
1079 558 1151 591 quod
1173 555 1247 583 aliud
1271 563 1369 590 corpus
1390 553 1525 582 sincerius
1542 557 1569 580 et
1592 552 1685 586 purius

905 602 1016 637 intelligi
1033 606 1140 636 potest;
1157 611 1166 627 ι
1184 607 1238 628 ιιιιιι
1254 602 1328 628 addit
1343 610 1349 628 :
1376 610 1385 626 ι
1405 599 1482 632 Quod
1506 606 1565 626 cum
1580 599 1615 625 ita
1637 598 1684 630 sit,

904 647 967 681 quid
993 648 1028 674 de
1049 647 1249 674 resurrectione
1274 647 1373 673 sentiat
1397 645 1568 679 perspicuum
1591 648 1641 670 est.
1673 653 1682 669 ι

905 692 1006 720 Deinde
1031 693 1112 721 verba
1134 692 1260 727 Origenis
1287 693 1313 720 in
1349 692 1471 719 eamdem
1499 690 1685 724 conspirantia

904 738 1068 765 sententiam
1084 737 1262 773 sequentibus
1273 736 1408 771 capitibus
1425 735 1560 770 producit.
1581 734 1685 761 Similia

903 784 992 819 carpit
1012 784 1038 811 in
1071 783 1176 811 Joanne
1207 783 1446 819 Jerosolymitano,
1474 782 1553 816 epist.
1580 781 1625 814 6|,
1652 780 1685 807 ad

904 829 1063 857 Pammach.
1091 830 1150 863 Quo
1173 835 1200 857 et
1234 829 1299 856 illud
1326 828 1444 864 pertinet
1479 828 1550 862 quod
1579 826 1687 861 scripsit

905 875 951 902 lib.
975 883 1011 903 xtl
1035 875 1061 902 in
1083 874 1178 902 Bacch.
1208 882 1261 901 ιιι
1282 883 1291 900 ι
1308 873 1366 901 Νοιι
1379 874 1450 908 quod
1468 872 1545 908 iuxta
1569 871 1686 899 ςτενὶεεί-

907 929 978 949 mam
994 920 1118 951 hmresim
1134 929 1249 954 corpora
1264 920 1394 948 abolenda
1409 919 1563 947 credamus.
1575 928 1584 944 ι
1599 918 1688 945 Theo-

905 967 995 1002 philus
1011 966 1211 994 Alexandrinus
1227 966 1310 1000 Εμὶει.
1332 965 1426 992 Pasch.
1442 965 1460 991 ‘2
1481 973 1488 992 :
1516 974 1526 990 ι
1548 965 1621 992 Inter
1637 957 1691 992 cae:

906 1017 962 1040 tera
977 1013 1060 1040 etiam
1076 1012 1305 1039 resurrectionem
1320 1019 1334 1039 a
1350 1013 1475 1044 mortuis,
1489 1019 1549 1046 qua:
1564 1019 1625 1046 spes
1641 1019 1686 1038 sa-

906 1059 969 1086 lutis
985 1063 1084 1086 nostra:
1102 1063 1156 1089 est,
1173 1058 1209 1084 ita
1225 1057 1375 1092 corrumpit
1392 1062 1420 1084 et
1439 1058 1520 1084 violat
1534 1055 1687 1092 (Origenes)

906 1110 935 1132 ut
951 1104 1048 1131 amicat
1062 1104 1152 1131 dicere
1164 1111 1278 1138 corpora
1293 1108 1382 1130 nostra
1395 1111 1503 1130 rursum
1520 1102 1686 1136 corruptioni

905 1154 933 1177 et
948 1149 1027 1176 morti
1043 1148 1212 1183 subiacentia
1226 1148 1373 1181 suscitari;
1396 1157 1405 1174 ι
1422 1153 1449 1175 et
1465 1152 1576 1181 postea:
1593 1156 1602 1172 ι
1620 1146 1689 1173 Dicit

906 1201 1021 1229 corpora
1037 1202 1098 1229 qua;
1112 1199 1257 1229 resurgunt
1274 1198 1333 1228 post
1348 1193 1429 1220 uutlta
1445 1193 1552 1224 smcnla,
1573 1192 1600 1219 in
1615 1192 1687 1218 nihi-

906 1239 960 1267 lum
979 1238 1162 1270 dissolvenda,
1187 1245 1236 1265 nec
1258 1238 1347 1265 l'utnra
1374 1237 1486 1271 aliquid,
1507 1237 1557 1264 nisi
1579 1244 1638 1263 cum
1655 1237 1687 1263 de

905 1285 1037 1313 ctelorum
1053 1284 1242 1312 mansionibus
1263 1284 1360 1311 anima:
1376 1283 1409 1310 ad
1432 1283 1560 1310 inferiora
1580 1283 1689 1316 dilapsae

906 1330 1071 1366 indiguerint
1084 1331 1172 1363 nobis,
1185 1338 1246 1365 qua:
1260 1330 1318 1356 alite
1336 1336 1445 1356 rursum
1465 1329 1539 1361 ﬁant,
1555 1328 1690 1362 prioribus

906 1377 1016 1404 omnino
1027 1376 1139 1410 deletis;
1160 1385 1169 1402 ι
1195 1380 1252 1403 tum
1283 1375 1374 1402 infra:
1400 1374 1498 1407 «Quod
1522 1375 1556 1405 si,
1576 1379 1605 1401 ut
1622 1373 1690 1400 falso

906 1425 981 1456 putat
1010 1421 1150 1455 Origenes,
1183 1428 1236 1448 nou
1261 1421 1347 1447 solum
1373 1419 1560 1454 corruptibile,
1587 1420 1634 1447 sed
1662 1423 1691 1446 et

907 1466 1021 1494 mortale
1035 1474 1134 1502 corpus
1152 1471 1195 1494 est
1209 1466 1403 1497 suscitandum,
1429 1473 1493 1500 ergo
1507 1474 1588 1492 litium
1607 1469 1690 1496 atque

908 1513 977 1541 idem
998 1514 1138 1548 corruptio
1161 1518 1188 1540 et
1206 1513 1381 1548 incorruptio.
1403 1522 1412 1538 ι
1435 1512 1510 1540 Alter
1534 1512 1592 1547 eius
1617 1511 1691 1539 lorus

79 1563 184 1590 mutata,
200 1563 229 1586 et
247 1558 402 1593 perfer-liori
419 1559 501 1585 statui
518 1558 621 1585 reddita
634 1559 686 1592 sit;
708 1559 854 1586 formarum
868 1573 890 1604 ο
908 1559 1037 1586 adversus
1053 1559 1123 1586 hanc
1138 1558 1262 1586 haeresim
1277 1566 1309 1585 ex
1328 1558 1442 1593 quadam
1456 1557 1566 1592 cpistola
1582 1557 1614 1583 ad
1626 1565 1690 1584 san-

79 1609 162 1631 antem
188 1605 312 1632 omnimn
338 1612 399 1632 cum
420 1604 616 1639 perfectissima
645 1605 681 1632 sit
710 1605 853 1640 sphaerica.

79 1650 192 1678 futurum
205 1658 315 1686 quoque
330 1655 359 1677 nt
376 1651 404 1677 in
423 1650 531 1685 globum
555 1650 655 1678 animae
677 1651 855 1685 perfectiores

80 1702 93 1720 a
107 1695 217 1724 mortuis
240 1695 378 1723 suscitata:
401 1695 592 1722 rotundentur.
611 1695 650 1722 Ex
669 1703 701 1723 ea
723 1703 854 1730 praeterea

80 1739 236 1772 assertione.
263 1747 323 1775 quat
344 1739 443 1767 animis
460 1747 509 1774 pro
527 1740 671 1767 criminum
696 1741 775 1768 modo
792 1748 855 1768 cor-

79 1792 139 1819 p0ra
156 1786 214 1821 plus
233 1786 357 1813 minusve
377 1793 468 1813 crassa
499 1785 598 1820 imponi
613 1786 717 1818 sciscit,
740 1785 857 1814 eilicitur

81 1829 150 1863 illud,
174 1831 312 1858 diversum
333 1831 393 1858 fore
415 1830 572 1866 resurgendi
595 1831 854 1866 moduut;splendi-

81 1875 188 1910 diusqne
203 1883 235 1903 ac
249 1875 377 1904 subtilius
391 1875 505 1902 inituras
517 1882 615 1909 corpus
629 1875 744 1908 animas,
757 1883 817 1911 quze
829 1877 855 1904 in

82 1921 220 1949 virtutibus
245 1929 317 1953 sese.
343 1921 406 1948 dum
431 1921 458 1948 in
482 1922 563 1949 terris
582 1925 676 1955 agunt,
699 1921 856 1956 diligentius

81 1972 222 1999 exercent;
238 1975 298 2002 quae
310 1972 404 1994 contra
422 1971 601 2001 prorumpunt
616 1966 643 1993 in
657 1966 732 1999 vitia,
749 1967 858 1995 densio-

83 2011 151 2037 ribus
163 2019 193 2038 ac
211 2012 369 2039 rndioribns
383 2012 542 2046 corporibus
552 2011 707 2046 aditmctum
722 2011 766 2038 iri.
781 2011 858 2040 Nunc

82 2060 164 2083 utrum
186 2058 318 2085 doctrinae
343 2066 398 2085 suae
430 2057 553 2084 ordinem
583 2064 615 2084 ac
637 2057 857 2085 consecutionem

81 2100 204 2136 Origenes
234 2104 363 2135 tennerit,
394 2111 427 2130 ex
458 2103 573 2130 aliorutn
609 2102 857 2136 criminationibus,

83 2147 214 2184 ipsiusque
229 2150 350 2184 scriptis,
362 2150 554 2185 expendamus.

114 2203 156 2231 Ill.
170 2206 336 2233 Accusatnm
351 2213 412 2233 eum
437 2205 520 2232 refert
539 2204 708 2240 Pamphilus,
730 2205 801 2240 quod
816 2213 859 2233 re-

908 1610 966 1633 ctos
984 1605 1029 1639 qui
1044 1610 1120 1632 erant
1139 1604 1165 1631 in
1182 1604 1264 1636 Sceti.
1278 1604 1445 1638 depromitur
1461 1612 1476 1630 ιι
1491 1603 1645 1631 Justiniano
1659 1603 1686 1629 in

907 1650 1021 1684 epistola
1040 1650 1074 1677 ad
1099 1649 1226 1678 Menam:
1252 1657 1355 1677 neCnon
1378 1654 1406 1676 et
1429 1649 1504 1676 locus
1525 1657 1560 1676 ex
1577 1648 1690 1684 epistola

908 1695 1000 1731 Cyrilli
1013 1696 1046 1722 ad
1063 1695 1210 1722 monachos
1223 1695 1267 1729 qui
1283 1699 1360 1721 erant
1377 1695 1402 1721 in
1417 1693 1503 1726 Phua,
1519 1701 1573 1728 quo
1586 1693 1692 1728 signiti—

909 1745 988 1767 catur
1005 1739 1172 1766 anathemati
1184 1739 1334 1773 subjectum
1352 1738 1435 1765 fuisse
1451 1739 1606 1773 Origenem,
1618 1739 1690 1772 quod

910 1789 1075 1811 mortuorum
1094 1784 1320 1812 reSnrrectionem
1337 1784 1483 1819 negaverit.
1493 1784 1559 1811 Huic
1569 1784 1692 1818 epistola:

910 1831 943 1857 ad
955 1830 1060 1857 Menam
1077 1830 1213 1865 geminum
1232 1829 1406 1865 subiungitur
1423 1837 1456 1857 ex
1473 1829 1589 1864 Origene
1614 1831 1692 1856 testi-

911 1877 1030 1905 monium
1043 1877 1093 1905 hoc
1103 1885 1196 1904 errore
1211 1885 1369 1911 aspersum;
1386 1876 1458 1904 aliud
1470 1885 1503 1904 ex
1517 1877 1562 1904 lib.
1577 1885 1596 1904 ιι
1622 1877 1692 1910 Περὶ

911 1922 1022 1958 ἀρχῶν,
1044 1931 1098 1958 quo
1113 1930 1225 1957 corpora
1250 1923 1284 1950 ab
1306 1923 1433 1950 omnibus
1450 1922 1612 1957 depositum,
1626 1927 1652 1949 ct
1665 1923 1692 1949 in

912 1969 1024 1996 nihilum
1042 1969 1180 1996 redactum
1196 1969 1230 1996 iri
1245 1968 1385 2001 statuitur,
1398 1976 1459 1995 cum
1470 1967 1523 1995 Deo
1531 1968 1620 1994 omnia
1632 1969 1694 1994 sub-

907 2013 1057 2048 jicieutur;
1073 2021 1232 2049 rursumque
1246 2014 1335 2041 futura
1354 2022 1480 2048 corpora,
1504 2014 1526 2041 si
1544 2014 1691 2041 rationales

911 2068 926 2087 a
941 2060 1127 2095 superioribus
1140 2060 1321 2088 descendant:
1341 2060 1413 2087 aliud
1434 2069 1470 2088 ex
1494 2060 1564 2088 libro
1579 2064 1688 2095 quarto,

911 2114 965 2140 quo
978 2107 1048 2133 idem
1066 2105 1244 2140 signiﬁcatur.
1259 2106 1386 2140 Queritur
1410 2112 1539 2142 praeterea
1562 2106 1694 2133 Iustinia-

913 2160 962 2179 nus
979 2152 1048 2186 apud
1069 2152 1191 2186 quintam
1212 2153 1356 2187 synodum.
1373 2153 1398 2179 in
1411 2153 1524 2186 epistola
1547 2161 1625 2186 quam
1644 2152 1694 2179 de-

912 2196 1021 2231 soripsit
1032 2197 1182 2229 Cedrcuus,
1197 2197 1332 2224 allirmare
1351 2197 1529 2233 Origenistas,
1542 2197 1604 2223 ’Ότι
1623 2205 1692 2223 παν-

83 2250 275 2277 surrectionem
291 2254 460 2277 mortuorum
473 2248 598 2276 absolute
611 2249 764 2284 sustulerit,
778 2255 860 2284 atque

911 2243 991 2279 τελής
1006 2244 1064 2269 ἐστι
1083 2243 1137 2269 τῶν
1157 2242 1292 2278 σωμάτων
1314 2242 1460 2278 ἀναίρεσις,
1476 2242 1558 2270 αὐτοῦ
1576 2241 1624 2269 τοῦ
1640 2243 1696 2268 Κυ-

85 2291 149 2321 hanc
175 2295 395 2323 criminationem
415 2294 532 2329 septimo
553 2294 613 2321 loco
636 2295 750 2328 positam
764 2297 859 2323 confu-

86 2342 129 2365 tat.
152 2339 319 2382 Epipbzgtius
338 2341 404 2368 hair.
423 2348 495 2373 thv,
521 2347 579 2374 cap.
606 2340 649 2372 il,
673 2345 799 2367 conatmu
822 2341 862 2368 ait

85 2393 141 2412 eum
154 2386 179 2414 in
195 2387 390 2416 Commentario
415 2388 441 2414 in
461 2387 591 2420 psalmum
607 2394 626 2419 ι,
647 2387 694 2413 Ἐκ
718 2386 773 2414 ¹τῶν
791 2386 863 2414 κατὰ

86 2431 160 2464 φύσιν
170 2433 236 2469 ἡμῖν
253 2433 455 2469 συμϐαινόντων
471 2432 619 2468 ἀνατρέψαι
634 2432 683 2468 τῆς
698 2432 783 2467 αὐτῆς
799 2434 863 2460 ἀνα-

87 2477 200 2512 στάσεως
226 2480 304 2516 ὴμῶν
325 2479 355 2506 ὲν
377 2478 491 2515 ἀληθείᾳ
512 2478 616 2510 ἐλπίδος
635 2477 683 2513 τὴν
706 2477 859 2513 ὁμολογίαν.

90 2529 99 2546 ι
111 2521 147 2551 Ex
164 2524 197 2551 iis
223 2524 301 2559 ipsis,
325 2531 386 2558 quae
413 2523 573 2550 naturaliter
586 2523 662 2550 nobis
674 2522 816 2555 eveniunt,
834 2522 860 2550 id

90 2569 192 2603 assequi
220 2575 250 2597 ut
275 2569 484 2597 resurrectionis
505 2573 605 2596 nostra:
627 2575 689 2596 cum
713 2575 761 2602 spe
786 2572 860 2595 certa

88 2612 252 2646 coniunctam
272 2614 468 2650 professiOnem
497 2613 618 2640 hinditus
642 2606 760 2641 tolleret.
787 2611 859 2640 Idem

91 2663 146 2691 (⁸³1)-
169 2660 205 2688 63
227 2659 343 2688 subdole
362 2667 423 2687 eum
443 2659 481 2686 ait
506 2663 533 2686 et
549 2658 626 2687 vafre
654 2658 861 2686 resurrectionis

92 2710 184 2732 nomen
198 2707 353 2739 admittere.
371 2713 428 2733 rem
444 2705 530 2741 ipsam
545 2704 660 2732 iuliciari
671 2713 679 2732 :
692 2705 793 2739 quippe
805 2711 863 2732 cor-

91 2754 138 2782 Pus
150 2754 301 2788 neutiquam
316 2759 468 2787 resurgere,
477 2750 524 2778 sed
537 2750 622 2778 solam
636 2751 754 2777 animam
770 2750 864 2777 decer-

93 2798 151 2826 ιιηις
177 2797 294 2824 animam
320 2802 410 2824 autem
443 2803 496 2823 non
529 2802 684 2830 resurgere,
719 2803 780 2830 qua:
811 2801 864 2821 non

94 2839 170 2874 cadit,
190 2850 239 2870 nec
257 2842 458 2878 exstinguitur;
475 2849 576 2876 corpus
599 2848 705 2875 quoque
720 2840 796 2874 juxta
823 2840 863 2874 ip-

91 2884 140 2914 sius
160 2891 263 2918 sancita
283 2897 337 2918 non
351 2895 511 2924 resurgere;
534 2887 694 2921 nihiligitur
709 2893 862 2921 resurgere,

915 2289 972 2325 ρίου
994 2288 1102 2324 πρώτου
1124 2288 1320 2325 ἀποτιθεμένου
1343 2289 1373 2315 τὸ
1395 2288 1461 2316 ἴδιον
1475 2288 1564 2324 σῶμα,
1579 2288 1625 2315 καὶ
1640 2287 1700 2314 τῶν

913 2336 1013 2364 λοιπῶν
1050 2335 1187 2368 ἁπάντων,
1221 2336 1269 2362 καὶ
1297 2336 1337 2362 ὅτι
1373 2334 1584 2370 ἀνακομίζονται
1615 2334 1694 2362 πάλιν

915 2382 1034 2412 ἅπαντες
1062 2380 1101 2412 εἰς
1128 2381 1176 2416 τὴν
1200 2381 1285 2415 αὐτὴν
1304 2379 1408 2415 ὲνάδαν
1418 2380 1464 2406 καὶ
1485 2379 1605 2414 γίνονται
1625 2379 1699 2411 νόες,

915 2426 985 2454 καθὰ
999 2427 1046 2453 καὶ
1063 2428 1091 2453 ὲν
1113 2428 1147 2462 τῇ
1173 2426 1341 2462 προῦπάρξει
1365 2426 1522 2461 ἐτύγχανον.
1552 2435 1561 2451 ι
1575 2425 1695 2460 Corpora

914 2473 1020 2508 penitus
1036 2473 1159 2504 interire,
1181 2472 1240 2506 ipso
1261 2472 1376 2499 Domino
1400 2472 1517 2507 primum
1546 2471 1696 2505 deponente

913 2518 1050 2554 proprium
1063 2525 1172 2552 corpus,
1190 2523 1218 2545 et
1240 2518 1350 2552 reliquis
1371 2518 1496 2545 oumibus
1517 2526 1525 2550 ;
1552 2521 1580 2543 et
1602 2523 1696 2543 omnes

914 2571 1007 2591 rursus
1018 2563 1050 2590 ad
1065 2565 1186 2591 eamdem
1203 2564 1332 2591 unitatem
1349 2563 1450 2595 redire.
1465 2569 1492 2589 et
1505 2567 1609 2589 mentes
1628 2562 1696 2594 ﬂeri,

914 2609 1067 2644 cuiusmodi
1093 2613 1170 2636 antea
1192 2614 1280 2636 erant.
1304 2618 1313 2635 ι
1335 2608 1428 2643 Itaque
1443 2613 1553 2643 propter
1565 2607 1696 2634 sublatam

915 2663 1058 2690 corporum
1085 2655 1312 2683 resurrectionem
1333 2656 1488 2682 damnatum
1511 2654 1596 2681 fuisse
1617 2662 1631 2681 ι
1656 2661 1698 2689 sy-

919 2703 989 2730 nodo
1012 2701 1105 2736 quiuta
1127 2700 1269 2736 Origenem
1292 2705 1406 2727 testatur
1430 2699 1542 2727 Photins
1562 2699 1588 2726 in
1610 2699 1700 2726 libello

921 2747 957 2775 De
971 2748 1088 2782 synodir.
1111 2751 1140 2774 et
1159 2751 1254 2773 auctor
1274 2746 1395 2773 incertus
1416 2745 1498 2772 libelli
1522 2744 1561 2771 De
1580 2744 1699 2778 synodis.

918 2794 963 2828 qui
980 2794 1005 2820 itt
1022 2792 1160 2820 Justellina
1180 2792 1341 2818 Bibliotheca
1349 2792 1419 2825 juris
1435 2790 1556 2818 canonici
1584 2791 1701 2817 insertus

916 2844 966 2871 est.
983 2845 1008 2866 et
1021 2846 1108 2866 canon
1123 2838 1227 2873 primus
1241 2838 1335 2873 synodi
1359 2837 1532 2872 quiniscxtat,
1552 2840 1579 2862 et
1601 2836 1701 2862 Cedro-

920 2893 983 2913 uus.
1001 2884 1135 2913 Placitum
1153 2884 1215 2912 huic
1241 2883 1311 2911 idem
1328 2884 1468 2911 ascribunt
1489 2883 1656 2917 Sophronius
1672 2882 1699 2909 in
