1912 3079
455 174 826 220 ORIGENIANORUMllB.
849 175 879 208 ll,
900 174 977 202 CAP.
1000 174 1029 207 ll,
1050 173 1188 207 QUIEST.
1211 173 1254 202 IX.

1624 175 1679 202 986

37 235 149 270 querela
172 236 245 262 liter.
262 238 335 266 [κη’.
348 242 408 269 cap.
422 235 449 267 4,
462 235 518 270 Τὴν
542 234 596 261 τῶν
614 235 838 270 νεκρῶνήηίιιιῐι,

893 235 951 268 quia
983 233 1053 260 sicut
1077 233 1272 268 primogenitns
1292 239 1325 259 ex
1354 233 1517 260 mortuisest
1536 233 1680 265 Christus,

35 281 190 309 ἀνάστασιν
209 280 311 316 ἐλλιπῆ
328 282 457 312 ποιεῖται,
473 281 511 316 πῆ
537 281 584 316 μὲν
608 281 679 316 λόγῳ
699 280 839 316 παριστῶν

36 326 150 363 ταύτην,
173 327 214 362 πῆ
243 327 275 354 δὲ
302 327 500 363 ἐξαρνούμενος
521 327 683 359 τελεώτατα,
704 327 796 354 ἄλλοτε
811 327 839 353 δὲ

38 374 82 401 καὶ
96 373 182 410 μέρος
195 373 227 407 ὲξ
236 373 325 409 αὐτῆς
340 373 512 406 ἀνίστασθαι·
530 383 539 399 ι
557 373 722 401 Mortuorum
746 381 839 401 resur-

39 420 191 447 rectionem
225 420 416 455 imperfectam
442 428 502 447 esse
529 421 631 450 docet:
653 420 753 456 partim
776 426 838 447 eam

37 465 128 493 verbis
143 473 294 498 asserens,
315 467 412 500 partim
426 466 548 495 funditus
565 466 681 498 tollens;
698 465 765 492 alias
776 473 839 492 vero

40 516 145 544 partem
162 510 226 545 ejus
238 511 375 538 duntaxat
399 519 544 546 resurgere
568 511 698 544 tradens;
722 519 731 535 ι
747 515 775 538 et
794 510 838 537 illa

41 556 179 583 Vincenlii
193 556 402 584 Bellovaceusis
417 556 522 591 Speculi
538 556 681 584 doctrinal.
696 556 744 584 lib.
760 564 839 588 xvm,

39 611 98 636 cap.
130 603 178 635 4'5,
211 610 278 630 ctttn
303 611 394 630 veram
421 603 459 630 ait
487 603 712 630 resurrectionem
748 603 840 630 carnis

40 649 186 684 Origenem
215 656 345 683 negasse.
374 647 432 675 Non
459 649 528 676 satis
557 653 649 676 autem
676 648 840 683 intelligitur

40 695 101 728 quid
115 695 169 722 sibi
190 694 312 721 voluerit
326 694 506 729 Theophanes
524 695 684 726 Ccrameus,
696 702 758 721 cum
774 694 841 721 scri-

41 741 93 774 psit
106 739 206 767 ltontil.
221 740 271 773 ‘22,
294 741 341 766 Ἐκ
355 740 448 776 μέντοι
458 740 503 767 τοῦ
521 741 626 767 εἰπεῖν·
650 742 687 768 Ἦ
701 750 729 768 τι
743 741 840 776 ¹Ι>“‹ἱ›σέι

40 787 197 821 ἄνθρωπος
208 787 410 823 ἀντάλλαγμα
422 787 476 821 τῆς
489 788 594 823 ψυχῆς
604 788 698 816 αὑτοῦ
709 797 717 820 ;
731 789 840 816 Emme-

44 834 147 869 μιζεται
162 834 180 869 ἡ
196 834 279 870 παρὰ
294 834 341 860 τοῦ
358 834 503 870 ἐπωνύμου
517 835 566 870 τῆς
580 835 665 871 ὀργῆς
685 834 842 871 Ὠριγένους

43 879 223 915 πεπλασμένη
256 879 416 911 ἀνάστασις.
437 890 446 906 t
465 880 600 907 Ca‘terum
626 881 764 909 dicendo“
788 881 839 908 Ant

42 935 118 960 quam
135 926 213 953 dabit
231 926 313 953 homo
327 927 545 961 permutationem
558 935 607 962 pro
628 929 719 955 anima
733 936 783 955 sua
797 928 839 955 "1

45 971 179 998 refellitur
195 971 319 1001 conﬁcta,
332 972 500 999 resurrectio
521 973 555 1000 ab
573 972 701 1008 Origene,
725 974 769 1001 cui
791 974 841 1001 luit

45 1026 138 1045 nomen
150 1017 207 1044 ἀπὸ
219 1018 273 1053 τῆς
286 1018 371 1054 ὀργῆς
387 1018 549 1046 derivatum.
576 1029 585 1045 ι

78 1064 133 1090 Non
156 1065 244 1091 semel
266 1065 292 1091 id
308 1065 395 1098 ipsum
418 1071 607 1097 asseverasse,
624 1065 695 1100 quod
711 1066 838 1100 proxime

45 1110 251 1138 (-ounnetnorati
265 1110 412 1145 scriptores
425 1110 571 1145 objiciunt,
581 1110 719 1137 fatendum
730 1111 839 1145 quidem

46 1161 84 1184 est
98 1165 105 1184 :
120 1163 182 1192 puta
213 1157 263 1184 lih.
293 1165 323 1188 ll,
353 1157 424 1191 Περὶ
447 1156 561 1192 ἀρχῶν,
578 1165 641 1192 cap.
667 1159 695 1191 5,
720 1165 794 1184 uuttt.
811 1157 839 1190 2,

49 1203 133 1229 tMira
157 1210 226 1238 ergo
244 1202 362 1234 ratione,
390 1203 477 1237 inquit
499 1206 613 1230 sanctus
636 1203 781 1238 Apostolus
807 1203 840 1231 ad

48 1247 197 1279 generalem
228 1248 347 1282 primam
379 1255 491 1275 causam
519 1249 689 1283 respiciens,
719 1250 842 1277 materia‘

48 1294 205 1329 corporalis,
217 1294 299 1328 cujus
312 1293 433 1321 materiae
445 1294 536 1321 anima
550 1302 626 1321 usunt
639 1303 746 1330 semper
761 1296 842 1323 habet

50 1341 73 1366 in
88 1340 207 1375 qttalibet
225 1339 360 1375 qualitate
377 1340 490 1375 positaz,
507 1347 577 1367 nunc
597 1341 707 1375 quidem
726 1341 840 1373 carnali,

50 1387 216 1421 postmodum
243 1394 309 1414 vero
332 1385 467 1414 Subtiliori
490 1391 518 1413 et
545 1386 660 1421 puriori,
687 1394 746 1421 quze
762 1387 841 1421 spiri-

52 1434 107 1460 talis
126 1432 294 1468 appellatur.
319 1432 376 1465 ait,
396 1431 513 1458 Necesse
542 1435 584 1458 est
604 1431 774 1465 corruptibili
791 1431 841 1458 hoc

52 1480 157 1507 induere
180 1478 416 1513 incorruptionem
443 1477 498 1509 ",t
531 1481 603 1511 etc.;
619 1480 660 1504 'et
687 1478 713 1504 itt
739 1477 840 1506 Catena

51 1525 210 1552 Cortleriana
241 1529 272 1551 in
299 1524 393 1559 psalm.
418 1531 514 1555 cxvnt,
535 1523 583 1555 25.
616 1531 677 1558 pag.
697 1524 840 1551 799εΝὖν

53 1571 97 1605 μὲν
111 1571 243 1607 ἐκολλήοη
260 1570 299 1606 τῷ
316 1570 407 1604 ἐδάφει
423 1570 439 1605 ἡ
451 1569 536 1604 ψυχὴ,
552 1569 598 1596 καὶ
612 1569 707 1603 γέγονε
719 1569 802 1605 σάρξο
811 1571 839 1597 ὲν

52 1617 77 1642 δὲ
91 1617 120 1652 τῇ
142 1617 293 1643 ἀναστάσει
311 1615 507 1651 κολληθήσεται
522 1616 538 1650 ἡ
558 1614 627 1650 σὰρξ
642 1616 675 1650 τῇ
690 1614 775 1650 ψυχῇ,
793 1615 840 1642 καὶ

53 1662 121 1689 ἔσται
133 1663 206 1699 ψυχὴ
220 1663 284 1698 ἣτις
299 1661 460 1697 κολληοεῖσα
469 1661 508 1697 τῷ
519 1661 614 1696 Κυρίῳ
627 1662 655 1687 ὲν
664 1662 697 1696 τῇ
709 1661 840 1697 καθολικῇ

53 1709 190 1735 ἀναστάσει
210 1709 317 1744 γίνεται
337 1708 366 1734 ἓν
385 1708 503 1743 πνεῦμα,
526 1708 573 1734 καὶ
592 1708 696 1742 γίνεται
710 1707 740 1734 τὸ
762 1707 841 1743 σῶμα

54 1755 240 1790 πνευματικόν.
254 1755 309 1782 Nec
324 1755 403 1781 aliter
418 1754 602 1788 intelligimus,
614 1761 674 1788 qua:
685 1753 840 1788 consignata

55 1805 110 1826 sunt
134 1800 179 1828 lib.
207 1808 224 1826 v
255 1805 348 1827 contra
368 1799 451 1831 Cels,
473 1807 550 1826 num.
571 1799 614 1831 i8,
637 1798 706 1825 υῦτε
730 1799 780 1834 μὲν
795 1797 842 1825 οὖν

55 1846 136 1881 ἡμεῖς,
151 1846 212 1874 οὔτε
229 1847 266 1874 τὰ
288 1846 347 1873 θεῖα
368 1846 522 1881 γράμματα
545 1845 641 1877 αὐταῖς
658 1853 726 1881 φησι
745 1845 841 1881 σαρξὶ,

57 1892 181 1928 μηδεμίαν
199 1892 351 1928 μεταϐολὴν
363 1891 552 1927 ἀνειληφυίαις
562 1891 611 1926 τὴν
623 1892 669 1917 ἐπὶ
684 1890 715 1917 τὸ
727 1890 841 1926 βέλτιον,

56 1936 178 1972 ζήσεσθαι
192 1939 258 1970 τοὺς
275 1938 358 1965 πάλαι
375 1937 569 1970 ἀποθανόντας,
582 1937 636 1964 ἀπὸ
651 1937 700 1973 τῆς
715 1937 767 1973 γῆς
777 1938 842 1965 ἀνα-

56 1982 153 2015 δύντας.
171 1984 240 2011 Nam
255 1984 401 2019 quominus
417 1988 490 2010 recta
517 1983 560 2011 Itis
584 1983 718 2010 sententia
737 1991 843 2012 accout-

58 2031 152 2058 modari
188 2030 296 2066 possit.
329 2030 524 2065 impedimento
561 2034 605 2057 est
643 2030 687 2057 hic
722 2030 842 2064 Apostoli

58 2075 125 2103 locus
140 2077 162 2092 ιδ
178 2085 184 2104 :
204 2086 214 2103 ‹
230 2076 289 2103 Hoc
300 2081 390 2103 autem
405 2075 478 2108 dico,
501 2075 614 2107 fratres,
638 2075 701 2110 quia
725 2083 791 2102 caro
816 2081 844 2103 et

57 2122 158 2156 sanguis
187 2130 303 2157 regnum
329 2122 375 2148 Dei
407 2121 569 2148 haereditare
591 2128 645 2148 non
676 2125 811 2156 possunt:
831 2130 840 2147 ι

58 2174 106 2200 quo
119 2169 246 2196 seusilcut
268 2168 340 2195 hanc
357 2173 385 2195 et
404 2167 599 2201 aspectabtlem
625 2174 706 2202 quam
725 2167 844 2202 gerimus

58 2219 158 2241 caruere
167 2222 252 2250 regno
264 2215 368 2242 catlesti
377 2213 584 2248 excludendatn,
595 2219 623 2241 et
634 2214 844 2242 resurrectionis

59 2257 183 2288 beneﬁcio
207 2261 370 2295 privandum
398 2259 550 2295 significari
574 2264 661 2294 putat.
695 2258 764 2287 Hine
793 2260 842 2296 τὴν

59 2307 260 2342 κεκηρυγμένην
270 2306 322 2342 τῆς
339 2306 439 2342 σαρκὸς
458 2305 607 2333 ἀνάστασιν
621 2306 650 2332 ὲν
662 2307 722 2337 ταῖς
741 2305 842 2340 ἐκκλη-

60 2350 134 2385 σίαις,
162 2354 215 2381 ὑπὸ
237 2354 292 2381 τῶν
316 2353 507 2389 συνετωτέρων
533 2353 694 2389 τρανότερον
725 2352 842 2380 νοεῖσθαι

61 2397 151 2426 ibidem
170 2401 283 2433 scribit;
298 2405 326 2428 et
342 2400 405 2427 alibi
422 2399 649 2427 resurrectionem
678 2399 707 2425 ὲν
727 2400 760 2435 τῇ
779 2407 841 2426 συν-

59 2442 132 2480 ηθείᾳ
148 2446 201 2473 τῶν
208 2446 401 2482 ἁπλουστέρων
414 2445 595 2482 ὀνομάζεσθαι
612 2445 759 2474 ἀνάστασιν
775 2453 841 2480 σαρ-

61 2488 112 2520 κός.

93 2534 136 2564 Vl.
159 2537 338 2571 Quantumvis
355 2542 446 2566 autem
468 2538 614 2573 perspicua
638 2537 763 2564 videatur
782 2537 842 2566 Ori’

63 2580 132 2611 genis
144 2587 171 2610 et
183 2589 314 2611 constans
327 2583 421 2618 opinio
431 2602 439 2616 ,
458 2587 591 2618 repugnat
605 2586 694 2609 tamen
713 2581 842 2616 Pamphi-

64 2625 110 2658 ⁵118,
137 2633 162 2654 et
190 2637 224 2657 ne
246 2637 261 2657 a
290 2636 375 2656 carne
398 2629 507 2663 quidem
525 2629 581 2663 ipsa
613 2629 841 2655 resurrectionem

64 2670 224 2704 ahjutlicasse
255 2683 318 2702 ctttn
348 2675 538 2706 demonstrat,
568 2674 735 2709 depromptis
770 2674 842 2702 illius

64 2718 145 2745 verbis
163 2727 178 2747 e
195 2721 390 2749 Commenlario
413 2721 441 2746 in
469 2719 600 2755 psalmum
628 2728 673 2752 xv,
698 2727 757 2754 qua:
779 2724 843 2747 sunt

67 2761 228 2796 huiusmodi:
247 2777 256 2793 ι
269 2767 430 2796 Ollendatur
453 2765 500 2801 qui
530 2765 587 2793 vult
610 2773 642 2793 ex
671 2771 764 2793 nostro
783 2773 841 2793 ser-

67 2814 226 2848 ntouezego
251 2818 343 2842 autem
378 2819 439 2840 cum
468 2813 542 2840 omni
574 2812 674 2840 fiducia
702 2818 840 2843 assevero,

104 2901 218 2935 "Matth.
235 2915 289 2941 xvi,
305 2907 349 2936 26.
392 2905 412 2921 ’³
425 2905 434 2934 Ι
447 2905 507 2934 Cor.
525 2912 569 2939 xv,
583 2904 626 2933 55.

668 2906 687 2921 ”
703 2904 787 2934 lCor.
801 2913 845 2938 xv,
864 2904 907 2932 50.

891 280 926 307 ita
952 279 1057 315 primus
1079 286 1189 306 carnem
1219 278 1308 305 evexit
1330 278 1363 305 ad
1379 278 1518 311 malum”
1549 284 1576 306 et
1600 279 1681 313 paulo

890 329 951 359 post
970 334 976 351 :
996 333 1005 350 ι
1020 324 1081 351 llaec
1094 329 1204 359 propter
1223 324 1286 351 illud
1310 324 1380 358 quod
1399 324 1502 351 dictum
1519 330 1581 352 est:
1596 324 1672 357 Quo-

890 371 962 399 niam
982 380 1043 399 caro
1060 380 1117 398 mea
1131 370 1269 405 requiescet
1285 370 1311 396 in
1323 378 1368 403 spe
1380 369 1412 395 ¹⁸.
1424 369 1451 396 ltt
1465 377 1517 404 qua
1528 369 1597 404 spe?
1614 367 1675 396 Non

890 417 977 444 solum
992 417 1054 451 quia
1071 424 1103 443 el
1127 415 1240 443 mortuis
1257 414 1387 449 resurgit;
1411 422 1506 449 parum
1530 415 1603 442 enim
1629 415 1679 442 ltoc

889 467 932 490 est
945 471 953 489 :
968 463 1016 490 sed
1030 462 1056 489 iu
1071 469 1102 489 ea
1115 469 1163 496 spe
1180 460 1335 495 requiescit,
1349 461 1421 494 quod
1441 466 1579 495 assumpta
1593 464 1636 488 est
1651 460 1678 487 in

890 508 999 535 cmlum.
1016 517 1025 533 ι
1039 507 1143 541 Quibus
1158 507 1283 534 adderem
1299 511 1327 533 et
1339 506 1402 533 illttd
1417 514 1432 533 e
1451 506 1497 533 lib.
1507 506 1614 541 tnIIspZ
1626 506 1679 541 dp—

890 554 964 589 χῶν,
984 562 1044 589 cap.
1059 554 1087 587 6,
1109 561 1184 580 uutn.
1206 553 1234 585 5,
1251 553 1302 580 nisi
1330 552 1419 580 liulini
1439 552 1592 588 interpretis
1607 553 1680 580 frau-

891 601 939 629 des
952 602 1125 627 subverercr.
1147 607 1156 625 t
1184 599 1303 633 Denique
1316 606 1379 625 caro
1395 603 1486 625 nostra
1500 599 1533 625 ab
1549 598 1681 633 imperitis

891 651 918 673 et
944 645 1101 673 inﬁdelibus
1123 645 1159 672 ita
1181 649 1242 680 post
1258 650 1371 672 mortem
1394 644 1518 678 deperire
1541 644 1681 673 existima-

893 697 945 723 tur,
955 696 984 718 ttt
999 692 1064 719 nihil
1075 699 1184 726 prorsus
1199 691 1330 725 reliquum
1342 690 1500 717 substantia!
1512 698 1567 718 suae
1580 690 1682 718 habere

891 740 1029 767 credatur.
1049 738 1104 764 Nos
1118 745 1182 765 vero
1196 738 1240 772 qui
1265 737 1492 764 resurrectionem
1516 735 1574 770 ejus
1593 737 1682 764 credi-

893 792 964 817 mus,
981 784 1197 812 itntnutationetn
1210 783 1467 816 ejustantnmtnodo
1487 787 1548 817 post
1565 787 1681 810 tttortettt

893 832 993 859 factam
1015 830 1203 866 intelligimus,
1216 828 1396 856 substantiam
1416 836 1480 855 vero
1498 829 1557 862 eius
1576 834 1680 857 certum

892 883 933 905 est
948 884 1117 912 permanere,
1136 881 1164 904 et
1175 875 1314 902 voluntate
1326 874 1466 902 Creatoris
1477 875 1537 908 sui,
1550 880 1681 910 certoque

894 933 1014 961 tempore
1041 933 1137 952 rursus
1158 924 1280 960 reparari
1300 925 1332 952 ad
1350 924 1453 956 vitam,
1480 928 1561 958 atque
1583 923 1680 950 iterum

893 972 1124 1007 permutationem
1138 971 1198 1006 ejus
1218 970 1275 998 ﬁeri
1289 991 1297 1003 ,
1315 975 1343 997 ut
1362 978 1422 1005 quae
1440 970 1527 1004 primo
1547 969 1596 996 l'uit
1617 976 1682 996 caro

891 1028 922 1046 ex
937 1024 1008 1046 terra
1024 1024 1143 1049 terrena,
1155 1022 1211 1044 tttm
1225 1016 1324 1043 deinde
1338 1016 1466 1044 dissoluta
1478 1021 1538 1050 post
1553 1020 1680 1046 mortem.

891 1070 918 1093 et
935 1065 1033 1092 iterum
1055 1064 1125 1091 fat-ta
1145 1063 1215 1091 cittis
1229 1070 1260 1090 ac
1277 1067 1371 1096 terra;
1396 1063 1521 1098 quoniam
1539 1068 1608 1089 terra
1631 1070 1658 1089 es
1670 1082 1680 1096 ,

892 1111 991 1146 inquit,
1009 1115 1033 1138 et
1050 1111 1077 1137 in
1099 1115 1197 1137 terram
1219 1109 1268 1136 ibi:
1287 1110 1319 1143 ",
1340 1116 1448 1136 rursum
1472 1109 1647 1136 resuscitetur
1664 1116 1680 1137 e

892 1163 984 1190 terra;
1000 1161 1026 1184 et
1042 1162 1103 1191 post
1113 1156 1164 1184 ltoc
1176 1155 1231 1190 jam
1251 1155 1323 1183 velut
1343 1155 1470 1182 meritmn
1497 1156 1677 1182 inhabitamis

891 1207 990 1232 aniuue
1021 1203 1198 1238 poposcerit,
1233 1202 1261 1229 iu
1283 1201 1369 1237 gloria
1401 1201 1525 1236 corporis
1555 1202 1679 1236 proﬁciet

891 1249 1034 1286 spiritalis.
1053 1259 1063 1276 ι
1077 1248 1179 1283 Nempe
1198 1248 1242 1275 hic
1257 1255 1376 1282 quoque,
1389 1252 1417 1274 ιιι
1428 1247 1452 1274 itt
1470 1247 1531 1274 aliis
1544 1247 1682 1282 plerisque

891 1297 941 1325 sibi
956 1304 1008 1324 non
1024 1300 1131 1324 constat
1151 1295 1294 1330 Origenes,
1310 1299 1338 1322 et
1358 1294 1438 1321 modo
1449 1295 1507 1326 has,
1526 1295 1605 1321 modo
1621 1294 1682 1321 illas

891 1348 1013 1371 sectatur
1028 1347 1120 1377 partes
1131 1362 1139 1374 ,
1153 1346 1182 1368 et
1196 1346 1225 1368 ut
1247 1341 1274 1367 itt
1296 1340 1377 1368 rebus
1397 1340 1570 1367 adolescente
1593 1339 1681 1366 adlntc

892 1389 1105 1418 Christianismo
1131 1387 1318 1420 subobscuris,
1342 1390 1370 1413 et
1393 1387 1513 1413 nondum
1528 1393 1575 1420 per
1586 1384 1681 1412 Eccle-

891 1436 960 1463 siam
975 1435 1096 1463 delinitis
1110 1433 1202 1461 animo
1219 1432 1348 1467 indulget,
1367 1437 1396 1459 et
1410 1431 1541 1467 quidquid
1564 1430 1613 1458 sibi
1632 1437 1682 1465 pro

892 1486 1014 1515 tempore
1031 1478 1257 1509 ﬁtverisimilius.
1274 1478 1381 1512 arripit.
1399 1477 1477 1505 Unde
1494 1484 1527 1504 ne
1551 1477 1608 1510 ipse
1621 1475 1682 1511 qni—

891 1529 951 1556 dem
965 1527 1093 1563 Origenis
1102 1526 1249 1560 castigator
1265 1523 1419 1552 Methodius
1430 1524 1488 1551 sine
1503 1523 1680 1558 cespitatione

853 1583 875 1613 ς
893 1576 945 1602 hoc
970 1578 1160 1607 argumentum
1187 1573 1331 1604 tractavit,
1357 1571 1482 1599 homines
1499 1570 1601 1606 ﬁngens
1621 1573 1681 1605 post

893 1620 1119 1648 resurrectionem
1134 1619 1302 1646 habitaturos
1317 1618 1343 1645 itt
1360 1622 1431 1645 terra
1449 1616 1502 1651 iam
1517 1617 1679 1648 instaurata,

891 1669 919 1693 et
934 1673 983 1699 per
996 1672 1085 1691 aerem
1098 1663 1354 1697 temperatissimqu
1367 1662 1530 1689 ambientem
1547 1662 1571 1687 in
1587 1661 1682 1688 melius

893 1716 1006 1743 mutata,
1024 1714 1051 1737 et.
1063 1710 1089 1737 in
1107 1709 1226 1744 paradisi
1243 1708 1354 1736 deliciis
1369 1709 1477 1735 beatum
1500 1715 1585 1734 atrum
1604 1711 1682 1734 actu-

894 1765 938 1784 ros
950 1765 958 1789 ;
979 1756 1082 1791 angelis
1100 1760 1190 1782 autem
1205 1754 1332 1781 caelestes
1346 1753 1429 1780 orbes
1442 1753 1607 1780 destinatum
1620 1759 1683 1779 esse

892 1802 1071 1830 domicilium.
1092 1800 1238 1828 Eusebium
1251 1807 1360 1834 quoque
1379 1799 1508 1834 Origenis
1522 1797 1681 1831 partiaritttn

893 1847 1122 1876 resurrectionem
1139 1850 1308 1872 mortuorum
1329 1845 1472 1872 sustulisse
1494 1848 1590 1871 narrat
1609 1843 1682 1870 Pho-

895 1895 948 1922 lius
961 1893 987 1920 in
1001 1892 1113 1926 epistola
1128 1892 1245 1926 quadam
1266 1891 1299 1917 ad
1315 1890 1536 1917 Constantinum.
1560 1889 1589 1916 In
1612 1888 1683 1922 ejus‘

894 1940 954 1967 dem
966 1939 1069 1966 erroris
1080 1937 1270 1972 suspicionem
1289 1941 1384 1962 muttto
1398 1943 1458 1963 sese
1475 1940 1573 1963 vocant
1589 1934 1685 1961 lliero-

895 1992 993 2021 nytnus
1022 1988 1050 2011 et
1080 1982 1206 2014 lit-tinus,
1234 1989 1313 2015 quem
1331 1986 1422 2008 tatuen
1440 1987 1554 2013 uterque
1577 1987 1681 2007 summa

894 2039 958 2060 cura
975 2031 1080 2058 diluere
1096 2033 1220 2057 canatur.
1241 2027 1310 2054 lluic
1333 2027 1416 2053 etiam
1434 2025 1582 2052 adh-.csisse
1597 2026 1684 2052 Arno-

895 2078 968 2104 bium
981 2074 1129 2104 verisimile
1141 2079 1198 2106 est;
1217 2074 1254 2100 ait
1267 2072 1338 2099 euiut
1357 2071 1404 2097 lib.
1423 2079 1440 2097 n
1459 2070 1560 2097 Contra
1575 2075 1662 2103 gente:
1673 2078 1683 2096 :

898 2133 907 2149 t
925 2123 1037 2150 Audelis
1058 2122 1151 2148 videre
1181 2127 1240 2150 nos,
1269 2118 1340 2154 quod
1367 2121 1535 2144 mortuorum
1562 2116 1684 2142 dicamus

896 2168 1125 2196 reSttrrectioneut
1146 2166 1275 2197 futuram,
1293 2171 1373 2198 quant
1394 2162 1504 2197 quidem
1527 2168 1576 2188 nos
1593 2161 1684 2188 dicere

895 2214 1076 2245 conﬁtemur;
1106 2213 1153 2240 sed
1178 2220 1192 2237 a
1213 2211 1290 2237 vobis
1315 2209 1395 2236 aliter
1413 2216 1494 2242 quatit
1519 2207 1682 2238 sentiamus,

896 2259 995 2287 audiri.
1009 2268 1018 2285 ι
1046 2258 1123 2291 Quod
1148 2257 1219 2284 idetn
1239 2260 1281 2283 est
1299 2263 1330 2282 ac
1357 2254 1422 2281 illud
1443 2253 1571 2288 Origettis
1592 2251 1685 2279 carnis

897 2304 1124 2332 resurrectionem
1143 2310 1203 2329 esse
1224 2301 1338 2328 dicentis
1356 2299 1409 2326 ὑπὸ
1425 2298 1479 2326 τῶν
1496 2298 1684 2334 συνετωτέρων

896 2350 1059 2386 τρανότερον
1076 2348 1252 2384 νενοημὲνην.
1287 2347 1407 2381 Denique
1428 2347 1564 2380 proditum
1587 2350 1628 2373 est
1650 2345 1685 2372 ab

896 2397 1048 2432 Epiphanio
1061 2401 1088 2423 et
1102 2395 1265 2428 Hieronymo
1285 2393 1356 2420 hanc
1370 2393 1456 2428 ipsatn
1472 2392 1556 2418 fuisse
1571 2390 1685 2418 Marcio-

895 2444 938 2471 nis
953 2443 1124 2476 aliorumque
1149 2440 1343 2467 haereticorum
1363 2441 1396 2466 de
1417 2438 1618 2466 resurrectione
1635 2437 1686 2464 fal-

894 2498 952 2518 sam
975 2486 1146 2515 sententiam.

931 2534 987 2561 VII.
1011 2532 1142 2566 Quamvis
1165 2539 1288 2559 crassam
1318 2530 1392 2558 illam
1415 2530 1506 2558 carnis
1534 2528 1633 2555 molem
1656 2532 1686 2556 et

895 2586 1053 2614 compagem
1072 2585 1087 2604 a
1101 2577 1263 2612 corporibus
1283 2575 1481 2602 resurrecturis
1495 2579 1631 2601 secretum
1652 2574 1684 2600 iri

896 2624 1012 2653 senserit
1032 2624 1163 2658 Origenes
1180 2632 1186 2650 ε
1202 2623 1302 2657 quibus
1327 2627 1416 2649 tamen
1440 2621 1553 2655 prmdila
1570 2627 1601 2646 ca
1626 2619 1686 2646 fore

896 2671 1075 2706 qualitatibus
1087 2674 1162 2697 ratus
1179 2670 1226 2702 sit,
1245 2676 1307 2696 cum
1329 2671 1490 2702 rcsurgcut,
1506 2673 1586 2700 quam
1605 2673 1684 2700 passa

897 2716 1091 2748 ntutationetn,
1118 2723 1170 2750 qua
1188 2715 1318 2741 instructa
1336 2713 1440 2743 forma,
1459 2713 1591 2739 nonsatis
1607 2712 1687 2746 liqui-

896 2763 959 2789 dtttn
969 2765 1021 2789 est.
1037 2760 1238 2794 Nonnunquam
1251 2759 1325 2786 enim
1343 2758 1507 2786 suscitatam
1522 2758 1554 2784 iri
1572 2758 1664 2785 cadent
1677 2778 1685 2789 ,

896 2808 1039 2836 subtiliora
1057 2807 1120 2835 licet
1132 2814 1164 2834 ac
1178 2805 1362 2842 splendidiora
1375 2826 1383 2839 ,
1399 2806 1508 2833 asserit.
1536 2803 1614 2832 Velut
1639 2805 1686 2833 lib.

949 2903 969 2920 ¹⁸
984 2903 1073 2931 l'snlm
1099 2910 1141 2937 xv,
1159 2902 1200 2931 l‘J.
1241 2902 1261 2918 "'
1276 2902 1344 2931 Cen.
1366 2909 1405 2935 nt,
1425 2900 1463 2928 l9.
