1912 3079
56 199 102 228 939

448 198 737 226 OHIGENIANORUM
759 197 822 225 LIB.
844 197 874 229 Il,
895 196 970 224 CAP.
993 194 1024 227 ll,
1044 193 1181 228 QUIEST.
1202 193 1248 222 lx.

1608 191 1659 218 990

56 258 89 284 tio
100 257 143 284 lib.
159 263 186 284 tv
201 255 276 284 Thes.
297 257 401 283 ori/nul.
419 256 478 288 lid.,
501 257 598 283 haeres.
613 250 688 290 xxxi,
703 266 754 292 qua
769 256 830 285 Ori-
844 258 867 286 Α
882 256 966 288 ttitur,
987 262 1037 281 nec
1054 254 1171 288 pondere
1194 255 1388 287 prrgravatur,
1406 255 1432 277 et
1457 257 1505 283 pro
1528 249 1659 280 locorum,

55 302 123 337 genis
144 303 300 329 sententiam
327 302 367 329 his
385 302 495 336 exponit
519 303 618 336 verbis,
647 303 723 338 juxta
753 303 826 332 Petri

56 347 146 375 Morelli
165 348 410 382 interpretationem
425 356 432 374 :
452 356 461 373 t
477 347 581 382 Corpus
595 349 645 376 hoc
653 348 828 384 quoinvolvi-

56 402 116 423 mur.
140 393 342 420 resurrectionis
371 393 441 420 illius
468 394 510 420 die
538 402 589 421 non
614 399 747 429 resurget,
772 395 820 422 sed

56 439 162 464 humana
176 442 278 464 tantum
291 438 389 470 fortna,
404 445 458 472 qua
477 437 576 465 Paulus
589 438 657 466 forte
671 439 712 466 vel
733 439 828 466 Petrus

55 483 232 518 dignoscitur;
266 488 346 518 alque
379 485 448 511 adeo
480 484 634 512 extrinseca
670 484 714 511 illa
743 484 826 518 ﬂgura

56 533 180 563 resurget,
202 536 262 563 quae
275 529 324 556 sub
346 529 432 557 forma
448 537 555 564 quoque
580 530 826 565 comprehenditur.

56 577 131 603 Porro
146 575 294 608 subjectum
313 575 411 610 ipsum,
425 576 481 604 sive
497 583 607 611 corpus,
622 576 827 610 haudquaquam

56 623 119 649 idem
145 622 285 648 manebit:
305 621 460 649 Seminatur
479 622 551 649 enitn
577 630 670 656 corpus
693 622 825 654 animale,

54 667 131 701 inquit
145 667 287 702 Apostolus
302 667 336 700 '7,
353 675 447 701 corpus
459 668 596 702 spirituale
612 668 733 702 resurgit.
757 667 828 700 Qua-

54 716 156 746 propter
182 719 296 738 necesse
321 716 375 743 est,
406 717 436 739 ut
465 712 691 741 resurrectionem
718 712 744 740 in
771 713 826 740 sola

55 758 133 784 forma
149 757 267 784 fttturatn
290 765 448 792 speremus;
475 757 501 785 in
533 758 654 793 subjecto
685 765 749 785 vero
774 765 826 785 non

54 804 120 830 item.
135 812 145 829 ι
166 803 248 830 Addit
272 803 368 831 deinde
394 804 504 831 Nicetes
517 805 680 832 sententiam
694 811 771 831 suam
793 804 828 832 de

55 849 244 877 resurrectione
254 858 267 875 ιι
283 849 431 878 Platouieis
444 849 586 885 Origenem
602 851 756 886 accepisse;
772 856 828 878 trav

54 895 110 921 dere
122 900 210 922 autent
227 895 287 922 illos
303 896 400 930 duplex
421 895 483 923 idoli
502 903 587 931 genus
603 897 701 923 animat
721 897 827 924 unicui-

880 302 906 328 in
926 301 1024 336 quibus
1040 298 1158 326 futurum
1173 303 1225 330 est,
1242 298 1373 324 varietate
1390 295 1546 322 mutabitur.
1560 304 1569 320 ι
1590 294 1658 321 Tum

878 346 929 373 sibi
948 343 1048 372 Christi
1063 342 1287 370 resurrectionem
1302 341 1424 376 opponit,
1447 344 1475 366 et
1499 339 1659 366 suscitatam

877 390 935 424 ejus
963 397 1071 424 corpus,
1098 394 1186 419 stans,
1207 386 1362 418 ambulans,
1391 385 1485 416 latere,
1516 384 1659 416 manibus,

878 435 1015 467 carnibus,
1031 434 1136 462 ossibus
1152 433 1314 460 instructum
1330 439 1338 458 :
1355 432 1401 459 sed
1417 431 1468 457 alia
1484 430 1584 458 virtute
1600 429 1659 464 pul-

877 482 933 509 lere
947 488 1044 516 corptts
1059 479 1213 515 respondet.
1225 478 1297 514 quod
1308 479 1341 505 de
1357 477 1407 504 viri
1428 478 1530 504 semine
1542 483 1659 504 concre-

878 531 934 553 tum
951 533 1004 552 non
1023 529 1075 557 est,
1100 532 1132 551 ac
1158 528 1249 551 nostra
1266 529 1399 557 corpora;
1425 525 1452 548 et
1478 521 1532 548 tale
1557 521 1662 548 idcirco

877 571 1035 606 apparuisse
1059 568 1160 596 Christi
1181 575 1289 602 corpus,
1312 576 1322 593 ι
1350 571 1379 593 ιιι
1398 565 1582 593 dubitantibus
1597 572 1662 599 apo-

877 618 955 646 stolis
969 617 1047 643 ﬂdem
1064 615 1164 642 faceret
1177 613 1400 645 resurrectionis;
1421 622 1429 638 I
1443 619 1551 639 aereum
1573 616 1660 638 tamen

877 666 903 690 et
920 660 1060 695 spirituale
1077 660 1170 691 fuisse,
1185 659 1297 694 utquod
1312 657 1411 686 clausis
1424 657 1502 684 ostiis
1513 656 1661 691 ingressum

877 708 922 740 sit,
938 712 964 734 et
979 707 1005 734 in
1021 706 1152 733 fractione
1163 705 1238 739 panis
1255 713 1288 731 ex
1307 704 1393 731 oculis
1409 703 1559 730 evanuerit.
1576 702 1661 735 Quam

879 752 1093 787 responsionem,
1112 759 1146 778 ac
1167 751 1297 784 reliquam
1319 750 1383 776 item
1405 749 1530 782 Origeuis
1545 748 1664 782 disputa-

879 799 979 826 tionem
1003 797 1092 824 valide
1115 797 1141 823 itt
1172 795 1351 830 sequentibus
1382 794 1560 828 Hieronymus
1579 801 1664 828 oppu-

878 848 951 879 gnat.
967 842 1005 870 Ac
1022 842 1104 874 idetu,
1117 849 1179 868 cum
1201 841 1254 868 sibi
1274 841 1370 868 fuisset
1382 840 1564 875 propositum,
1584 848 1664 867 accu-

879 894 939 916 rate
952 895 1058 923 qnoque
1073 887 1199 914 dissolvit
1212 886 1378 922 Augustinus
1392 886 1471 921 epist.
1486 885 1532 918 49.
1552 887 1584 912 ad
1598 886 1665 913 Deo-

55 947 101 974 que
113 941 248 968 adlnerere
263 951 270 975 ;
286 942 359 969 aliud
372 941 406 968 ab
416 947 518 970 :eterno
531 941 554 969 ei
573 942 719 975 adnexum,
737 943 826 978 spleu-
845 932 866 959 Β
880 934 993 970 εηιίκε-

55 987 136 1014 didunt
148 992 174 1014 et
187 988 296 1020 lucens;
310 988 422 1015 alterum
434 988 563 1020 crassius,
577 988 681 1023 ipsique
694 997 726 1016 ex
739 993 828 1016 astro-

57 1040 107 1058 rum
130 1032 309 1067 dispositioue
338 1033 575 1066 circumpositum;
606 1034 668 1061 huic
694 1034 827 1062 deteriora

56 1078 144 1105 auium:
170 1079 273 1110 munia,
303 1078 341 1105 illi
368 1080 555 1113 pra-stantiora
581 1079 827 1115 deberi2separari

57 1123 112 1150 illud
124 1132 316 1159 nonnunquam
330 1125 364 1151 ab
385 1125 472 1152 anitna
487 1133 600 1159 corpore
613 1126 744 1158 exsoluta,
757 1131 784 1153 et
794 1125 827 1153 ad

57 1169 185 1203 pristinam
197 1173 290 1198 sedem
310 1171 450 1198 revelare:
467 1171 519 1198 hoc
537 1172 570 1198 ab
593 1172 636 1198 illa
657 1171 724 1198 solvi
740 1172 827 1199 neuti«

57 1223 128 1249 qttatn
143 1223 230 1250 posse,
246 1215 294 1242 sed
314 1215 339 1242 lll
357 1215 472 1248 Orcum,
493 1215 534 1242 vel
555 1216 627 1244 inter
654 1217 743 1244 sidera
770 1221 830 1251 post

59 1266 161 1287 mortem
187 1262 275 1289 abire.
296 1261 399 1294 Quibus
424 1261 459 1288 ita
484 1262 613 1295 expositis
639 1262 696 1289 haec
720 1262 828 1289 demum

58 1306 182 1341 subiungit
197 1316 202 1333 :
218 1316 226 1331 ι
242 1306 335 1340 Itaque
355 1306 496 1341 Origenes,
521 1311 550 1332 ut
577 1314 634 1333 mea
651 1307 761 1341 quidem
777 1306 829 1333 fert

58 1353 191 1382 sumentis,
206 1360 269 1378 cum
287 1351 404 1378 animatn
425 1351 497 1379 idolo
513 1352 664 1385 bnjusmodi
683 1352 829 1385 vestiisset,

57 1398 119 1430 quod
133 1397 258 1431 proprias
275 1398 414 1428 actiones,
441 1398 544 1431 sibique
561 1397 693 1426 involutas
710 1398 829 1424 circum-

58 1441 141 1475 ferret,
153 1442 208 1470 fore
218 1442 348 1475 subjecit,
361 1447 389 1468 ut
405 1451 455 1468 una
466 1450 526 1469 cum
541 1443 592 1469 hoc
608 1442 651 1469 illa
667 1447 829 1478 resurgeret,

58 1487 190 1522 futuraque
216 1488 320 1522 judicio
343 1488 533 1521 snbjiceretnr,
555 1495 607 1522 qua
628 1489 653 1514 in
682 1496 711 1515 re
737 1493 831 1523 gentes

59 1541 161 1567 prorsus
176 1534 316 1566 imitatur;
332 1534 454 1560 mortalis
476 1539 566 1560 autent
587 1534 722 1569 tacluique
747 1541 830 1569 expo-

59 1579 102 1609 sita
116 1586 177 1606 caro
191 1578 322 1606 deﬂueret
341 1583 423 1614 atque
435 1583 617 1606 evanesceret.
634 1588 642 1604 ι

91 1623 202 1652 Ulterius
217 1624 300 1651 etiam
316 1625 372 1651 abit
388 1632 582 1659 nonnunquam
603 1624 743 1659 Origenes,
756 1632 788 1652 ac
798 1633 832 1652 ne

60 1668 162 1695 lormatn
176 1670 287 1704 quidem
302 1670 388 1704 ipsam
404 1674 431 1696 et
447 1669 559 1703 ﬂguratn
575 1669 734 1702 corporibus
750 1671 833 1697 susci-

61 1715 140 1742 tandis
159 1715 324 1742 itthmsttram
345 1715 517 1749 pronuntiat;
541 1720 568 1742 et
585 1716 834 1749 quemadtnmlume

60 1767 136 1792 grano
149 1760 231 1788 tritici
248 1761 321 1795 spica
341 1760 428 1795 surgit
448 1768 533 1795 grano
557 1761 701 1791 absitnilis.
731 1768 780 1788 nec
799 1768 832 1788 ex

61 1804 105 1832 hoc
120 1806 212 1832 transit
236 1806 263 1832 in
282 1805 354 1832 illam
367 1805 512 1840 quidquam
538 1806 621 1838 aliud,
638 1811 735 1840 praeter
752 1805 835 1833 ratio-

61 1858 114 1877 nem
125 1852 248 1885 seminis,
265 1859 312 1879 seu
327 1852 534 1888 σπινθηρισμὸν,
551 1852 585 1878 ita
605 1852 711 1885 corpori
730 1856 835 1878 tnorttto

61 1897 143 1925 inesse
151 1906 256 1929 semen,
268 1899 337 1931 quod
348 1898 510 1933 germinabit
519 1898 663 1924 novissima
676 1901 836 1932 personante

62 1943 129 1974 tuba,
141 1950 167 1970 et
180 1943 252 1969 aliud
269 1944 301 1970 de
316 1951 345 1970 se
361 1951 460 1978 corpus
476 1943 562 1970 dabit.
580 1943 650 1970 Fuse
663 1943 719 1969 ha-c
734 1942 837 1970 edisse-

61 1988 92 2014 rit
107 1988 284 2025 Hieronymus
301 1990 326 2016 in
341 1990 453 2024 epistola
468 1990 598 2016 adversus
614 1989 743 2016 Joannem
758 1987 836 2015 Jcroo

60 2033 258 2068 solymitauutn,
272 2039 300 2062 et
316 2035 460 2069 Origeuent
472 2034 512 2061 sic
528 2033 631 2060 ittducit
645 2034 836 2067 disputantem,

60 2087 114 2113 cap.
129 2080 145 2107 8
162 2087 168 2106 :
186 2090 196 2106 ι
209 2081 278 2108 Cum
295 2085 385 2106 autem
406 2079 499 2113 jutlit-ii
517 2079 576 2106 dies
592 2078 740 2109 advenerit.
760 2081 788 2103 et
810 2076 837 2104 in

60 2133 121 2153 Voce
138 2127 305 2161 archangeli,
329 2131 356 2153 et
371 2127 396 2152 in
413 2125 559 2152 novissima
577 2114 639 2152 tulat
657 2124 678 2140 ⁸⁸
699 2123 839 2150 tretnuerit

62 2176 139 2204 terra,
153 2173 335 2199 tttovelntntttr
344 2171 436 2198 statim
449 2170 564 2202 semina,
577 2176 603 2197 et
617 2170 642 2196 in
655 2173 754 2203 puncto
765 2169 839 2196 hora:

61 2224 177 2244 mortttos
191 2218 383 2252 germinabuut
397 2226 404 2243 :
421 2224 472 2243 non
496 2220 585 2242 tamen
604 2216 712 2242 easdem
731 2221 837 2245 carnes,

62 2271 108 2290 nec
126 2264 152 2290 in
174 2264 206 2290 iis
223 2263 318 2290 formis
334 2262 490 2298 restituenj,
505 2268 565 2296 qua:
579 2261 697 2287 fuerunt.
714 2269 723 2286 ι
747 2259 840 2294 Capite

62 2307 155 2336 deinde
170 2308 307 2343 sequenti,
326 2308 362 2334 ita
376 2307 530 2343 loquentem
548 2307 623 2341 lingit
639 2305 838 2337 Adamantium,

60 2354 178 2384 ossium.
205 2353 344 2387 sanguinis
383 2360 415 2379 ac
461 2352 642 2378 membrorum
674 2350 838 2385 singulorum

62 2399 199 2432 repudiata
228 2398 427 2426 resurrectione
442 2405 449 2424 :
465 2406 474 2422 t
489 2396 565 2424 Nunc
598 2396 685 2424 oculis
707 2397 839 2428 videtnus,

62 2444 167 2471 auribus
181 2445 317 2477 attdituns,
335 2443 460 2471 manibus
475 2443 579 2478 agimus
593 2463 601 2474 ,
616 2443 729 2477 pedibus
744 2442 840 2468 ambu-

63 2489 145 2517 lamus
156 2498 164 2522 ς
177 2491 204 2517 itt
226 2491 272 2517 illo
286 2495 377 2517 autern
392 2497 509 2524 corpore
524 2488 657 2524 spirituali
673 2488 721 2515 toti
738 2488 840 2514 videbi-

63 2543 128 2568 mus,
142 2537 190 2563 toti
208 2537 359 2568 audietntts,
381 2537 429 2563 toti
449 2536 633 2571 operabimur,
653 2535 701 2561 ιοιὶ
717 2534 841 2560 ambula-

62 2580 158 2614 bitnus,
174 2587 201 2608 et
220 2582 418 2616 trnm/igurabit
431 2581 557 2608 Dominus
575 2589 668 2613 corpus
687 2579 845 2606 humilitatis

64 2632 155 2653 nostra:
174 2627 309 2659 conforme
330 2627 435 2660 corpori
462 2626 591 2653 claritatis
613 2633 668 2652 sua:
693 2624 785 2660 gloria:
811 2624 843 2650 ".

64 2670 173 2702 Quando
210 2672 279 2698 dixit
292 2691 300 2702 ,
322 2671 536 2706 transtignrabil,
561 2671 586 2697 id
607 2675 649 2697 est
668 2677 845 2705 μετασχημα-

63 2715 139 2748 τίσει,
156 2719 338 2743 membrorum
360 2717 457 2751 quibus
481 2723 552 2742 nunc
567 2717 680 2747 utimur,
701 2715 844 2742 diversitas

65 2760 220 2795 denegatur.
240 2761 319 2788 Aliud
338 2761 414 2788 nobis
430 2761 551 2795 spiritale
570 2765 597 2787 et
614 2759 760 2787 aithereum
781 2767 844 2793 pro-

66 2807 188 2839 mittitur,
204 2809 274 2840 quod
289 2814 339 2834 nec
355 2807 437 2834 tactui
455 2806 577 2839 subjacct
587 2825 595 2838 ,
617 2813 667 2833 nec
682 2805 769 2833 oculis
781 2813 843 2832 cer-

94 2892 112 2906 "
128 2892 136 2918 I
149 2892 212 2920 Cor.
225 2899 268 2925 xv,
283 2892 327 2920 Η.
367 2893 387 2908 ’⁸
402 2892 516 2920 lTltcss.
528 2900 562 2923 tv,
575 2891 617 2919 l5.

916 979 1023 1007 Erroris
1036 983 1109 1006 certe
1132 977 1202 1004 illius
1220 981 1297 1004 notas
1317 975 1435 1010 reperire
1454 975 1515 1002 licet
1535 974 1562 1001 ιιι
1585 973 1664 1002 (ἔοι-ι-

880 1025 1010 1053 menlario
1024 1024 1148 1058 Origenis
1163 1023 1197 1049 ad
1210 1024 1304 1057 psalm.
1318 1031 1337 1053 t,
1355 1030 1414 1057 pag.
1429 1021 1491 1054 55-3,
1506 1021 1568 1051 556,
1584 1028 1664 1054 quem

881 1071 909 1098 itt
924 1071 1060 1105 epitomen
1076 1069 1215 1097 contraxit
1230 1067 1391 1095 Methodius.
1410 1067 1446 1094 lhi
1463 1066 1561 1101 qttippc
1577 1066 1665 1092 locum

882 1116 984 1144 Ezeclt.
1011 1124 1073 1150 cap.
1101 1121 1212 1143 xxxvtl.
1243 1121 1298 1148 quo
1330 1112 1427 1140 futura:
1461 1112 1665 1138 resurrectionis

882 1162 1038 1197 mysteritttn
1065 1160 1220 1195 planissime
1240 1159 1373 1194 aperitur,
1401 1159 1427 1185 in
1447 1158 1529 1185 alium
1555 1165 1664 1185 sensqu

882 1208 1039 1242 detorquet;
1063 1213 1124 1233 natu
1148 1204 1233 1232 aridis
1251 1203 1305 1230 illis
1329 1204 1446 1234 ossibus,
1471 1203 1595 1230 acerbam
1617 1201 1664 1227 .lu-

882 1255 1000 1282 diuorum
1018 1253 1202 1287 captivitatem
1230 1251 1318 1277 notari
1343 1255 1439 1285 putat,
1467 1256 1527 1284 qtae
1552 1256 1665 1282 corpora

882 1308 963 1327 succo
976 1300 1105 1335 exhausta
1123 1297 1208 1325 macie
1228 1297 1445 1328 delormaverat;
1467 1301 1665 1322 resurrectione

882 1352 984 1378 ann-tn,
1001 1345 1151 1373 libertatem
1163 1343 1329 1375 Jndaaorum,
1344 1351 1403 1377 qua:
1418 1343 1443 1369 lll
1461 1341 1603 1377 pristinum
1617 1348 1666 1367 eus

883 1397 994 1423 statuat,
1019 1396 1045 1419 et
1066 1391 1200 1425 integrum
1217 1397 1249 1416 ac
1263 1389 1381 1416 vividum
1403 1387 1524 1422 corporis
1546 1386 1666 1414 habitum

883 1443 940 1466 erat
966 1437 1132 1464 rcslitutura.
1155 1435 1214 1462 Alio
1231 1435 1322 1461 itidem
1345 1433 1461 1461 deﬂectit
1482 1432 1546 1460 illttd
1571 1431 1665 1458 Matth.

885 1490 945 1516 vni,
963 1482 1006 1514 l2,
1026 1491 1035 1507 ‹
1048 1481 1085 1509 lbi
1101 1481 1152 1509 erit
1167 1480 1245 1508 ﬂetus
1264 1485 1292 1507 et
1314 1480 1414 1508 stridor
1427 1479 1560 1510 dentium,
1573 1489 1583 1504 ο
1601 1477 1667 1504 alia-

884 1536 936 1562 que
962 1528 1105 1562 ejustnodi,
1128 1528 1227 1561 quibus
1251 1534 1364 1562 corpora
1390 1529 1576 1552 resurrectura
1606 1530 1668 1550 es»:

884 1575 1044 1606 conficitur;
1068 1582 1119 1600 nec
1140 1574 1175 1601 ibi
1204 1573 1311 1600 fulttros
1335 1573 1428 1600 dentes
1451 1571 1605 1606 respondet,
1622 1569 1666 1595 ubi

885 1621 975 1647 ttulltts
1001 1620 1122 1647 dentittttt
1147 1627 1211 1646 usus
1242 1618 1350 1646 futurus
1374 1622 1431 1649 est;
1457 1621 1485 1643 et
1511 1622 1667 1649 corpoream

884 1665 957 1692 illam
970 1665 1088 1698 speciem
1105 1667 1239 1689 mtttatum
1254 1662 1287 1688 iri
1300 1670 1307 1692 ;
1326 1668 1375 1689 nec
1388 1660 1501 1694 pritnam
1517 1657 1668 1687 tuatui-iatn,

884 1718 964 1744 quattt
978 1709 1100 1736 eamdem
1111 1715 1172 1735 esse
1186 1714 1257 1742 sa‘pe
1270 1707 1336 1734 dicit
1350 1714 1381 1733 ac
1397 1713 1508 1739 corpus,
1524 1703 1578 1730 ullo
1590 1702 1668 1728 tnodo

884 1760 1100 1783 resttrrecturam
1113 1762 1120 1785 ;
1135 1754 1167 1780 ad
1180 1754 1260 1787 idque
1275 1751 1350 1786 grani
1365 1756 1392 1778 et
1406 1750 1488 1784 spica;
1503 1747 1666 1782 exetnphnn,

884 1809 939 1836 quo
956 1808 1020 1828 usus
1037 1798 1243 1834 estApostolus,
1257 1795 1454 1824 accommodat.
1467 1795 1551 1822 Totuo
1562 1800 1668 1828 quoque

886 1854 942 1873 xvtt
963 1846 990 1872 in
1015 1844 1126 1875 Matth"
1152 1850 1226 1870 num.
1248 1843 1282 1869 50
1300 1846 1327 1869 et
1351 1841 1396 1873 55,
1424 1842 1456 1867 de
1483 1840 1631 1874 qumstionc
1653 1846 1667 1864 a

888 1891 1043 1919 Sadduczeis
1064 1888 1224 1924 Sospitatori
1241 1888 1378 1923 proposita
1405 1893 1486 1920 agens
1505 1884 1670 1918 genitalibus

886 1938 1004 1965 caritura
1018 1936 1137 1963 decrevit
1151 1942 1264 1969 corpora
1282 1934 1307 1960 in
1324 1932 1406 1963 coelo,
1423 1931 1495 1966 quod
1511 1931 1544 1957 ibi
1564 1930 1670 1965 genita-

887 1984 952 2011 lium
971 1990 1036 2009 usus
1048 1981 1197 2008 abolendus
1221 1979 1268 2006 sit.
1288 1978 1341 2005 Sed
1357 1981 1384 2004 et
1399 1984 1432 2003 ex
1455 1977 1508 2003 line
1525 1975 1584 2001 libri
1600 1982 1617 2001 II
1635 1974 1671 2000 lle

886 2027 997 2063 princip.
1023 2025 1101 2053 affert
1118 2025 1188 2052 hunc
1213 2023 1301 2050 locum
1325 2021 1504 2056 Hieronymus
1526 2020 1605 2053 epist.
1625 2020 1671 2050 59,

888 2073 922 2099 ad
940 2071 1013 2098 Avit.
1026 2089 1034 2103 ,
1054 2077 1115 2104 cap.
1140 2069 1178 2096 Ξῖ
1195 2068 1336 2100 «Cumque
1359 2067 1385 2093 ιιι
1406 2071 1510 2092 tantum
1527 2064 1672 2098 profeceri-

889 2125 963 2150 mus,
977 2122 1006 2143 ut
1023 2122 1192 2150 nequaquam
1207 2120 1303 2140 carnes
1315 2117 1340 2139 el
1356 2118 1487 2146 corpora,
1514 2110 1625 2136 forsitan
1640 2116 1672 2135 ne

889 2164 988 2190 anima:
1002 2163 1110 2197 quidem
1138 2160 1279 2192 fuerimus,
1301 2159 1349 2186 sed
1375 2165 1450 2184 tuens
1474 2162 1501 2184 et
1524 2163 1620 2183 sensus
1639 2155 1672 2181 ad

890 2209 1039 2244 perfectum
1052 2207 1175 2238 veniens,
1190 2205 1316 2239 nulloque
1331 2203 1561 2238 perturbationum
1583 2201 1674 2227 nubilo

890 2255 1021 2290 caligatis,
1057 2253 1208 2280 intuebitur
1231 2250 1406 2278 rationabiles
1440 2247 1675 2282 intelligibilesque

892 2298 1060 2327 substantias
1082 2298 1152 2324 facie
1167 2296 1200 2323 ad
1218 2296 1324 2323 faciem.
1337 2303 1347 2320 ι
1374 2295 1439 2327 Quae
1457 2294 1496 2321 sic
1517 2293 1677 2326 depravat‘it

892 2353 942 2372 suo
961 2352 1037 2371 more
1061 2343 1172 2370 Rufinus
1187 2351 1195 2368 :
1209 2351 1218 2367 ι
1235 2342 1266 2368 ιιι
1279 2343 1315 2368 ita
1341 2348 1469 2368 crescens
1495 2347 1543 2374 per
1571 2339 1675 2374 singula

893 2390 1063 2418 rationabilis
1079 2393 1187 2420 natura,
1202 2395 1255 2414 non
1265 2386 1336 2414 sicut
1351 2386 1377 2412 in
1394 2393 1477 2412 carne
1496 2384 1537 2411 vel
1551 2390 1676 2418 corpore,

893 2441 920 2464 et
935 2436 1024 2463 anima
1040 2435 1066 2461 in
1081 2435 1132 2461 hac
1150 2434 1205 2460 vita
1221 2432 1373 2463 crescebat,
1388 2432 1435 2458 scd
1450 2434 1539 2457 mente
1550 2437 1582 2455 ac
1597 2436 1676 2455 sensu

893 2488 971 2509 aucta
989 2482 1022 2507 ad
1037 2480 1184 2514 perfectam
1201 2479 1364 2510 scientiam,
1387 2485 1463 2503 mens
1482 2477 1536 2509 jam
1559 2474 1677 2509 perfecta

894 2528 1066 2564 perdttcitttr,
1085 2533 1254 2560 nequaquam
1278 2526 1332 2559 jaut
1353 2525 1423 2551 ultra
1447 2523 1505 2550 istis
1522 2520 1679 2549 carnalibus

897 2574 1022 2602 sensibus
1038 2573 1180 2606 impedita,
1202 2571 1247 2598 sed
1261 2569 1487 2598 intellectualibns
1504 2566 1679 2594 incrementis

897 2623 985 2651 aucta,
998 2624 1105 2652 semper
1118 2618 1150 2643 ad
1162 2624 1269 2651 purtnn,
1280 2621 1317 2647 et,
1334 2620 1363 2641 ut
1376 2615 1411 2641 ita
1424 2613 1548 2645 dixerim,
1561 2611 1628 2638 facie
1644 2611 1678 2637 ad

897 2665 992 2692 facient
1017 2671 1105 2690 rerum
1136 2670 1235 2690 causas
1259 2662 1413 2695 inspiciens.
1428 2670 1438 2685 ι
1465 2658 1583 2691 Denique
1609 2656 1679 2683 libro

896 2719 912 2737 v
937 2716 1028 2737 contra
1050 2709 1131 2740 Cels.,
1163 2716 1237 2734 num.
1264 2707 1307 2739 l9,
1330 2711 1439 2742 propter
1462 2704 1637 2739 tnigrationes
1662 2710 1679 2729 e

897 2756 956 2784 loco
974 2756 999 2783 lll
1015 2756 1101 2782 locum
1118 2755 1278 2789 corporibus
1304 2760 1352 2780 nos
1375 2760 1442 2787 opus
1459 2752 1560 2778 ltab‘ere
1580 2751 1679 2782 docet;

898 2805 924 2832 id
938 2809 1026 2832 autent
1044 2809 1146 2834 certam
1161 2810 1214 2830 non
1235 2802 1373 2836 requirere
1392 2801 1507 2836 partium
1520 2799 1680 2835 posituram,

658 2892 678 2907 "
688 2890 783 2926 Philip.
803 2890 894 2923 "1,21.
