1912 3079
38 121 88 148 993

470 120 756 151 ORIGENIANORUM
778 123 841 152 LIB.
861 124 892 156 ll,
914 124 991 152 CAP.
1013 124 1043 158 il,
1061 125 1203 159 QUAEST.
1225 125 1271 152 IX.

1627 127 1679 157 994

39 179 154 214 ponebat
174 180 341 216 ἐξομοίωσιν
357 181 396 217 τῷ
419 181 489 217 Θεῷ,
510 183 592 210 Deum
617 188 707 210 autem
725 191 827 218 corpori

891 184 971 211 siuml
992 190 1020 212 et
1035 185 1118 213 semel
1135 194 1142 212 :
1158 192 1211 212 non
1227 186 1315 220 prlnta
1332 184 1486 219 iustorum.
1509 191 1537 214 et
1561 189 1680 215 secunda

38 228 101 254 licet
114 231 262 255 carentem
276 248 283 260 .
307 228 394 256 forma
410 230 520 264 globosa
541 230 683 264 praeditum
698 230 836 265 ﬁngebat,

38 274 274 309 quemadmodum
291 280 318 302 et
334 275 526 311 Xenophanes.
537 282 566 303 ιιι
581 281 624 303 est
639 277 709 311 apud
726 277 838 304 Cicero-

39 327 98 347 nent
110 326 137 346 tv
156 319 340 352 Academ.,et
360 320 501 348 Laertium
525 322 552 348 in
571 319 695 352 Platone,
707 326 734 348 et
747 320 838 347 Xeno-

39 367 122 399 phane
150 374 160 392 :
195 373 231 393 ac
265 367 378 401 proinde
404 368 503 396 animis
524 367 604 395 linem
629 375 707 395 suum
733 368 837 402 adeptis

39 411 202 447 spltatricam
218 412 334 439 formam
357 413 476 440 tribuere
494 413 652 448 cogebatur.
672 412 725 439 Sed
742 411 838 439 lliero-

41 464 136 492 nymus
150 458 236 492 cpist.
262 457 307 488 59.
331 459 364 484 ad
379 458 465 489 Avit..
488 466 547 493 cap.
564 459 598 491 5.
617 460 697 485 verba
711 458 836 493 Origenis

39 504 134 530 recitat
151 511 169 530 e
195 503 270 531 libro
290 511 320 531 ιιι
342 504 410 538 Περὶ
438 504 550 539 ἀρχῶν,
569 513 629 540 cap.
650 504 688 537 6,
712 513 787 531 ιιιιιιι.
809 505 834 537 ι,

39 553 135 587 quibus
146 553 278 581 homines
301 555 340 581 ait
358 562 472 589 corpora
492 555 595 582 idcirco
611 556 794 590 deposituros.
807 563 835 583 ιιι

39 599 90 625 Deo
106 598 215 626 similes
238 600 294 626 sint
308 620 316 632 ,
339 600 416 635 juxta
442 601 506 628 illud
525 600 683 629 Servatoris
706 602 752 629 ’°:
772 612 781 628 r
801 602 835 630 Ut

38 646 175 679 quomodo
189 652 244 680 ego
259 650 286 672 et
301 650 327 672 tu
343 654 426 673 unum
435 655 542 681 sumus,
558 648 599 675 sic
614 652 641 674 ct
655 648 698 675 isti
714 648 738 675 in
757 649 835 675 nobis

39 698 120 718 unum
137 691 206 718 sint.
233 701 245 718 ι
263 691 376 719 Deutuut
393 692 433 719 sit:
449 694 487 720 ait
504 702 512 720 :
531 703 540 719 ι
559 693 580 720 Ε
594 694 698 721 duobtts
718 694 834 721 alterunt

39 737 173 772 suscipere
189 737 325 773 cogimur,
341 743 368 765 ιιι
383 744 429 766 aut
441 739 617 773 desperemus
629 740 834 768 similitudinem

40 783 94 816 Dei,
108 783 131 810 si
144 785 245 811 eadem
268 791 377 818 seraper
387 792 482 812 sumus
494 793 609 820 corpora
637 787 772 820 habituri;
790 792 835 814 aut

39 829 60 856 si
75 829 218 856 beatitudo
238 829 319 856 nobis
336 828 457 862 ejusdem
469 838 530 858 cum
545 831 601 858 Deo
619 831 681 858 vitzc
694 833 833 866 promitti-

889 235 1072 264 peccatorum,
1097 235 1125 258 ut
1153 231 1242 258 fabula
1265 235 1308 258 est
1327 231 1543 267 somniatorum,
1562 233 1609 261 sed
1629 241 1682 260 una

887 276 1022 303 omnium.
1044 286 1054 302 ι
1074 276 1148 304 Hanc
1171 282 1261 304 autem
1276 276 1337 304 fore
1359 278 1517 313 resurgeudi
1546 279 1680 307 rationem

888 321 985 348 definit
1000 322 1150 357 Origenes:
1164 330 1384 358 unumquemque
1404 330 1485 358 prout
1503 332 1563 353 sese
1580 326 1607 353 iu
1624 326 1679 353 vita

889 368 1016 402 gesserit.
1031 369 1149 396 crassius
1164 369 1326 397 subtiliusve
1339 377 1353 396 a
1370 369 1424 397 Deo
1441 378 1542 406 corpus
1553 376 1678 406 acceptu-

889 421 958 440 rum.
977 422 986 439 I
1008 414 1089 446 Sane,
1103 424 1113 441 ι
1137 414 1226 449 inquit
1238 414 1283 441 lib.
1297 422 1316 441 ll
1335 415 1373 442 De
1389 422 1543 448 resurrect.,
1556 425 1617 452 pag.
1631 417 1678 450 δι,

893 469 902 484 ι
926 460 1015 494 qualis
1038 459 1121 487 fuerit
1146 460 1361 495 uniuscujusque
1387 463 1548 496 przeparalio
1574 463 1600 490 itt
1628 464 1678 490 hac

887 506 954 538 vita,
969 506 1029 533 talis
1043 507 1096 533 erit
1107 510 1134 533 et
1155 507 1320 533 resurrectio
1337 507 1408 541 ejus.
1423 508 1473 540 Qui
1498 509 1606 536 beatius
1632 509 1676 536 hic

889 553 1006 584 riserit,
1040 560 1139 587 corpus
1166 551 1225 586 ejus
1254 553 1281 580 in
1313 554 1515 582 resurrectione
1543 555 1678 583 diviniore

886 599 1030 634 splendore
1045 599 1165 634 fulgebit,
1179 604 1208 626 et
1227 601 1289 634 apta
1310 604 1338 626 et
1353 601 1458 626 mansio
1472 600 1614 628 beatorum
1628 601 1677 628 tri-

887 646 984 673 buetur
1003 645 1136 672 locorum.
1157 645 1223 671 lluic
1236 653 1300 672 vero
1319 647 1364 680 qui
1388 647 1414 673 in
1435 646 1536 673 malitia
1553 655 1679 674 CttllSllﬂl-

886 694 972 726 psurit
997 698 1103 727 tempus
1124 692 1176 720 sibi
1198 692 1260 719 vitae
1284 693 1427 726 pratsentis
1448 693 1601 725 indultum,
1624 693 1678 720 tale

885 738 994 765 dabitur
1009 746 1110 773 corpus
1132 738 1204 773 quod
1224 738 1347 766 suilicere
1368 744 1396 766 et
1415 740 1568 774 perdurare
1592 741 1678 774 possit

886 784 911 812 in
927 785 1025 820 pretiis,
1044 795 1054 811 ι
1071 789 1124 812 ete.
1147 785 1284 812 lterantur
1307 785 1402 813 eadem
1421 786 1467 812 lib.
1496 794 1513 813 ιι
1540 787 1608 820 Περὶ
1628 787 1678 821 dp-

885 830 957 865 χῶν,
977 839 1036 866 cap.
1055 831 1083 864 5,
1097 837 1124 858 et
1139 839 1199 866 cap.
1215 831 1259 863 10,
1280 839 1355 858 nom.
1369 831 1397 864 2,
1414 831 1440 864 ὅ,
1456 837 1483 859 et
1501 832 1546 858 lib.
1560 841 1601 864 tu,
1616 840 1675 867 cap.

40 879 90 907 tur,
101 876 196 902 eadem
215 883 270 910 qua
285 875 351 903 vivit
374 875 444 903 Deus
463 876 540 903 nobis
558 865 717 904 conditione
737 877 832 905 viven-
848 865 869 892 Β
884 878 912 908 6,
930 865 1016 904 num.
1028 878 1062 909 4.,
1078 877 1122 904 ubi
1148 865 1181 904 ad
1198 882 1296 904 caetera
1325 878 1391 905 illud
1410 879 1514 912 adjicit,
1534 865 1676 913 postquam

39 921 99 948 dum
119 925 173 947 est.
197 930 207 946 ι
227 919 297 948 Tum
321 921 523 957 Hieronymus:
543 931 552 947 ι
571 921 608 948 Ex
630 923 729 957 quibus
743 923 832 950 omni-

40 969 85 996 bus
102 969 283 1003 approbatur,
308 969 373 1004 quid
402 970 434 996 de
459 970 658 997 resurrectione
680 971 793 998 sentiat.
817 981 827 998 ι

42 1015 118 1041 Deum
135 1014 217 1050 plarte
242 1015 446 1050 incorporeum,
458 1020 488 1042 ut
510 1020 563 1048 est,
591 1016 627 1043 ita
645 1024 706 1044 esse
718 1018 831 1052 putabat

40 1061 168 1095 Origenes
180 1082 188 1094 ,
214 1069 248 1088 ac
279 1062 339 1089 ideo
363 1062 437 1088 ontni
466 1061 550 1097 iigura
568 1070 664 1090 carerc
679 1071 686 1091 :
702 1063 749 1099 qui
764 1071 830 1099 ergo

41 1108 143 1142 globosa
158 1115 277 1143 corpora
294 1108 436 1135 habituras
449 1109 555 1136 animas
574 1109 628 1136 reri
645 1110 744 1144 potuit,
761 1118 830 1145 quas

41 1154 136 1182 similes
160 1154 270 1181 futuras
287 1154 398 1190 putabat
422 1154 476 1181 Deo
490 1175 497 1186 ,
513 1163 594 1189 quem
611 1163 727 1189 corpore
746 1164 778 1183 ac
799 1157 830 1183 li-

42 1208 102 1235 gura
118 1208 215 1228 carere
232 1200 442 1228 arbitrabatur?
454 1201 547 1236 itaque
560 1201 607 1228 lib.
619 1210 635 1228 ιι
651 1201 688 1228 De
702 1202 829 1237 princip.,

42 1253 97 1280 cap.
119 1246 162 1277 l0,
183 1254 263 1273 num.
279 1246 307 1278 2,
333 1247 466 1281 quosdam
489 1247 650 1282 impugnans
664 1248 807 1276 haereticos
820 1269 828 1281 ,

43 1293 83 1326 qui
101 1293 336 1320 resurrectionem
359 1292 480 1320 funditus
503 1293 644 1325 tollebant.
670 1303 679 1320 t
702 1293 829 1329 Require-

43 1347 108 1371 tttus,
123 1339 224 1374 inquit,
242 1340 277 1366 ah
301 1339 351 1371 eis,
365 1340 387 1366 si
404 1344 517 1375 possunt
533 1340 610 1366 nobis
624 1340 755 1375 Spiritalis
771 1349 829 1368 Cor-

43 1386 110 1419 poris
124 1386 250 1413 habitum
263 1386 453 1413 demonstrare
472 1393 553 1421 atque
569 1387 736 1419 describere,
755 1389 827 1422 quod

44 1433 128 1466 utique
146 1432 219 1459 nullo
235 1432 317 1458 modo
337 1434 427 1458 iacere
447 1437 589 1467 poterunt.
612 1441 621 1457 ι
639 1432 719 1460 Vides
734 1433 828 1460 incon-

43 1478 161 1505 stantiam
177 1478 298 1506 houtinis
311 1498 318 1510 ,
333 1478 432 1504 auiutis
445 1477 586 1504 suscitatis
599 1485 713 1513 corpora
733 1479 821 1506 detra-

45 1523 126 1551 hentis
141 1532 351 1560 nonnunquam,
367 1531 560 1557 nonnunquam
576 1522 731 1557 ailingeulis
742 1542 750 1555 ,
778 1531 827 1551 nec

44 1577 87 1602 pro
98 1575 169 1597 certo
182 1570 311 1597 habentis
327 1577 505 1604 ccquaumztm
518 1568 562 1595 illa
573 1568 688 1603 ﬁgurant
702 1568 825 1596 habitura

44 1620 101 1642 smt.

75 1694 107 1721 Χ.
127 1695 229 1723 Scribit
246 1694 378 1728 Origenes
403 1698 469 1721 lout.
497 1699 552 1720 "tl
576 1693 603 1719 in
619 1692 729 1725 Matth”
749 1700 825 1720 num.

45 1740 83 1771 53,
97 1742 231 1768 neminem
255 1749 270 1767 a
289 1741 404 1768 mortuis
417 1739 449 1766 iri
465 1739 640 1770 suscitatum,
662 1739 708 1773 qui
724 1739 751 1766 in
775 1740 827 1766 hac

45 1785 92 1811 vita
113 1793 162 1812 non
176 1786 370 1813 tlecertaverit.
394 1785 482 1811 Verba
500 1786 556 1811 haec
579 1790 641 1810 sunt
661 1793 667 1811 :
689 1785 720 1810 Et
740 1782 786 1811 οὖν
797 1785 827 1811 ὲν

45 1831 74 1865 τῇ
87 1831 264 1866 μακαριότητι
279 1831 304 1858 oi
315 1830 404 1865 γέρως
420 1829 575 1864 ἀξιούμενοι
586 1828 630 1855 διὰ
653 1829 698 1855 τὸν
714 1830 825 1863 ἐνεστη-

45 1875 105 1902 κίηα
127 1877 211 1903 αἰῶνα
227 1878 257 1903 ἐν
278 1873 300 1910 ᾧ
317 1876 407 1908 καλῶς
423 1875 551 1906 ἐϐίωσαν,
567 1876 596 1901 ὲν
610 1875 702 1911 ἐκείνῃ
721 1874 826 1901 ἔσονται.

45 1923 74 1957 τῇ
88 1921 151 1958 ζωῇ.
166 1923 213 1949 καὶ
228 1922 318 1954 οὐδεὶς
335 1921 390 1948 τῶν
414 1921 452 1957 μὴ
479 1920 692 1955 ἀγωνισαμένων
709 1919 827 1947 ἐνταῦθα

45 1968 206 2001 χαταξιοῦται
223 1970 274 2005 τῆς
287 1969 320 1995 ὲκ
330 1968 435 2004 νεκρῶν
450 1967 635 1998 ἀναστάσεως,
651 1966 773 2001 δηλονότι
789 1963 826 1992 ὦν

45 2013 150 2042 ἐνταῦθα
174 2015 219 2042 διὰ
246 2014 352 2050 γένεσιν
382 2014 461 2048 χρεία
487 2011 539 2049 ἦν,
565 2013 650 2040 ταῦτα
680 2013 730 2039 οὐκ
750 2012 826 2038 ἔσται

45 2060 104 2086 ἐκεῖ.
117 2061 189 2094 Quod
203 2062 226 2088 si
239 2061 300 2095 quis
313 2061 420 2096 colliget
444 2060 524 2093 inde,
549 2059 750 2087 resurrectione
768 2059 825 2093 pri-

47 2106 138 2133 vandos
164 2107 263 2142 impios
288 2106 433 2140 Origeuem
460 2105 632 2133 existimasse
648 2124 656 2135 ,
676 2104 784 2134 abunde
803 2104 827 2131 is

46 2158 98 2179 sese
115 2160 129 2178 ιι
143 2152 284 2189 Pamphilo
300 2153 468 2180 confutatam
486 2151 623 2186 intelligat
635 2169 643 2182 ,
660 2149 702 2178 vel
721 2149 756 2176 ab
767 2149 826 2184 ipso

46 2198 125 2228 potius
143 2197 262 2234 Origene
290 2199 317 2226 iu
344 2206 378 2226 eo
404 2198 484 2228 loco.
504 2205 586 2232 quem
606 2204 622 2224 θ
642 2196 713 2224 libro
741 2196 826 2231 ipsius

48 2249 121 2270 uvm
136 2245 162 2271 in
174 2245 277 2273 Isaiam
291 2244 396 2280 profert
412 2243 546 2279 Apologia
558 2247 662 2276 auctor,
674 2250 728 2277 quo
737 2242 826 2276 iustos

46 2293 71 2314 Ct
83 2288 174 2325 impios
185 2300 200 2318 a
224 2291 338 2318 mortuis
349 2290 522 2318 suscitandos
537 2289 676 2321 declarat;
692 2288 826 2323 duplicem

47 2339 127 2363 autem
145 2337 263 2365 futuram
291 2337 544 2368 resurrectionem,
566 2336 683 2370 printaut
710 2334 826 2362 alteram

45 2379 167 2414 iustorum
177 2403 183 2412 .
196 2384 310 2412 alteram
324 2383 472 2412 secundam
491 2382 647 2416 impiorum,
662 2380 742 2415 juxta
759 2381 825 2408 illud

47 2425 149 2458 Joannis
165 2430 278 2466 Apocal.
289 2437 338 2464 xx,
352 2430 369 2457 5
382 2438 389 2456 :
408 2438 417 2455 ι
433 2428 532 2456 Beatus
543 2433 571 2456 et
581 2432 692 2456 sanctus
705 2427 752 2462 qui
778 2428 826 2455 lia-

49 2471 88 2499 ltet
100 2479 198 2508 partem
214 2477 241 2503 in
262 2475 461 2503 resurrectione
483 2474 570 2509 prima
587 2482 593 2501 :
607 2474 634 2501 in
652 2473 695 2501 his
707 2474 825 2501 secunda

50 2525 115 2548 mors
141 2529 192 2550 non
224 2522 308 2550 habet
344 2525 525 2556 potestatem;
546 2529 556 2546 ι
580 2527 633 2547 non
657 2519 695 2547 ita
724 2524 754 2546 ut
780 2519 826 2546 illa

51 2567 160 2599 tempore
171 2567 244 2601 prior
264 2567 300 2594 sit
320 2566 382 2597 ista,
397 2565 445 2593 sed
460 2565 540 2593 modo
558 2570 584 2592 et
599 2564 715 2592 ratione.
730 2564 768 2591 Ex
778 2564 829 2591 hoc

49 2608 113 2636 enini
122 2609 232 2640 Joannis
246 2616 382 2639 commate
393 2611 543 2638 dividenda:
556 2610 765 2639 resurrectionis
784 2617 830 2637 oc-

51 2655 174 2684 casionem
192 2658 339 2692 arripuisse
362 2664 410 2684 eos
429 2655 579 2684 verisimile
602 2661 656 2688 cst,
678 2656 711 2684 de
732 2655 831 2690 quibus

53 2697 194 2731 Gennadius
208 2704 254 2731 lib.
269 2703 308 2730 De
321 2705 451 2738 dogmat.,
467 2710 528 2737 cap.
544 2702 560 2729 6
576 2711 583 2729 z
598 2711 607 2728 ι
628 2701 687 2730 Erit
702 2709 825 2730 resurre-

52 2745 98 2773 ctio
111 2754 273 2778 mortuorum
298 2748 420 2777 omnium
435 2749 588 2781 hominum,
605 2748 653 2776 scd
668 2755 721 2776 una
743 2752 769 2776 ct
783 2748 824 2776 iu-

81 2847 102 2863 ”
113 2847 185 2878 Joan.
199 2859 265 2885 xvu,
281 2851 327 2878 ‘21.
367 2852 387 2866 “
403 2849 472 2879 i‘sal.
489 2857 509 2883 t,
527 2848 554 2876 5.

885 924 953 950 adeo
969 931 1013 950 res
1028 923 1171 955 redierint,
1192 928 1222 950 ut
1230 924 1322 950 omnia
1337 931 1420 950 unum
1432 925 1498 956 sint.
1514 924 1584 952 sicut
1598 924 1678 952 Pater

883 973 910 995 et
925 967 1009 994 Filius
1024 976 1107 995 nnuut
1119 973 1194 1001 sunt,
1211 974 1265 995 tum
1277 968 1424 996 desitnram
1442 969 1513 996 illaut
1530 978 1675 1004 corporum

884 1014 1082 1042 diversitatem.
1107 1014 1174 1042 Cum
1190 1023 1256 1050 ergo
1273 1016 1476 1043 resurrectione
1489 1016 1622 1050 privatum
1642 1017 1674 1044 iri

885 1060 983 1094 impios
1000 1060 1067 1087 dixit
1081 1059 1225 1096 Origenes,
1249 1061 1477 1089 resurrectionem
1496 1061 1569 1088 illam
1596 1062 1662 1090 intel

884 1106 937 1141 Iige
955 1114 1017 1140 quat
1034 1106 1201 1134 damnationi
1219 1106 1375 1141 opponitur.
1389 1106 1425 1133 Ita
1449 1107 1609 1135 Lactantius
1625 1107 1673 1135 lib.

884 1160 919 1180 vn
955 1152 1043 1180 Divin.
1058 1153 1184 1184 ἱιιειὶιιιι..
1199 1161 1258 1188 cap.
1274 1154 1306 1180 21
1325 1162 1354 1179 ιι
1371 1153 1446 1181 Tunc
1462 1161 1577 1188 quorum
1593 1154 1674 1180 fuerit

883 1201 994 1233 probata
1017 1199 1139 1232 justitia,
1165 1199 1181 1225 ii
1208 1200 1347 1233 pra‘mium
1372 1199 1584 1227 immortalitatis
1599 1200 1669 1227 acci-

883 1246 975 1279 pient:
996 1253 1112 1280 quorum
1136 1253 1226 1272 autent
1251 1251 1361 1279 peccata
1384 1251 1412 1273 et
1437 1246 1541 1273 scelera
1567 1246 1672 1274 delerta

882 1290 996 1324 fuerint,
1016 1299 1068 1318 non
1089 1297 1251 1324 resin-gent;
1267 1293 1313 1319 sed
1327 1299 1388 1319 cum
1404 1292 1493 1326 impiis
1518 1292 1545 1318 in
1564 1293 1672 1319 easdem

882 1338 1009 1365 tenebras
1023 1338 1215 1369 recondentnr,
1229 1338 1262 1364 ad
1279 1344 1353 1365 certa
1364 1337 1495 1372 supplicia
1505 1338 1646 1366 destinati.
1660 1349 1670 1365 ι

882 1383 985 1418 Duplici
998 1383 1099 1419 quippe
1125 1385 1204 1410 inodo
1218 1384 1304 1419 accipi
1327 1388 1419 1418 potest
1433 1384 1609 1417 resurrectio,
1631 1384 1672 1411 vel

881 1437 929 1463 pro
949 1430 1037 1456 reditu
1064 1430 1097 1456 ad
1123 1431 1224 1464 ritum,
1247 1435 1275 1457 et
1295 1437 1363 1457 nova
1383 1430 1506 1465 corporis
1526 1437 1559 1457 ac
1573 1431 1672 1457 anima:

879 1476 1086 1510 conjunctione;
1109 1476 1150 1504 rei
1176 1485 1225 1512 pro
1248 1476 1309 1503 vitae
1331 1481 1442 1504 aeterna:
1465 1477 1670 1511 acquisitione:

880 1522 970 1557 priore
987 1522 1067 1549 tnodo
1095 1530 1190 1550 omnes
1219 1523 1344 1550 homines
1361 1530 1394 1550 ex
1417 1531 1496 1557 aequo
1514 1529 1671 1559 resurgunt,

879 1569 1028 1602 posteriore
1044 1569 1112 1604 justi
1134 1569 1277 1596 duntaxat.
1295 1569 1501 1603 Expositioncm
1520 1570 1590 1597 hanc
1605 1578 1671 1597 cou-

879 1614 969 1642 iirmat
997 1614 1066 1642 alter
1082 1615 1210 1649 Origenis
1230 1615 1306 1642 locus
1330 1622 1346 1641 e
1363 1619 1429 1642 lout.
1457 1623 1506 1643 xut
1523 1616 1550 1642 in
1574 1615 1671 1644 Matth.

878 1668 956 1692 xvut,
972 1669 1045 1687 uutn.
1055 1660 1086 1688 2i
1103 1670 1109 1688 τ
1123 1661 1155 1687 Οἱ
1171 1661 1224 1697 γὰρ
1233 1660 1309 1692 ὄντες
1324 1661 1353 1686 ἐν
1366 1660 1406 1694 τῷ
1417 1661 1510 1696 σκήνει
1524 1661 1597 1695 ἅγιοι
1612 1670 1674 1687 στε-

878 1706 988 1738 νάζουσι
1005 1706 1168 1742 βαρούμενοι
1183 1707 1237 1733 ἀπὺ
1251 1706 1298 1732 τοῦ
1314 1706 1365 1740 τῆς
1376 1705 1566 1738 ταπεινώσεως
1580 1705 1672 1741 σώμα-

876 1760 932 1783 τος,
947 1752 993 1777 καὶ
1003 1752 1093 1778 πάντα
1107 1751 1272 1787 πράττουσιν
1289 1751 1333 1777 ἴνα
1348 1751 1418 1783 ἄξιοι
1430 1751 1563 1785 γένωνται
1590 1751 1671 1786 εὐρε-

878 1795 958 1831 θῆναι
977 1797 1006 1822 ἐν
1021 1796 1061 1831 τῷ
1074 1796 1124 1831 τῆς
1141 1796 1316 1827 ἀναστάσεως
1335 1796 1494 1831 μυστηρίῳ·
1515 1796 1561 1823 ὅτε
1588 1804 1671 1831 μετα-

878 1840 1041 1877 σχηματίσει
1056 1843 1069 1868 ό
1079 1842 1144 1873 Θεὸς
1155 1842 1185 1868 οὺ
1201 1842 1310 1869 πάντων
1325 1841 1354 1868 τὺ
1372 1841 1451 1876 σῶμα
1464 1841 1515 1876 τῆς
1536 1841 1671 1869 ταπεινώ-

878 1896 956 1920 σεως,
973 1887 1041 1914 ἀλλὰ
1053 1887 1107 1914 τῶν
1123 1888 1233 1923 Χριστῷ
1247 1888 1365 1923 γνησίως
1383 1888 1621 1924 μαθητευομένων,
1630 1889 1670 1919 εἰς

876 1934 907 1960 τδ
930 1932 1059 1968 γενέσθαι
1081 1932 1148 1959 αὐτὸ
1173 1932 1333 1968 σύμμορφον
1357 1933 1407 1968 τῆς
1430 1933 1510 1968 δόξης
1533 1933 1580 1960 τοῦ
1603 1934 1671 1969 Χρι-

878 1979 952 2007 στοῦ.
967 1979 994 2006 1ιι
1008 1979 1214 2007 resurrectionis
1231 1979 1360 2015 mysterio
1383 1979 1498 2006 inveniri
1523 1986 1573 2006 nos
1589 1980 1668 2009 dit-it.

877 2026 986 2062 quando
1006 2033 1104 2060 corpus
1132 2030 1255 2053 nostrum
1280 2025 1394 2053 mortale
1415 2025 1537 2059 glorioso
1563 2024 1668 2052 Christi

878 2072 984 2106 corpori
998 2071 1088 2099 simile
1107 2071 1177 2098 Deus
1195 2070 1294 2098 eﬂiciet
1309 2079 1317 2103 ;
1339 2070 1411 2106 quod
1429 2070 1590 2098 beneﬂciqu
1614 2078 1669 2098 tton

877 2117 912 2145 ad
930 2124 1024 2145 omnes
1046 2117 1170 2144 homines
1184 2138 1192 2150 ,
1219 2117 1266 2144 sed
1296 2116 1329 2144 ad
1353 2121 1464 2144 sanctos
1479 2117 1670 2144 tantummodo

878 2161 1034 2196 pertinebit.
1049 2161 1200 2188 Conﬁrmat
1213 2165 1240 2188 et
1262 2160 1331 2188 alter
1355 2161 1400 2188 ille
1425 2168 1441 2188 e
1468 2159 1616 2189 Comment.
1640 2162 1669 2188 in

843 2220 864 2247 ι)
877 2209 975 2242 malm.
990 2215 1010 2239 I,
1024 2214 1051 2241 p.
1065 2207 1128 2240 532,
1145 2207 1277 2235 recitatos
1296 2207 1330 2234 ab
1349 2206 1501 2242 Epiphanio
1512 2207 1580 2234 hatr.
1594 2215 1668 2240 thv,

878 2262 937 2288 cap.
958 2254 992 2280 ιι)
1001 2259 1029 2281 et
1045 2253 1089 2284 l2.
1101 2261 1154 2288 quo
1167 2253 1350 2288 simpliciores
1361 2254 1506 2288 quosdatn,
1524 2253 1608 2281 l'retos
1623 2253 1669 2281 illo

879 2300 1007 2328 Davidico
1025 2308 1032 2326 :
1052 2309 1061 2326 ι
1084 2299 1147 2327 ideo
1157 2308 1209 2327 non
1224 2305 1366 2335 resurgent
1378 2299 1451 2334 impii
1465 2299 1492 2326 in
1505 2299 1666 2334 judicio“,t

879 2346 1078 2374 resurrectione
1104 2349 1151 2373 aut
1172 2345 1275 2381 judicio
1301 2345 1455 2381 dignandos
1469 2353 1484 2372 a
1505 2345 1559 2373 Deo
1584 2346 1670 2374 titulos

879 2399 979 2427 negare
992 2391 1044 2424 ait,
1056 2399 1109 2418 non
1132 2391 1200 2419 satis
1212 2396 1305 2426 aperte
1327 2391 1481 2419 indicantes
1491 2392 1558 2427 quid
1575 2399 1669 2420 resur-

880 2436 1028 2466 rectionem
1045 2441 1093 2465 aut
1104 2437 1237 2472 judicium
1250 2444 1312 2465 esse
1331 2438 1510 2466 arbitrentur.

912 2517 956 2545 XI.
969 2517 1102 2545 Catlerum
1120 2521 1150 2544 ut
1161 2516 1229 2544 alias
1244 2515 1302 2544 fere
1318 2524 1437 2552 semper,
1451 2517 1488 2544 ita
1503 2517 1530 2544 in
1542 2516 1585 2544 his
1600 2525 1668 2552 quo-

877 2570 930 2599 que
943 2564 977 2591 de
989 2563 1186 2591 resurrectione
1199 2563 1396 2597 quaestionibus
1413 2562 1525 2590 Platone
1536 2563 1667 2597 magistro

877 2616 943 2636 usus
953 2614 995 2636 est
1014 2608 1205 2635 Adamantius.
1218 2607 1352 2636 Futurum
1367 2608 1468 2643 quippe
1482 2607 1593 2636 aiebant
1606 2608 1667 2636 Pla-

879 2654 974 2689 tonici,
994 2658 1023 2682 ut
1040 2654 1138 2681 auium
1151 2654 1216 2681 olim

1019 2700 1144 2734 incipiunt
1156 2700 1183 2727 iu
1200 2707 1312 2733 corpora
1330 2699 1393 2727 velle
1409 2700 1513 2733 reverti,

1160 2746 1280 2781 (VllGlL.
1292 2744 1403 2774 Αὲιιειά.
1414 2754 1452 2780 vr,
1466 2753 1538 2776 vers.
1555 2746 1631 2784 75L)
