  <div class='ocr_page' id='page_1' title='image "/cluster/home/n/w/nwhite01/storage/ocr_20150623/17/njp.32101010944583/692.png"; bbox 0 0 1912 3079; ppageno 0'>
   <div class='ocr_carea' id='block_1_1' title="bbox 60 139 107 166">
    <p class='ocr_par' dir='ltr' id='par_1_1' title="bbox 60 139 107 166">
     <span class='ocr_line' id='line_1_1' title="bbox 60 139 107 166; baseline -0.021 0"><span class='ocrx_word' id='word_1_1' title='bbox 60 139 107 166; x_wconf 72' lang='lat'><strong>991</strong></span> 
     </span>
    </p>
   </div>
   <div class='ocr_carea' id='block_1_2' title="bbox 476 128 1277 163">
    <p class='ocr_par' dir='ltr' id='par_1_2' title="bbox 476 128 1277 163">
     <span class='ocr_line' id='line_1_2' title="bbox 476 128 1277 163; baseline -0.007 -1"><span class='ocrx_word' id='word_1_2' title='bbox 476 129 763 163; x_wconf 76' lang='lat' dir='ltr'><strong>ORICENIANORUSI</strong></span> <span class='ocrx_word' id='word_1_3' title='bbox 783 131 845 159; x_wconf 78' lang='lat' dir='ltr'><strong>LIB.</strong></span> <span class='ocrx_word' id='word_1_4' title='bbox 869 130 902 162; x_wconf 82' lang='lat' dir='ltr'><strong>Il,</strong></span> <span class='ocrx_word' id='word_1_5' title='bbox 920 130 995 158; x_wconf 65' lang='lat' dir='ltr'><strong>CAP.</strong></span> <span class='ocrx_word' id='word_1_6' title='bbox 1017 130 1048 159; x_wconf 88' lang='lat' dir='ltr'><strong>II.</strong></span> <span class='ocrx_word' id='word_1_7' title='bbox 1066 128 1206 163; x_wconf 71' lang='lat' dir='ltr'><strong>QU/EST.</strong></span> <span class='ocrx_word' id='word_1_8' title='bbox 1230 129 1277 157; x_wconf 87' lang='lat' dir='ltr'><strong>XI.</strong></span> 
     </span>
    </p>
   </div>
   <div class='ocr_carea' id='block_1_3' title="bbox 1631 132 1682 159">
    <p class='ocr_par' dir='ltr' id='par_1_3' title="bbox 1631 132 1682 159">
     <span class='ocr_line' id='line_1_3' title="bbox 1631 132 1682 159; baseline 0.02 -1"><span class='ocrx_word' id='word_1_9' title='bbox 1631 132 1682 159; x_wconf 84' lang='lat'><strong>998</strong></span> 
     </span>
    </p>
   </div>
   <div class='ocr_carea' id='block_1_4' title="bbox 61 188 1682 234">
    <p class='ocr_par' dir='ltr' id='par_1_4' title="bbox 61 188 1682 234">
     <span class='ocr_line' id='line_1_4' title="bbox 61 188 1682 234; baseline -0.005 -12"><span class='ocrx_word' id='word_1_10' title='bbox 61 198 159 234; x_wconf 69' lang='lat' dir='ltr'><strong>angelis</strong></span> <span class='ocrx_word' id='word_1_11' title='bbox 179 198 254 225; x_wconf 78' lang='lat' dir='ltr'><strong>etde</strong></span> <span class='ocrx_word' id='word_1_12' title='bbox 267 197 401 225; x_wconf 78' lang='lat' dir='ltr'><strong>sideribus</strong></span> <span class='ocrx_word' id='word_1_13' title='bbox 418 197 844 232; x_wconf 62' lang='lat' dir='ltr'><strong>agerenms.Q..i.mn.pmtcren</strong></span> <span class='ocrx_word' id='word_1_14' title='bbox 861 194 883 222; x_wconf 75' lang='grc' dir='ltr'><strong>Α</strong></span> <span class='ocrx_word' id='word_1_15' title='bbox 897 191 1019 218; x_wconf 89' lang='lat' dir='ltr'><strong>onmium</strong></span> <span class='ocrx_word' id='word_1_16' title='bbox 1049 191 1189 217; x_wconf 76' lang='lat' dir='ltr'><strong>Christum</strong></span> <span class='ocrx_word' id='word_1_17' title='bbox 1219 194 1316 216; x_wconf 87' lang='lat' dir='ltr'><strong>natura</strong></span> <span class='ocrx_word' id='word_1_18' title='bbox 1346 194 1374 216; x_wconf 87' lang='lat' dir='ltr'><strong>et</strong></span> <span class='ocrx_word' id='word_1_19' title='bbox 1404 188 1546 224; x_wconf 84' lang='lat' dir='ltr'><strong>majestate</strong></span> <span class='ocrx_word' id='word_1_20' title='bbox 1575 191 1682 216; x_wconf 77' lang='lat' dir='ltr'><strong>cunctis</strong></span> 
     </span>
    </p>
   </div>
   <div class='ocr_carea' id='block_1_5' title="bbox 62 242 843 278">
    <p class='ocr_par' dir='ltr' id='par_1_5' title="bbox 62 242 843 278">
     <span class='ocr_line' id='line_1_5' title="bbox 62 242 843 278; baseline -0.004 -7"><span class='ocrx_word' id='word_1_21' title='bbox 62 246 86 272; x_wconf 90' lang='lat' dir='ltr'><strong>in</strong></span> <span class='ocrx_word' id='word_1_22' title='bbox 119 244 254 278; x_wconf 86' lang='lat' dir='ltr'><strong>judicium</strong></span> <span class='ocrx_word' id='word_1_23' title='bbox 292 243 403 271; x_wconf 83' lang='lat' dir='ltr'><strong>sistendi</strong></span> <span class='ocrx_word' id='word_1_24' title='bbox 444 243 516 276; x_wconf 86' lang='lat' dir='ltr'><strong>sint,</strong></span> <span class='ocrx_word' id='word_1_25' title='bbox 549 242 668 277; x_wconf 87' lang='lat' dir='ltr'><strong>ignorari</strong></span> <span class='ocrx_word' id='word_1_26' title='bbox 703 242 843 269; x_wconf 82' lang='lat' dir='ltr'><strong>declarat:</strong></span> 
     </span>
    </p>
   </div>
   <div class='ocr_carea' id='block_1_6' title="bbox 63 288 845 323">
    <p class='ocr_par' dir='ltr' id='par_1_6' title="bbox 63 288 845 323">
     <span class='ocr_line' id='line_1_6' title="bbox 63 288 845 323; baseline -0.008 -5"><span class='ocrx_word' id='word_1_27' title='bbox 63 301 72 317; x_wconf 85' lang='grc'><strong><em>‹</em></strong></span> <span class='ocrx_word' id='word_1_28' title='bbox 85 291 178 318; x_wconf 86' lang='lat' dir='ltr'><strong>Utrum</strong></span> <span class='ocrx_word' id='word_1_29' title='bbox 193 295 284 317; x_wconf 81' lang='lat' dir='ltr'><strong>autem</strong></span> <span class='ocrx_word' id='word_1_30' title='bbox 296 296 391 316; x_wconf 85' lang='lat' dir='ltr'><strong>omnes</strong></span> <span class='ocrx_word' id='word_1_31' title='bbox 401 293 524 323; x_wconf 70' lang='lat' dir='ltr'><strong>gentes,»</strong></span> <span class='ocrx_word' id='word_1_32' title='bbox 541 288 627 322; x_wconf 89' lang='lat' dir='ltr'><strong>inquit</strong></span> <span class='ocrx_word' id='word_1_33' title='bbox 640 292 746 314; x_wconf 82' lang='lat' dir='ltr'><strong>tractat.</strong></span> <span class='ocrx_word' id='word_1_34' title='bbox 762 293 845 313; x_wconf 79' lang='lat' dir='ltr'><strong>xxxiv</strong></span> 
     </span>
    </p>
   </div>
   <div class='ocr_carea' id='block_1_7' title="bbox 60 334 840 368">
    <p class='ocr_par' dir='ltr' id='par_1_7' title="bbox 60 334 840 368">
     <span class='ocr_line' id='line_1_7' title="bbox 60 334 840 368; baseline -0.005 -4"><span class='ocrx_word' id='word_1_35' title='bbox 60 339 85 364; x_wconf 83' lang='lat' dir='ltr'><strong>In</strong></span> <span class='ocrx_word' id='word_1_36' title='bbox 99 335 205 367; x_wconf 73' lang='lat' dir='ltr'><strong>Matt/1..</strong></span> <span class='ocrx_word' id='word_1_37' title='bbox 226 344 301 363; x_wconf 87' lang='lat' dir='ltr'><strong>num.</strong></span> <span class='ocrx_word' id='word_1_38' title='bbox 321 336 365 368; x_wconf 86' lang='lat'><strong>70,</strong></span> <span class='ocrx_word' id='word_1_39' title='bbox 382 344 391 360; x_wconf 77' lang='grc' dir='ltr'><strong>ι</strong></span> <span class='ocrx_word' id='word_1_40' title='bbox 404 336 438 362; x_wconf 88' lang='lat' dir='ltr'><strong>ab</strong></span> <span class='ocrx_word' id='word_1_41' title='bbox 450 335 576 362; x_wconf 87' lang='lat' dir='ltr'><strong>omnibus</strong></span> <span class='ocrx_word' id='word_1_42' title='bbox 593 341 652 368; x_wconf 68' lang='lat' dir='ltr'><strong>qua:</strong></span> <span class='ocrx_word' id='word_1_43' title='bbox 669 334 695 360; x_wconf 94' lang='lat' dir='ltr'><strong>in</strong></span> <span class='ocrx_word' id='word_1_44' title='bbox 712 334 840 360; x_wconf 87' lang='lat' dir='ltr'><strong>omnibus</strong></span> 
     </span>
    </p>
   </div>
   <div class='ocr_carea' id='block_1_8' title="bbox 61 380 846 416">
    <p class='ocr_par' dir='ltr' id='par_1_8' title="bbox 61 380 846 416">
     <span class='ocr_line' id='line_1_8' title="bbox 61 380 846 416; baseline -0.005 -7"><span class='ocrx_word' id='word_1_45' title='bbox 61 380 278 416; x_wconf 86' lang='lat' dir='ltr'><strong>generationibus</strong></span> <span class='ocrx_word' id='word_1_46' title='bbox 296 380 412 413; x_wconf 86' lang='lat' dir='ltr'><strong>fuerint,</strong></span> <span class='ocrx_word' id='word_1_47' title='bbox 426 385 472 407; x_wconf 89' lang='lat' dir='ltr'><strong>aut</strong></span> <span class='ocrx_word' id='word_1_48' title='bbox 487 380 538 406; x_wconf 74' lang='lat' dir='ltr'><strong>illa:</strong></span> <span class='ocrx_word' id='word_1_49' title='bbox 555 384 657 406; x_wconf 88' lang='lat' dir='ltr'><strong>tantum</strong></span> <span class='ocrx_word' id='word_1_50' title='bbox 670 387 730 414; x_wconf 69' lang='lat' dir='ltr'><strong>qua:</strong></span> <span class='ocrx_word' id='word_1_51' title='bbox 745 381 771 406; x_wconf 88' lang='lat' dir='ltr'><strong>In</strong></span> <span class='ocrx_word' id='word_1_52' title='bbox 785 387 846 406; x_wconf 85' lang='lat' dir='ltr'><strong>con-</strong></span> 
     </span>
    </p>
   </div>
   <div class='ocr_carea' id='block_1_9' title="bbox 60 425 844 459">
    <p class='ocr_par' dir='ltr' id='par_1_9' title="bbox 60 425 844 459">
     <span class='ocr_line' id='line_1_9' title="bbox 60 425 844 459; baseline -0.001 -7"><span class='ocrx_word' id='word_1_53' title='bbox 60 426 238 453; x_wconf 84' lang='lat' dir='ltr'><strong>summatione</strong></span> <span class='ocrx_word' id='word_1_54' title='bbox 256 425 355 453; x_wconf 75' lang='lat' dir='ltr'><strong>fuerint</strong></span> <span class='ocrx_word' id='word_1_55' title='bbox 368 426 516 457; x_wconf 57' lang='lat' dir='ltr'><strong>derelictae,</strong></span> <span class='ocrx_word' id='word_1_56' title='bbox 529 430 576 452; x_wconf 85' lang='lat' dir='ltr'><strong>ant</strong></span> <span class='ocrx_word' id='word_1_57' title='bbox 597 425 649 452; x_wconf 83' lang='lat' dir='ltr'><strong>ill:e</strong></span> <span class='ocrx_word' id='word_1_58' title='bbox 664 429 768 451; x_wconf 88' lang='lat' dir='ltr'><strong>tantum</strong></span> <span class='ocrx_word' id='word_1_59' title='bbox 784 432 844 459; x_wconf 73' lang='lat' dir='ltr'><strong>qum</strong></span> 
     </span>
    </p>
   </div>
   <div class='ocr_carea' id='block_1_10' title="bbox 61 471 843 506">
    <p class='ocr_par' dir='ltr' id='par_1_10' title="bbox 61 471 843 506">
     <span class='ocr_line' id='line_1_10' title="bbox 61 471 843 506; baseline -0.004 -7"><span class='ocrx_word' id='word_1_60' title='bbox 61 472 234 499; x_wconf 87' lang='lat' dir='ltr'><strong>crediderunt</strong></span> <span class='ocrx_word' id='word_1_61' title='bbox 249 472 274 498; x_wconf 91' lang='lat' dir='ltr'><strong>in</strong></span> <span class='ocrx_word' id='word_1_62' title='bbox 288 471 373 498; x_wconf 87' lang='lat' dir='ltr'><strong>Deum</strong></span> <span class='ocrx_word' id='word_1_63' title='bbox 389 479 437 506; x_wconf 89' lang='lat' dir='ltr'><strong>pcr</strong></span> <span class='ocrx_word' id='word_1_64' title='bbox 449 471 587 498; x_wconf 90' lang='lat' dir='ltr'><strong>Christum</strong></span> <span class='ocrx_word' id='word_1_65' title='bbox 602 479 609 503; x_wconf 89' lang='lat'><strong>;</strong></span> <span class='ocrx_word' id='word_1_66' title='bbox 630 476 657 497; x_wconf 90' lang='lat' dir='ltr'><strong>et</strong></span> <span class='ocrx_word' id='word_1_67' title='bbox 673 471 738 504; x_wconf 69' lang='lat' dir='ltr'><strong>ipse</strong></span> <span class='ocrx_word' id='word_1_68' title='bbox 752 476 843 496; x_wconf 92' lang='lat' dir='ltr'><strong>utrum</strong></span> 
     </span>
    </p>
   </div>
   <div class='ocr_carea' id='block_1_11' title="bbox 60 516 842 549">
    <p class='ocr_par' dir='ltr' id='par_1_11' title="bbox 60 516 842 549">
     <span class='ocr_line' id='line_1_11' title="bbox 60 516 842 549; baseline -0.003 -5"><span class='ocrx_word' id='word_1_69' title='bbox 60 525 161 549; x_wconf 79' lang='lat' dir='ltr'><strong>omnes,</strong></span> <span class='ocrx_word' id='word_1_70' title='bbox 175 525 209 544; x_wconf 88' lang='lat' dir='ltr'><strong>an</strong></span> <span class='ocrx_word' id='word_1_71' title='bbox 235 525 287 544; x_wconf 91' lang='lat' dir='ltr'><strong>non</strong></span> <span class='ocrx_word' id='word_1_72' title='bbox 302 525 407 549; x_wconf 79' lang='lat' dir='ltr'><strong>omnes,</strong></span> <span class='ocrx_word' id='word_1_73' title='bbox 429 525 482 544; x_wconf 89' lang='lat' dir='ltr'><strong>non</strong></span> <span class='ocrx_word' id='word_1_74' title='bbox 500 518 566 544; x_wconf 89' lang='lat' dir='ltr'><strong>satis</strong></span> <span class='ocrx_word' id='word_1_75' title='bbox 578 522 619 544; x_wconf 84' lang='lat' dir='ltr'><strong>est</strong></span> <span class='ocrx_word' id='word_1_76' title='bbox 633 516 817 543; x_wconf 85' lang='lat' dir='ltr'><strong>manifestum.</strong></span> <span class='ocrx_word' id='word_1_77' title='bbox 833 526 842 542; x_wconf 75' lang='grc' dir='ltr'><strong>ι</strong></span> 
     </span>
    </p>
   </div>
   <div class='ocr_carea' id='block_1_12' title="bbox 62 561 846 597">
    <p class='ocr_par' dir='ltr' id='par_1_12' title="bbox 62 561 846 597">
     <span class='ocr_line' id='line_1_12' title="bbox 62 561 846 597; baseline -0.003 -8"><span class='ocrx_word' id='word_1_78' title='bbox 62 563 97 589; x_wconf 74' lang='lat' dir='ltr'><strong>De</strong></span> <span class='ocrx_word' id='word_1_79' title='bbox 111 563 205 589; x_wconf 87' lang='lat' dir='ltr'><strong>eodem</strong></span> <span class='ocrx_word' id='word_1_80' title='bbox 221 563 302 589; x_wconf 87' lang='lat' dir='ltr'><strong>etiam</strong></span> <span class='ocrx_word' id='word_1_81' title='bbox 317 562 431 597; x_wconf 80' lang='lat' dir='ltr'><strong>ambigit</strong></span> <span class='ocrx_word' id='word_1_82' title='bbox 445 567 553 589; x_wconf 87' lang='lat' dir='ltr'><strong>tractat.</strong></span> <span class='ocrx_word' id='word_1_83' title='bbox 570 570 622 588; x_wconf 80' lang='lat' dir='ltr'><strong>xxx</strong></span> <span class='ocrx_word' id='word_1_84' title='bbox 634 562 659 589; x_wconf 91' lang='lat' dir='ltr'><strong>in</strong></span> <span class='ocrx_word' id='word_1_85' title='bbox 673 562 742 589; x_wconf 88' lang='lat' dir='ltr'><strong>idem</strong></span> <span class='ocrx_word' id='word_1_86' title='bbox 757 561 846 588; x_wconf 87' lang='lat' dir='ltr'><strong>Evan-</strong></span> 
     </span>
    </p>
   </div>
   <div class='ocr_carea' id='block_1_13' title="bbox 61 608 844 644">
    <p class='ocr_par' dir='ltr' id='par_1_13' title="bbox 61 608 844 644">
     <span class='ocr_line' id='line_1_13' title="bbox 61 608 844 644; baseline 0.001 -10"><span class='ocrx_word' id='word_1_87' title='bbox 61 608 164 644; x_wconf 84' lang='lat' dir='ltr'><strong>gelium,</strong></span> <span class='ocrx_word' id='word_1_88' title='bbox 185 616 258 635; x_wconf 88' lang='lat' dir='ltr'><strong>ntun.</strong></span> <span class='ocrx_word' id='word_1_89' title='bbox 275 609 318 635; x_wconf 82' lang='lat'><strong>5|.</strong></span> <span class='ocrx_word' id='word_1_90' title='bbox 330 610 362 635; x_wconf 85' lang='lat' dir='ltr'><strong>At</strong></span> <span class='ocrx_word' id='word_1_91' title='bbox 377 609 403 635; x_wconf 92' lang='lat' dir='ltr'><strong>in</strong></span> <span class='ocrx_word' id='word_1_92' title='bbox 419 616 509 635; x_wconf 88' lang='lat' dir='ltr'><strong>veram</strong></span> <span class='ocrx_word' id='word_1_93' title='bbox 526 613 614 636; x_wconf 82' lang='lat' dir='ltr'><strong>tamen</strong></span> <span class='ocrx_word' id='word_1_94' title='bbox 628 614 655 635; x_wconf 85' lang='lat' dir='ltr'><strong>et</strong></span> <span class='ocrx_word' id='word_1_95' title='bbox 667 609 844 636; x_wconf 72' lang='lat' dir='ltr'><strong>orthodoxam</strong></span> 
     </span>
    </p>
   </div>
   <div class='ocr_carea' id='block_1_14' title="bbox 61 653 844 686">
    <p class='ocr_par' dir='ltr' id='par_1_14' title="bbox 61 653 844 686">
     <span class='ocr_line' id='line_1_14' title="bbox 61 653 844 686; baseline 0 -5"><span class='ocrx_word' id='word_1_96' title='bbox 61 655 220 682; x_wconf 86' lang='lat' dir='ltr'><strong>sententiam</strong></span> <span class='ocrx_word' id='word_1_97' title='bbox 246 654 351 681; x_wconf 78' lang='lat' dir='ltr'><strong>videtur</strong></span> <span class='ocrx_word' id='word_1_98' title='bbox 372 655 524 681; x_wconf 83' lang='lat' dir='ltr'><strong>roncedere</strong></span> <span class='ocrx_word' id='word_1_99' title='bbox 550 655 597 681; x_wconf 89' lang='lat' dir='ltr'><strong>lib.</strong></span> <span class='ocrx_word' id='word_1_100' title='bbox 611 663 630 682; x_wconf 85' lang='grc' dir='ltr'><strong>ιι</strong></span> <span class='ocrx_word' id='word_1_101' title='bbox 655 654 683 681; x_wconf 79' lang='lat' dir='ltr'><strong>in</strong></span> <span class='ocrx_word' id='word_1_102' title='bbox 708 653 844 686; x_wconf 63' lang='lat' dir='ltr'><strong>Epimad</strong></span> 
     </span>
    </p>
   </div>
   <div class='ocr_carea' id='block_1_15' title="bbox 62 699 846 735">
    <p class='ocr_par' dir='ltr' id='par_1_15' title="bbox 62 699 846 735">
     <span class='ocr_line' id='line_1_15' title="bbox 62 699 846 735; baseline 0.003 -10"><span class='ocrx_word' id='word_1_103' title='bbox 62 699 144 731; x_wconf 76' lang='grc' dir='ltr'><strong>ηοω..</strong></span> <span class='ocrx_word' id='word_1_104' title='bbox 162 707 237 726; x_wconf 91' lang='lat' dir='ltr'><strong>num.</strong></span> <span class='ocrx_word' id='word_1_105' title='bbox 258 700 286 731; x_wconf 79' lang='grc'><strong>4,</strong></span> <span class='ocrx_word' id='word_1_106' title='bbox 303 707 364 734; x_wconf 79' lang='lat' dir='ltr'><strong>pag.</strong></span> <span class='ocrx_word' id='word_1_107' title='bbox 383 699 436 727; x_wconf 66' lang='lat'><strong>479</strong></span> <span class='ocrx_word' id='word_1_108' title='bbox 452 699 483 735; x_wconf 92' lang='lat' dir='ltr'><strong>(si</strong></span> <span class='ocrx_word' id='word_1_109' title='bbox 499 707 559 734; x_wconf 73' lang='lat' dir='ltr'><strong>quae</strong></span> <span class='ocrx_word' id='word_1_110' title='bbox 578 699 667 727; x_wconf 74' lang='lat' dir='ltr'><strong>Rufini</strong></span> <span class='ocrx_word' id='word_1_111' title='bbox 683 700 846 735; x_wconf 89' lang='lat' dir='ltr'><strong>interpreta-</strong></span> 
     </span>
    </p>
   </div>
   <div class='ocr_carea' id='block_1_16' title="bbox 62 745 845 780">
    <p class='ocr_par' dir='ltr' id='par_1_16' title="bbox 62 745 845 780">
     <span class='ocr_line' id='line_1_16' title="bbox 62 745 845 780; baseline 0.003 -8"><span class='ocrx_word' id='word_1_112' title='bbox 62 745 122 772; x_wconf 88' lang='lat' dir='ltr'><strong>tioni</strong></span> <span class='ocrx_word' id='word_1_113' title='bbox 144 745 211 772; x_wconf 86' lang='lat' dir='ltr'><strong>fides</strong></span> <span class='ocrx_word' id='word_1_114' title='bbox 228 745 350 773; x_wconf 81' lang='lat' dir='ltr'><strong>habenda</strong></span> <span class='ocrx_word' id='word_1_115' title='bbox 376 745 442 779; x_wconf 83' lang='lat' dir='ltr'><strong>est),</strong></span> <span class='ocrx_word' id='word_1_116' title='bbox 467 753 616 780; x_wconf 89' lang='lat' dir='ltr'><strong>omnesque</strong></span> <span class='ocrx_word' id='word_1_117' title='bbox 629 747 741 773; x_wconf 84' lang='lat' dir='ltr'><strong>omnino</strong></span> <span class='ocrx_word' id='word_1_118' title='bbox 756 747 845 774; x_wconf 90' lang='lat' dir='ltr'><strong>homi-</strong></span> 
     </span>
    </p>
   </div>
   <div class='ocr_carea' id='block_1_17' title="bbox 61 789 844 825">
    <p class='ocr_par' dir='ltr' id='par_1_17' title="bbox 61 789 844 825">
     <span class='ocr_line' id='line_1_17' title="bbox 61 789 844 825; baseline 0.003 -10"><span class='ocrx_word' id='word_1_119' title='bbox 61 795 106 816; x_wconf 87' lang='lat' dir='ltr'><strong>nes</strong></span> <span class='ocrx_word' id='word_1_120' title='bbox 128 789 154 815; x_wconf 90' lang='lat' dir='ltr'><strong>in</strong></span> <span class='ocrx_word' id='word_1_121' title='bbox 174 796 303 822; x_wconf 87' lang='lat' dir='ltr'><strong>supremo</strong></span> <span class='ocrx_word' id='word_1_122' title='bbox 318 789 363 815; x_wconf 94' lang='lat' dir='ltr'><strong>illo</strong></span> <span class='ocrx_word' id='word_1_123' title='bbox 376 789 547 825; x_wconf 80' lang='grc' dir='ltr'>διαδικασμῷ</span> <span class='ocrx_word' id='word_1_124' title='bbox 572 789 734 824; x_wconf 76' lang='lat' dir='ltr'><strong>iudicandos</strong></span> <span class='ocrx_word' id='word_1_125' title='bbox 759 798 844 825; x_wconf 76' lang='lat' dir='ltr'><strong>agno-</strong></span> 
     </span>
    </p>
   </div>
   <div class='ocr_carea' id='block_1_18' title="bbox 62 834 845 870">
    <p class='ocr_par' dir='ltr' id='par_1_18' title="bbox 62 834 845 870">
     <span class='ocr_line' id='line_1_18' title="bbox 62 834 845 870; baseline 0.004 -10"><span class='ocrx_word' id='word_1_126' title='bbox 62 841 141 861; x_wconf 82' lang='lat' dir='ltr'><strong>scere.</strong></span> <span class='ocrx_word' id='word_1_127' title='bbox 157 843 167 860; x_wconf 71' lang='grc' dir='ltr'>ί</span> <span class='ocrx_word' id='word_1_128' title='bbox 184 834 344 868; x_wconf 81' lang='lat' dir='ltr'><strong>Requiritur</strong></span> <span class='ocrx_word' id='word_1_129' title='bbox 361 843 440 865; x_wconf 85' lang='lat' dir='ltr'><strong>sane.</strong></span> <span class='ocrx_word' id='word_1_130' title='bbox 462 836 560 869; x_wconf 85' lang='lat' dir='ltr'><strong>inquit,</strong></span> <span class='ocrx_word' id='word_1_131' title='bbox 577 844 591 862; x_wconf 90' lang='lat' dir='ltr'><strong>a</strong></span> <span class='ocrx_word' id='word_1_132' title='bbox 608 836 783 870; x_wconf 77' lang='lat' dir='ltr'><strong>quibusdam,</strong></span> <span class='ocrx_word' id='word_1_133' title='bbox 796 844 845 864; x_wconf 85' lang='lat' dir='ltr'><strong>cur</strong></span> 
     </span>
    </p>
   </div>
   <div class='ocr_carea' id='block_1_19' title="bbox 61 879 843 916">
    <p class='ocr_par' dir='ltr' id='par_1_19' title="bbox 61 879 843 916">
     <span class='ocr_line' id='line_1_19' title="bbox 61 879 843 916; baseline 0.004 -10"><span class='ocrx_word' id='word_1_134' title='bbox 61 880 181 911; x_wconf 81' lang='lat' dir='ltr'><strong>dieshic,</strong></span> <span class='ocrx_word' id='word_1_135' title='bbox 202 879 236 906; x_wconf 90' lang='lat' dir='ltr'><strong>de</strong></span> <span class='ocrx_word' id='word_1_136' title='bbox 250 887 304 914; x_wconf 91' lang='lat' dir='ltr'><strong>quo</strong></span> <span class='ocrx_word' id='word_1_137' title='bbox 318 880 443 914; x_wconf 84' lang='lat' dir='ltr'><strong>superius</strong></span> <span class='ocrx_word' id='word_1_138' title='bbox 471 880 648 908; x_wconf 82' lang='lat' dir='ltr'><strong>bibliothecas</strong></span> <span class='ocrx_word' id='word_1_139' title='bbox 671 881 843 916; x_wconf 69' lang='lat' dir='ltr'><strong>propheticus</strong></span> 
     </span>
    </p>
   </div>
   <div class='ocr_carea' id='block_1_20' title="bbox 62 925 842 962">
    <p class='ocr_par' dir='ltr' id='par_1_20' title="bbox 62 925 842 962">
     <span class='ocr_line' id='line_1_20' title="bbox 62 925 842 962; baseline 0.005 -11"><span class='ocrx_word' id='word_1_140' title='bbox 62 925 200 957; x_wconf 83' lang='lat' dir='ltr'><strong>movimus,</strong></span> <span class='ocrx_word' id='word_1_141' title='bbox 218 925 245 952; x_wconf 88' lang='lat' dir='ltr'><strong>in</strong></span> <span class='ocrx_word' id='word_1_142' title='bbox 263 926 316 952; x_wconf 85' lang='lat' dir='ltr'><strong>line</strong></span> <span class='ocrx_word' id='word_1_143' title='bbox 333 925 425 952; x_wconf 90' lang='lat' dir='ltr'><strong>mundi</strong></span> <span class='ocrx_word' id='word_1_144' title='bbox 441 929 560 953; x_wconf 88' lang='lat' dir='ltr'><strong>statutus</strong></span> <span class='ocrx_word' id='word_1_145' title='bbox 585 927 631 959; x_wconf 87' lang='lat' dir='ltr'><strong>sit,</strong></span> <span class='ocrx_word' id='word_1_146' title='bbox 646 932 675 954; x_wconf 90' lang='lat' dir='ltr'><strong>ut</strong></span> <span class='ocrx_word' id='word_1_147' title='bbox 687 935 783 955; x_wconf 89' lang='lat' dir='ltr'><strong>oumes</strong></span> <span class='ocrx_word' id='word_1_148' title='bbox 796 929 842 962; x_wconf 91' lang='lat' dir='ltr'><strong>qni</strong></span> 
     </span>
    </p>
   </div>
   <div class='ocr_carea' id='block_1_21' title="bbox 62 971 844 1007">
    <p class='ocr_par' dir='ltr' id='par_1_21' title="bbox 62 971 844 1007">
     <span class='ocr_line' id='line_1_21' title="bbox 62 971 844 1007; baseline 0.005 -10"><span class='ocrx_word' id='word_1_149' title='bbox 62 971 92 998; x_wconf 85' lang='lat' dir='ltr'><strong>ab</strong></span> <span class='ocrx_word' id='word_1_150' title='bbox 119 971 195 998; x_wconf 91' lang='lat' dir='ltr'><strong>initio</strong></span> <span class='ocrx_word' id='word_1_151' title='bbox 217 972 308 998; x_wconf 63' lang='lat' dir='ltr'><strong>steculi</strong></span> <span class='ocrx_word' id='word_1_152' title='bbox 336 979 422 1006; x_wconf 78' lang='lat' dir='ltr'><strong>usque</strong></span> <span class='ocrx_word' id='word_1_153' title='bbox 447 972 480 999; x_wconf 82' lang='lat' dir='ltr'><strong>ad</strong></span> <span class='ocrx_word' id='word_1_154' title='bbox 507 972 587 1000; x_wconf 88' lang='lat' dir='ltr'><strong>linem</strong></span> <span class='ocrx_word' id='word_1_155' title='bbox 618 973 703 1007; x_wconf 86' lang='lat' dir='ltr'><strong>ipsius</strong></span> <span class='ocrx_word' id='word_1_156' title='bbox 723 973 844 1001; x_wconf 73' lang='lat' dir='ltr'><strong>defuncti</strong></span> 
     </span>
    </p>
   </div>
   <div class='ocr_carea' id='block_1_22' title="bbox 63 1016 844 1052">
    <p class='ocr_par' dir='ltr' id='par_1_22' title="bbox 63 1016 844 1052">
     <span class='ocr_line' id='line_1_22' title="bbox 63 1016 844 1052; baseline 0.009 -11"><span class='ocrx_word' id='word_1_157' title='bbox 63 1021 129 1046; x_wconf 88' lang='lat' dir='ltr'><strong>sunt,</strong></span> <span class='ocrx_word' id='word_1_158' title='bbox 145 1016 178 1042; x_wconf 88' lang='lat' dir='ltr'><strong>ad</strong></span> <span class='ocrx_word' id='word_1_159' title='bbox 206 1016 279 1043; x_wconf 92' lang='lat' dir='ltr'><strong>hunc</strong></span> <span class='ocrx_word' id='word_1_160' title='bbox 305 1016 429 1044; x_wconf 88' lang='lat' dir='ltr'><strong>ultimum</strong></span> <span class='ocrx_word' id='word_1_161' title='bbox 450 1017 522 1045; x_wconf 90' lang='lat' dir='ltr'><strong>diem</strong></span> <span class='ocrx_word' id='word_1_162' title='bbox 543 1017 681 1052; x_wconf 88' lang='lat' dir='ltr'><strong>judicandi</strong></span> <span class='ocrx_word' id='word_1_163' title='bbox 700 1027 844 1048; x_wconf 85' lang='lat' dir='ltr'><strong>reserven-</strong></span> 
     </span>
    </p>
   </div>
   <div class='ocr_carea' id='block_1_23' title="bbox 63 1065 138 1087">
    <p class='ocr_par' dir='ltr' id='par_1_23' title="bbox 63 1065 138 1087">
     <span class='ocr_line' id='line_1_23' title="bbox 63 1065 138 1087; baseline 0.013 -1"><span class='ocrx_word' id='word_1_164' title='bbox 63 1065 88 1087; x_wconf 72' lang='lat' dir='ltr'><strong>Ill</strong></span> <span class='ocrx_word' id='word_1_165' title='bbox 92 1068 112 1087; x_wconf 78' lang='grc' dir='ltr'><strong>Γ.</strong></span> <span class='ocrx_word' id='word_1_166' title='bbox 127 1070 138 1087; x_wconf 74' lang='grc'><strong>1</strong></span> 
     </span>
    </p>
   </div>
   <div class='ocr_carea' id='block_1_24' title="bbox 94 1103 844 1139">
    <p class='ocr_par' dir='ltr' id='par_1_24' title="bbox 94 1103 844 1139">
     <span class='ocr_line' id='line_1_24' title="bbox 94 1103 844 1139; baseline 0.011 -9"><span class='ocrx_word' id='word_1_167' title='bbox 94 1103 123 1130; x_wconf 89' lang='lat' dir='ltr'><strong>II.</strong></span> <span class='ocrx_word' id='word_1_168' title='bbox 143 1114 152 1130; x_wconf 72' lang='grc' dir='ltr'><strong>ι</strong></span> <span class='ocrx_word' id='word_1_169' title='bbox 169 1104 237 1132; x_wconf 89' lang='lat' dir='ltr'><strong>Item</strong></span> <span class='ocrx_word' id='word_1_170' title='bbox 254 1107 423 1134; x_wconf 87' lang='lat' dir='ltr'><strong>tractandum</strong></span> <span class='ocrx_word' id='word_1_171' title='bbox 440 1112 487 1134; x_wconf 83' lang='lat' dir='ltr'><strong>est</strong></span> <span class='ocrx_word' id='word_1_172' title='bbox 498 1112 589 1135; x_wconf 85' lang='lat' dir='ltr'><strong>utrum</strong></span> <span class='ocrx_word' id='word_1_173' title='bbox 614 1109 641 1136; x_wconf 91' lang='lat' dir='ltr'><strong>in</strong></span> <span class='ocrx_word' id='word_1_174' title='bbox 663 1108 724 1137; x_wconf 88' lang='lat' dir='ltr'><strong>loco</strong></span> <span class='ocrx_word' id='word_1_175' title='bbox 738 1110 844 1139; x_wconf 90' lang='lat' dir='ltr'><strong>futurus</strong></span> 
     </span>
    </p>
   </div>
   <div class='ocr_carea' id='block_1_25' title="bbox 62 1150 844 1189">
    <p class='ocr_par' dir='ltr' id='par_1_25' title="bbox 62 1150 844 1189">
     <span class='ocr_line' id='line_1_25' title="bbox 62 1150 844 1189; baseline 0.01 -12"><span class='ocrx_word' id='word_1_176' title='bbox 62 1156 100 1177; x_wconf 86' lang='lat' dir='ltr'><strong>est</strong></span> <span class='ocrx_word' id='word_1_177' title='bbox 116 1150 267 1179; x_wconf 86' lang='lat' dir='ltr'><strong>Salvatoris</strong></span> <span class='ocrx_word' id='word_1_178' title='bbox 284 1153 415 1180; x_wconf 79' lang='lat' dir='ltr'><strong>adventus</strong></span> <span class='ocrx_word' id='word_1_179' title='bbox 440 1154 465 1180; x_wconf 93' lang='lat' dir='ltr'><strong>in</strong></span> <span class='ocrx_word' id='word_1_180' title='bbox 489 1153 587 1189; x_wconf 86' lang='lat' dir='ltr'><strong>gloria,</strong></span> <span class='ocrx_word' id='word_1_181' title='bbox 605 1163 640 1182; x_wconf 90' lang='lat' dir='ltr'><strong>an</strong></span> <span class='ocrx_word' id='word_1_182' title='bbox 658 1155 771 1184; x_wconf 81' lang='lat' dir='ltr'><strong>alteram</strong></span> <span class='ocrx_word' id='word_1_183' title='bbox 794 1166 844 1186; x_wconf 84' lang='lat' dir='ltr'><strong>ex-</strong></span> 
     </span>
    </p>
   </div>
   <div class='ocr_carea' id='block_1_26' title="bbox 63 1197 844 1234">
    <p class='ocr_par' dir='ltr' id='par_1_26' title="bbox 63 1197 844 1234">
     <span class='ocr_line' id='line_1_26' title="bbox 63 1197 844 1234; baseline 0.01 -11"><span class='ocrx_word' id='word_1_184' title='bbox 63 1197 214 1230; x_wconf 75' lang='lat' dir='ltr'><strong>positionem</strong></span> <span class='ocrx_word' id='word_1_185' title='bbox 232 1198 364 1226; x_wconf 90' lang='lat' dir='ltr'><strong>debemns</strong></span> <span class='ocrx_word' id='word_1_186' title='bbox 387 1200 542 1234; x_wconf 80' lang='lat' dir='ltr'><strong>exquirere.</strong></span> <span class='ocrx_word' id='word_1_187' title='bbox 560 1201 626 1234; x_wconf 84' lang='lat' dir='ltr'><strong>Quis</strong></span> <span class='ocrx_word' id='word_1_188' title='bbox 643 1202 716 1229; x_wconf 89' lang='lat' dir='ltr'><strong>enim</strong></span> <span class='ocrx_word' id='word_1_189' title='bbox 733 1203 785 1230; x_wconf 92' lang='lat' dir='ltr'><strong>erit</strong></span> <span class='ocrx_word' id='word_1_190' title='bbox 804 1204 844 1231; x_wconf 61' lang='lat' dir='ltr'><strong>lo«</strong></span> 
     </span>
    </p>
   </div>
   <div class='ocr_carea' id='block_1_27' title="bbox 63 1243 844 1285">
    <p class='ocr_par' dir='ltr' id='par_1_27' title="bbox 63 1243 844 1285">
     <span class='ocr_line' id='line_1_27' title="bbox 63 1243 844 1285; baseline 0.01 -16"><span class='ocrx_word' id='word_1_191' title='bbox 63 1250 107 1270; x_wconf 86' lang='lat' dir='ltr'><strong>cus</strong></span> <span class='ocrx_word' id='word_1_192' title='bbox 125 1243 179 1275; x_wconf 83' lang='lat' dir='ltr'><strong>ille,</strong></span> <span class='ocrx_word' id='word_1_193' title='bbox 197 1249 227 1271; x_wconf 93' lang='lat' dir='ltr'><strong>ut</strong></span> <span class='ocrx_word' id='word_1_194' title='bbox 244 1245 336 1280; x_wconf 90' lang='lat' dir='ltr'><strong>capiat</strong></span> <span class='ocrx_word' id='word_1_195' title='bbox 356 1246 383 1272; x_wconf 95' lang='lat' dir='ltr'><strong>in</strong></span> <span class='ocrx_word' id='word_1_196' title='bbox 405 1254 459 1272; x_wconf 92' lang='lat' dir='ltr'><strong>uno</strong></span> <span class='ocrx_word' id='word_1_197' title='bbox 477 1252 585 1281; x_wconf 84' lang='lat' dir='ltr'><strong>aspectu</strong></span> <span class='ocrx_word' id='word_1_198' title='bbox 603 1252 630 1274; x_wconf 91' lang='lat' dir='ltr'><strong>et</strong></span> <span class='ocrx_word' id='word_1_199' title='bbox 648 1255 742 1276; x_wconf 89' lang='lat' dir='ltr'><strong>omnes</strong></span> <span class='ocrx_word' id='word_1_200' title='bbox 764 1257 844 1285; x_wconf 88' lang='lat' dir='ltr'><strong>ange-</strong></span> 
     </span>
    </p>
   </div>
   <div class='ocr_carea' id='block_1_28' title="bbox 64 1287 844 1328">
    <p class='ocr_par' dir='ltr' id='par_1_28' title="bbox 64 1287 844 1328">
     <span class='ocr_line' id='line_1_28' title="bbox 64 1287 844 1328; baseline 0.01 -14"><span class='ocrx_word' id='word_1_201' title='bbox 64 1287 99 1315; x_wconf 95' lang='lat' dir='ltr'><strong>los</strong></span> <span class='ocrx_word' id='word_1_202' title='bbox 120 1289 261 1316; x_wconf 84' lang='lat' dir='ltr'><strong>venientes</strong></span> <span class='ocrx_word' id='word_1_203' title='bbox 287 1297 348 1317; x_wconf 91' lang='lat' dir='ltr'><strong>cum</strong></span> <span class='ocrx_word' id='word_1_204' title='bbox 372 1290 492 1323; x_wconf 83' lang='lat' dir='ltr'><strong>Christo,</strong></span> <span class='ocrx_word' id='word_1_205' title='bbox 515 1296 543 1319; x_wconf 86' lang='lat' dir='ltr'><strong>et</strong></span> <span class='ocrx_word' id='word_1_206' title='bbox 563 1299 660 1321; x_wconf 90' lang='lat' dir='ltr'><strong>omnes</strong></span> <span class='ocrx_word' id='word_1_207' title='bbox 679 1299 774 1328; x_wconf 77' lang='lat' dir='ltr'><strong>gentes</strong></span> <span class='ocrx_word' id='word_1_208' title='bbox 789 1295 844 1323; x_wconf 91' lang='lat' dir='ltr'><strong>illic</strong></span> 
     </span>
    </p>
   </div>
   <div class='ocr_carea' id='block_1_29' title="bbox 63 1334 845 1375">
    <p class='ocr_par' dir='ltr' id='par_1_29' title="bbox 63 1334 845 1375">
     <span class='ocr_line' id='line_1_29' title="bbox 63 1334 845 1375; baseline 0.01 -15"><span class='ocrx_word' id='word_1_209' title='bbox 63 1335 256 1375; x_wconf 69' lang='lat' dir='ltr'><strong>congregatas?</strong></span> <span class='ocrx_word' id='word_1_210' title='bbox 274 1334 307 1362; x_wconf 89' lang='lat' dir='ltr'><strong>Et</strong></span> <span class='ocrx_word' id='word_1_211' title='bbox 320 1336 354 1363; x_wconf 90' lang='lat' dir='ltr'><strong>de</strong></span> <span class='ocrx_word' id='word_1_212' title='bbox 375 1337 439 1363; x_wconf 85' lang='lat' dir='ltr'><strong>sede</strong></span> <span class='ocrx_word' id='word_1_213' title='bbox 456 1337 549 1371; x_wconf 64' lang='lat' dir='ltr'><strong>gloria;</strong></span> <span class='ocrx_word' id='word_1_214' title='bbox 571 1338 630 1373; x_wconf 88' lang='lat' dir='ltr'><strong>ejus</strong></span> <span class='ocrx_word' id='word_1_215' title='bbox 658 1340 724 1373; x_wconf 90' lang='lat' dir='ltr'><strong>quid</strong></span> <span class='ocrx_word' id='word_1_216' title='bbox 746 1345 788 1367; x_wconf 86' lang='lat' dir='ltr'><strong>est</strong></span> <span class='ocrx_word' id='word_1_217' title='bbox 807 1341 845 1368; x_wconf 90' lang='lat' dir='ltr'><strong>di-</strong></span> 
     </span>
    </p>
   </div>
   <div class='ocr_carea' id='block_1_30' title="bbox 63 1380 842 1418">
    <p class='ocr_par' dir='ltr' id='par_1_30' title="bbox 63 1380 842 1418">
     <span class='ocr_line' id='line_1_30' title="bbox 63 1380 842 1418; baseline 0.009 -12"><span class='ocrx_word' id='word_1_218' title='bbox 63 1381 190 1408; x_wconf 84' lang='lat' dir='ltr'><strong>cendum?</strong></span> <span class='ocrx_word' id='word_1_219' title='bbox 207 1380 290 1408; x_wconf 83' lang='lat' dir='ltr'><strong>Putas</strong></span> <span class='ocrx_word' id='word_1_220' title='bbox 311 1382 452 1416; x_wconf 73' lang='lat' dir='ltr'><strong>corporale</strong></span> <span class='ocrx_word' id='word_1_221' title='bbox 473 1382 583 1417; x_wconf 75' lang='lat' dir='ltr'><strong>aliquod</strong></span> <span class='ocrx_word' id='word_1_222' title='bbox 601 1385 759 1412; x_wconf 86' lang='lat' dir='ltr'><strong>subsellium</strong></span> <span class='ocrx_word' id='word_1_223' title='bbox 778 1387 842 1418; x_wconf 82' lang='lat' dir='ltr'><strong>erit,</strong></span> 
     </span>
    </p>
   </div>
   <div class='ocr_carea' id='block_1_31' title="bbox 65 1427 844 1463">
    <p class='ocr_par' dir='ltr' id='par_1_31' title="bbox 65 1427 844 1463">
     <span class='ocr_line' id='line_1_31' title="bbox 65 1427 844 1463; baseline 0.01 -11"><span class='ocrx_word' id='word_1_224' title='bbox 65 1427 207 1453; x_wconf 87' lang='lat' dir='ltr'><strong>autetiam</strong></span> <span class='ocrx_word' id='word_1_225' title='bbox 234 1427 286 1454; x_wconf 89' lang='lat' dir='ltr'><strong>hoc</strong></span> <span class='ocrx_word' id='word_1_226' title='bbox 310 1435 377 1462; x_wconf 91' lang='lat' dir='ltr'><strong>opus</strong></span> <span class='ocrx_word' id='word_1_227' title='bbox 397 1428 480 1456; x_wconf 87' lang='lat' dir='ltr'><strong>habet</strong></span> <span class='ocrx_word' id='word_1_228' title='bbox 504 1429 731 1463; x_wconf 81' lang='lat' dir='ltr'><strong>interpretatione</strong></span> <span class='ocrx_word' id='word_1_229' title='bbox 757 1433 844 1459; x_wconf 86' lang='lat' dir='ltr'><strong>subti-</strong></span> 
     </span>
    </p>
   </div>
   <div class='ocr_carea' id='block_1_32' title="bbox 66 1470 843 1507">
    <p class='ocr_par' dir='ltr' id='par_1_32' title="bbox 66 1470 843 1507">
     <span class='ocr_line' id='line_1_32' title="bbox 66 1470 843 1507; baseline 0.01 -10"><span class='ocrx_word' id='word_1_230' title='bbox 66 1470 166 1498; x_wconf 64' lang='lat' dir='ltr'><strong>liore?»</strong></span> <span class='ocrx_word' id='word_1_231' title='bbox 193 1472 257 1499; x_wconf 68' lang='lat' dir='ltr'><strong>Ilaec</strong></span> <span class='ocrx_word' id='word_1_232' title='bbox 277 1472 374 1500; x_wconf 84' lang='lat' dir='ltr'><strong>scribit</strong></span> <span class='ocrx_word' id='word_1_233' title='bbox 399 1472 532 1507; x_wconf 73' lang='lat' dir='ltr'><strong>Origenes</strong></span> <span class='ocrx_word' id='word_1_234' title='bbox 561 1479 671 1504; x_wconf 85' lang='lat' dir='ltr'><strong>tractat.</strong></span> <span class='ocrx_word' id='word_1_235' title='bbox 702 1484 786 1504; x_wconf 88' lang='lat' dir='ltr'><strong>xxxtv</strong></span> <span class='ocrx_word' id='word_1_236' title='bbox 815 1478 843 1504; x_wconf 87' lang='lat' dir='ltr'><strong>in</strong></span> 
     </span>
    </p>
   </div>
   <div class='ocr_carea' id='block_1_33' title="bbox 64 1515 879 1564">
    <p class='ocr_par' dir='ltr' id='par_1_33' title="bbox 64 1515 879 1564">
     <span class='ocr_line' id='line_1_33' title="bbox 64 1515 879 1564; baseline 0.009 -22"><span class='ocrx_word' id='word_1_237' title='bbox 64 1515 165 1564; x_wconf 61' lang='lat' dir='ltr'><strong>Matt/1.,</strong></span> <span class='ocrx_word' id='word_1_238' title='bbox 184 1525 262 1544; x_wconf 90' lang='lat' dir='ltr'><strong>num.</strong></span> <span class='ocrx_word' id='word_1_239' title='bbox 280 1517 325 1549; x_wconf 90' lang='lat'><strong>70,</strong></span> <span class='ocrx_word' id='word_1_240' title='bbox 338 1517 372 1544; x_wconf 87' lang='lat' dir='ltr'><strong>de</strong></span> <span class='ocrx_word' id='word_1_241' title='bbox 390 1518 448 1564; x_wconf 87' lang='lat' dir='ltr'><strong>loco</strong></span> <span class='ocrx_word' id='word_1_242' title='bbox 463 1523 490 1546; x_wconf 89' lang='lat' dir='ltr'><strong>et</strong></span> <span class='ocrx_word' id='word_1_243' title='bbox 505 1519 584 1546; x_wconf 86' lang='lat' dir='ltr'><strong>modo</strong></span> <span class='ocrx_word' id='word_1_244' title='bbox 597 1520 694 1554; x_wconf 89' lang='lat' dir='ltr'><strong>judicii</strong></span> <span class='ocrx_word' id='word_1_245' title='bbox 711 1521 840 1555; x_wconf 88' lang='lat' dir='ltr'><strong>postremi</strong></span> <span class='ocrx_word' id='word_1_246' title='bbox 855 1532 879 1564; x_wconf 72' lang='grc' dir='ltr'>ο</span> 
     </span>
    </p>
   </div>
   <div class='ocr_carea' id='block_1_34' title="bbox 64 1562 843 1598">
    <p class='ocr_par' dir='ltr' id='par_1_34' title="bbox 64 1562 843 1598">
     <span class='ocr_line' id='line_1_34' title="bbox 64 1562 843 1598; baseline 0.009 -11"><span class='ocrx_word' id='word_1_247' title='bbox 64 1562 215 1597; x_wconf 82' lang='lat' dir='ltr'><strong>ambigens;</strong></span> <span class='ocrx_word' id='word_1_248' title='bbox 232 1570 265 1590; x_wconf 94' lang='lat' dir='ltr'><strong>ac</strong></span> <span class='ocrx_word' id='word_1_249' title='bbox 285 1563 431 1598; x_wconf 84' lang='lat' dir='ltr'><strong>respondet</strong></span> <span class='ocrx_word' id='word_1_250' title='bbox 447 1565 618 1598; x_wconf 82' lang='lat' dir='ltr'><strong>postmodum</strong></span> <span class='ocrx_word' id='word_1_251' title='bbox 640 1570 695 1592; x_wconf 90' lang='lat' dir='ltr'><strong>tum</strong></span> <span class='ocrx_word' id='word_1_252' title='bbox 712 1566 843 1594; x_wconf 85' lang='lat' dir='ltr'><strong>adventu-</strong></span> 
     </span>
    </p>
   </div>
   <div class='ocr_carea' id='block_1_35' title="bbox 65 1607 843 1641">
    <p class='ocr_par' dir='ltr' id='par_1_35' title="bbox 65 1607 843 1641">
     <span class='ocr_line' id='line_1_35' title="bbox 65 1607 843 1641; baseline 0.009 -9"><span class='ocrx_word' id='word_1_253' title='bbox 65 1614 118 1633; x_wconf 89' lang='lat' dir='ltr'><strong>rum</strong></span> <span class='ocrx_word' id='word_1_254' title='bbox 133 1607 284 1641; x_wconf 83' lang='lat' dir='ltr'><strong>Christum,</strong></span> <span class='ocrx_word' id='word_1_255' title='bbox 300 1616 361 1635; x_wconf 84' lang='lat' dir='ltr'><strong>cum</strong></span> <span class='ocrx_word' id='word_1_256' title='bbox 379 1609 513 1636; x_wconf 81' lang='lat' dir='ltr'><strong>universis</strong></span> <span class='ocrx_word' id='word_1_257' title='bbox 539 1609 699 1638; x_wconf 85' lang='lat' dir='ltr'><strong>hominibus</strong></span> <span class='ocrx_word' id='word_1_258' title='bbox 719 1618 781 1639; x_wconf 90' lang='lat' dir='ltr'><strong>sese</strong></span> <span class='ocrx_word' id='word_1_259' title='bbox 795 1619 843 1639; x_wconf 86' lang='lat' dir='ltr'><strong>co-</strong></span> 
     </span>
    </p>
   </div>
   <div class='ocr_carea' id='block_1_36' title="bbox 64 1654 842 1690">
    <p class='ocr_par' dir='ltr' id='par_1_36' title="bbox 64 1654 842 1690">
     <span class='ocr_line' id='line_1_36' title="bbox 64 1654 842 1690; baseline 0.005 -11"><span class='ocrx_word' id='word_1_260' title='bbox 64 1654 240 1686; x_wconf 86' lang='lat' dir='ltr'><strong>gnoscendum</strong></span> <span class='ocrx_word' id='word_1_261' title='bbox 258 1655 344 1686; x_wconf 84' lang='lat' dir='ltr'><strong>dabit,</strong></span> <span class='ocrx_word' id='word_1_262' title='bbox 362 1663 371 1680; x_wconf 73' lang='grc' dir='ltr'><strong>ε</strong></span> <span class='ocrx_word' id='word_1_263' title='bbox 384 1660 447 1681; x_wconf 87' lang='lat' dir='ltr'><strong>ante</strong></span> <span class='ocrx_word' id='word_1_264' title='bbox 456 1654 549 1683; x_wconf 82' lang='lat' dir='ltr'><strong>oculos</strong></span> <span class='ocrx_word' id='word_1_265' title='bbox 564 1656 666 1683; x_wconf 88' lang='lat' dir='ltr'><strong>mentis</strong></span> <span class='ocrx_word' id='word_1_266' title='bbox 681 1663 774 1683; x_wconf 88' lang='lat' dir='ltr'><strong>eorum</strong></span> <span class='ocrx_word' id='word_1_267' title='bbox 787 1657 842 1690; x_wconf 82' lang='lat' dir='ltr'><strong>jam</strong></span> 
     </span>
    </p>
   </div>
   <div class='ocr_carea' id='block_1_37' title="bbox 65 1699 843 1737">
    <p class='ocr_par' dir='ltr' id='par_1_37' title="bbox 65 1699 843 1737">
     <span class='ocr_line' id='line_1_37' title="bbox 65 1699 843 1737; baseline 0.009 -13"><span class='ocrx_word' id='word_1_268' title='bbox 65 1705 112 1725; x_wconf 89' lang='lat' dir='ltr'><strong>non</strong></span> <span class='ocrx_word' id='word_1_269' title='bbox 129 1699 187 1727; x_wconf 86' lang='lat' dir='ltr'><strong>Ildei</strong></span> <span class='ocrx_word' id='word_1_270' title='bbox 204 1704 254 1726; x_wconf 89' lang='lat' dir='ltr'><strong>aut</strong></span> <span class='ocrx_word' id='word_1_271' title='bbox 271 1699 419 1735; x_wconf 63' lang='lat' dir='ltr'><strong>diligentia</strong></span> <span class='ocrx_word' id='word_1_272' title='bbox 431 1700 545 1735; x_wconf 89' lang='lat' dir='ltr'><strong>alicujus</strong></span> <span class='ocrx_word' id='word_1_273' title='bbox 561 1701 738 1736; x_wconf 83' lang='lat' dir='ltr'><strong>inquisitione</strong></span> <span class='ocrx_word' id='word_1_274' title='bbox 751 1711 843 1737; x_wconf 86' lang='lat' dir='ltr'><strong>reper-</strong></span> 
     </span>
    </p>
   </div>
   <div class='ocr_carea' id='block_1_38' title="bbox 67 1744 844 1782">
    <p class='ocr_par' dir='ltr' id='par_1_38' title="bbox 67 1744 844 1782">
     <span class='ocr_line' id='line_1_38' title="bbox 67 1744 844 1782; baseline 0.008 -13"><span class='ocrx_word' id='word_1_275' title='bbox 67 1747 114 1776; x_wconf 85' lang='lat' dir='ltr'><strong>tus,</strong></span> <span class='ocrx_word' id='word_1_276' title='bbox 127 1745 173 1772; x_wconf 88' lang='lat' dir='ltr'><strong>sed</strong></span> <span class='ocrx_word' id='word_1_277' title='bbox 193 1745 280 1780; x_wconf 86' lang='lat' dir='ltr'><strong>ipsius</strong></span> <span class='ocrx_word' id='word_1_278' title='bbox 298 1744 450 1772; x_wconf 84' lang='lat' dir='ltr'><strong>divinitatis</strong></span> <span class='ocrx_word' id='word_1_279' title='bbox 467 1753 522 1772; x_wconf 78' lang='lat' dir='ltr'><strong>Sua:</strong></span> <span class='ocrx_word' id='word_1_280' title='bbox 540 1746 760 1774; x_wconf 83' lang='lat' dir='ltr'><strong>manifestatioue</strong></span> <span class='ocrx_word' id='word_1_281' title='bbox 774 1755 844 1782; x_wconf 72' lang='lat' dir='ltr'><strong>pra:-</strong></span> 
     </span>
    </p>
   </div>
   <div class='ocr_carea' id='block_1_39' title="bbox 66 1788 844 1828">
    <p class='ocr_par' dir='ltr' id='par_1_39' title="bbox 66 1788 844 1828">
     <span class='ocr_line' id='line_1_39' title="bbox 66 1788 844 1828; baseline 0.008 -14"><span class='ocrx_word' id='word_1_282' title='bbox 66 1788 167 1821; x_wconf 59' lang='lat' dir='ltr'><strong>latnsp</strong></span> <span class='ocrx_word' id='word_1_283' title='bbox 185 1795 213 1817; x_wconf 89' lang='lat' dir='ltr'><strong>et</strong></span> <span class='ocrx_word' id='word_1_284' title='bbox 233 1798 295 1817; x_wconf 87' lang='lat' dir='ltr'><strong>cum</strong></span> <span class='ocrx_word' id='word_1_285' title='bbox 318 1795 429 1825; x_wconf 85' lang='lat' dir='ltr'><strong>peccata</strong></span> <span class='ocrx_word' id='word_1_286' title='bbox 446 1797 494 1817; x_wconf 86' lang='lat' dir='ltr'><strong>sua</strong></span> <span class='ocrx_word' id='word_1_287' title='bbox 519 1798 551 1818; x_wconf 92' lang='lat' dir='ltr'><strong>ac</strong></span> <span class='ocrx_word' id='word_1_288' title='bbox 565 1791 680 1819; x_wconf 82' lang='lat' dir='ltr'><strong>virtutes</strong></span> <span class='ocrx_word' id='word_1_289' title='bbox 697 1794 844 1828; x_wconf 79' lang='lat' dir='ltr'><strong>unusquis—</strong></span> 
     </span>
    </p>
   </div>
   <div class='ocr_carea' id='block_1_40' title="bbox 65 1835 842 1874">
    <p class='ocr_par' dir='ltr' id='par_1_40' title="bbox 65 1835 842 1874">
     <span class='ocr_line' id='line_1_40' title="bbox 65 1835 842 1874; baseline 0.008 -14"><span class='ocrx_word' id='word_1_290' title='bbox 65 1841 112 1868; x_wconf 88' lang='lat' dir='ltr'><strong>que</strong></span> <span class='ocrx_word' id='word_1_291' title='bbox 135 1835 280 1864; x_wconf 78' lang='lat' dir='ltr'><strong>manifesto</strong></span> <span class='ocrx_word' id='word_1_292' title='bbox 298 1836 396 1864; x_wconf 90' lang='lat' dir='ltr'><strong>intuitu</strong></span> <span class='ocrx_word' id='word_1_293' title='bbox 421 1836 614 1870; x_wconf 75' lang='lat' dir='ltr'><strong>pet-lustrabit;</strong></span> <span class='ocrx_word' id='word_1_294' title='bbox 642 1843 724 1873; x_wconf 81' lang='lat' dir='ltr'><strong>atque</strong></span> <span class='ocrx_word' id='word_1_295' title='bbox 739 1846 772 1866; x_wconf 88' lang='lat' dir='ltr'><strong>eo</strong></span> <span class='ocrx_word' id='word_1_296' title='bbox 795 1846 842 1874; x_wconf 84' lang='lat' dir='ltr'><strong>pa-</strong></span> 
     </span>
    </p>
   </div>
   <div class='ocr_carea' id='block_1_41' title="bbox 65 1883 842 1919">
    <p class='ocr_par' dir='ltr' id='par_1_41' title="bbox 65 1883 842 1919">
     <span class='ocr_line' id='line_1_41' title="bbox 65 1883 842 1919; baseline 0.009 -13"><span class='ocrx_word' id='word_1_297' title='bbox 65 1885 105 1906; x_wconf 86' lang='lat' dir='ltr'><strong>cto</strong></span> <span class='ocrx_word' id='word_1_298' title='bbox 119 1888 278 1909; x_wconf 86' lang='lat' dir='ltr'><strong>eventurum</strong></span> <span class='ocrx_word' id='word_1_299' title='bbox 294 1883 378 1910; x_wconf 85' lang='lat' dir='ltr'><strong>illud:</strong></span> <span class='ocrx_word' id='word_1_300' title='bbox 400 1891 409 1909; x_wconf 77' lang='grc' dir='ltr'><strong>ι</strong></span> <span class='ocrx_word' id='word_1_301' title='bbox 424 1883 671 1919; x_wconf 81' lang='lat' dir='ltr'><strong>Cougregahnntur</strong></span> <span class='ocrx_word' id='word_1_302' title='bbox 693 1889 756 1911; x_wconf 79' lang='lat' dir='ltr'><strong>ante</strong></span> <span class='ocrx_word' id='word_1_303' title='bbox 781 1891 842 1913; x_wconf 87' lang='lat' dir='ltr'><strong>eum</strong></span> 
     </span>
    </p>
   </div>
   <div class='ocr_carea' id='block_1_42' title="bbox 65 1929 843 1965">
    <p class='ocr_par' dir='ltr' id='par_1_42' title="bbox 65 1929 843 1965">
     <span class='ocr_line' id='line_1_42' title="bbox 65 1929 843 1965; baseline 0.009 -13"><span class='ocrx_word' id='word_1_304' title='bbox 65 1933 152 1955; x_wconf 84' lang='lat' dir='ltr'><strong>omnes</strong></span> <span class='ocrx_word' id='word_1_305' title='bbox 162 1934 259 1964; x_wconf 87' lang='lat' dir='ltr'><strong>gentes</strong></span> <span class='ocrx_word' id='word_1_306' title='bbox 267 1929 300 1956; x_wconf 81' lang='lat'><strong>&#39;-‘.</strong></span> <span class='ocrx_word' id='word_1_307' title='bbox 312 1939 322 1956; x_wconf 69' lang='grc' dir='ltr'><strong>ι</strong></span> <span class='ocrx_word' id='word_1_308' title='bbox 340 1929 395 1957; x_wconf 82' lang='lat' dir='ltr'><strong>Nec</strong></span> <span class='ocrx_word' id='word_1_309' title='bbox 409 1936 513 1958; x_wconf 86' lang='lat' dir='ltr'><strong>certum</strong></span> <span class='ocrx_word' id='word_1_310' title='bbox 533 1930 650 1965; x_wconf 83' lang='lat' dir='ltr'><strong>aliquem</strong></span> <span class='ocrx_word' id='word_1_311' title='bbox 664 1930 765 1958; x_wconf 69' lang='lat' dir='ltr'><strong>ultimae</strong></span> <span class='ocrx_word' id='word_1_312' title='bbox 781 1932 843 1960; x_wconf 89' lang='lat' dir='ltr'><strong>huic</strong></span> 
     </span>
    </p>
   </div>
   <div class='ocr_carea' id='block_1_43' title="bbox 66 1971 842 2011">
    <p class='ocr_par' dir='ltr' id='par_1_43' title="bbox 66 1971 842 2011">
     <span class='ocr_line' id='line_1_43' title="bbox 66 1971 842 2011; baseline 0.006 -13"><span class='ocrx_word' id='word_1_313' title='bbox 66 1971 249 2008; x_wconf 78' lang='lat' dir='ltr'><strong>discrptationi</strong></span> <span class='ocrx_word' id='word_1_314' title='bbox 276 1975 364 2003; x_wconf 86' lang='lat' dir='ltr'><strong>locum</strong></span> <span class='ocrx_word' id='word_1_315' title='bbox 382 1976 495 2008; x_wconf 87' lang='lat' dir='ltr'><strong>addicit,</strong></span> <span class='ocrx_word' id='word_1_316' title='bbox 519 1976 566 2003; x_wconf 88' lang='lat' dir='ltr'><strong>sed</strong></span> <span class='ocrx_word' id='word_1_317' title='bbox 583 1985 592 2002; x_wconf 75' lang='grc' dir='ltr'><strong>ι</strong></span> <span class='ocrx_word' id='word_1_318' title='bbox 606 1975 721 2011; x_wconf 84' lang='lat' dir='ltr'><strong>Ubique,</strong></span> <span class='ocrx_word' id='word_1_319' title='bbox 744 1976 842 2011; x_wconf 90' lang='lat' dir='ltr'><strong>inquit,</strong></span> 
     </span>
    </p>
   </div>
   <div class='ocr_carea' id='block_1_44' title="bbox 66 2015 843 2056">
    <p class='ocr_par' dir='ltr' id='par_1_44' title="bbox 66 2015 843 2056">
     <span class='ocr_line' id='line_1_44' title="bbox 66 2015 843 2056; baseline 0.006 -13"><span class='ocrx_word' id='word_1_320' title='bbox 66 2016 165 2046; x_wconf 85' lang='lat' dir='ltr'><strong>futurus</strong></span> <span class='ocrx_word' id='word_1_321' title='bbox 180 2025 224 2048; x_wconf 90' lang='lat' dir='ltr'><strong>est</strong></span> <span class='ocrx_word' id='word_1_322' title='bbox 245 2021 383 2054; x_wconf 72' lang='lat' dir='ltr'><strong>Christus,</strong></span> <span class='ocrx_word' id='word_1_323' title='bbox 395 2015 430 2048; x_wconf 37' lang='lat' dir='ltr'><strong>‘et</strong></span> <span class='ocrx_word' id='word_1_324' title='bbox 444 2022 500 2056; x_wconf 84' lang='lat' dir='ltr'><strong>ipse</strong></span> <span class='ocrx_word' id='word_1_325' title='bbox 517 2021 543 2048; x_wconf 92' lang='lat' dir='ltr'><strong>in</strong></span> <span class='ocrx_word' id='word_1_326' title='bbox 562 2025 707 2056; x_wconf 87' lang='lat' dir='ltr'><strong>conspectu</strong></span> <span class='ocrx_word' id='word_1_327' title='bbox 723 2024 843 2049; x_wconf 92' lang='lat' dir='ltr'><strong>omnium</strong></span> 
     </span>
    </p>
   </div>
   <div class='ocr_carea' id='block_1_45' title="bbox 66 2064 843 2102">
    <p class='ocr_par' dir='ltr' id='par_1_45' title="bbox 66 2064 843 2102">
     <span class='ocr_line' id='line_1_45' title="bbox 66 2064 843 2102; baseline 0.009 -14"><span class='ocrx_word' id='word_1_328' title='bbox 66 2064 112 2090; x_wconf 86' lang='lat' dir='ltr'><strong>erit</strong></span> <span class='ocrx_word' id='word_1_329' title='bbox 127 2065 235 2100; x_wconf 84' lang='lat' dir='ltr'><strong>ubique,</strong></span> <span class='ocrx_word' id='word_1_330' title='bbox 253 2073 280 2094; x_wconf 92' lang='lat' dir='ltr'><strong>et</strong></span> <span class='ocrx_word' id='word_1_331' title='bbox 301 2075 395 2095; x_wconf 84' lang='lat' dir='ltr'><strong>omnes</strong></span> <span class='ocrx_word' id='word_1_332' title='bbox 414 2068 515 2102; x_wconf 91' lang='lat' dir='ltr'><strong>ubique</strong></span> <span class='ocrx_word' id='word_1_333' title='bbox 537 2072 617 2094; x_wconf 89' lang='lat' dir='ltr'><strong>erunt</strong></span> <span class='ocrx_word' id='word_1_334' title='bbox 642 2068 668 2094; x_wconf 93' lang='lat' dir='ltr'><strong>in</strong></span> <span class='ocrx_word' id='word_1_335' title='bbox 697 2074 843 2102; x_wconf 85' lang='lat' dir='ltr'><strong>conspectu</strong></span> 
     </span>
    </p>
   </div>
   <div class='ocr_carea' id='block_1_46' title="bbox 66 2109 845 2148">
    <p class='ocr_par' dir='ltr' id='par_1_46' title="bbox 66 2109 845 2148">
     <span class='ocr_line' id='line_1_46' title="bbox 66 2109 845 2148; baseline 0.004 -12"><span class='ocrx_word' id='word_1_336' title='bbox 66 2109 159 2142; x_wconf 83' lang='lat' dir='ltr'><strong>ipsius;</strong></span> <span class='ocrx_word' id='word_1_337' title='bbox 175 2117 202 2139; x_wconf 91' lang='lat' dir='ltr'><strong>et</strong></span> <span class='ocrx_word' id='word_1_338' title='bbox 214 2113 256 2139; x_wconf 88' lang='lat' dir='ltr'><strong>sic</strong></span> <span class='ocrx_word' id='word_1_339' title='bbox 272 2113 471 2140; x_wconf 88' lang='lat' dir='ltr'><strong>constituentur</strong></span> <span class='ocrx_word' id='word_1_340' title='bbox 481 2118 544 2141; x_wconf 89' lang='lat' dir='ltr'><strong>ante</strong></span> <span class='ocrx_word' id='word_1_341' title='bbox 559 2113 650 2141; x_wconf 87' lang='lat' dir='ltr'><strong>sedem</strong></span> <span class='ocrx_word' id='word_1_342' title='bbox 664 2114 757 2148; x_wconf 73' lang='lat' dir='ltr'><strong>gloriae</strong></span> <span class='ocrx_word' id='word_1_343' title='bbox 774 2113 845 2147; x_wconf 85' lang='lat' dir='ltr'><strong>ejus,</strong></span> 
     </span>
    </p>
   </div>
   <div class='ocr_carea' id='block_1_47' title="bbox 67 2154 844 2194">
    <p class='ocr_par' dir='ltr' id='par_1_47' title="bbox 67 2154 844 2194">
     <span class='ocr_line' id='line_1_47' title="bbox 67 2154 844 2194; baseline 0.008 -14"><span class='ocrx_word' id='word_1_344' title='bbox 67 2154 113 2182; x_wconf 87' lang='lat' dir='ltr'><strong>hoc</strong></span> <span class='ocrx_word' id='word_1_345' title='bbox 141 2163 182 2184; x_wconf 81' lang='lat' dir='ltr'><strong>est</strong></span> <span class='ocrx_word' id='word_1_346' title='bbox 207 2164 271 2184; x_wconf 83' lang='lat' dir='ltr'><strong>ante</strong></span> <span class='ocrx_word' id='word_1_347' title='bbox 294 2166 405 2194; x_wconf 83' lang='lat' dir='ltr'><strong>regnum</strong></span> <span class='ocrx_word' id='word_1_348' title='bbox 433 2158 502 2192; x_wconf 88' lang='lat' dir='ltr'><strong>ejus,</strong></span> <span class='ocrx_word' id='word_1_349' title='bbox 521 2163 548 2186; x_wconf 90' lang='lat' dir='ltr'><strong>et</strong></span> <span class='ocrx_word' id='word_1_350' title='bbox 573 2164 736 2194; x_wconf 86' lang='lat' dir='ltr'><strong>potestatem</strong></span> <span class='ocrx_word' id='word_1_351' title='bbox 758 2159 844 2186; x_wconf 89' lang='lat' dir='ltr'><strong>domi-</strong></span> 
     </span>
    </p>
   </div>
   <div class='ocr_carea' id='block_1_48' title="bbox 66 2201 880 2241">
    <p class='ocr_par' dir='ltr' id='par_1_48' title="bbox 66 2201 880 2241">
     <span class='ocr_line' id='line_1_48' title="bbox 66 2201 880 2241; baseline 0.007 -14"><span class='ocrx_word' id='word_1_352' title='bbox 66 2203 176 2231; x_wconf 80' lang='lat' dir='ltr'><strong>nationis</strong></span> <span class='ocrx_word' id='word_1_353' title='bbox 193 2205 297 2240; x_wconf 83' lang='lat' dir='ltr'><strong>ipsius;</strong></span> <span class='ocrx_word' id='word_1_354' title='bbox 315 2215 324 2232; x_wconf 77' lang='grc' dir='ltr'><strong>ι</strong></span> <span class='ocrx_word' id='word_1_355' title='bbox 341 2211 367 2232; x_wconf 86' lang='lat' dir='ltr'><strong>et</strong></span> <span class='ocrx_word' id='word_1_356' title='bbox 385 2205 465 2241; x_wconf 89' lang='lat' dir='ltr'><strong>paqu</strong></span> <span class='ocrx_word' id='word_1_357' title='bbox 488 2210 548 2240; x_wconf 87' lang='lat' dir='ltr'><strong>post</strong></span> <span class='ocrx_word' id='word_1_358' title='bbox 563 2215 570 2233; x_wconf 89' lang='lat'>:</span> <span class='ocrx_word' id='word_1_359' title='bbox 589 2215 599 2233; x_wconf 72' lang='grc' dir='ltr'><strong>ε</strong></span> <span class='ocrx_word' id='word_1_360' title='bbox 615 2205 662 2233; x_wconf 89' lang='lat' dir='ltr'><strong>Sic</strong></span> <span class='ocrx_word' id='word_1_361' title='bbox 677 2211 759 2233; x_wconf 89' lang='lat' dir='ltr'><strong>erunt</strong></span> <span class='ocrx_word' id='word_1_362' title='bbox 776 2211 840 2233; x_wconf 85' lang='lat' dir='ltr'><strong>ante</strong></span> <span class='ocrx_word' id='word_1_363' title='bbox 858 2201 880 2228; x_wconf 85' lang='grc' dir='ltr'><strong>Ῑ)</strong></span> 
     </span>
    </p>
   </div>
   <div class='ocr_carea' id='block_1_49' title="bbox 66 2251 840 2286">
    <p class='ocr_par' dir='ltr' id='par_1_49' title="bbox 66 2251 840 2286">
     <span class='ocr_line' id='line_1_49' title="bbox 66 2251 840 2286; baseline 0.006 -13"><span class='ocrx_word' id='word_1_364' title='bbox 66 2253 133 2280; x_wconf 87' lang='lat' dir='ltr'><strong>eum,</strong></span> <span class='ocrx_word' id='word_1_365' title='bbox 152 2254 180 2276; x_wconf 93' lang='lat' dir='ltr'><strong>ut</strong></span> <span class='ocrx_word' id='word_1_366' title='bbox 198 2258 252 2278; x_wconf 89' lang='lat' dir='ltr'><strong>non</strong></span> <span class='ocrx_word' id='word_1_367' title='bbox 269 2251 390 2279; x_wconf 74' lang='lat' dir='ltr'><strong>localiter</strong></span> <span class='ocrx_word' id='word_1_368' title='bbox 404 2252 546 2280; x_wconf 86' lang='lat' dir='ltr'><strong>audiamus</strong></span> <span class='ocrx_word' id='word_1_369' title='bbox 561 2259 657 2279; x_wconf 89' lang='lat' dir='ltr'><strong>omnes</strong></span> <span class='ocrx_word' id='word_1_370' title='bbox 672 2257 768 2286; x_wconf 89' lang='lat' dir='ltr'><strong>gentes</strong></span> <span class='ocrx_word' id='word_1_371' title='bbox 782 2251 840 2279; x_wconf 77' lang='lat' dir='ltr'><strong>fieri</strong></span> 
     </span>
    </p>
   </div>
   <div class='ocr_carea' id='block_1_50' title="bbox 67 2295 837 2331">
    <p class='ocr_par' dir='ltr' id='par_1_50' title="bbox 67 2295 837 2331">
     <span class='ocr_line' id='line_1_50' title="bbox 67 2295 837 2331; baseline 0.008 -15"><span class='ocrx_word' id='word_1_372' title='bbox 67 2297 124 2319; x_wconf 84' lang='lat' dir='ltr'><strong>ante</strong></span> <span class='ocrx_word' id='word_1_373' title='bbox 149 2301 221 2322; x_wconf 89' lang='lat' dir='ltr'><strong>eum.</strong></span> <span class='ocrx_word' id='word_1_374' title='bbox 233 2304 243 2320; x_wconf 75' lang='grc' dir='ltr'><strong>ι</strong></span> <span class='ocrx_word' id='word_1_375' title='bbox 263 2296 366 2322; x_wconf 88' lang='lat' dir='ltr'><strong>Similia</strong></span> <span class='ocrx_word' id='word_1_376' title='bbox 382 2296 520 2330; x_wconf 86' lang='lat' dir='ltr'><strong>jactautnr</strong></span> <span class='ocrx_word' id='word_1_377' title='bbox 537 2297 584 2324; x_wconf 90' lang='lat' dir='ltr'><strong>lib.</strong></span> <span class='ocrx_word' id='word_1_378' title='bbox 607 2305 632 2324; x_wconf 87' lang='lat' dir='ltr'><strong>Ix</strong></span> <span class='ocrx_word' id='word_1_379' title='bbox 654 2297 680 2323; x_wconf 86' lang='lat' dir='ltr'><strong>in</strong></span> <span class='ocrx_word' id='word_1_380' title='bbox 699 2295 786 2331; x_wconf 83' lang='lat' dir='ltr'><strong>Epist.</strong></span> <span class='ocrx_word' id='word_1_381' title='bbox 802 2296 837 2323; x_wconf 84' lang='lat' dir='ltr'><strong>ad</strong></span> 
     </span>
    </p>
   </div>
   <div class='ocr_carea' id='block_1_51' title="bbox 67 2335 838 2376">
    <p class='ocr_par' dir='ltr' id='par_1_51' title="bbox 67 2335 838 2376">
     <span class='ocr_line' id='line_1_51' title="bbox 67 2335 838 2376; baseline 0.006 -13"><span class='ocrx_word' id='word_1_382' title='bbox 67 2335 147 2370; x_wconf 82' lang='lat' dir='ltr'><strong>Ront.,</strong></span> <span class='ocrx_word' id='word_1_383' title='bbox 163 2348 237 2367; x_wconf 88' lang='lat' dir='ltr'><strong>nmn.</strong></span> <span class='ocrx_word' id='word_1_384' title='bbox 251 2341 295 2374; x_wconf 71' lang='lat' dir='ltr'><strong>4i,</strong></span> <span class='ocrx_word' id='word_1_385' title='bbox 314 2350 373 2376; x_wconf 77' lang='lat' dir='ltr'><strong>pag.</strong></span> <span class='ocrx_word' id='word_1_386' title='bbox 392 2342 456 2375; x_wconf 68' lang='lat'><strong>662,</strong></span> <span class='ocrx_word' id='word_1_387' title='bbox 471 2342 516 2370; x_wconf 91' lang='lat' dir='ltr'><strong>ubi</strong></span> <span class='ocrx_word' id='word_1_388' title='bbox 532 2351 547 2369; x_wconf 91' lang='lat' dir='ltr'><strong>a</strong></span> <span class='ocrx_word' id='word_1_389' title='bbox 564 2342 651 2369; x_wconf 86' lang='lat' dir='ltr'><strong>sacris</strong></span> <span class='ocrx_word' id='word_1_390' title='bbox 662 2342 838 2376; x_wconf 88' lang='lat' dir='ltr'><strong>scriptoribus</strong></span> 
     </span>
    </p>
   </div>
   <div class='ocr_carea' id='block_1_52' title="bbox 68 2387 839 2422">
    <p class='ocr_par' dir='ltr' id='par_1_52' title="bbox 68 2387 839 2422">
     <span class='ocr_line' id='line_1_52' title="bbox 68 2387 839 2422; baseline 0.008 -14"><span class='ocrx_word' id='word_1_391' title='bbox 68 2389 186 2420; x_wconf 84' lang='lat' dir='ltr'><strong>usurpata</strong></span> <span class='ocrx_word' id='word_1_392' title='bbox 212 2387 312 2414; x_wconf 89' lang='lat' dir='ltr'><strong>dicitur</strong></span> <span class='ocrx_word' id='word_1_393' title='bbox 329 2387 494 2421; x_wconf 87' lang='lat' dir='ltr'><strong>judiciorum</strong></span> <span class='ocrx_word' id='word_1_394' title='bbox 529 2389 708 2416; x_wconf 88' lang='lat' dir='ltr'><strong>humanorum</strong></span> <span class='ocrx_word' id='word_1_395' title='bbox 740 2388 839 2422; x_wconf 89' lang='lat' dir='ltr'><strong>fortna,</strong></span> 
     </span>
    </p>
   </div>
   <div class='ocr_carea' id='block_1_53' title="bbox 67 2431 839 2466">
    <p class='ocr_par' dir='ltr' id='par_1_53' title="bbox 67 2431 839 2466">
     <span class='ocr_line' id='line_1_53' title="bbox 67 2431 839 2466; baseline 0.008 -12"><span class='ocrx_word' id='word_1_396' title='bbox 67 2437 115 2462; x_wconf 88' lang='lat' dir='ltr'><strong>quo</strong></span> <span class='ocrx_word' id='word_1_397' title='bbox 137 2431 266 2466; x_wconf 83' lang='lat' dir='ltr'><strong>judicium</strong></span> <span class='ocrx_word' id='word_1_398' title='bbox 291 2434 354 2460; x_wconf 91' lang='lat' dir='ltr'><strong>illml</strong></span> <span class='ocrx_word' id='word_1_399' title='bbox 382 2439 533 2461; x_wconf 85' lang='lat' dir='ltr'><strong>extremum</strong></span> <span class='ocrx_word' id='word_1_400' title='bbox 557 2434 659 2461; x_wconf 81' lang='lat' dir='ltr'><strong>Christi</strong></span> <span class='ocrx_word' id='word_1_401' title='bbox 691 2433 839 2461; x_wconf 84' lang='lat' dir='ltr'><strong>dilucidius</strong></span> 
     </span>
    </p>
   </div>
   <div class='ocr_carea' id='block_1_54' title="bbox 68 2476 843 2514">
    <p class='ocr_par' dir='ltr' id='par_1_54' title="bbox 68 2476 843 2514">
     <span class='ocr_line' id='line_1_54' title="bbox 68 2476 843 2514; baseline 0.005 -12"><span class='ocrx_word' id='word_1_402' title='bbox 68 2476 250 2509; x_wconf 79' lang='lat' dir='ltr'><strong>explicaretur.</strong></span> <span class='ocrx_word' id='word_1_403' title='bbox 264 2488 274 2505; x_wconf 76' lang='grc' dir='ltr'><strong>ι</strong></span> <span class='ocrx_word' id='word_1_404' title='bbox 288 2479 423 2507; x_wconf 84' lang='lat' dir='ltr'><strong>Declarari</strong></span> <span class='ocrx_word' id='word_1_405' title='bbox 439 2480 571 2512; x_wconf 87' lang='lat' dir='ltr'><strong>videmus,</strong></span> <span class='ocrx_word' id='word_1_406' title='bbox 590 2479 689 2514; x_wconf 82' lang='lat' dir='ltr'><strong>inquit,</strong></span> <span class='ocrx_word' id='word_1_407' title='bbox 703 2486 735 2506; x_wconf 85' lang='lat' dir='ltr'><strong>ex</strong></span> <span class='ocrx_word' id='word_1_408' title='bbox 752 2479 843 2506; x_wconf 92' lang='lat' dir='ltr'><strong>omni-</strong></span> 
     </span>
    </p>
   </div>
   <div class='ocr_carea' id='block_1_55' title="bbox 70 2519 841 2560">
    <p class='ocr_par' dir='ltr' id='par_1_55' title="bbox 70 2519 841 2560">
     <span class='ocr_line' id='line_1_55' title="bbox 70 2519 841 2560; baseline 0.006 -14"><span class='ocrx_word' id='word_1_409' title='bbox 70 2519 114 2548; x_wconf 87' lang='lat' dir='ltr'><strong>bus</strong></span> <span class='ocrx_word' id='word_1_410' title='bbox 125 2525 275 2552; x_wconf 85' lang='lat' dir='ltr'><strong>certissime</strong></span> <span class='ocrx_word' id='word_1_411' title='bbox 299 2525 424 2553; x_wconf 88' lang='lat' dir='ltr'><strong>fnturum</strong></span> <span class='ocrx_word' id='word_1_412' title='bbox 446 2533 507 2553; x_wconf 86' lang='lat' dir='ltr'><strong>esse</strong></span> <span class='ocrx_word' id='word_1_413' title='bbox 526 2525 659 2560; x_wconf 84' lang='lat' dir='ltr'><strong>judicium</strong></span> <span class='ocrx_word' id='word_1_414' title='bbox 689 2525 746 2557; x_wconf 86' lang='lat' dir='ltr'><strong>Dei,</strong></span> <span class='ocrx_word' id='word_1_415' title='bbox 763 2524 841 2558; x_wconf 87' lang='lat' dir='ltr'><strong>cujus</strong></span> 
     </span>
    </p>
   </div>
   <div class='ocr_carea' id='block_1_56' title="bbox 69 2570 842 2607">
    <p class='ocr_par' dir='ltr' id='par_1_56' title="bbox 69 2570 842 2607">
     <span class='ocr_line' id='line_1_56' title="bbox 69 2570 842 2607; baseline 0.003 -12"><span class='ocrx_word' id='word_1_416' title='bbox 69 2570 165 2600; x_wconf 83' lang='lat' dir='ltr'><strong>species</strong></span> <span class='ocrx_word' id='word_1_417' title='bbox 182 2576 210 2598; x_wconf 94' lang='lat' dir='ltr'><strong>ut</strong></span> <span class='ocrx_word' id='word_1_418' title='bbox 226 2572 315 2599; x_wconf 90' lang='lat' dir='ltr'><strong>notior</strong></span> <span class='ocrx_word' id='word_1_419' title='bbox 328 2571 486 2599; x_wconf 87' lang='lat' dir='ltr'><strong>hominibus</strong></span> <span class='ocrx_word' id='word_1_420' title='bbox 501 2572 738 2607; x_wconf 88' lang='lat' dir='ltr'><strong>Iieret,judicandi</strong></span> <span class='ocrx_word' id='word_1_421' title='bbox 756 2571 842 2598; x_wconf 81' lang='lat' dir='ltr'><strong>forma</strong></span> 
     </span>
    </p>
   </div>
   <div class='ocr_carea' id='block_1_57' title="bbox 69 2615 840 2653">
    <p class='ocr_par' dir='ltr' id='par_1_57' title="bbox 69 2615 840 2653">
     <span class='ocr_line' id='line_1_57' title="bbox 69 2615 840 2653; baseline 0.005 -13"><span class='ocrx_word' id='word_1_422' title='bbox 69 2621 98 2641; x_wconf 88' lang='lat' dir='ltr'><strong>ex</strong></span> <span class='ocrx_word' id='word_1_423' title='bbox 111 2615 142 2643; x_wconf 79' lang='lat' dir='ltr'><strong>iis</strong></span> <span class='ocrx_word' id='word_1_424' title='bbox 153 2624 212 2651; x_wconf 64' lang='lat' dir='ltr'><strong>qua:</strong></span> <span class='ocrx_word' id='word_1_425' title='bbox 229 2618 300 2645; x_wconf 86' lang='lat' dir='ltr'><strong>inter</strong></span> <span class='ocrx_word' id='word_1_426' title='bbox 315 2618 438 2646; x_wconf 85' lang='lat' dir='ltr'><strong>homines</strong></span> <span class='ocrx_word' id='word_1_427' title='bbox 449 2623 590 2653; x_wconf 89' lang='lat' dir='ltr'><strong>geruntur,</strong></span> <span class='ocrx_word' id='word_1_428' title='bbox 603 2622 739 2652; x_wconf 86' lang='lat' dir='ltr'><strong>assumpta</strong></span> <span class='ocrx_word' id='word_1_429' title='bbox 756 2622 816 2650; x_wconf 81' lang='lat' dir='ltr'><strong>est;</strong></span> <span class='ocrx_word' id='word_1_430' title='bbox 830 2626 840 2643; x_wconf 75' lang='grc' dir='ltr'><strong>ι</strong></span> 
     </span>
    </p>
   </div>
   <div class='ocr_carea' id='block_1_58' title="bbox 70 2662 843 2698">
    <p class='ocr_par' dir='ltr' id='par_1_58' title="bbox 70 2662 843 2698">
     <span class='ocr_line' id='line_1_58' title="bbox 70 2662 843 2698; baseline 0.006 -14"><span class='ocrx_word' id='word_1_431' title='bbox 70 2665 145 2694; x_wconf 82' lang='lat' dir='ltr'><strong>atque</strong></span> <span class='ocrx_word' id='word_1_432' title='bbox 160 2662 194 2689; x_wconf 87' lang='lat' dir='ltr'><strong>ita</strong></span> <span class='ocrx_word' id='word_1_433' title='bbox 216 2663 400 2698; x_wconf 88' lang='lat' dir='ltr'><strong>metaphorice</strong></span> <span class='ocrx_word' id='word_1_434' title='bbox 415 2664 471 2691; x_wconf 85' lang='lat' dir='ltr'><strong>vult</strong></span> <span class='ocrx_word' id='word_1_435' title='bbox 496 2663 609 2698; x_wconf 89' lang='lat' dir='ltr'><strong>intelligi</strong></span> <span class='ocrx_word' id='word_1_436' title='bbox 626 2663 761 2691; x_wconf 78' lang='lat' dir='ltr'><strong>excelsum</strong></span> <span class='ocrx_word' id='word_1_437' title='bbox 777 2662 843 2690; x_wconf 92' lang='lat' dir='ltr'><strong>illud</strong></span> 
     </span>
    </p>
   </div>
   <div class='ocr_carea' id='block_1_59' title="bbox 71 2704 842 2743">
    <p class='ocr_par' dir='ltr' id='par_1_59' title="bbox 71 2704 842 2743">
     <span class='ocr_line' id='line_1_59' title="bbox 71 2704 842 2743; baseline 0.008 -13"><span class='ocrx_word' id='word_1_438' title='bbox 71 2704 162 2733; x_wconf 78' lang='lat' dir='ltr'><strong>Christi</strong></span> <span class='ocrx_word' id='word_1_439' title='bbox 181 2709 310 2740; x_wconf 83' lang='lat' dir='ltr'><strong>tribunal,</strong></span> <span class='ocrx_word' id='word_1_440' title='bbox 326 2714 353 2736; x_wconf 88' lang='lat' dir='ltr'><strong>et</strong></span> <span class='ocrx_word' id='word_1_441' title='bbox 375 2708 510 2743; x_wconf 88' lang='lat' dir='ltr'><strong>reliquum</strong></span> <span class='ocrx_word' id='word_1_442' title='bbox 532 2708 667 2736; x_wconf 89' lang='lat' dir='ltr'><strong>tremendi</strong></span> <span class='ocrx_word' id='word_1_443' title='bbox 695 2708 766 2735; x_wconf 85' lang='lat' dir='ltr'><strong>illius</strong></span> <span class='ocrx_word' id='word_1_444' title='bbox 789 2707 842 2736; x_wconf 88' lang='lat' dir='ltr'><strong>diei</strong></span> 
     </span>
    </p>
   </div>
   <div class='ocr_carea' id='block_1_60' title="bbox 72 2753 841 2790">
    <p class='ocr_par' dir='ltr' id='par_1_60' title="bbox 72 2753 841 2790">
     <span class='ocr_line' id='line_1_60' title="bbox 72 2753 841 2790; baseline 0 -9"><span class='ocrx_word' id='word_1_445' title='bbox 72 2757 232 2788; x_wconf 71' lang='lat' dir='ltr'><strong>apparatum,</strong></span> <span class='ocrx_word' id='word_1_446' title='bbox 242 2755 360 2790; x_wconf 89' lang='lat' dir='ltr'><strong>illudque</strong></span> <span class='ocrx_word' id='word_1_447' title='bbox 376 2755 509 2783; x_wconf 77' lang='lat' dir='ltr'><strong>duntaxat</strong></span> <span class='ocrx_word' id='word_1_448' title='bbox 521 2754 677 2789; x_wconf 84' lang='lat' dir='ltr'><strong>tenendum,</strong></span> <span class='ocrx_word' id='word_1_449' title='bbox 695 2763 704 2781; x_wconf 71' lang='grc' dir='ltr'><strong>ε</strong></span> <span class='ocrx_word' id='word_1_450' title='bbox 717 2753 841 2782; x_wconf 81' lang='lat' dir='ltr'><strong>.ludicem</strong></span> 
     </span>
    </p>
   </div>
   <div class='ocr_carea' id='block_1_61' title="bbox 103 2840 368 2876">
    <p class='ocr_par' dir='ltr' id='par_1_61' title="bbox 103 2840 368 2876">
     <span class='ocr_line' id='line_1_61' title="bbox 103 2840 368 2876; baseline 0 -6"><span class='ocrx_word' id='word_1_451' title='bbox 103 2840 225 2871; x_wconf 82' lang='lat' dir='ltr'><strong>&quot;Matth.</strong></span> <span class='ocrx_word' id='word_1_452' title='bbox 242 2851 304 2876; x_wconf 87' lang='lat' dir='ltr'><strong>xxv,</strong></span> <span class='ocrx_word' id='word_1_453' title='bbox 323 2843 368 2870; x_wconf 74' lang='lat'><strong>3‘2.</strong></span> 
     </span>
    </p>
   </div>
   <div class='ocr_carea' id='block_1_62' title="bbox 897 233 1681 270">
    <p class='ocr_par' dir='ltr' id='par_1_62' title="bbox 897 233 1681 270">
     <span class='ocr_line' id='line_1_62' title="bbox 897 233 1681 270; baseline -0.005 -7"><span class='ocrx_word' id='word_1_454' title='bbox 897 236 1063 263; x_wconf 85' lang='lat' dir='ltr'><strong>eminentem</strong></span> <span class='ocrx_word' id='word_1_455' title='bbox 1088 235 1271 270; x_wconf 82' lang='lat' dir='ltr'><strong>introspicere</strong></span> <span class='ocrx_word' id='word_1_456' title='bbox 1297 235 1392 266; x_wconf 86' lang='lat' dir='ltr'><strong>corda,</strong></span> <span class='ocrx_word' id='word_1_457' title='bbox 1426 239 1454 261; x_wconf 88' lang='lat' dir='ltr'><strong>et</strong></span> <span class='ocrx_word' id='word_1_458' title='bbox 1485 233 1681 262; x_wconf 80' lang='lat' dir='ltr'><strong>conscientiam</strong></span> 
     </span>
    </p>
   </div>
   <div class='ocr_carea' id='block_1_63' title="bbox 895 281 1683 317">
    <p class='ocr_par' dir='ltr' id='par_1_63' title="bbox 895 281 1683 317">
     <span class='ocr_line' id='line_1_63' title="bbox 895 281 1683 317; baseline -0.004 -8"><span class='ocrx_word' id='word_1_459' title='bbox 895 281 1075 317; x_wconf 83' lang='lat' dir='ltr'><strong>singulorum,</strong></span> <span class='ocrx_word' id='word_1_460' title='bbox 1092 281 1270 308; x_wconf 80' lang='lat' dir='ltr'><strong>manifestare</strong></span> <span class='ocrx_word' id='word_1_461' title='bbox 1290 281 1407 312; x_wconf 86' lang='lat' dir='ltr'><strong>occulta.</strong></span> <span class='ocrx_word' id='word_1_462' title='bbox 1421 285 1449 307; x_wconf 85' lang='lat' dir='ltr'><strong>et</strong></span> <span class='ocrx_word' id='word_1_463' title='bbox 1474 281 1582 307; x_wconf 87' lang='lat' dir='ltr'><strong>obtecta</strong></span> <span class='ocrx_word' id='word_1_464' title='bbox 1602 287 1683 307; x_wconf 90' lang='lat' dir='ltr'><strong>reve-</strong></span> 
     </span>
    </p>
   </div>
   <div class='ocr_carea' id='block_1_64' title="bbox 896 326 1680 361">
    <p class='ocr_par' dir='ltr' id='par_1_64' title="bbox 896 326 1680 361">
     <span class='ocr_line' id='line_1_64' title="bbox 896 326 1680 361; baseline -0.001 -7"><span class='ocrx_word' id='word_1_465' title='bbox 896 327 965 361; x_wconf 88' lang='lat' dir='ltr'><strong>lare,</strong></span> <span class='ocrx_word' id='word_1_466' title='bbox 986 331 1016 354; x_wconf 91' lang='lat' dir='ltr'><strong>ut</strong></span> <span class='ocrx_word' id='word_1_467' title='bbox 1041 331 1068 353; x_wconf 89' lang='lat' dir='ltr'><strong>et</strong></span> <span class='ocrx_word' id='word_1_468' title='bbox 1091 326 1170 354; x_wconf 87' lang='lat' dir='ltr'><strong>bonis</strong></span> <span class='ocrx_word' id='word_1_469' title='bbox 1191 326 1297 354; x_wconf 82' lang='lat' dir='ltr'><strong>artibus</strong></span> <span class='ocrx_word' id='word_1_470' title='bbox 1322 326 1427 353; x_wconf 90' lang='lat' dir='ltr'><strong>laudem</strong></span> <span class='ocrx_word' id='word_1_471' title='bbox 1444 326 1554 358; x_wconf 81' lang='lat' dir='ltr'><strong>tribuat,</strong></span> <span class='ocrx_word' id='word_1_472' title='bbox 1572 331 1600 353; x_wconf 88' lang='lat' dir='ltr'><strong>et</strong></span> <span class='ocrx_word' id='word_1_473' title='bbox 1617 326 1680 353; x_wconf 91' lang='lat' dir='ltr'><strong>mali</strong></span> 
     </span>
    </p>
   </div>
   <div class='ocr_carea' id='block_1_65' title="bbox 896 371 1678 409">
    <p class='ocr_par' dir='ltr' id='par_1_65' title="bbox 896 371 1678 409">
     <span class='ocr_line' id='line_1_65' title="bbox 896 371 1678 409; baseline -0.001 -10"><span class='ocrx_word' id='word_1_474' title='bbox 896 381 1016 409; x_wconf 72' lang='lat' dir='ltr'><strong>pcenam,</strong></span> <span class='ocrx_word' id='word_1_475' title='bbox 1035 380 1115 406; x_wconf 88' lang='lat' dir='ltr'><strong>quam</strong></span> <span class='ocrx_word' id='word_1_476' title='bbox 1137 376 1286 403; x_wconf 85' lang='lat' dir='ltr'><strong>merentur,</strong></span> <span class='ocrx_word' id='word_1_477' title='bbox 1304 372 1456 406; x_wconf 76' lang='lat' dir='ltr'><strong>cxripiant.‘</strong></span> <span class='ocrx_word' id='word_1_478' title='bbox 1468 382 1477 399; x_wconf 70' lang='grc' dir='ltr'><strong>ι</strong></span> <span class='ocrx_word' id='word_1_479' title='bbox 1500 371 1601 406; x_wconf 82' lang='lat' dir='ltr'><strong>Nempe</strong></span> <span class='ocrx_word' id='word_1_480' title='bbox 1613 372 1678 399; x_wconf 76' lang='lat' dir='ltr'><strong>alle~</strong></span> 
     </span>
    </p>
   </div>
   <div class='ocr_carea' id='block_1_66' title="bbox 895 417 1680 454">
    <p class='ocr_par' dir='ltr' id='par_1_66' title="bbox 895 417 1680 454">
     <span class='ocr_line' id='line_1_66' title="bbox 895 417 1680 454; baseline -0.003 -8"><span class='ocrx_word' id='word_1_481' title='bbox 895 419 980 454; x_wconf 77' lang='lat' dir='ltr'><strong>goriis</strong></span> <span class='ocrx_word' id='word_1_482' title='bbox 999 419 1055 446; x_wconf 88' lang='lat' dir='ltr'><strong>suis</strong></span> <span class='ocrx_word' id='word_1_483' title='bbox 1075 419 1211 445; x_wconf 84' lang='lat' dir='ltr'><strong>sincerum</strong></span> <span class='ocrx_word' id='word_1_484' title='bbox 1233 417 1297 444; x_wconf 90' lang='lat' dir='ltr'><strong>illud</strong></span> <span class='ocrx_word' id='word_1_485' title='bbox 1313 418 1409 453; x_wconf 86' lang='lat' dir='ltr'><strong>dogma</strong></span> <span class='ocrx_word' id='word_1_486' title='bbox 1432 418 1564 451; x_wconf 90' lang='lat' dir='ltr'><strong>corrupit,</strong></span> <span class='ocrx_word' id='word_1_487' title='bbox 1585 419 1680 452; x_wconf 71' lang='lat' dir='ltr'><strong>«quod</strong></span> 
     </span>
    </p>
   </div>
   <div class='ocr_carea' id='block_1_67' title="bbox 897 463 1680 498">
    <p class='ocr_par' dir='ltr' id='par_1_67' title="bbox 897 463 1680 498">
     <span class='ocr_line' id='line_1_67' title="bbox 897 463 1680 498; baseline -0.003 -6"><span class='ocrx_word' id='word_1_488' title='bbox 897 465 923 492; x_wconf 91' lang='lat' dir='ltr'><strong>in</strong></span> <span class='ocrx_word' id='word_1_489' title='bbox 939 464 1111 492; x_wconf 83' lang='lat' dir='ltr'><strong>confessione</strong></span> <span class='ocrx_word' id='word_1_490' title='bbox 1125 471 1157 491; x_wconf 88' lang='lat' dir='ltr'><strong>ac</strong></span> <span class='ocrx_word' id='word_1_491' title='bbox 1174 463 1346 498; x_wconf 84' lang='lat' dir='ltr'><strong>professione</strong></span> <span class='ocrx_word' id='word_1_492' title='bbox 1362 468 1436 490; x_wconf 90' lang='lat' dir='ltr'><strong>teuct</strong></span> <span class='ocrx_word' id='word_1_493' title='bbox 1452 464 1540 491; x_wconf 87' lang='lat' dir='ltr'><strong>omnis</strong></span> <span class='ocrx_word' id='word_1_494' title='bbox 1558 463 1680 490; x_wconf 86' lang='lat' dir='ltr'><strong>Ecclesia</strong></span> 
     </span>
    </p>
   </div>
   <div class='ocr_carea' id='block_1_68' title="bbox 895 507 1679 543">
    <p class='ocr_par' dir='ltr' id='par_1_68' title="bbox 895 507 1679 543">
     <span class='ocr_line' id='line_1_68' title="bbox 895 507 1679 543; baseline -0.004 -6"><span class='ocrx_word' id='word_1_495' title='bbox 895 509 942 537; x_wconf 88' lang='lat' dir='ltr'><strong>Dei</strong></span> <span class='ocrx_word' id='word_1_496' title='bbox 965 508 1022 535; x_wconf 86' lang='lat' dir='ltr'><strong>veri</strong></span> <span class='ocrx_word' id='word_1_497' title='bbox 1037 518 1046 534; x_wconf 74' lang='grc' dir='ltr'><strong>ι</strong></span> <span class='ocrx_word' id='word_1_498' title='bbox 1071 508 1121 543; x_wconf 89' lang='lat' dir='ltr'><strong>(ait</strong></span> <span class='ocrx_word' id='word_1_499' title='bbox 1143 507 1312 543; x_wconf 80' lang='lat' dir='ltr'><strong>Augustinus</strong></span> <span class='ocrx_word' id='word_1_500' title='bbox 1336 507 1384 534; x_wconf 89' lang='lat' dir='ltr'><strong>lib.</strong></span> <span class='ocrx_word' id='word_1_501' title='bbox 1410 516 1444 535; x_wconf 85' lang='lat' dir='ltr'><strong>xx</strong></span> <span class='ocrx_word' id='word_1_502' title='bbox 1466 507 1504 535; x_wconf 83' lang='lat' dir='ltr'><strong>De</strong></span> <span class='ocrx_word' id='word_1_503' title='bbox 1523 509 1594 536; x_wconf 78' lang='lat' dir='ltr'><strong>civit.</strong></span> <span class='ocrx_word' id='word_1_504' title='bbox 1618 508 1679 541; x_wconf 78' lang='lat' dir='ltr'><strong>Dei,</strong></span> 
     </span>
    </p>
   </div>
   <div class='ocr_carea' id='block_1_69' title="bbox 894 553 1679 589">
    <p class='ocr_par' dir='ltr' id='par_1_69' title="bbox 894 553 1679 589">
     <span class='ocr_line' id='line_1_69' title="bbox 894 553 1679 589; baseline 0.001 -8"><span class='ocrx_word' id='word_1_505' title='bbox 894 562 956 589; x_wconf 90' lang='lat' dir='ltr'><strong>cap.</strong></span> <span class='ocrx_word' id='word_1_506' title='bbox 976 554 1012 589; x_wconf 85' lang='lat' dir='ltr'><strong>I),</strong></span> <span class='ocrx_word' id='word_1_507' title='bbox 1036 553 1194 581; x_wconf 67' lang='lat' dir='ltr'><strong>«Christum</strong></span> <span class='ocrx_word' id='word_1_508' title='bbox 1218 554 1251 581; x_wconf 90' lang='lat' dir='ltr'><strong>de</strong></span> <span class='ocrx_word' id='word_1_509' title='bbox 1283 553 1354 581; x_wconf 75' lang='lat' dir='ltr'><strong>cmlo</strong></span> <span class='ocrx_word' id='word_1_510' title='bbox 1385 560 1446 580; x_wconf 89' lang='lat' dir='ltr'><strong>esse</strong></span> <span class='ocrx_word' id='word_1_511' title='bbox 1471 559 1616 581; x_wconf 89' lang='lat' dir='ltr'><strong>venturum</strong></span> <span class='ocrx_word' id='word_1_512' title='bbox 1645 555 1679 582; x_wconf 91' lang='lat' dir='ltr'><strong>ad</strong></span> 
     </span>
    </p>
   </div>
   <div class='ocr_carea' id='block_1_70' title="bbox 895 599 1680 634">
    <p class='ocr_par' dir='ltr' id='par_1_70' title="bbox 895 599 1680 634">
     <span class='ocr_line' id='line_1_70' title="bbox 895 599 1680 634; baseline 0.001 -8"><span class='ocrx_word' id='word_1_513' title='bbox 895 601 972 628; x_wconf 78' lang='lat' dir='ltr'><strong>vivos</strong></span> <span class='ocrx_word' id='word_1_514' title='bbox 989 605 1017 628; x_wconf 89' lang='lat' dir='ltr'><strong>et</strong></span> <span class='ocrx_word' id='word_1_515' title='bbox 1032 604 1153 627; x_wconf 89' lang='lat' dir='ltr'><strong>mortuos</strong></span> <span class='ocrx_word' id='word_1_516' title='bbox 1173 599 1357 634; x_wconf 86' lang='lat' dir='ltr'><strong>jndicandos;</strong></span> <span class='ocrx_word' id='word_1_517' title='bbox 1369 608 1377 624; x_wconf 75' lang='grc' dir='ltr'><strong>ι</strong></span> <span class='ocrx_word' id='word_1_518' title='bbox 1392 607 1445 626; x_wconf 93' lang='lat' dir='ltr'><strong>non</strong></span> <span class='ocrx_word' id='word_1_519' title='bbox 1465 599 1545 626; x_wconf 91' lang='lat' dir='ltr'><strong>modo</strong></span> <span class='ocrx_word' id='word_1_520' title='bbox 1564 607 1612 634; x_wconf 89' lang='lat' dir='ltr'><strong>per</strong></span> <span class='ocrx_word' id='word_1_521' title='bbox 1625 601 1680 627; x_wconf 85' lang='lat' dir='ltr'><strong>vim</strong></span> 
     </span>
    </p>
   </div>
   <div class='ocr_carea' id='block_1_71' title="bbox 895 645 1681 680">
    <p class='ocr_par' dir='ltr' id='par_1_71' title="bbox 895 645 1681 680">
     <span class='ocr_line' id='line_1_71' title="bbox 895 645 1681 680; baseline -0.001 -7"><span class='ocrx_word' id='word_1_522' title='bbox 895 651 922 674; x_wconf 89' lang='lat' dir='ltr'><strong>et</strong></span> <span class='ocrx_word' id='word_1_523' title='bbox 937 646 1106 680; x_wconf 86' lang='lat' dir='ltr'><strong>majestatem</strong></span> <span class='ocrx_word' id='word_1_524' title='bbox 1119 653 1195 673; x_wconf 90' lang='lat' dir='ltr'><strong>suam</strong></span> <span class='ocrx_word' id='word_1_525' title='bbox 1209 645 1302 672; x_wconf 90' lang='lat' dir='ltr'><strong>omnia</strong></span> <span class='ocrx_word' id='word_1_526' title='bbox 1320 645 1509 679; x_wconf 90' lang='lat' dir='ltr'><strong>complentem,</strong></span> <span class='ocrx_word' id='word_1_527' title='bbox 1525 651 1681 680; x_wconf 81' lang='lat' dir='ltr'><strong>mentesque</strong></span> 
     </span>
    </p>
   </div>
   <div class='ocr_carea' id='block_1_72' title="bbox 895 691 1681 723">
    <p class='ocr_par' dir='ltr' id='par_1_72' title="bbox 895 691 1681 723">
     <span class='ocr_line' id='line_1_72' title="bbox 895 691 1681 723; baseline -0.003 -4"><span class='ocrx_word' id='word_1_528' title='bbox 895 692 1017 719; x_wconf 89' lang='lat' dir='ltr'><strong>omnium</strong></span> <span class='ocrx_word' id='word_1_529' title='bbox 1036 692 1251 723; x_wconf 86' lang='lat' dir='ltr'><strong>collustrantem,</strong></span> <span class='ocrx_word' id='word_1_530' title='bbox 1266 696 1293 718; x_wconf 90' lang='lat' dir='ltr'><strong>et</strong></span> <span class='ocrx_word' id='word_1_531' title='bbox 1312 691 1338 718; x_wconf 92' lang='lat' dir='ltr'><strong>in</strong></span> <span class='ocrx_word' id='word_1_532' title='bbox 1355 695 1478 718; x_wconf 86' lang='lat' dir='ltr'><strong>actorum</strong></span> <span class='ocrx_word' id='word_1_533' title='bbox 1492 698 1602 718; x_wconf 88' lang='lat' dir='ltr'><strong>suornnt</strong></span> <span class='ocrx_word' id='word_1_534' title='bbox 1625 698 1681 718; x_wconf 83' lang='lat' dir='ltr'><strong>me-</strong></span> 
     </span>
    </p>
   </div>
   <div class='ocr_carea' id='block_1_73' title="bbox 897 736 1680 771">
    <p class='ocr_par' dir='ltr' id='par_1_73' title="bbox 897 736 1680 771">
     <span class='ocr_line' id='line_1_73' title="bbox 897 736 1680 771; baseline -0.003 -7"><span class='ocrx_word' id='word_1_535' title='bbox 897 737 1011 764; x_wconf 89' lang='lat' dir='ltr'><strong>moriam</strong></span> <span class='ocrx_word' id='word_1_536' title='bbox 1028 741 1252 771; x_wconf 85' lang='lat' dir='ltr'><strong>retorquentem;</strong></span> <span class='ocrx_word' id='word_1_537' title='bbox 1270 736 1318 764; x_wconf 85' lang='lat' dir='ltr'><strong>sed</strong></span> <span class='ocrx_word' id='word_1_538' title='bbox 1334 743 1449 771; x_wconf 87' lang='lat' dir='ltr'><strong>corpore</strong></span> <span class='ocrx_word' id='word_1_539' title='bbox 1462 741 1636 771; x_wconf 70' lang='lat' dir='ltr'><strong>praesentem,</strong></span> <span class='ocrx_word' id='word_1_540' title='bbox 1652 741 1680 763; x_wconf 88' lang='lat' dir='ltr'><strong>et</strong></span> 
     </span>
    </p>
   </div>
   <div class='ocr_carea' id='block_1_74' title="bbox 897 782 1680 817">
    <p class='ocr_par' dir='ltr' id='par_1_74' title="bbox 897 782 1680 817">
     <span class='ocr_line' id='line_1_74' title="bbox 897 782 1680 817; baseline 0.001 -8"><span class='ocrx_word' id='word_1_541' title='bbox 897 783 1020 810; x_wconf 87' lang='lat' dir='ltr'><strong>homines</strong></span> <span class='ocrx_word' id='word_1_542' title='bbox 1034 783 1176 810; x_wconf 83' lang='lat' dir='ltr'><strong>universos</strong></span> <span class='ocrx_word' id='word_1_543' title='bbox 1189 783 1215 810; x_wconf 95' lang='lat' dir='ltr'><strong>in</strong></span> <span class='ocrx_word' id='word_1_544' title='bbox 1231 790 1314 809; x_wconf 89' lang='lat' dir='ltr'><strong>unum</strong></span> <span class='ocrx_word' id='word_1_545' title='bbox 1338 782 1529 816; x_wconf 76' lang='lat' dir='ltr'><strong>adducentem,</strong></span> <span class='ocrx_word' id='word_1_546' title='bbox 1543 787 1572 810; x_wconf 86' lang='lat' dir='ltr'><strong>et</strong></span> <span class='ocrx_word' id='word_1_547' title='bbox 1582 790 1680 817; x_wconf 76' lang='lat' dir='ltr'><strong>supre-</strong></span> 
     </span>
    </p>
   </div>
   <div class='ocr_carea' id='block_1_75' title="bbox 897 826 1681 862">
    <p class='ocr_par' dir='ltr' id='par_1_75' title="bbox 897 826 1681 862">
     <span class='ocr_line' id='line_1_75' title="bbox 897 826 1681 862; baseline -0.003 -7"><span class='ocrx_word' id='word_1_548' title='bbox 897 835 940 855; x_wconf 85' lang='lat' dir='ltr'><strong>ma</strong></span> <span class='ocrx_word' id='word_1_549' title='bbox 960 835 992 855; x_wconf 84' lang='lat' dir='ltr'><strong>ac</strong></span> <span class='ocrx_word' id='word_1_550' title='bbox 1008 828 1160 855; x_wconf 85' lang='lat' dir='ltr'><strong>decretoria</strong></span> <span class='ocrx_word' id='word_1_551' title='bbox 1183 826 1318 855; x_wconf 83' lang='lat' dir='ltr'><strong>sententia</strong></span> <span class='ocrx_word' id='word_1_552' title='bbox 1340 834 1384 854; x_wconf 89' lang='lat' dir='ltr'><strong>res</strong></span> <span class='ocrx_word' id='word_1_553' title='bbox 1404 827 1545 854; x_wconf 89' lang='lat' dir='ltr'><strong>hominum</strong></span> <span class='ocrx_word' id='word_1_554' title='bbox 1570 834 1681 862; x_wconf 83' lang='lat' dir='ltr'><strong>compo-</strong></span> 
     </span>
    </p>
   </div>
   <div class='ocr_carea' id='block_1_76' title="bbox 861 865 1681 908">
    <p class='ocr_par' dir='ltr' id='par_1_76' title="bbox 861 865 1681 908">
     <span class='ocr_line' id='line_1_76' title="bbox 861 865 1681 908; baseline -0.002 -8"><span class='ocrx_word' id='word_1_555' title='bbox 861 865 881 894; x_wconf 74' lang='grc' dir='ltr'><strong>Β</strong></span> <span class='ocrx_word' id='word_1_556' title='bbox 897 878 1015 902; x_wconf 90' lang='lat' dir='ltr'><strong>nentem.</strong></span> <span class='ocrx_word' id='word_1_557' title='bbox 1031 873 1065 900; x_wconf 85' lang='lat' dir='ltr'><strong>At</strong></span> <span class='ocrx_word' id='word_1_558' title='bbox 1083 873 1126 900; x_wconf 90' lang='lat' dir='ltr'><strong>hic</strong></span> <span class='ocrx_word' id='word_1_559' title='bbox 1141 879 1249 908; x_wconf 84' lang='lat' dir='ltr'><strong>quoque</strong></span> <span class='ocrx_word' id='word_1_560' title='bbox 1265 872 1470 899; x_wconf 82' lang='lat' dir='ltr'><strong>meminerimus</strong></span> <span class='ocrx_word' id='word_1_561' title='bbox 1484 871 1602 898; x_wconf 91' lang='lat' dir='ltr'><strong>nondum</strong></span> <span class='ocrx_word' id='word_1_562' title='bbox 1620 879 1681 899; x_wconf 86' lang='lat' dir='ltr'><strong>cer-</strong></span> 
     </span>
    </p>
   </div>
   <div class='ocr_carea' id='block_1_77' title="bbox 897 917 1681 952">
    <p class='ocr_par' dir='ltr' id='par_1_77' title="bbox 897 917 1681 952">
     <span class='ocr_line' id='line_1_77' title="bbox 897 917 1681 952; baseline -0.004 -6"><span class='ocrx_word' id='word_1_563' title='bbox 897 919 931 946; x_wconf 89' lang='lat' dir='ltr'><strong>tis</strong></span> <span class='ocrx_word' id='word_1_564' title='bbox 948 919 1046 946; x_wconf 84' lang='lat' dir='ltr'><strong>tinibus</strong></span> <span class='ocrx_word' id='word_1_565' title='bbox 1061 918 1209 946; x_wconf 78' lang='lat' dir='ltr'><strong>Ecclesium</strong></span> <span class='ocrx_word' id='word_1_566' title='bbox 1224 918 1274 945; x_wconf 83' lang='lat' dir='ltr'><strong>has</strong></span> <span class='ocrx_word' id='word_1_567' title='bbox 1287 917 1451 952; x_wconf 70' lang='lat' dir='ltr'><strong>quaestiones</strong></span> <span class='ocrx_word' id='word_1_568' title='bbox 1466 921 1531 943; x_wconf 89' lang='lat' dir='ltr'><strong>tunc</strong></span> <span class='ocrx_word' id='word_1_569' title='bbox 1551 917 1681 951; x_wconf 66' lang='lat' dir='ltr'><strong>temporis</strong></span> 
     </span>
    </p>
   </div>
   <div class='ocr_carea' id='block_1_78' title="bbox 894 964 1432 1001">
    <p class='ocr_par' dir='ltr' id='par_1_78' title="bbox 894 964 1432 1001">
     <span class='ocr_line' id='line_1_78' title="bbox 894 964 1432 1001; baseline -0.002 -9"><span class='ocrx_word' id='word_1_570' title='bbox 894 964 1024 999; x_wconf 80' lang='lat' dir='ltr'><strong>sepsisse.</strong></span> <span class='ocrx_word' id='word_1_571' title='bbox 1422 989 1432 1001; x_wconf 66' lang='grc'><em>,</em></span> 
     </span>
    </p>
   </div>
   <div class='ocr_carea' id='block_1_79' title="bbox 1169 1008 1399 1043">
    <p class='ocr_par' dir='ltr' id='par_1_79' title="bbox 1169 1008 1399 1043">
     <span class='ocr_line' id='line_1_79' title="bbox 1169 1008 1399 1043; baseline -0.004 -6"><span class='ocrx_word' id='word_1_572' title='bbox 1169 1008 1333 1043; x_wconf 70' lang='grc' dir='ltr'><strong>ΩυιΕὸτΙΟ</strong></span> <span class='ocrx_word' id='word_1_573' title='bbox 1353 1008 1399 1036; x_wconf 85' lang='lat' dir='ltr'><strong>XI.</strong></span> 
     </span>
    </p>
   </div>
   <div class='ocr_carea' id='block_1_80' title="bbox 1119 1062 1451 1084">
    <p class='ocr_par' dir='ltr' id='par_1_80' title="bbox 1119 1062 1451 1084">
     <span class='ocr_line' id='line_1_80' title="bbox 1119 1062 1451 1084; baseline -0.006 -1"><span class='ocrx_word' id='word_1_574' title='bbox 1119 1063 1153 1083; x_wconf 76' lang='lat' dir='ltr'><strong>DE</strong></span> <span class='ocrx_word' id='word_1_575' title='bbox 1172 1063 1259 1084; x_wconf 66' lang='grc' dir='ltr'><strong>Ραειηιε</strong></span> <span class='ocrx_word' id='word_1_576' title='bbox 1273 1063 1308 1083; x_wconf 78' lang='grc' dir='ltr'><strong>ΕΤ</strong></span> <span class='ocrx_word' id='word_1_577' title='bbox 1327 1062 1451 1082; x_wconf 67' lang='grc' dir='ltr'>Ριιιεκιιε.</span> 
     </span>
    </p>
   </div>
   <div class='ocr_carea' id='block_1_81' title="bbox 894 1097 1678 1137">
    <p class='ocr_par' dir='ltr' id='par_1_81' title="bbox 894 1097 1678 1137">
     <span class='ocr_line' id='line_1_81' title="bbox 894 1097 1678 1137; baseline -0.003 -8"><span class='ocrx_word' id='word_1_578' title='bbox 894 1101 915 1130; x_wconf 90' lang='grc' dir='ltr'><strong>Ι.</strong></span> <span class='ocrx_word' id='word_1_579' title='bbox 937 1101 1060 1137; x_wconf 80' lang='lat' dir='ltr'><strong>Origem&#39;s</strong></span> <span class='ocrx_word' id='word_1_580' title='bbox 1082 1102 1230 1137; x_wconf 41' lang='lat' dir='ltr'><strong>opinio/.1:</strong></span> <span class='ocrx_word' id='word_1_581' title='bbox 1253 1102 1335 1135; x_wconf 79' lang='lat' dir='ltr'><strong>ipsius</strong></span> <span class='ocrx_word' id='word_1_582' title='bbox 1365 1097 1504 1134; x_wconf 76' lang='lat' dir='ltr'><strong>principiis</strong></span> <span class='ocrx_word' id='word_1_583' title='bbox 1527 1101 1678 1137; x_wconf 68' lang='lat' dir='ltr'><strong>summatim</strong></span> 
     </span>
    </p>
   </div>
   <div class='ocr_carea' id='block_1_82' title="bbox 929 1136 1679 1170">
    <p class='ocr_par' dir='ltr' id='par_1_82' title="bbox 929 1136 1679 1170">
     <span class='ocr_line' id='line_1_82' title="bbox 929 1136 1679 1170; baseline -0.003 -6"><span class='ocrx_word' id='word_1_584' title='bbox 929 1136 1077 1165; x_wconf 76' lang='lat' dir='ltr'><strong>deducitur.</strong></span> <span class='ocrx_word' id='word_1_585' title='bbox 1103 1137 1136 1164; x_wconf 93' lang='lat' dir='ltr'><strong>II.</strong></span> <span class='ocrx_word' id='word_1_586' title='bbox 1163 1136 1264 1163; x_wconf 82' lang='lat' dir='ltr'><strong>Eadem</strong></span> <span class='ocrx_word' id='word_1_587' title='bbox 1288 1137 1383 1163; x_wconf 82' lang='lat' dir='ltr'><strong>deinde</strong></span> <span class='ocrx_word' id='word_1_588' title='bbox 1398 1137 1483 1170; x_wconf 77' lang='lat' dir='ltr'><strong>fusius</strong></span> <span class='ocrx_word' id='word_1_589' title='bbox 1498 1136 1580 1170; x_wconf 77' lang='lat' dir='ltr'><strong>ipsius</strong></span> <span class='ocrx_word' id='word_1_590' title='bbox 1597 1137 1679 1163; x_wconf 67' lang='lat' dir='ltr'><strong>verbis</strong></span> 
     </span>
    </p>
   </div>
   <div class='ocr_carea' id='block_1_83' title="bbox 930 1169 1679 1206">
    <p class='ocr_par' dir='ltr' id='par_1_83' title="bbox 930 1169 1679 1206">
     <span class='ocr_line' id='line_1_83' title="bbox 930 1169 1679 1206; baseline -0.001 -7"><span class='ocrx_word' id='word_1_591' title='bbox 930 1173 1090 1199; x_wconf 81' lang='lat' dir='ltr'><strong>declaratur.</strong></span> <span class='ocrx_word' id='word_1_592' title='bbox 1105 1172 1142 1198; x_wconf 77' lang='lat' dir='ltr'><strong>Ac</strong></span> <span class='ocrx_word' id='word_1_593' title='bbox 1157 1173 1269 1206; x_wconf 87' lang='lat' dir='ltr'><strong>primum</strong></span> <span class='ocrx_word' id='word_1_594' title='bbox 1283 1173 1314 1198; x_wconf 78' lang='lat' dir='ltr'><strong>de</strong></span> <span class='ocrx_word' id='word_1_595' title='bbox 1328 1169 1418 1205; x_wconf 65' lang='lat' dir='ltr'><strong>panis.</strong></span> <span class='ocrx_word' id='word_1_596' title='bbox 1449 1170 1543 1206; x_wconf 79' lang='lat' dir='ltr'><strong>Omnes</strong></span> <span class='ocrx_word' id='word_1_597' title='bbox 1563 1169 1679 1198; x_wconf 77' lang='lat' dir='ltr'><strong>homines</strong></span> 
     </span>
    </p>
   </div>
   <div class='ocr_carea' id='block_1_84' title="bbox 929 1205 1677 1242">
    <p class='ocr_par' dir='ltr' id='par_1_84' title="bbox 929 1205 1677 1242">
     <span class='ocr_line' id='line_1_84' title="bbox 929 1205 1677 1242; baseline -0.001 -9"><span class='ocrx_word' id='word_1_598' title='bbox 929 1208 988 1242; x_wconf 82' lang='lat' dir='ltr'><strong>igne</strong></span> <span class='ocrx_word' id='word_1_599' title='bbox 1002 1207 1190 1233; x_wconf 68' lang='lat' dir='ltr'><strong>exuntinnndos</strong></span> <span class='ocrx_word' id='word_1_600' title='bbox 1205 1206 1261 1240; x_wconf 79' lang='lat' dir='ltr'><strong>fore</strong></span> <span class='ocrx_word' id='word_1_601' title='bbox 1277 1207 1367 1233; x_wconf 78' lang='lat' dir='ltr'><strong>sensit.</strong></span> <span class='ocrx_word' id='word_1_602' title='bbox 1389 1206 1431 1242; x_wconf 71' lang='lat' dir='ltr'><strong>Ill.</strong></span> <span class='ocrx_word' id='word_1_603' title='bbox 1447 1205 1546 1242; x_wconf 64' lang='lat' dir='ltr'><strong>Deinde</strong></span> <span class='ocrx_word' id='word_1_604' title='bbox 1562 1206 1588 1232; x_wconf 88' lang='lat' dir='ltr'><strong>in</strong></span> <span class='ocrx_word' id='word_1_605' title='bbox 1603 1207 1677 1232; x_wconf 79' lang='lat' dir='ltr'><strong>uaria</strong></span> 
     </span>
    </p>
   </div>
   <div class='ocr_carea' id='block_1_85' title="bbox 928 1241 1677 1276">
    <p class='ocr_par' dir='ltr' id='par_1_85' title="bbox 928 1241 1677 1276">
     <span class='ocr_line' id='line_1_85' title="bbox 928 1241 1677 1276; baseline 0.001 -9"><span class='ocrx_word' id='word_1_606' title='bbox 928 1242 985 1268; x_wconf 82' lang='lat' dir='ltr'><strong>lora</strong></span> <span class='ocrx_word' id='word_1_607' title='bbox 1009 1250 1056 1276; x_wconf 88' lang='lat' dir='ltr'><strong>pro</strong></span> <span class='ocrx_word' id='word_1_608' title='bbox 1077 1242 1176 1268; x_wconf 79' lang='lat' dir='ltr'><strong>meritis</strong></span> <span class='ocrx_word' id='word_1_609' title='bbox 1192 1242 1379 1274; x_wconf 79' lang='lat' dir='ltr'><strong>dimittendos;</strong></span> <span class='ocrx_word' id='word_1_610' title='bbox 1399 1241 1441 1267; x_wconf 92' lang='lat' dir='ltr'><strong>IV.</strong></span> <span class='ocrx_word' id='word_1_611' title='bbox 1456 1241 1493 1266; x_wconf 82' lang='lat' dir='ltr'><strong>Ac</strong></span> <span class='ocrx_word' id='word_1_612' title='bbox 1510 1244 1677 1273; x_wconf 77' lang='lat' dir='ltr'><strong>torquendus.</strong></span> 
     </span>
    </p>
   </div>
   <div class='ocr_carea' id='block_1_86' title="bbox 930 1276 1678 1310">
    <p class='ocr_par' dir='ltr' id='par_1_86' title="bbox 930 1276 1678 1310">
     <span class='ocr_line' id='line_1_86' title="bbox 930 1276 1678 1310; baseline -0.001 -7"><span class='ocrx_word' id='word_1_613' title='bbox 930 1277 962 1303; x_wconf 86' lang='lat' dir='ltr'><strong>V.</strong></span> <span class='ocrx_word' id='word_1_614' title='bbox 988 1277 1085 1309; x_wconf 78' lang='lat' dir='ltr'><strong>Quales</strong></span> <span class='ocrx_word' id='word_1_615' title='bbox 1112 1285 1201 1310; x_wconf 61' lang='lat' dir='ltr'><strong>pinnas</strong></span> <span class='ocrx_word' id='word_1_616' title='bbox 1232 1276 1338 1310; x_wconf 77' lang='lat' dir='ltr'><strong>futuras</strong></span> <span class='ocrx_word' id='word_1_617' title='bbox 1365 1276 1510 1302; x_wconf 72' lang='lat' dir='ltr'><strong>arbitratus</strong></span> <span class='ocrx_word' id='word_1_618' title='bbox 1538 1276 1591 1307; x_wconf 81' lang='lat' dir='ltr'><strong>sit;</strong></span> <span class='ocrx_word' id='word_1_619' title='bbox 1615 1277 1678 1309; x_wconf 77' lang='lat' dir='ltr'><strong>quid</strong></span> 
     </span>
    </p>
   </div>
   <div class='ocr_carea' id='block_1_87' title="bbox 929 1310 1678 1346">
    <p class='ocr_par' dir='ltr' id='par_1_87' title="bbox 929 1310 1678 1346">
     <span class='ocr_line' id='line_1_87' title="bbox 929 1310 1678 1346; baseline -0.001 -10"><span class='ocrx_word' id='word_1_620' title='bbox 929 1312 1014 1346; x_wconf 83' lang='lat' dir='ltr'><strong>ignem</strong></span> <span class='ocrx_word' id='word_1_621' title='bbox 1032 1318 1169 1338; x_wconf 59' lang='lat' dir='ltr'><strong>internum.</strong></span> <span class='ocrx_word' id='word_1_622' title='bbox 1190 1311 1232 1338; x_wconf 92' lang='lat' dir='ltr'><strong>VI.</strong></span> <span class='ocrx_word' id='word_1_623' title='bbox 1252 1311 1354 1345; x_wconf 75' lang='lat' dir='ltr'><strong>Ecquas</strong></span> <span class='ocrx_word' id='word_1_624' title='bbox 1377 1317 1472 1345; x_wconf 68' lang='lat' dir='ltr'><strong>printer</strong></span> <span class='ocrx_word' id='word_1_625' title='bbox 1491 1310 1576 1346; x_wconf 61' lang='lat' dir='ltr'><strong>ignem</strong></span> <span class='ocrx_word' id='word_1_626' title='bbox 1590 1318 1678 1342; x_wconf 71' lang='grc' dir='ltr'><strong>μίιήίιε</strong></span> 
     </span>
    </p>
   </div>
   <div class='ocr_carea' id='block_1_88' title="bbox 928 1345 1679 1381">
    <p class='ocr_par' dir='ltr' id='par_1_88' title="bbox 928 1345 1679 1381">
     <span class='ocr_line' id='line_1_88' title="bbox 928 1345 1679 1381; baseline 0 -9"><span class='ocrx_word' id='word_1_627' title='bbox 928 1345 1039 1373; x_wconf 74' lang='lat' dir='ltr'><strong>mortuis</strong></span> <span class='ocrx_word' id='word_1_628' title='bbox 1058 1347 1213 1381; x_wconf 76' lang='lat' dir='ltr'><strong>infligendas</strong></span> <span class='ocrx_word' id='word_1_629' title='bbox 1238 1345 1473 1381; x_wconf 35' lang='grc' dir='ltr'><strong>(ΙιηειέυεγὶιηῩΙΙ1</strong></span> <span class='ocrx_word' id='word_1_630' title='bbox 1486 1345 1526 1381; x_wconf 53' lang='lat' dir='ltr'><strong>lt&quot;;</strong></span> <span class='ocrx_word' id='word_1_631' title='bbox 1541 1345 1581 1381; x_wconf 79' lang='lat' dir='ltr'><strong>Itis</strong></span> <span class='ocrx_word' id='word_1_632' title='bbox 1599 1347 1679 1372; x_wconf 68' lang='lat' dir='ltr'><strong>uaria:</strong></span> 
     </span>
    </p>
   </div>
   <div class='ocr_carea' id='block_1_89' title="bbox 930 1379 1679 1408">
    <p class='ocr_par' dir='ltr' id='par_1_89' title="bbox 930 1379 1679 1408">
     <span class='ocr_line' id='line_1_89' title="bbox 930 1379 1679 1408; baseline -0.001 -1"><span class='ocrx_word' id='word_1_633' title='bbox 930 1382 1054 1408; x_wconf 81' lang='lat' dir='ltr'><strong>adversus</strong></span> <span class='ocrx_word' id='word_1_634' title='bbox 1077 1379 1136 1408; x_wconf 64' lang='lat' dir='ltr'><strong>eum</strong></span> <span class='ocrx_word' id='word_1_635' title='bbox 1151 1381 1357 1408; x_wconf 71' lang='lat' dir='ltr'><strong>criminationes.</strong></span> <span class='ocrx_word' id='word_1_636' title='bbox 1375 1380 1438 1408; x_wconf 92' lang='lat' dir='ltr'><strong>VIII.</strong></span> <span class='ocrx_word' id='word_1_637' title='bbox 1456 1379 1509 1407; x_wconf 75' lang='lat' dir='ltr'><strong>Sed</strong></span> <span class='ocrx_word' id='word_1_638' title='bbox 1527 1380 1569 1406; x_wconf 78' lang='lat' dir='ltr'><strong>sui</strong></span> <span class='ocrx_word' id='word_1_639' title='bbox 1593 1385 1679 1406; x_wconf 71' lang='lat' dir='ltr'><strong>tamen</strong></span> 
     </span>
    </p>
   </div>
   <div class='ocr_carea' id='block_1_90' title="bbox 928 1415 1675 1450">
    <p class='ocr_par' dir='ltr' id='par_1_90' title="bbox 928 1415 1675 1450">
     <span class='ocr_line' id='line_1_90' title="bbox 928 1415 1675 1450; baseline 0 -8"><span class='ocrx_word' id='word_1_640' title='bbox 928 1417 952 1442; x_wconf 86' lang='lat' dir='ltr'><strong>ei</strong></span> <span class='ocrx_word' id='word_1_641' title='bbox 965 1425 1016 1443; x_wconf 88' lang='lat' dir='ltr'><strong>non</strong></span> <span class='ocrx_word' id='word_1_642' title='bbox 1034 1417 1126 1442; x_wconf 78' lang='lat' dir='ltr'><strong>desunt</strong></span> <span class='ocrx_word' id='word_1_643' title='bbox 1149 1415 1346 1449; x_wconf 70' lang='lat' dir='ltr'><strong>axtipulutores,</strong></span> <span class='ocrx_word' id='word_1_644' title='bbox 1362 1423 1461 1450; x_wconf 77' lang='lat' dir='ltr'><strong>suaque</strong></span> <span class='ocrx_word' id='word_1_645' title='bbox 1482 1415 1609 1448; x_wconf 73' lang='lat' dir='ltr'><strong>defensio.</strong></span> <span class='ocrx_word' id='word_1_646' title='bbox 1630 1415 1675 1442; x_wconf 85' lang='lat' dir='ltr'><strong>IX.</strong></span> 
     </span>
    </p>
   </div>
   <div class='ocr_carea' id='block_1_91' title="bbox 931 1451 1679 1485">
    <p class='ocr_par' dir='ltr' id='par_1_91' title="bbox 931 1451 1679 1485">
     <span class='ocr_line' id='line_1_91' title="bbox 931 1451 1679 1485; baseline -0.003 -8"><span class='ocrx_word' id='word_1_647' title='bbox 931 1451 967 1477; x_wconf 81' lang='lat' dir='ltr'><strong>De</strong></span> <span class='ocrx_word' id='word_1_648' title='bbox 988 1452 1103 1485; x_wconf 75' lang='lat' dir='ltr'><strong>pra-otiis</strong></span> <span class='ocrx_word' id='word_1_649' title='bbox 1123 1451 1219 1485; x_wconf 83' lang='lat' dir='ltr'><strong>agitur,</strong></span> <span class='ocrx_word' id='word_1_650' title='bbox 1235 1455 1259 1485; x_wconf 76' lang='lat' dir='ltr'><strong>et</strong></span> <span class='ocrx_word' id='word_1_651' title='bbox 1279 1451 1305 1475; x_wconf 91' lang='lat' dir='ltr'><strong>in</strong></span> <span class='ocrx_word' id='word_1_652' title='bbox 1320 1459 1370 1484; x_wconf 87' lang='lat' dir='ltr'><strong>quo</strong></span> <span class='ocrx_word' id='word_1_653' title='bbox 1392 1452 1505 1484; x_wconf 81' lang='lat' dir='ltr'><strong>positam</strong></span> <span class='ocrx_word' id='word_1_654' title='bbox 1526 1454 1679 1476; x_wconf 59' lang='lat' dir='ltr'><strong>iunctorum</strong></span> 
     </span>
    </p>
   </div>
   <div class='ocr_carea' id='block_1_92' title="bbox 930 1484 1679 1518">
    <p class='ocr_par' dir='ltr' id='par_1_92' title="bbox 930 1484 1679 1518">
     <span class='ocr_line' id='line_1_92' title="bbox 930 1484 1679 1518; baseline -0.003 -6"><span class='ocrx_word' id='word_1_655' title='bbox 930 1484 1080 1513; x_wconf 26' lang='lat' dir='ltr'><strong>beat’itotem</strong></span> <span class='ocrx_word' id='word_1_656' title='bbox 1106 1486 1214 1512; x_wconf 78' lang='lat' dir='ltr'><strong>uoluerit</strong></span> <span class='ocrx_word' id='word_1_657' title='bbox 1243 1484 1379 1517; x_wconf 77' lang='lat' dir='ltr'><strong>Origenrr,</strong></span> <span class='ocrx_word' id='word_1_658' title='bbox 1401 1485 1556 1518; x_wconf 68' lang='lat' dir='ltr'><strong>explicatur.</strong></span> <span class='ocrx_word' id='word_1_659' title='bbox 1581 1484 1613 1511; x_wconf 88' lang='lat' dir='ltr'><strong>X.</strong></span> <span class='ocrx_word' id='word_1_660' title='bbox 1631 1484 1679 1511; x_wconf 78' lang='lat' dir='ltr'><strong>lle-</strong></span> 
     </span>
    </p>
   </div>
   <div class='ocr_carea' id='block_1_93' title="bbox 928 1520 1678 1554">
    <p class='ocr_par' dir='ltr' id='par_1_93' title="bbox 928 1520 1678 1554">
     <span class='ocr_line' id='line_1_93' title="bbox 928 1520 1678 1554; baseline -0.003 -7"><span class='ocrx_word' id='word_1_661' title='bbox 928 1527 1066 1548; x_wconf 79' lang='lat' dir='ltr'><strong>censentur</strong></span> <span class='ocrx_word' id='word_1_662' title='bbox 1088 1522 1154 1548; x_wconf 73' lang='lat' dir='ltr'><strong>varii</strong></span> <span class='ocrx_word' id='word_1_663' title='bbox 1168 1522 1266 1554; x_wconf 82' lang='lat' dir='ltr'><strong>gradus</strong></span> <span class='ocrx_word' id='word_1_664' title='bbox 1285 1528 1332 1554; x_wconf 82' lang='lat' dir='ltr'><strong>per</strong></span> <span class='ocrx_word' id='word_1_665' title='bbox 1345 1528 1409 1554; x_wconf 79' lang='lat' dir='ltr'><strong>quos</strong></span> <span class='ocrx_word' id='word_1_666' title='bbox 1425 1521 1459 1546; x_wconf 80' lang='lat' dir='ltr'><strong>ad</strong></span> <span class='ocrx_word' id='word_1_667' title='bbox 1475 1527 1532 1546; x_wconf 81' lang='lat' dir='ltr'><strong>eam</strong></span> <span class='ocrx_word' id='word_1_668' title='bbox 1549 1520 1678 1551; x_wconf 71' lang='lat' dir='ltr'><strong>perueniri</strong></span> 
     </span>
    </p>
   </div>
   <div class='ocr_carea' id='block_1_94' title="bbox 929 1555 1680 1589">
    <p class='ocr_par' dir='ltr' id='par_1_94' title="bbox 929 1555 1680 1589">
     <span class='ocr_line' id='line_1_94' title="bbox 929 1555 1680 1589; baseline -0.004 -7"><span class='ocrx_word' id='word_1_669' title='bbox 929 1558 1020 1583; x_wconf 77' lang='lat' dir='ltr'><strong>sensit.</strong></span> <span class='ocrx_word' id='word_1_670' title='bbox 1038 1555 1083 1582; x_wconf 85' lang='lat' dir='ltr'><strong>XI.</strong></span> <span class='ocrx_word' id='word_1_671' title='bbox 1105 1555 1142 1582; x_wconf 81' lang='lat' dir='ltr'><strong>De</strong></span> <span class='ocrx_word' id='word_1_672' title='bbox 1164 1557 1232 1587; x_wconf 85' lang='lat' dir='ltr'><strong>loco,</strong></span> <span class='ocrx_word' id='word_1_673' title='bbox 1252 1563 1304 1589; x_wconf 81' lang='lat' dir='ltr'><strong>quo</strong></span> <span class='ocrx_word' id='word_1_674' title='bbox 1326 1556 1429 1581; x_wconf 82' lang='lat' dir='ltr'><strong>animus</strong></span> <span class='ocrx_word' id='word_1_675' title='bbox 1452 1559 1602 1581; x_wconf 82' lang='lat' dir='ltr'><strong>sanctorum</strong></span> <span class='ocrx_word' id='word_1_676' title='bbox 1618 1563 1680 1580; x_wconf 80' lang='lat' dir='ltr'><strong>con-</strong></span> 
     </span>
    </p>
   </div>
   <div class='ocr_carea' id='block_1_95' title="bbox 927 1589 1680 1626">
    <p class='ocr_par' dir='ltr' id='par_1_95' title="bbox 927 1589 1680 1626">
     <span class='ocr_line' id='line_1_95' title="bbox 927 1589 1680 1626; baseline -0.003 -8"><span class='ocrx_word' id='word_1_677' title='bbox 927 1593 1057 1626; x_wconf 79' lang='lat' dir='ltr'><strong>quiescere</strong></span> <span class='ocrx_word' id='word_1_678' title='bbox 1066 1590 1329 1626; x_wconf 37' lang='lat' dir='ltr'><strong>docuittdisputatur</strong></span> <span class='ocrx_word' id='word_1_679' title='bbox 1353 1597 1362 1615; x_wconf 92' lang='lat'><em>:</em></span> <span class='ocrx_word' id='word_1_680' title='bbox 1386 1597 1475 1626; x_wconf 83' lang='lat' dir='ltr'><strong>nempe</strong></span> <span class='ocrx_word' id='word_1_681' title='bbox 1491 1589 1680 1626; x_wconf 56' lang='lat' dir='ltr'><strong>de__c_telo_notfo</strong></span> 
     </span>
    </p>
   </div>
   <div class='ocr_carea' id='block_1_96' title="bbox 928 1623 1679 1657">
    <p class='ocr_par' dir='ltr' id='par_1_96' title="bbox 928 1623 1679 1657">
     <span class='ocr_line' id='line_1_96' title="bbox 928 1623 1679 1657; baseline -0.004 -5"><span class='ocrx_word' id='word_1_682' title='bbox 928 1623 951 1652; x_wconf 75' lang='grc' dir='ltr'>ἐι</span> <span class='ocrx_word' id='word_1_683' title='bbox 975 1633 1045 1652; x_wconf 84' lang='lat' dir='ltr'><strong>terra</strong></span> <span class='ocrx_word' id='word_1_684' title='bbox 1067 1633 1144 1652; x_wconf 83' lang='lat' dir='ltr'><strong>noun.</strong></span> <span class='ocrx_word' id='word_1_685' title='bbox 1167 1625 1219 1651; x_wconf 91' lang='lat' dir='ltr'><strong>XII.</strong></span> <span class='ocrx_word' id='word_1_686' title='bbox 1235 1625 1271 1650; x_wconf 83' lang='lat' dir='ltr'><strong>Ac</strong></span> <span class='ocrx_word' id='word_1_687' title='bbox 1297 1625 1329 1650; x_wconf 78' lang='lat' dir='ltr'><strong>de</strong></span> <span class='ocrx_word' id='word_1_688' title='bbox 1354 1625 1490 1657; x_wconf 78' lang='lat' dir='ltr'><strong>paradiso.</strong></span> <span class='ocrx_word' id='word_1_689' title='bbox 1517 1623 1586 1650; x_wconf 86' lang='lat' dir='ltr'><strong>XIII.</strong></span> <span class='ocrx_word' id='word_1_690' title='bbox 1603 1623 1679 1650; x_wconf 81' lang='lat' dir='ltr'><strong>Unde</strong></span> 
     </span>
    </p>
   </div>
   <div class='ocr_carea' id='block_1_97' title="bbox 928 1658 1679 1693">
    <p class='ocr_par' dir='ltr' id='par_1_97' title="bbox 928 1658 1679 1693">
     <span class='ocr_line' id='line_1_97' title="bbox 928 1658 1679 1693; baseline -0.004 -6"><span class='ocrx_word' id='word_1_691' title='bbox 928 1661 982 1688; x_wconf 66' lang='lat' dir='ltr'><strong>hac</strong></span> <span class='ocrx_word' id='word_1_692' title='bbox 997 1660 1172 1691; x_wconf 70' lang='lat' dir='ltr'><strong>transtulerit,</strong></span> <span class='ocrx_word' id='word_1_693' title='bbox 1185 1659 1341 1693; x_wconf 69' lang='lat' dir='ltr'><strong>exquiritur.</strong></span> <span class='ocrx_word' id='word_1_694' title='bbox 1358 1658 1425 1685; x_wconf 85' lang='lat' dir='ltr'><strong>XIV.</strong></span> <span class='ocrx_word' id='word_1_695' title='bbox 1443 1658 1511 1686; x_wconf 76' lang='lat' dir='ltr'><strong>flint</strong></span> <span class='ocrx_word' id='word_1_696' title='bbox 1528 1659 1555 1685; x_wconf 87' lang='lat' dir='ltr'><strong>in</strong></span> <span class='ocrx_word' id='word_1_697' title='bbox 1570 1658 1679 1685; x_wconf 80' lang='lat' dir='ltr'><strong>Patrum</strong></span> 
     </span>
    </p>
   </div>
   <div class='ocr_carea' id='block_1_98' title="bbox 931 1693 1679 1728">
    <p class='ocr_par' dir='ltr' id='par_1_98' title="bbox 931 1693 1679 1728">
     <span class='ocr_line' id='line_1_98' title="bbox 931 1693 1679 1728; baseline -0.004 -6"><span class='ocrx_word' id='word_1_698' title='bbox 931 1695 1074 1722; x_wconf 81' lang='lat' dir='ltr'><strong>multorum</strong></span> <span class='ocrx_word' id='word_1_699' title='bbox 1101 1695 1311 1728; x_wconf 79' lang='lat' dir='ltr'><strong>reprehensiones</strong></span> <span class='ocrx_word' id='word_1_700' title='bbox 1339 1694 1462 1721; x_wconf 73' lang='lat' dir='ltr'><strong>incurfit.</strong></span> <span class='ocrx_word' id='word_1_701' title='bbox 1479 1693 1536 1720; x_wconf 90' lang='lat' dir='ltr'><strong>XV.</strong></span> <span class='ocrx_word' id='word_1_702' title='bbox 1556 1693 1610 1720; x_wconf 80' lang='lat' dir='ltr'><strong>Sed</strong></span> <span class='ocrx_word' id='word_1_703' title='bbox 1626 1694 1679 1720; x_wconf 85' lang='lat' dir='ltr'><strong>ali-</strong></span> 
     </span>
    </p>
   </div>
   <div class='ocr_carea' id='block_1_99' title="bbox 945 1729 1676 1763">
    <p class='ocr_par' dir='ltr' id='par_1_99' title="bbox 945 1729 1676 1763">
     <span class='ocr_line' id='line_1_99' title="bbox 945 1729 1676 1763; baseline -0.004 -6"><span class='ocrx_word' id='word_1_704' title='bbox 945 1739 978 1757; x_wconf 84' lang='lat' dir='ltr'><strong>un</strong></span> <span class='ocrx_word' id='word_1_705' title='bbox 995 1737 1082 1756; x_wconf 80' lang='lat' dir='ltr'><strong>tamen</strong></span> <span class='ocrx_word' id='word_1_706' title='bbox 1103 1729 1129 1755; x_wconf 87' lang='lat' dir='ltr'><strong>in</strong></span> <span class='ocrx_word' id='word_1_707' title='bbox 1147 1731 1205 1763; x_wconf 82' lang='lat' dir='ltr'><strong>ejus</strong></span> <span class='ocrx_word' id='word_1_708' title='bbox 1222 1729 1417 1755; x_wconf 72' lang='lat' dir='ltr'><strong>excusationem</strong></span> <span class='ocrx_word' id='word_1_709' title='bbox 1442 1729 1534 1762; x_wconf 71' lang='lat' dir='ltr'><strong>afferri</strong></span> <span class='ocrx_word' id='word_1_710' title='bbox 1557 1734 1676 1762; x_wconf 75' lang='lat' dir='ltr'><strong>possunt.</strong></span> 
     </span>
    </p>
   </div>
   <div class='ocr_carea' id='block_1_100' title="bbox 928 1740 1678 1798">
    <p class='ocr_par' dir='ltr' id='par_1_100' title="bbox 928 1740 1678 1798">
     <span class='ocr_line' id='line_1_100' title="bbox 945 1740 1676 1763; baseline -0.004 -6"><span class='ocrx_word' id='word_1_711' title='bbox 945 1740 978 1757; x_wconf 79' lang='lat' dir='ltr'><strong>lla</strong></span> <span class='ocrx_word' id='word_1_712' title='bbox 995 1740 1082 1756; x_wconf 78' lang='grc' dir='ltr'><strong>ιηηιεη</strong></span> <span class='ocrx_word' id='word_1_713' title='bbox 1103 1740 1129 1755; x_wconf 81' lang='grc' dir='ltr'><strong>ΙΙΙ</strong></span> <span class='ocrx_word' id='word_1_714' title='bbox 1147 1740 1205 1763; x_wconf 75' lang='grc' dir='ltr'>εμιι</span> <span class='ocrx_word' id='word_1_715' title='bbox 1222 1740 1417 1755; x_wconf 68' lang='lat' dir='ltr'><strong>exaunuttunem</strong></span> <span class='ocrx_word' id='word_1_716' title='bbox 1442 1740 1534 1762; x_wconf 68' lang='lat' dir='ltr'><strong>(t/[ert‘s</strong></span> <span class='ocrx_word' id='word_1_717' title='bbox 1557 1740 1676 1762; x_wconf 70' lang='grc' dir='ltr'><strong>μυηιιηι.</strong></span> 
     </span>
     <span class='ocr_line' id='line_1_101' title="bbox 928 1740 1678 1798; baseline -0.005 -6"><span class='ocrx_word' id='word_1_718' title='bbox 928 1740 997 1792; x_wconf 63' lang='lat' dir='ltr'><strong>XVI.</strong></span> <span class='ocrx_word' id='word_1_719' title='bbox 1011 1764 1105 1792; x_wconf 88' lang='lat' dir='ltr'><strong>Utrum</strong></span> <span class='ocrx_word' id='word_1_720' title='bbox 1118 1769 1142 1790; x_wconf 81' lang='lat' dir='ltr'><strong>et</strong></span> <span class='ocrx_word' id='word_1_721' title='bbox 1163 1764 1291 1798; x_wconf 83' lang='lat' dir='ltr'><strong>quomodo</strong></span> <span class='ocrx_word' id='word_1_722' title='bbox 1305 1763 1386 1796; x_wconf 67' lang='lat' dir='ltr'><strong>paruis</strong></span> <span class='ocrx_word' id='word_1_723' title='bbox 1401 1763 1586 1789; x_wconf 72' lang='lat' dir='ltr'><strong>damnatorum</strong></span> <span class='ocrx_word' id='word_1_724' title='bbox 1599 1762 1678 1796; x_wconf 82' lang='lat' dir='ltr'><strong>ﬁnem</strong></span> 
     </span>
    </p>
   </div>
   <div class='ocr_carea' id='block_1_101' title="bbox 929 1797 1680 1833">
    <p class='ocr_par' dir='ltr' id='par_1_101' title="bbox 929 1797 1680 1833">
     <span class='ocr_line' id='line_1_102' title="bbox 929 1797 1680 1833; baseline -0.005 -6"><span class='ocrx_word' id='word_1_725' title='bbox 929 1802 1081 1833; x_wconf 82' lang='lat' dir='ltr'><strong>impositum</strong></span> <span class='ocrx_word' id='word_1_726' title='bbox 1095 1799 1140 1831; x_wconf 86' lang='lat' dir='ltr'><strong>iri,</strong></span> <span class='ocrx_word' id='word_1_727' title='bbox 1155 1797 1179 1824; x_wconf 81' lang='lat' dir='ltr'><strong>et</strong></span> <span class='ocrx_word' id='word_1_728' title='bbox 1194 1799 1282 1824; x_wconf 82' lang='lat' dir='ltr'><strong>omnia</strong></span> <span class='ocrx_word' id='word_1_729' title='bbox 1295 1806 1384 1833; x_wconf 6' lang='lat' dir='ltr'><strong>unum,</strong></span> <span class='ocrx_word' id='word_1_730' title='bbox 1394 1798 1421 1823; x_wconf 84' lang='lat' dir='ltr'><strong>in</strong></span> <span class='ocrx_word' id='word_1_731' title='bbox 1443 1797 1495 1833; x_wconf 79' lang='lat' dir='ltr'><strong>Deo</strong></span> <span class='ocrx_word' id='word_1_732' title='bbox 1513 1806 1559 1832; x_wconf 78' lang='lat' dir='ltr'><strong>per</strong></span> <span class='ocrx_word' id='word_1_733' title='bbox 1575 1797 1680 1824; x_wconf 79' lang='grc' dir='ltr'><strong>ἀποκα-</strong></span> 
     </span>
    </p>
   </div>
   <div class='ocr_carea' id='block_1_102' title="bbox 928 1831 1678 1868">
    <p class='ocr_par' dir='ltr' id='par_1_102' title="bbox 928 1831 1678 1868">
     <span class='ocr_line' id='line_1_103' title="bbox 928 1831 1678 1868; baseline -0.005 -6"><span class='ocrx_word' id='word_1_734' title='bbox 928 1831 1056 1862; x_wconf 65' lang='grc' dir='ltr'><strong>τάὰτασιν</strong></span> <span class='ocrx_word' id='word_1_735' title='bbox 1075 1834 1165 1868; x_wconf 72' lang='lat' dir='ltr'><strong>lutum</strong></span> <span class='ocrx_word' id='word_1_736' title='bbox 1179 1838 1253 1860; x_wconf 83' lang='lat' dir='ltr'><strong>ratus</strong></span> <span class='ocrx_word' id='word_1_737' title='bbox 1266 1833 1308 1868; x_wconf 70' lang='lat' dir='ltr'><strong>sit.</strong></span> <span class='ocrx_word' id='word_1_738' title='bbox 1330 1831 1409 1868; x_wconf 68' lang='lat' dir='ltr'><strong>XVII.</strong></span> <span class='ocrx_word' id='word_1_739' title='bbox 1426 1832 1491 1868; x_wconf 69' lang='lat' dir='ltr'><strong>Non</strong></span> <span class='ocrx_word' id='word_1_740' title='bbox 1508 1833 1575 1858; x_wconf 74' lang='lat' dir='ltr'><strong>trtius</strong></span> <span class='ocrx_word' id='word_1_741' title='bbox 1588 1840 1678 1866; x_wconf 65' lang='lat' dir='ltr'><strong>poenas</strong></span> 
     </span>
    </p>
   </div>
   <div class='ocr_carea' id='block_1_103' title="bbox 928 1866 1677 1904">
    <p class='ocr_par' dir='ltr' id='par_1_103' title="bbox 928 1866 1677 1904">
     <span class='ocr_line' id='line_1_104' title="bbox 928 1866 1677 1904; baseline -0.007 -7"><span class='ocrx_word' id='word_1_742' title='bbox 928 1879 1007 1904; x_wconf 86' lang='lat' dir='ltr'><strong>quam</strong></span> <span class='ocrx_word' id='word_1_743' title='bbox 1024 1866 1190 1904; x_wconf 62' lang='lat' dir='ltr'><strong>purgatorins</strong></span> <span class='ocrx_word' id='word_1_744' title='bbox 1211 1867 1330 1904; x_wconf 76' lang='lat' dir='ltr'><strong>admisit.</strong></span> <span class='ocrx_word' id='word_1_745' title='bbox 1354 1866 1444 1893; x_wconf 90' lang='lat' dir='ltr'><strong>XVIII.</strong></span> <span class='ocrx_word' id='word_1_746' title='bbox 1464 1866 1534 1904; x_wconf 78' lang='lat' dir='ltr'><strong>Quid</strong></span> <span class='ocrx_word' id='word_1_747' title='bbox 1546 1869 1579 1893; x_wconf 78' lang='lat' dir='ltr'><strong>sit</strong></span> <span class='ocrx_word' id='word_1_748' title='bbox 1593 1868 1677 1904; x_wconf 68' lang='grc' dir='ltr'><strong>ΔῙιιτιιιι</strong></span> 
     </span>
    </p>
   </div>
   <div class='ocr_carea' id='block_1_104' title="bbox 932 1901 1676 1939">
    <p class='ocr_par' dir='ltr' id='par_1_104' title="bbox 932 1901 1676 1939">
     <span class='ocr_line' id='line_1_105' title="bbox 932 1901 1676 1939; baseline -0.007 -7"><span class='ocrx_word' id='word_1_749' title='bbox 932 1901 1229 1939; x_wconf 55' lang='lat' dir='ltr'><strong>Origenem&#39;nouissimu</strong></span> <span class='ocrx_word' id='word_1_750' title='bbox 1249 1902 1462 1939; x_wconf 40' lang='lat' dir='ltr'><strong>inittticanmors.</strong></span> <span class='ocrx_word' id='word_1_751' title='bbox 1471 1902 1559 1939; x_wconf 62' lang='lat' dir='ltr'><strong>deque</strong></span> <span class='ocrx_word' id='word_1_752' title='bbox 1579 1901 1676 1939; x_wconf 67' lang='lat' dir='ltr'><strong>divinu—</strong></span> 
     </span>
    </p>
   </div>
   <div class='ocr_carea' id='block_1_105' title="bbox 930 1935 1675 1974">
    <p class='ocr_par' dir='ltr' id='par_1_105' title="bbox 930 1935 1675 1974">
     <span class='ocr_line' id='line_1_106' title="bbox 930 1935 1675 1974; baseline -0.007 -7"><span class='ocrx_word' id='word_1_753' title='bbox 930 1935 991 1967; x_wconf 78' lang='grc' dir='ltr'><strong>ηιιηῖ</strong></span> <span class='ocrx_word' id='word_1_754' title='bbox 1003 1939 1083 1974; x_wconf 74' lang='lat' dir='ltr'><strong>poenis</strong></span> <span class='ocrx_word' id='word_1_755' title='bbox 1103 1937 1240 1974; x_wconf 61' lang='lat' dir='ltr'><strong>qna&#39;ritur.</strong></span> <span class='ocrx_word' id='word_1_756' title='bbox 1266 1935 1337 1962; x_wconf 88' lang='lat' dir='ltr'><strong>XIX.</strong></span> <span class='ocrx_word' id='word_1_757' title='bbox 1354 1935 1451 1974; x_wconf 70' lang='lat' dir='ltr'><strong>_Utrunt</strong></span> <span class='ocrx_word' id='word_1_758' title='bbox 1466 1937 1599 1974; x_wconf 78' lang='lat' dir='ltr'><strong>beatitatis</strong></span> <span class='ocrx_word' id='word_1_759' title='bbox 1612 1943 1675 1974; x_wconf 84' lang='lat' dir='ltr'><strong>quo-</strong></span> 
     </span>
    </p>
   </div>
   <div class='ocr_carea' id='block_1_106' title="bbox 929 1971 1676 2008">
    <p class='ocr_par' dir='ltr' id='par_1_106' title="bbox 929 1971 1676 2008">
     <span class='ocr_line' id='line_1_107' title="bbox 929 1971 1676 2008; baseline -0.004 -7"><span class='ocrx_word' id='word_1_760' title='bbox 929 1983 978 2008; x_wconf 83' lang='lat' dir='ltr'><strong>que</strong></span> <span class='ocrx_word' id='word_1_761' title='bbox 1004 1971 1112 2004; x_wconf 56' lang='lat' dir='ltr'><strong>&#39;[ntum&#39;</strong></span> <span class='ocrx_word' id='word_1_762' title='bbox 1142 1971 1257 2006; x_wconf 82' lang='lat' dir='ltr'><strong>spatium</strong></span> <span class='ocrx_word' id='word_1_763' title='bbox 1284 1971 1401 2008; x_wconf 73' lang='lat' dir='ltr'><strong>terminis</strong></span> <span class='ocrx_word' id='word_1_764' title='bbox 1427 1971 1676 2008; x_wconf 66' lang='lat' dir='ltr'><strong>circumscripserit.</strong></span> 
     </span>
    </p>
   </div>
   <div class='ocr_carea' id='block_1_107' title="bbox 930 2005 1676 2040">
    <p class='ocr_par' dir='ltr' id='par_1_107' title="bbox 930 2005 1676 2040">
     <span class='ocr_line' id='line_1_108' title="bbox 930 2005 1676 2040; baseline -0.005 -3"><span class='ocrx_word' id='word_1_765' title='bbox 930 2005 989 2037; x_wconf 85' lang='lat' dir='ltr'><strong>XX.</strong></span> <span class='ocrx_word' id='word_1_766' title='bbox 1008 2008 1109 2035; x_wconf 85' lang='lat' dir='ltr'><strong>Horum</strong></span> <span class='ocrx_word' id='word_1_767' title='bbox 1132 2005 1283 2037; x_wconf 70' lang='lat' dir='ltr'><strong>dottritatttm</strong></span> <span class='ocrx_word' id='word_1_768' title='bbox 1306 2006 1390 2040; x_wconf 81' lang='lat' dir='ltr'><strong>fontes</strong></span> <span class='ocrx_word' id='word_1_769' title='bbox 1421 2012 1584 2033; x_wconf 81' lang='lat' dir='ltr'><strong>reserantur.</strong></span> <span class='ocrx_word' id='word_1_770' title='bbox 1605 2005 1676 2033; x_wconf 77' lang='lat' dir='ltr'><strong>XXI.</strong></span> 
     </span>
    </p>
   </div>
   <div class='ocr_carea' id='block_1_108' title="bbox 931 2041 1676 2078">
    <p class='ocr_par' dir='ltr' id='par_1_108' title="bbox 931 2041 1676 2078">
     <span class='ocr_line' id='line_1_109' title="bbox 931 2041 1676 2078; baseline -0.004 -8"><span class='ocrx_word' id='word_1_771' title='bbox 931 2044 1041 2078; x_wconf 83' lang='lat' dir='ltr'><strong>Propter</strong></span> <span class='ocrx_word' id='word_1_772' title='bbox 1056 2041 1102 2069; x_wconf 76' lang='lat' dir='ltr'><strong>illa</strong></span> <span class='ocrx_word' id='word_1_773' title='bbox 1123 2051 1138 2068; x_wconf 88' lang='lat' dir='ltr'><strong>a</strong></span> <span class='ocrx_word' id='word_1_774' title='bbox 1154 2041 1286 2078; x_wconf 61' lang='lat' dir='ltr'><strong>Pultibus</strong></span> <span class='ocrx_word' id='word_1_775' title='bbox 1309 2042 1676 2078; x_wconf 32' lang='lat' dir='ltr'><strong>graviterrepreltensusuesl.</strong></span> 
     </span>
    </p>
   </div>
   <div class='ocr_carea' id='block_1_109' title="bbox 931 2075 1675 2112">
    <p class='ocr_par' dir='ltr' id='par_1_109' title="bbox 931 2075 1675 2112">
     <span class='ocr_line' id='line_1_110' title="bbox 931 2075 1675 2112; baseline -0.008 -5"><span class='ocrx_word' id='word_1_776' title='bbox 931 2075 1011 2107; x_wconf 85' lang='lat' dir='ltr'><strong>XXII.</strong></span> <span class='ocrx_word' id='word_1_777' title='bbox 1029 2079 1068 2104; x_wconf 83' lang='lat' dir='ltr'><strong>An</strong></span> <span class='ocrx_word' id='word_1_778' title='bbox 1085 2077 1167 2112; x_wconf 76' lang='lat' dir='ltr'><strong>fuerit</strong></span> <span class='ocrx_word' id='word_1_779' title='bbox 1200 2078 1227 2102; x_wconf 81' lang='lat' dir='ltr'><strong>in</strong></span> <span class='ocrx_word' id='word_1_780' title='bbox 1242 2077 1346 2112; x_wconf 21' lang='lat' dir='ltr'><strong>rhu&#39;reai</strong></span> <span class='ocrx_word' id='word_1_781' title='bbox 1367 2075 1568 2102; x_wconf 74' lang='lat' dir='ltr'><strong>Chiliustarum.</strong></span> 
     </span>
    </p>
   </div>
   <div class='ocr_carea' id='block_1_110' title="bbox 931 2109 1675 2147">
    <p class='ocr_par' dir='ltr' id='par_1_110' title="bbox 931 2109 1675 2147">
     <span class='ocr_line' id='line_1_111' title="bbox 931 2109 1675 2147; baseline -0.007 -6"><span class='ocrx_word' id='word_1_782' title='bbox 931 2114 1066 2142; x_wconf 83' lang='lat' dir='ltr'><strong>Nonnulla</strong></span> <span class='ocrx_word' id='word_1_783' title='bbox 1081 2109 1186 2147; x_wconf 74' lang='lat' dir='ltr'><strong>Urigeni</strong></span> <span class='ocrx_word' id='word_1_784' title='bbox 1201 2111 1364 2147; x_wconf 72' lang='lat' dir='ltr'><strong>defendendo</strong></span> <span class='ocrx_word' id='word_1_785' title='bbox 1382 2112 1564 2147; x_wconf 78' lang='lat' dir='ltr'><strong>adducuntur.</strong></span> <span class='ocrx_word' id='word_1_786' title='bbox 1581 2109 1675 2137; x_wconf 83' lang='lat' dir='ltr'><strong>XXIV.</strong></span> 
     </span>
    </p>
   </div>
   <div class='ocr_carea' id='block_1_111' title="bbox 931 2145 1677 2189">
    <p class='ocr_par' dir='ltr' id='par_1_111' title="bbox 931 2145 1677 2189">
     <span class='ocr_line' id='line_1_112' title="bbox 931 2145 1677 2189; baseline -0.007 -13"><span class='ocrx_word' id='word_1_787' title='bbox 931 2145 1233 2189; x_wconf 19' lang='lat' dir='ltr'><strong>Naupunquﬂininsolins</strong></span> <span class='ocrx_word' id='word_1_788' title='bbox 1243 2145 1356 2189; x_wconf 48' lang='lat' dir='ltr'><strong>“diaboli</strong></span> <span class='ocrx_word' id='word_1_789' title='bbox 1382 2153 1470 2178; x_wconf 70' lang='lat' dir='ltr'><strong>pinnas</strong></span> <span class='ocrx_word' id='word_1_790' title='bbox 1490 2145 1547 2179; x_wconf 83' lang='lat' dir='ltr'><strong>[ore</strong></span> <span class='ocrx_word' id='word_1_791' title='bbox 1567 2151 1677 2189; x_wconf 57' lang='lat' dir='ltr'><strong>internus</strong></span> 
     </span>
    </p>
   </div>
   <div class='ocr_carea' id='block_1_112' title="bbox 929 2180 1678 2214">
    <p class='ocr_par' dir='ltr' id='par_1_112' title="bbox 929 2180 1678 2214">
     <span class='ocr_line' id='line_1_113' title="bbox 929 2180 1678 2214; baseline -0.007 -3"><span class='ocrx_word' id='word_1_792' title='bbox 929 2180 1069 2212; x_wconf 68' lang='lat' dir='ltr'><strong>nssetieral.</strong></span> <span class='ocrx_word' id='word_1_793' title='bbox 1086 2181 1167 2209; x_wconf 89' lang='lat' dir='ltr'><strong>XXV.</strong></span> <span class='ocrx_word' id='word_1_794' title='bbox 1183 2181 1221 2207; x_wconf 82' lang='lat' dir='ltr'><strong>Ab</strong></span> <span class='ocrx_word' id='word_1_795' title='bbox 1242 2180 1401 2214; x_wconf 73' lang='lat' dir='ltr'><strong>Origenmna</strong></span> <span class='ocrx_word' id='word_1_796' title='bbox 1415 2189 1492 2214; x_wconf 79' lang='lat' dir='ltr'><strong>super</strong></span> <span class='ocrx_word' id='word_1_797' title='bbox 1508 2182 1589 2214; x_wconf 67' lang='lat' dir='ltr'><strong>pinnis</strong></span> <span class='ocrx_word' id='word_1_798' title='bbox 1603 2181 1678 2207; x_wconf 86' lang='lat' dir='ltr'><strong>datu-</strong></span> 
     </span>
    </p>
   </div>
   <div class='ocr_carea' id='block_1_113' title="bbox 930 2215 1677 2251">
    <p class='ocr_par' dir='ltr' id='par_1_113' title="bbox 930 2215 1677 2251">
     <span class='ocr_line' id='line_1_114' title="bbox 930 2215 1677 2251; baseline -0.008 -5"><span class='ocrx_word' id='word_1_799' title='bbox 930 2225 1050 2246; x_wconf 81' lang='lat' dir='ltr'><strong>natorum</strong></span> <span class='ocrx_word' id='word_1_800' title='bbox 1065 2218 1184 2251; x_wconf 78' lang='lat' dir='ltr'><strong>opinione</strong></span> <span class='ocrx_word' id='word_1_801' title='bbox 1208 2215 1302 2242; x_wconf 81' lang='lat' dir='ltr'><strong>Patres</strong></span> <span class='ocrx_word' id='word_1_802' title='bbox 1322 2216 1490 2251; x_wconf 21' lang='lat' dir='ltr'><strong>oliqnotrnon</strong></span> <span class='ocrx_word' id='word_1_803' title='bbox 1506 2216 1614 2242; x_wconf 87' lang='lat' dir='ltr'><strong>multum</strong></span> <span class='ocrx_word' id='word_1_804' title='bbox 1635 2223 1677 2251; x_wconf 67' lang='lat' dir='ltr'><strong>re—</strong></span> 
     </span>
    </p>
   </div>
   <div class='ocr_carea' id='block_1_114' title="bbox 930 2249 1677 2284">
    <p class='ocr_par' dir='ltr' id='par_1_114' title="bbox 930 2249 1677 2284">
     <span class='ocr_line' id='line_1_115' title="bbox 930 2249 1677 2284; baseline -0.008 -3"><span class='ocrx_word' id='word_1_805' title='bbox 930 2256 1034 2282; x_wconf 76' lang='lat' dir='ltr'><strong>cedunt.</strong></span> <span class='ocrx_word' id='word_1_806' title='bbox 1050 2249 1143 2280; x_wconf 88' lang='lat' dir='ltr'><strong>XXVI.</strong></span> <span class='ocrx_word' id='word_1_807' title='bbox 1158 2251 1336 2284; x_wconf 71' lang='lat' dir='ltr'><strong>[investigatur</strong></span> <span class='ocrx_word' id='word_1_808' title='bbox 1348 2249 1507 2284; x_wconf 72' lang='lat' dir='ltr'><strong>significatio</strong></span> <span class='ocrx_word' id='word_1_809' title='bbox 1528 2252 1598 2277; x_wconf 78' lang='lat' dir='ltr'><strong>vocis</strong></span> <span class='ocrx_word' id='word_1_810' title='bbox 1610 2249 1677 2277; x_wconf 85' lang='grc' dir='ltr'><strong>αἰώ-</strong></span> 
     </span>
    </p>
   </div>
   <div class='ocr_carea' id='block_1_115' title="bbox 929 2298 994 2320">
    <p class='ocr_par' dir='ltr' id='par_1_115' title="bbox 929 2298 994 2320">
     <span class='ocr_line' id='line_1_116' title="bbox 929 2298 994 2320; baseline -0.031 -4"><span class='ocrx_word' id='word_1_811' title='bbox 929 2298 994 2320; x_wconf 71' lang='grc' dir='ltr'>νιος.</span> 
     </span>
    </p>
   </div>
   <div class='ocr_carea' id='block_1_116' title="bbox 929 2331 1677 2365">
    <p class='ocr_par' dir='ltr' id='par_1_116' title="bbox 929 2331 1677 2365">
     <span class='ocr_line' id='line_1_117' title="bbox 929 2331 1677 2365; baseline -0.009 -1"><span class='ocrx_word' id='word_1_812' title='bbox 929 2337 950 2364; x_wconf 90' lang='lat' dir='ltr'><strong>I.</strong></span> <span class='ocrx_word' id='word_1_813' title='bbox 972 2336 1111 2363; x_wconf 79' lang='lat' dir='ltr'><strong>Postremo</strong></span> <span class='ocrx_word' id='word_1_814' title='bbox 1141 2333 1187 2360; x_wconf 92' lang='lat' dir='ltr'><strong>Dei</strong></span> <span class='ocrx_word' id='word_1_815' title='bbox 1216 2331 1331 2359; x_wconf 88' lang='lat' dir='ltr'><strong>arbitrio</strong></span> <span class='ocrx_word' id='word_1_816' title='bbox 1358 2331 1513 2365; x_wconf 85' lang='lat' dir='ltr'><strong>dijudicatis</strong></span> <span class='ocrx_word' id='word_1_817' title='bbox 1539 2331 1677 2358; x_wconf 89' lang='lat' dir='ltr'><strong>hominum</strong></span> 
     </span>
    </p>
   </div>
   <div class='ocr_carea' id='block_1_117' title="bbox 895 2377 1679 2414">
    <p class='ocr_par' dir='ltr' id='par_1_117' title="bbox 895 2377 1679 2414">
     <span class='ocr_line' id='line_1_118' title="bbox 895 2377 1679 2414; baseline -0.008 -5"><span class='ocrx_word' id='word_1_818' title='bbox 895 2383 986 2413; x_wconf 83' lang='lat' dir='ltr'><strong>rebus,</strong></span> <span class='ocrx_word' id='word_1_819' title='bbox 1007 2387 1055 2408; x_wconf 86' lang='lat' dir='ltr'><strong>sua</strong></span> <span class='ocrx_word' id='word_1_820' title='bbox 1072 2385 1206 2414; x_wconf 89' lang='lat' dir='ltr'><strong>quemque</strong></span> <span class='ocrx_word' id='word_1_821' title='bbox 1231 2377 1352 2412; x_wconf 68' lang='lat' dir='ltr'><strong>praemia,</strong></span> <span class='ocrx_word' id='word_1_822' title='bbox 1377 2384 1434 2404; x_wconf 64' lang='lat' dir='ltr'><strong>suae</strong></span> <span class='ocrx_word' id='word_1_823' title='bbox 1465 2384 1552 2411; x_wconf 67' lang='lat' dir='ltr'><strong>plenae</strong></span> <span class='ocrx_word' id='word_1_824' title='bbox 1583 2385 1679 2412; x_wconf 88' lang='lat' dir='ltr'><strong>prose-</strong></span> 
     </span>
    </p>
   </div>
   <div class='ocr_carea' id='block_1_118' title="bbox 894 2423 1680 2464">
    <p class='ocr_par' dir='ltr' id='par_1_118' title="bbox 894 2423 1680 2464">
     <span class='ocr_line' id='line_1_119' title="bbox 894 2423 1680 2464; baseline -0.004 -11"><span class='ocrx_word' id='word_1_825' title='bbox 894 2432 1023 2464; x_wconf 87' lang='lat' dir='ltr'><strong>quentur.</strong></span> <span class='ocrx_word' id='word_1_826' title='bbox 1039 2425 1067 2452; x_wconf 93' lang='lat' dir='ltr'><strong>In</strong></span> <span class='ocrx_word' id='word_1_827' title='bbox 1094 2425 1171 2460; x_wconf 89' lang='lat' dir='ltr'><strong>cujus</strong></span> <span class='ocrx_word' id='word_1_828' title='bbox 1188 2424 1225 2450; x_wconf 91' lang='lat' dir='ltr'><strong>rei</strong></span> <span class='ocrx_word' id='word_1_829' title='bbox 1247 2423 1409 2451; x_wconf 86' lang='lat' dir='ltr'><strong>tractatione</strong></span> <span class='ocrx_word' id='word_1_830' title='bbox 1422 2426 1526 2450; x_wconf 92' lang='lat' dir='ltr'><strong>tantum</strong></span> <span class='ocrx_word' id='word_1_831' title='bbox 1544 2423 1595 2450; x_wconf 83' lang='lat' dir='ltr'><strong>sibi</strong></span> <span class='ocrx_word' id='word_1_832' title='bbox 1619 2430 1680 2458; x_wconf 87' lang='lat' dir='ltr'><strong>per-</strong></span> 
     </span>
    </p>
   </div>
   <div class='ocr_carea' id='block_1_119' title="bbox 893 2468 1679 2506">
    <p class='ocr_par' dir='ltr' id='par_1_119' title="bbox 893 2468 1679 2506">
     <span class='ocr_line' id='line_1_120' title="bbox 893 2468 1679 2506; baseline -0.005 -6"><span class='ocrx_word' id='word_1_833' title='bbox 893 2473 966 2501; x_wconf 83' lang='lat' dir='ltr'><strong>misit</strong></span> <span class='ocrx_word' id='word_1_834' title='bbox 982 2471 1124 2506; x_wconf 79' lang='lat' dir='ltr'><strong>Origenes,</strong></span> <span class='ocrx_word' id='word_1_835' title='bbox 1143 2474 1173 2496; x_wconf 87' lang='lat' dir='ltr'><strong>ttt</strong></span> <span class='ocrx_word' id='word_1_836' title='bbox 1191 2477 1243 2495; x_wconf 88' lang='lat' dir='ltr'><strong>non</strong></span> <span class='ocrx_word' id='word_1_837' title='bbox 1262 2468 1343 2495; x_wconf 82' lang='lat' dir='ltr'><strong>aliam</strong></span> <span class='ocrx_word' id='word_1_838' title='bbox 1363 2470 1399 2496; x_wconf 91' lang='lat' dir='ltr'><strong>ob</strong></span> <span class='ocrx_word' id='word_1_839' title='bbox 1424 2476 1533 2495; x_wconf 82' lang='lat' dir='ltr'><strong>can-am</strong></span> <span class='ocrx_word' id='word_1_840' title='bbox 1561 2468 1679 2503; x_wconf 83' lang='lat' dir='ltr'><strong>tnajores</strong></span> 
     </span>
    </p>
   </div>
   <div class='ocr_carea' id='block_1_120' title="bbox 893 2513 1678 2552">
    <p class='ocr_par' dir='ltr' id='par_1_120' title="bbox 893 2513 1678 2552">
     <span class='ocr_line' id='line_1_121' title="bbox 893 2513 1678 2552; baseline -0.005 -6"><span class='ocrx_word' id='word_1_841' title='bbox 893 2519 920 2546; x_wconf 90' lang='lat' dir='ltr'><strong>iu</strong></span> <span class='ocrx_word' id='word_1_842' title='bbox 937 2526 966 2545; x_wconf 84' lang='lat' dir='ltr'><strong>se</strong></span> <span class='ocrx_word' id='word_1_843' title='bbox 985 2516 1113 2552; x_wconf 86' lang='lat' dir='ltr'><strong>querelas</strong></span> <span class='ocrx_word' id='word_1_844' title='bbox 1132 2514 1278 2542; x_wconf 83' lang='lat' dir='ltr'><strong>concitarit</strong></span> <span class='ocrx_word' id='word_1_845' title='bbox 1289 2523 1297 2541; x_wconf 87' lang='lat'><strong><em>:</em></strong></span> <span class='ocrx_word' id='word_1_846' title='bbox 1309 2522 1371 2541; x_wconf 88' lang='lat' dir='ltr'><strong>nam</strong></span> <span class='ocrx_word' id='word_1_847' title='bbox 1393 2518 1420 2540; x_wconf 93' lang='lat' dir='ltr'><strong>et</strong></span> <span class='ocrx_word' id='word_1_848' title='bbox 1436 2513 1530 2548; x_wconf 87' lang='lat' dir='ltr'><strong>quales</strong></span> <span class='ocrx_word' id='word_1_849' title='bbox 1545 2521 1631 2547; x_wconf 68' lang='lat' dir='ltr'><strong>pinna:</strong></span> <span class='ocrx_word' id='word_1_850' title='bbox 1645 2522 1678 2542; x_wconf 89' lang='lat' dir='ltr'><strong>ac</strong></span> 
     </span>
    </p>
   </div>
   <div class='ocr_carea' id='block_1_121' title="bbox 892 2560 1678 2600">
    <p class='ocr_par' dir='ltr' id='par_1_121' title="bbox 892 2560 1678 2600">
     <span class='ocr_line' id='line_1_122' title="bbox 892 2560 1678 2600; baseline -0.005 -9"><span class='ocrx_word' id='word_1_851' title='bbox 892 2565 1018 2600; x_wconf 65' lang='lat' dir='ltr'><strong>praemia,</strong></span> <span class='ocrx_word' id='word_1_852' title='bbox 1045 2568 1072 2590; x_wconf 88' lang='lat' dir='ltr'><strong>et</strong></span> <span class='ocrx_word' id='word_1_853' title='bbox 1098 2567 1199 2597; x_wconf 81' lang='lat' dir='ltr'><strong>quanta</strong></span> <span class='ocrx_word' id='word_1_854' title='bbox 1221 2561 1311 2588; x_wconf 85' lang='lat' dir='ltr'><strong>futura</strong></span> <span class='ocrx_word' id='word_1_855' title='bbox 1336 2561 1401 2593; x_wconf 89' lang='lat' dir='ltr'><strong>sint,</strong></span> <span class='ocrx_word' id='word_1_856' title='bbox 1429 2560 1624 2595; x_wconf 87' lang='lat' dir='ltr'><strong>pervestigans,</strong></span> <span class='ocrx_word' id='word_1_857' title='bbox 1650 2561 1678 2588; x_wconf 93' lang='lat' dir='ltr'><strong>iu</strong></span> 
     </span>
    </p>
   </div>
   <div class='ocr_carea' id='block_1_122' title="bbox 893 2606 1678 2644">
    <p class='ocr_par' dir='ltr' id='par_1_122' title="bbox 893 2606 1678 2644">
     <span class='ocr_line' id='line_1_123' title="bbox 893 2606 1678 2644; baseline -0.005 -6"><span class='ocrx_word' id='word_1_858' title='bbox 893 2611 1027 2638; x_wconf 72' lang='lat' dir='ltr'><strong>absurdus</strong></span> <span class='ocrx_word' id='word_1_859' title='bbox 1050 2609 1194 2644; x_wconf 87' lang='lat' dir='ltr'><strong>opiniones</strong></span> <span class='ocrx_word' id='word_1_860' title='bbox 1219 2608 1362 2642; x_wconf 86' lang='lat' dir='ltr'><strong>prolapsus</strong></span> <span class='ocrx_word' id='word_1_861' title='bbox 1376 2612 1430 2639; x_wconf 85' lang='lat' dir='ltr'><strong>est,</strong></span> <span class='ocrx_word' id='word_1_862' title='bbox 1442 2607 1506 2634; x_wconf 93' lang='lat' dir='ltr'><strong>dum</strong></span> <span class='ocrx_word' id='word_1_863' title='bbox 1531 2606 1607 2634; x_wconf 78' lang='lat' dir='ltr'><strong>falsis</strong></span> <span class='ocrx_word' id='word_1_864' title='bbox 1628 2607 1678 2634; x_wconf 86' lang='lat' dir='ltr'><strong>do-</strong></span> 
     </span>
    </p>
   </div>
   <div class='ocr_carea' id='block_1_123' title="bbox 894 2653 1677 2690">
    <p class='ocr_par' dir='ltr' id='par_1_123' title="bbox 894 2653 1677 2690">
     <span class='ocr_line' id='line_1_124' title="bbox 894 2653 1677 2690; baseline -0.005 -6"><span class='ocrx_word' id='word_1_865' title='bbox 894 2658 987 2684; x_wconf 79' lang='lat' dir='ltr'><strong>ctrina:</strong></span> <span class='ocrx_word' id='word_1_866' title='bbox 1002 2664 1057 2684; x_wconf 74' lang='lat' dir='ltr'><strong>sua:</strong></span> <span class='ocrx_word' id='word_1_867' title='bbox 1075 2655 1217 2690; x_wconf 84' lang='lat' dir='ltr'><strong>principiis</strong></span> <span class='ocrx_word' id='word_1_868' title='bbox 1231 2654 1355 2687; x_wconf 83' lang='lat' dir='ltr'><strong>dogmata</strong></span> <span class='ocrx_word' id='word_1_869' title='bbox 1372 2653 1430 2679; x_wconf 70' lang='lat' dir='ltr'><strong>hanc</strong></span> <span class='ocrx_word' id='word_1_870' title='bbox 1446 2660 1554 2688; x_wconf 89' lang='lat' dir='ltr'><strong>quoque</strong></span> <span class='ocrx_word' id='word_1_871' title='bbox 1567 2661 1677 2680; x_wconf 83' lang='lat' dir='ltr'><strong>accom-</strong></span> 
     </span>
    </p>
   </div>
   <div class='ocr_carea' id='block_1_124' title="bbox 893 2698 1679 2734">
    <p class='ocr_par' dir='ltr' id='par_1_124' title="bbox 893 2698 1679 2734">
     <span class='ocr_line' id='line_1_125' title="bbox 893 2698 1679 2734; baseline -0.004 -4"><span class='ocrx_word' id='word_1_872' title='bbox 893 2703 996 2730; x_wconf 89' lang='lat' dir='ltr'><strong>modat.</strong></span> <span class='ocrx_word' id='word_1_873' title='bbox 1013 2701 1135 2729; x_wconf 83' lang='lat' dir='ltr'><strong>Diximus</strong></span> <span class='ocrx_word' id='word_1_874' title='bbox 1147 2700 1221 2727; x_wconf 90' lang='lat' dir='ltr'><strong>enim</strong></span> <span class='ocrx_word' id='word_1_875' title='bbox 1231 2699 1288 2734; x_wconf 90' lang='lat' dir='ltr'><strong>jatn</strong></span> <span class='ocrx_word' id='word_1_876' title='bbox 1303 2705 1375 2734; x_wconf 62' lang='lat' dir='ltr'><strong>sape</strong></span> <span class='ocrx_word' id='word_1_877' title='bbox 1391 2703 1501 2733; x_wconf 85' lang='lat' dir='ltr'><strong>putasse</strong></span> <span class='ocrx_word' id='word_1_878' title='bbox 1517 2698 1590 2725; x_wconf 93' lang='lat' dir='ltr'><strong>illum</strong></span> <span class='ocrx_word' id='word_1_879' title='bbox 1602 2707 1679 2727; x_wconf 88' lang='lat' dir='ltr'><strong>tuen-</strong></span> 
     </span>
    </p>
   </div>
   <div class='ocr_carea' id='block_1_125' title="bbox 894 2743 1679 2781">
    <p class='ocr_par' dir='ltr' id='par_1_125' title="bbox 894 2743 1679 2781">
     <span class='ocr_line' id='line_1_126' title="bbox 894 2743 1679 2781; baseline -0.005 -5"><span class='ocrx_word' id='word_1_880' title='bbox 894 2752 937 2777; x_wconf 88' lang='lat' dir='ltr'><strong>tes</strong></span> <span class='ocrx_word' id='word_1_881' title='bbox 951 2747 1063 2776; x_wconf 82' lang='lat' dir='ltr'><strong>rationis</strong></span> <span class='ocrx_word' id='word_1_882' title='bbox 1077 2750 1218 2781; x_wconf 86' lang='lat' dir='ltr'><strong>compotes</strong></span> <span class='ocrx_word' id='word_1_883' title='bbox 1232 2751 1282 2780; x_wconf 86' lang='lat' dir='ltr'><strong>pro</strong></span> <span class='ocrx_word' id='word_1_884' title='bbox 1299 2743 1457 2771; x_wconf 85' lang='lat' dir='ltr'><strong>meritorum</strong></span> <span class='ocrx_word' id='word_1_885' title='bbox 1472 2750 1582 2771; x_wconf 88' lang='lat' dir='ltr'><strong>suorum</strong></span> <span class='ocrx_word' id='word_1_886' title='bbox 1598 2751 1679 2772; x_wconf 71' lang='lat' dir='ltr'><strong>men—</strong></span> 
     </span>
    </p>
   </div>
  </div>
