1912 3079
210 117 266 147 οτι)

864 117 893 143 P.
914 116 1073 144 DANlELls
1093 115 1208 144 llUETll

1771 111 1786 138 1
1800 110 1841 138 tuo

213 184 276 204 sura
292 183 324 203 ae
344 175 424 202 modo
438 174 523 201 variis
544 173 651 209 adiungi
680 174 859 209 corporibus;
877 174 998 201 subtilio-

1055 174 1141 201 unferri
1157 183 1162 200 :
1178 173 1256 204 Εἰκὸς
1271 173 1293 199 δ’
1304 173 1344 199 ὅτι
1362 173 1410 199 ικαὶ
1426 172 1533 207 ἑκάστῳ
1557 171 1611 198 τῶν
1635 170 1772 206 δεομένων
1792 172 1840 205 τῆς

214 224 300 254 ribus,
312 222 336 249 si
352 226 426 249 recte
449 228 479 248 se
504 220 651 254 gesserint;
670 221 711 247 sin
729 227 819 251 secus,
835 219 962 255 gravibus
973 225 1000 246 et

213 268 315 296 crassis
339 276 348 295 :
380 267 545 298 easdemque
567 267 716 300 quemlibet
736 270 838 293 statum
876 266 998 300 adeptas,

215 313 321 341 arbitrii
346 313 387 339 sui
405 312 532 339 libertate
545 313 579 339 ad
603 313 672 339 bene
696 312 738 338 vel
770 312 841 339 male
865 311 997 346 agendum

216 360 279 391 frui,
293 366 324 385 ac
340 363 486 393 perpetuos
502 364 564 384 esse
577 358 690 392 proinde
704 365 718 383 a
737 357 866 391 supernis
881 357 913 384 ad
926 357 999 384 infe-

216 404 287 430 riora
299 403 389 437 lapsus
405 406 432 429 et
452 402 567 429 reditus.
582 403 647 429 Inde
670 402 795 436 sequitur
814 406 919 428 certum
941 400 1001 428 nul-

215 450 269 476 lum
290 449 429 476 beatitatis
447 448 566 474 l‘uturnm
590 453 713 479 statum,
741 448 843 474 nulluin
868 447 998 479 miseriae;

214 503 374 530 semperque
388 495 428 521 vel
446 495 471 520 in
494 493 635 526 felicitate,
657 494 699 520 vel
726 494 752 520 in
778 494 866 528 pmnis
895 493 1001 521 futuros

214 549 374 577 progressus
389 546 436 568 aut
454 548 605 576 regressus,
621 545 701 575 prout
722 541 749 567 in
767 541 832 566 vitio
851 540 948 567 animat
960 541 1000 566 vel

215 587 242 614 in
266 587 366 614 virtute
402 585 570 622 profecerim
589 594 596 612 :
617 594 650 613 ac
678 586 870 613 dainnatormn
901 585 1000 612 idcirco

215 640 310 668 pinnas
333 638 361 660 et
383 634 522 660 beatorum
540 632 638 668 gaudia
654 631 811 666 neutiquam
829 631 887 659 fore
901 631 1002 666 sempi-

216 684 305 706 terna.

252 724 283 751 il.
304 724 444 759 Opinionis
465 724 544 751 istius
566 729 659 758 partes
681 724 805 758 singulas
829 725 850 752 si
875 724 1002 752 subtilius

216 771 340 805 persequi
365 770 489 801 velimus,
505 775 600 797 etnon
623 777 656 797 ex
678 769 849 805 Origeniatue
872 770 1002 798 doctrina:

214 816 394 848 connexioue,
420 817 467 843 sed
494 824 526 843 ex
547 816 613 849 ipsis
635 816 792 842 Adamantii
822 817 912 844 verbis
929 817 1000 843 msti-

216 869 290 889 mare
304 862 421 895 singula,
460 867 488 888 et
511 869 680 896 quaecunque
700 866 829 896 prtelerea
844 862 870 888 in
884 861 910 888 itl
925 869 1003 896 argu-

215 913 335 936 mentum
351 908 480 935 disseruit
491 908 633 943 colligere,
646 915 689 934 res
703 907 756 934 erit
778 907 884 934 scilicet
897 907 924 934 in
942 915 1003 942 pro-

214 955 288 982 clivi.
307 954 427 981 Primum
453 955 544 988 itaque
567 955 690 981 homines
707 961 801 980 munes
816 953 877 988 igne
897 954 1002 980 exami-

215 1004 307 1026 natum
322 999 354 1026 iri
370 999 481 1026 deﬁnit:
496 1000 544 1026 sed
563 999 598 1026 ita
616 1003 705 1026 tamen
724 1004 752 1025 nt
770 999 846 1026 illaesi
861 1004 889 1026 et
910 1000 1002 1026 illibati

214 1049 378 1080 praetereant
400 1045 502 1077 sancti;
526 1045 669 1080 impiorum
694 1052 757 1071 vero
783 1053 859 1072 noxzc
883 1050 910 1072 et
938 1046 1002 1072 vitia

215 1092 332 1119 ﬂammis
346 1097 545 1126 echquantnr.
567 1101 575 1116 ι
590 1091 757 1118 Venientlum
774 1096 815 1117 est
841 1098 915 1124 ergo,
929 1101 938 1116 ι
963 1091 1004 1116 in-

214 1137 272 1172 quit
299 1137 392 1164 homil.
419 1143 443 1163 rt
468 1137 495 1163 iu
527 1135 625 1168 Είτοιι.⁷
651 1143 723 1162 nlttn.
755 1135 783 1168 4,
800 1136 945 1162 «omnibus
970 1136 1003 1162 ad

215 1184 323 1218 ignem;
342 1182 501 1209 veniendum
517 1187 561 1208 est
578 1182 610 1208 ad
625 1179 810 1207 conﬂatoritnn
825 1190 831 1208 ε
844 1181 918 1207 sedet
932 1181 1003 1207 enim

217 1229 356 1260 Dominus,
374 1233 400 1255 et
429 1228 541 1258 toullat,
560 1233 588 1253 et
610 1231 706 1260 purgat
726 1225 796 1253 ﬁlios
820 1226 887 1253 Jmla
900 1226 933 1252 “.
950 1225 1003 1252 Sed

217 1281 245 1301 et
262 1275 325 1301 illuc
341 1281 402 1301 cum
425 1274 542 1306 venitur,
557 1274 579 1300 si
597 1273 658 1307 quis
680 1273 761 1299 nmlta
778 1279 860 1307 opera
879 1272 958 1304 bona,
976 1277 1004 1298 ct

218 1328 313 1355 parum
349 1320 450 1352 aliquid
475 1319 627 1354 iniquitatis
652 1318 790 1352 attulerit,
815 1317 880 1344 illud
907 1325 1002 1352 parum

217 1371 346 1400 tanquam
371 1365 508 1400 plumbum
534 1365 589 1400 igni
611 1365 757 1392 resolvitur
773 1372 804 1391 ac
819 1369 960 1399 purgatur,
976 1368 1004 1390 et

217 1417 304 1439 totum
319 1416 440 1439 remanet
453 1419 549 1438 aurum
565 1419 673 1446 purum.
695 1411 728 1437 Et
741 1411 762 1437 si
782 1411 852 1444 quis.
870 1409 928 1444 plus
941 1409 1004 1436 illuc

217 1457 318 1493 plumbi
336 1457 473 1488 detulerit,
495 1457 554 1492 plus
579 1457 713 1490 exuritur,
735 1460 765 1483 ut
789 1455 904 1490 amplius
924 1456 1004 1482 deco-

217 1510 326 1539 quatur,
344 1509 373 1530 ut
388 1508 416 1530 et
436 1503 458 1530 si
476 1511 570 1538 partim
589 1503 691 1537 aliquid
711 1503 748 1529 sit
772 1502 843 1533 auri,
860 1506 1001 1536 purgatura
1017 1511 1040 1542 ο

218 1554 308 1576 tamen
328 1549 455 1575 resideat.
475 1548 551 1580 Quod
573 1548 594 1574 si
612 1547 709 1582 aliquis
736 1547 799 1574 illnc
823 1552 893 1574 totus
917 1546 1003 1580 plum-

218 1593 286 1620 beus
310 1592 426 1623 venerit,
447 1592 493 1618 lict
509 1592 541 1619 de
567 1591 613 1618 illo
628 1593 678 1618 boc
700 1592 771 1626 quod
792 1593 921 1625 scriptum
937 1597 1001 1618 est:

219 1637 396 1672 Detnergetur
421 1637 447 1664 in
472 1637 649 1671 profundum,
665 1641 792 1671 tanquam
812 1636 952 1671 plumbum
976 1637 1002 1664 in

217 1690 315 1717 aquam
343 1683 537 1710 validissimam
550 1683 584 1710 ".
601 1692 610 1708 ι
637 1683 671 1710 Ει
695 1682 788 1712 ltomil.
817 1690 848 1710 ιιι
877 1683 905 1710 in
932 1683 1001 1718 psal.

217 1736 313 1761 xuvt,
328 1736 403 1756 num.
420 1729 432 1756 1
449 1737 455 1755 :
473 1738 482 1754 ι
497 1729 608 1756 Certum
623 1734 664 1756 est
682 1729 745 1764 quia
767 1733 858 1756 manet
872 1736 920 1756 nos
934 1729 1004 1764 ignis

217 1774 263 1802 ille
284 1775 329 1809 qui
357 1779 525 1810 praeparatus
545 1780 588 1802 cst
607 1775 807 1809 peccatoribus,
818 1780 846 1801 et
863 1775 1003 1802 veniemus

217 1820 251 1847 ad
272 1820 346 1846 illum
364 1820 466 1855 ignem,
487 1821 514 1847 in
531 1828 584 1854 quo
604 1821 810 1855 uniuscujusque
836 1829 902 1854 opus
926 1822 1004 1855 quale

218 1867 253 1892 sit
279 1866 349 1900 ignis
375 1866 494 1901 probabit
507 1867 540 1892 ’⁵.
570 1866 613 1899 Et,
641 1871 669 1893 ut
689 1875 739 1901 ego
762 1867 888 1898 arbitror,
909 1874 1004 1894 omnes

219 1918 268 1938 nos
294 1910 387 1938 venire
408 1918 518 1939 necesse
546 1917 590 1938 est
612 1912 646 1939 ad
669 1911 744 1938 illum
774 1912 875 1946 ignem.
892 1911 1004 1938 Etiamsi

220 1956 321 1984 Paulus
336 1957 372 1984 sit
388 1957 486 1991 aliquis
504 1957 545 1984 vel
561 1957 669 1990 Petrus,
686 1958 759 1984 venit
776 1963 864 1984 tamen
880 1958 913 1984 ad
931 1957 1003 1984 illum

219 2002 318 2037 ignem.
343 2002 396 2030 Sed
418 2003 454 2029 illi
478 2003 545 2030 tales
570 2003 702 2031 audiunt:
720 2003 832 2030 Etiamsi
853 2010 900 2038 per
918 2004 1004 2038 ignem

221 2053 349 2081 transeas,
375 2050 484 2084 ﬂamma
512 2058 564 2076 non
582 2051 674 2076 aduret
695 2056 719 2076 te
730 2051 763 2077 ’⁷.
786 2049 814 2077 Si
828 2057 892 2077 vero
908 2050 1005 2084 aliquis

219 2095 316 2122 similis
340 2095 391 2122 mei
415 2101 541 2130 peccator
567 2096 612 2126 sit,
635 2096 723 2122 veniet
737 2096 846 2130 quidem
861 2096 893 2122 ad
913 2096 1002 2130 ignem

221 2140 307 2173 illum,
324 2141 396 2167 sicut
417 2141 514 2168 Petrus
528 2146 555 2167 et
568 2141 678 2173 Paulus,
696 2142 742 2168 sed
759 2149 810 2168 non
828 2141 868 2168 sic
882 2142 1003 2174 transiet,

1050 219 1094 246 διὰ
1117 219 1164 246 τοῦ
1188 219 1272 255 napi);
1296 219 1371 254 δίκης
1397 219 1455 254 ἅμα
1480 220 1527 245 καὶ
1557 218 1690 253 ἰατρείας,
1715 217 1840 247 καίοντος

1052 267 1100 302 μὲν
1115 267 1162 293 καὶ
1178 267 1208 293 οὐ
1225 266 1418 298 κατακαίοντος
1430 266 1492 297 τοὺς
1510 265 1547 300 μὴ
1562 265 1671 299 ἔχοντας
1695 263 1763 298 ὕλην
1783 263 1840 289 δεο-

1052 313 1135 348 μένην
1150 311 1312 339 ἀναλοῦσθαι
1336 311 1381 338 ὑπ’
1401 311 1504 338 ἐκείνου
1529 310 1577 337 τοῦ
1593 310 1696 346 πυρός·
1715 310 1841 340 animo;

1050 358 1078 385 δὲ
1093 358 1140 385 καὶ
1158 358 1351 389 κατακαίοντος
1371 358 1434 388 τοὺς
1460 358 1489 384 ὲν
1511 358 1544 392 τῇ
1566 357 1609 383 διὰ
1629 356 1683 382 τῶν
1699 356 1840 392 πράξεων,

1051 404 1098 430 καὶ
1117 403 1214 437 λόγων,
1233 403 1280 430 καὶ
1296 403 1437 438 νοημάτων
1455 402 1592 436 τροπικῶς
1613 402 1749 438 λεγομένῃ
1771 402 1843 428 οἱκο-

1050 448 1117 483 δομῇ
1133 447 1208 480 ξύλα,
1227 447 1332 483 χόρτον,
1349 446 1502 482 ἢκαλάμην
1512 447 1754 482 οἰκοδομήσαντας.
1773 446 1841 473 Cum

1051 495 1088 520 ait
1104 502 1169 528 ergo
1189 494 1236 520 lib.
1252 501 1299 520 VIII
1316 494 1342 519 iu
1356 493 1439 526 Epist.
1460 494 1494 519 ad
1513 492 1600 526 noun,
1619 501 1694 519 tnnn.
1717 493 1761 524 l2,
1779 500 1841 527 pag.

1051 540 1115 572 640,
1129 540 1285 575 quicunque
1300 539 1387 566 Verbo
1400 539 1445 565 Dei
1462 543 1590 573 purgatus
1601 545 1653 565 non
1667 538 1762 569 fuerit,
1781 539 1843 564 hinc

1052 586 1113 621 igne
1127 586 1313 613 excruciatum
1342 585 1373 611 iri
1387 593 1394 617 ;
1413 585 1475 618 igne
1489 593 1596 618 quoque
1621 585 1781 617 lustratum,
1794 586 1841 611 sed

1052 640 1104 659 non
1127 633 1253 659 adustum
1280 631 1313 658 iri
1342 631 1478 665 intelligit,
1494 631 1540 666 qui
1566 630 1656 658 Verbo
1682 630 1730 658 Dei
1760 632 1843 658 fuerit

1051 684 1190 713 purgatus.

1086 723 1122 748 At
1133 721 1242 748 bomilia
1259 727 1347 750 tamen
1363 721 1399 749 ει
1413 722 1441 749 in
1459 721 1567 755 Lucam,
1579 730 1627 750 eos
1641 727 1747 750 tantum
1764 724 1843 758 igneo

1053 766 1166 794 ﬂumine
1184 775 1199 794 a
1218 767 1327 795 Christo
1351 768 1528 802 baptizandus
1550 767 1675 800 allii-mat,
1693 770 1741 803 qui
1767 777 1838 803 aqua

1054 819 1081 840 et
1095 814 1190 848 spiritu
1207 814 1309 841 fuerint
1324 814 1462 848 baptizati,
1479 819 1506 840 et
1521 815 1683 850 purgatione
1698 815 1840 848 eguerint.

1055 860 1213 887 Econtrario
1229 867 1293 886 vero
1306 859 1399 888 homil.
1416 860 1434 886 2
1447 860 1474 886 in
1491 861 1599 891 Jerem.,
1626 868 1702 887 num.
1726 861 1756 891 ὅ,
1778 869 1843 887 san-

1053 911 1113 933 ctos
1128 905 1195 933 dicit
1209 906 1311 939 Spiritu
1328 911 1422 932 sancto
1436 914 1450 932 a
1464 905 1527 933 Jesu
1543 906 1690 941 baptizari,
1709 907 1843 933 SCCIBSIHS

1053 959 1118 980 vero
1145 952 1218 985 igne.
1245 952 1359 979 Ilomilia
1387 957 1476 979 autem
1501 960 1554 979 xxv
1567 954 1594 978 in
1611 952 1706 985 Nam,
1725 959 1802 978 num.
1816 952 1843 981 6.

1054 1003 1275 1031 unumquemque
1296 997 1455 1032 purgatione
1480 997 1601 1029 indigere
1621 997 1670 1027 ait,
1689 997 1760 1023 «sed
1788 1003 1845 1031 ιιι)-

1054 1042 1123 1068 stica
1140 1042 1196 1068 haec
1215 1049 1275 1069 esse
1299 1046 1325 1069 et
1349 1041 1504 1069 inell'abilia.
1520 1041 1586 1074 Quis
1597 1042 1671 1068 enim
1692 1042 1784 1073 nobis,
1801 1042 1843 1068 in-

1055 1088 1126 1121 quit,
1141 1095 1272 1115 enarrare
1296 1088 1395 1122 poterit
1406 1095 1467 1123 quae
1484 1087 1539 1114 sint
1562 1087 1772 1122 puriﬁcationes
1786 1096 1844 1122 quae

1054 1137 1186 1166 parentur
1208 1131 1301 1165 Paulo,
1320 1133 1361 1160 vel
1384 1133 1477 1165 Petro,
1497 1133 1539 1160 vel
1556 1133 1617 1160 aliis
1633 1133 1732 1159 horum
1748 1133 1845 1159 simili-

1055 1177 1123 1205 bus?
1137 1187 1146 1203 ι
1163 1177 1297 1205 Cmternm
1315 1184 1432 1205 mentem
1457 1178 1585 1213 Origenis
1609 1186 1706 1213 parum
1724 1186 1844 1205 assecuti

1055 1228 1117 1251 sunt
1137 1223 1230 1251 Sixtus
1253 1224 1383 1252 Senensis
1399 1229 1426 1252 et
1447 1225 1652 1256 Genebrardus,
1670 1225 1758 1251 verba
1786 1224 1843 1258 ejus

1055 1269 1196 1297 referenda
1212 1275 1354 1298 censentes
1370 1271 1403 1297 ad
1423 1271 1511 1304 ignem
1533 1270 1635 1297 ultima:
1646 1270 1844 1305 conﬂagratio

1055 1315 1107 1347 nis,
1125 1315 1171 1349 qni
1193 1316 1293 1343 electos
1315 1317 1446 1350 quosdam
1469 1316 1585 1343 nondum
1613 1316 1683 1343 satis
1712 1322 1845 1350 purgatos

1056 1361 1191 1394 lustrabit,
1210 1363 1338 1396 reprobos
1355 1370 1419 1389 vero
1442 1370 1547 1396 omnes
1562 1362 1766 1396 appreltendet,
1782 1370 1844 1388 nam

1055 1413 1090 1432 ne
1100 1407 1287 1434 sanctissimos
1307 1407 1429 1441 quidem,
1446 1407 1554 1434 Petrum
1570 1411 1645 1441 puta,
1660 1406 1703 1433 vel
1719 1405 1846 1438 Paulum,

1055 1452 1106 1478 boc
1121 1452 1183 1486 igne
1197 1451 1301 1480 futuros
1314 1453 1446 1480 immunes
1460 1452 1638 1479 Adamantius
1653 1452 1817 1479 arbitratur.

1090 1499 1133 1526 ΙΙΙ.
1153 1498 1216 1532 Igne
1249 1499 1299 1525 hoc
1322 1499 1427 1532 probati
1455 1498 1579 1525 homines
1613 1498 1687 1525 varia
1715 1498 1775 1525 loca
1798 1506 1848 1533 pm

1055 1545 1158 1572 meritis
1173 1553 1205 1572 ex
1232 1545 1338 1572 decreto
1359 1544 1483 1579 Origenis
1501 1544 1670 1576 sortientur,
1692 1545 1739 1571 alii
1757 1545 1842 1572 inter-

1056 1599 1138 1623 nam,
1167 1591 1295 1624 variaque
1332 1590 1428 1617 inferni
1462 1591 1533 1623 loca,
1560 1595 1588 1617 et
1614 1591 1792 1624 mansiones;
1820 1598 1848 1618 et

1055 1637 1281 1672 quemadmodum
1299 1641 1405 1663 terrena
1430 1637 1486 1664 b:cc
1511 1637 1567 1664 loca
1593 1638 1732 1665 mentibus
1751 1646 1768 1666 e
1788 1646 1846 1666 co:-

1055 1683 1114 1710 lesti
1137 1682 1273 1709 domicilio
1295 1687 1405 1717 propter
1421 1688 1529 1717 peccata
1552 1675 1705 1710 deturbatis
1729 1692 1781 1718 pro
1803 1685 1847 1711 in-

1055 1729 1131 1756 l'erno
1154 1729 1297 1760 habentur,
1315 1729 1349 1755 ita
1368 1728 1521 1756 horninibus
1541 1735 1642 1756 eterra
1666 1729 1801 1764 digressis
1816 1738 1844 1757 ct

1054 1775 1157 1802 scelere
1176 1774 1367 1802 comaminatis
1390 1774 1545 1801 inferiorem
1568 1775 1702 1810 assignari
1733 1776 1846 1807 sedem,

1054 1829 1114 1855 quae
1138 1821 1260 1848 infernus
1282 1822 1441 1856 appellatur.
1459 1822 1536 1857 Τάχα
1559 1822 1606 1854 δὲ,
1632 1823 1720 1857 inquit
1747 1831 1809 1857 cap.
1836 1825 1843 1850 l

1057 1867 1170 1899 Philem,
1187 1867 1281 1903 ὥσπερ
1296 1868 1320 1894 οἱ
1338 1867 1462 1894 ἐντεῦθεν
1478 1868 1548 1894 κατὰ
1564 1868 1610 1895 τὸν
1627 1869 1716 1895 κοινὸν
1731 1869 1848 1896 θάνατον

1054 1912 1277 1949 ἀποθνήσκοντες,
1297 1914 1329 1940 ὲκ
1345 1913 1399 1940 τῶν
1412 1914 1528 1941 ἐνταῦθα
1549 1915 1753 1950 πεπραγμένων
1775 1916 1847 1942 οἷκο-

1054 1958 1214 1994 νομοῦνται,
1238 1959 1263 1986 si
1290 1958 1406 1986 κειθεϊεν
1431 1958 1500 1991 ἄξιοι
1524 1959 1570 1986 τοῦ
1599 1959 1771 1995 καλουμένου
1791 1969 1846 1995 χω-

1056 2004 1113 2040 ρίου
1143 2003 1223 2039 ᾅδου,
1253 2004 1343 2030 τόπων
1369 2004 1506 2039 διαφόρων
1532 2004 1677 2039 τυγχάνειν
1700 2005 1775 2031 κατὰ
1797 2005 1845 2040 τὴν

1053 2050 1198 2084 ἀναλογίαν
1215 2048 1267 2076 τῶν
1289 2050 1511 2085 ἁμαρτημάτων·
1529 2050 1615 2081 οὕτως
1630 2050 1654 2075 οἱ
1673 2050 1791 2082 ἐκεῖθεν,
1813 2051 1846 2076 iv‘

1055 2098 1140 2129 οὕτως
1163 2097 1242 2128 εἴπω,
1265 2096 1481 2132 ἀποθνήσκοντες
1501 2098 1541 2129 εἰς
1565 2097 1630 2133 ᾅδην
1643 2098 1739 2124 τοῦτον
1761 2106 1846 2125 κατα-

1056 2144 1175 2170 ϐαίνουσι
1203 2142 1356 2178 κρινόμενοι
1386 2142 1455 2175 ἄξιοι
1482 2143 1535 2169 τῶν
1564 2143 1610 2169 τοῦ
1637 2144 1740 2176 παντὸς
1768 2152 1846 2179 περι-

221 2187 292 2213 sieut
306 2186 400 2214 Petrus
414 2191 442 2214 et
458 2187 567 2214 Paulus.
581 2197 590 2213 ι
608 2188 647 2214 Ac
662 2187 734 2215 illius
759 2188 889 2215 transitus
909 2188 1003 2215 discri-

1057 2190 1131 2224 γείου
1146 2189 1228 2216 τόπου
1251 2188 1388 2223 διαφόρων
1407 2189 1572 2224 οἰκητηρίων
1592 2189 1736 2225 βελτιόνων
1759 2190 1777 2225 ἢ
1793 2199 1846 2224 χει-

222 2239 283 2258 men
303 2231 485 2266 _Hebra‘orum
512 2232 755 2268 Egyptiormnqne
781 2240 829 2266 per
853 2240 927 2259 mare
949 2232 1006 2260 liu-

223 2278 301 2304 brum
331 2278 460 2305 transitus
481 2279 683 2313 comparatione
709 2278 846 2312 explanat.
877 2279 1004 2306 adductis

222 2324 326 2350 scilicet
351 2323 393 2350 his
418 2324 492 2351 Pauli
515 2324 523 2351 l
541 2325 606 2352 Cor.
624 2333 666 2358 ιιι,
686 2326 744 2352 l5:
765 2334 774 2350 ι
791 2324 1007 2360 Uninscujusque

221 2376 290 2404 opus
312 2369 392 2403 quale
418 2369 464 2399 sit.
481 2369 552 2404 ignis
574 2371 709 2404 probabit.
722 2380 731 2397 ι
755 2371 786 2397 Ει
807 2370 899 2398 homil.
917 2377 962 2397 xiv
978 2370 1006 2396 in

224 2414 290 2443 Luc.
306 2422 315 2441 :
334 2423 343 2440 ι
355 2414 410 2449 Ego
429 2419 503 2448 puto.
521 2415 591 2449 quod
611 2421 638 2442 ct
652 2420 712 2449 post
731 2416 956 2443 resurrectionem
973 2423 1007 2442 ex

223 2461 336 2488 mortuis
361 2460 530 2495 indigeamus
546 2466 715 2488 sacramento
736 2461 844 2488 eluente
864 2469 913 2489 nos
927 2467 1008 2497 atque

223 2511 375 2542 purgante;
391 2514 470 2533 nemo
485 2506 556 2533 enim
582 2507 685 2541 absque
712 2508 838 2535 sordibus
865 2515 1008 2542 resurgere

223 2554 340 2587 poterit;
367 2561 416 2580 nec
443 2553 524 2580 ullam
549 2560 628 2587 posse
661 2553 779 2580 animam
805 2554 929 2588 reperiri,
948 2561 1009 2588 qua!

224 2597 359 2625 Universis
383 2598 472 2624 statim
495 2598 569 2625 vitiis
592 2602 696 2625 careat.
715 2607 724 2623 ι
744 2597 778 2625 Et
799 2597 847 2625 lib.
869 2605 885 2624 v
911 2597 1008 2625 Contra

221 2643 337 2675 Celsum.
353 2652 427 2670 num.
448 2644 491 2676 l5,
507 2643 668 2678 Epicureum
692 2644 762 2671 hunc
787 2643 940 2676 confutatis,
960 2644 1008 2679 qui

222 2696 360 2725 receptam
375 2690 445 2725 apud
458 2689 632 2718 Christianos
645 2689 678 2717 de
692 2690 782 2717 mundi
794 2689 1007 2725 conﬂagratione

222 2736 377 2769 opinionem
399 2735 541 2768 irridebat,
555 2735 622 2762 dicit
643 2735 730 2770 ignem
748 2735 876 2763 universo
904 2735 1006 2762 mundo

1057 2235 1151 2270 ρόνων.
1181 2235 1245 2267 Qua:
1265 2235 1304 2262 sic
1326 2241 1341 2260 a
1360 2233 1458 2261 Rulino
1479 2235 1580 2261 reddita
1595 2240 1656 2262 sum
1674 2235 1721 2262 lib.
1734 2243 1761 2262 iv
1777 2236 1845 2270 Περὶ

1055 2279 1166 2314 ἀρχῶν,
1185 2286 1245 2313 cap.
1258 2279 1291 2310 2,
1308 2287 1384 2306 nutu.
1398 2277 1444 2312 23,
1464 2287 1490 2314 p.
1507 2280 1558 2306 l85
1572 2288 1578 2306 :
1596 2289 1605 2305 ι
1619 2279 1756 2308 Fortassis
1775 2283 1845 2308 enim

1055 2327 1124 2353 sicut
1150 2326 1174 2352 bi
1197 2326 1242 2360 qui
1267 2325 1300 2352 tle
1319 2325 1369 2352 hoc
1387 2325 1487 2352 mundo
1506 2326 1653 2353 sccnmlum
1673 2334 1844 2354 communem

1056 2377 1170 2399 mortem
1192 2372 1269 2399 istam
1286 2372 1444 2400 recedentes
1466 2379 1516 2406 pro
1535 2372 1641 2399 actibus
1658 2373 1715 2400 suis
1737 2378 1765 2400 et
1789 2381 1845 2400 me-

1061 2419 1119 2445 ritis
1131 2418 1330 2452 dispensamur,
1346 2423 1425 2452 prout
1441 2418 1513 2452 digni
1533 2417 1632 2445 fuerint
1650 2418 1778 2452 jndicati,
1802 2420 1844 2446 alii

1055 2464 1162 2498 quidem
1179 2465 1205 2490 in
1223 2463 1310 2491 locum
1330 2464 1375 2498 qui
1394 2463 1492 2491 dicitur
1514 2464 1626 2496 inferus,
1644 2464 1689 2491 alii
1713 2465 1740 2492 in
1757 2467 1844 2493 sinunt

1055 2510 1180 2541 Abralne.
1198 2512 1225 2536 et
1239 2515 1288 2544 per
1310 2509 1415 2539 diversa
1438 2517 1553 2544 qua‘qne
1567 2510 1608 2537 vel
1630 2510 1689 2538 loca
1706 2511 1748 2538 vel
1772 2520 1846 2538 man-

1055 2555 1164 2582 siones:
1183 2555 1219 2582 ita
1242 2555 1323 2582 etiam
1347 2563 1380 2582 ex
1405 2555 1457 2582 illis
1478 2556 1546 2583 locis
1570 2556 1642 2583 velut
1660 2557 1717 2584 illic
1742 2557 1778 2592 (si
1795 2558 1844 2584 dici

1056 2601 1161 2634 potest)
1194 2599 1357 2632 morientes,
1384 2608 1398 2626 a
1424 2601 1530 2635 superis
1557 2601 1583 2628 iu
1624 2602 1696 2629 hunc
1729 2602 1844 2630 inferum

1058 2647 1236 2673 descendunt.
1255 2645 1322 2672 Nam
1344 2645 1389 2673 ille
1415 2645 1518 2674 inferas
1542 2648 1574 2674 ad
1593 2655 1674 2682 quem
1700 2649 1766 2675 hinc
1789 2656 1843 2675 mo-

1058 2691 1185 2718 rientium
1206 2693 1304 2719 animat
1324 2692 1463 2727 dicuntur,
1487 2694 1579 2726 credo,
1601 2693 1636 2720 ob
1659 2694 1733 2721 banc
1751 2695 1843 2721 distiu-

1058 2737 1175 2765 ctionem
1191 2737 1313 2766 infernus
1328 2738 1443 2767 inferior
1455 2748 1469 2767 a
1485 2739 1626 2776 Scriptura
1644 2741 1806 2769 nominatur
1818 2740 1842 2767 in

260 2824 283 2840 “
299 2824 413 2853 Malacb.
425 2833 466 2858 tn,
483 2826 508 2853 5.
547 2827 570 2843 ’⁸
585 2827 668 2855 Exod.
681 2835 726 2862 xv,
746 2827 787 2855 l0.
827 2827 941 2856 "lCor.
959 2836 999 2861 ιιι,
1017 2828 1059 2856 15.
