1912 3079
70 171 141 199 1001

70 229 188 258 Psalmis
202 239 209 257 :
227 230 294 264 Quia
319 231 438 261 Iiberasti
454 235 571 262 animam
587 244 673 263 meam
690 244 723 265 ex
745 237 852 265 inferno

68 276 192 304 inferiori
209 277 231 293 “
242 278 262 306 ‘.
276 287 285 304 ι
303 278 367 311 Quae
380 280 414 307 ab
429 280 590 317 Hieronymo
605 290 711 317 quoque
734 284 853 319 epistola:

67 322 116 354 59.
133 323 167 351 ad
186 323 306 357 Avitum,
321 332 381 360 cap.
395 326 423 358 4,
439 327 539 355 inserta
556 334 630 357 sunt.
653 329 783 363 Quoniam
804 338 853 358 au-

68 373 126 395 tem
151 368 285 396 infernum
314 370 438 399 Christus
463 375 589 402 tenebras
615 376 764 404 exteriores
786 384 852 404 non-

66 422 209 449 nunquam
226 416 359 451 appellat,
385 417 448 445 inde
465 419 494 445 [it
518 424 547 447 ut
562 428 610 448 eas
625 425 701 448 extra
723 422 851 450 mundum

64 460 247 489 Adamantius
271 461 376 498 ableget
395 469 474 492 tract.
491 473 578 494 xxxtu
602 467 630 494 in
649 467 759 500 Mauh.,
774 476 848 496 num.

64 506 125 534 69:
145 515 156 532 ε
170 506 302 540 Quoniam
323 509 451 544 legimus,
472 511 573 546 inquit,
593 513 711 548 aliquem
734 515 779 549 qui
802 514 852 542 fuit

63 555 132 579 ante
148 559 196 580 nos
209 559 388 587 exponentem
404 555 437 582 de
457 557 577 584 tenebris
590 557 697 593 abyssi,
716 563 744 585 et
758 558 851 587 dicen-

64 601 122 624 tem
140 598 267 633 quoniam
291 599 404 635 abyssus
426 605 468 629 est
490 607 566 630 extra
589 605 717 632 mundum
733 605 810 638 foris,
823 610 851 633 et

64 644 197 672 tenebrae.
221 644 426 675 Consideremus
440 656 514 684 ergo,
545 650 568 678 si
594 655 682 685 potest
703 658 767 678 vera
791 658 852 679 esse

62 691 201 726 expositio
215 690 284 725 ejus,
297 697 326 720 ut
339 693 448 728 quidam
462 696 540 730 quasi
558 696 662 732 indigni
677 701 734 725 toto
748 698 850 725 mundo

62 736 90 764 in
104 736 235 772 abyssum
248 737 337 771 illum,
350 746 431 774 quam
445 740 489 768 ille
502 742 636 776 exposuit,
651 741 723 770 foras
738 743 850 778 ejiciun-

62 788 120 816 tur,
135 783 162 811 in
176 791 229 819 qua
244 788 308 812 sunt
330 786 458 818 tenebrae,
473 788 582 816 nemine
602 796 649 816 eas
669 789 847 821 illnminante.

61 836 124 856 cum
138 830 194 857 sint
215 834 293 858 extra
314 834 397 859 totum
419 833 580 860 mundum.»
604 833 658 862 Sed
676 834 738 862 alibi
759 839 848 863 tamen

61 876 146 904 aliter
159 876 285 905 tenebras
298 878 448 907 exteriores
460 880 582 914 exponit,
594 885 625 908 ut
640 888 702 908 mox
721 881 847 909 ostende-

60 930 134 950 mus.
151 922 270 952 Ilomilia
286 929 375 952 autem
392 925 404 952 I
426 925 453 952 in
470 925 574 960 Cenem,
590 934 665 954 num.
677 927 704 959 I,
721 928 846 963 abyssum

61 967 134 995 illam
150 969 194 996 cui
213 969 240 997 in
258 976 349 997 rerum
366 969 444 998 initio
459 971 576 999 tenebrae
596 971 771 1006 incubabant,
786 977 846 1001 eam

59 1022 122 1042 esse
148 1015 243 1042 scribit
265 1015 292 1043 in
315 1023 396 1050 quam
423 1015 564 1050 diabolus,
590 1017 728 1052 ipsiusque
759 1019 846 1053 angeli

60 1060 189 1088 mittendi
206 1065 281 1090 sunt.

92 1106 140 1134 IV.
161 1106 312 1142 Assignatis
325 1107 391 1136 locis
407 1115 440 1136 ac
460 1108 568 1137 sedibus
586 1109 642 1137 suis
659 1110 780 1138 redditos
797 1110 846 1137 ho-

59 1151 149 1179 mines
168 1159 255 1188 ptenze
273 1161 305 1180 ac
325 1153 454 1188 supplicia
471 1162 520 1189 pro
533 1155 668 1182 scelerum
692 1155 771 1183 modo
791 1161 846 1183 tor-

57 1198 192 1231 quebttnt.
207 1199 252 1226 Ait
263 1199 335 1227 enim
351 1200 398 1227 lib.
413 1208 421 1227 I
435 1201 506 1236 Περὶ
520 1201 630 1236 ἀρχῶν,
648 1209 706 1238 cap.
721 1203 749 1236 6,
770 1212 843 1233 num.

59 1244 76 1271 5
90 1253 98 1271 τ
119 1254 130 1270 ε
145 1244 257 1273 Interim
273 1251 327 1273 tam
343 1246 369 1273 in
385 1247 428 1274 his
445 1255 505 1282 qua:
518 1248 653 1282 videntur,
668 1254 696 1277 et
711 1254 845 1285 tempora-

57 1288 128 1316 libus
152 1289 273 1324 smculis,
294 1298 375 1326 quam
398 1292 425 1319 in
444 1292 496 1320 illis
510 1300 571 1328 quae
594 1301 650 1321 non
669 1294 796 1322 videntur
817 1300 845 1323 et

57 1340 161 1363 aeterna
185 1341 263 1370 sunt,
288 1345 383 1365 omnes
405 1338 448 1366 isti
470 1347 518 1374 pro
535 1339 642 1373 ordine,
662 1347 711 1376 pro
728 1341 842 1374 ratione,

57 1389 105 1415 pro
121 1382 215 1415 modo,
229 1387 256 1410 et
270 1384 430 1411 meritorum
446 1384 623 1420 dignitatibus
636 1386 841 1421 dispensantur,

57 1432 85 1454 ut
103 1428 151 1454 alii
166 1427 193 1455 in
210 1429 318 1463 primis,
331 1429 375 1457 alii
391 1430 418 1457 in
433 1431 568 1464 secundis,
585 1432 706 1459 nonnulli
719 1433 800 1460 etiam
815 1433 842 1460 in

57 1473 161 1502 ultimis
181 1475 356 1509 temporibus,
369 1481 395 1503 et
410 1483 458 1511 per
475 1476 577 1511 majora
593 1484 626 1504 ac
643 1480 767 1513 graviora
780 1486 844 1513 sup-

56 1518 148 1553 plicia,
164 1527 268 1547 necnon
281 1525 308 1547 et
321 1520 459 1554 diuturna,
479 1529 511 1549 ac
528 1522 629 1555 multis,
644 1528 673 1550 ut
691 1524 726 1551 ita
741 1524 841 1558 dicam,

56 1565 166 1592 saculis
185 1565 310 1598 tolerata,
330 1567 513 1602 asperioribus
538 1568 773 1597 emendationibus
795 1577 841 1597 re-

57 1612 143 1647 parati
160 1617 189 1640 et
215 1613 349 1646 restituti,
367 1614 564 1642 eruditionibus
587 1615 676 1651 primo
701 1616 839 1651 angelicis,

56 1662 111 1686 tum
125 1659 224 1687 deinde
241 1660 323 1688 etiam
343 1660 511 1700 superiorum
525 1662 656 1696 graduum
679 1663 838 1695 virtutibus,

56 1708 82 1731 et
96 1705 137 1732 sic
158 1712 206 1740 per
220 1705 323 1740 singula
347 1705 380 1732 ad
400 1706 539 1740 superiora
557 1707 689 1741 provecti,
705 1714 791 1742 usque
805 1708 839 1734 ad

56 1757 85 1778 ea
99 1758 162 1785 quae
181 1755 244 1778 sunt
267 1750 412 1778 invisibilia
424 1756 452 1778 et
472 1756 572 1778 aeterna
590 1753 760 1786 proveniant,
783 1753 840 1781 sin-

56 1797 123 1832 gulis
146 1797 272 1824 videlicet
295 1797 448 1832 quibusque
466 1797 617 1825 caelestium
636 1798 764 1826 virtutum
778 1800 839 1827 olli-

56 1843 104 1870 ciis
126 1843 246 1878 quadam
274 1843 425 1871 eruditione
448 1844 475 1871 in
500 1844 589 1880 specie
614 1845 776 1880 peragratis.
798 1846 837 1873 Ex

56 1896 123 1923 quo,
148 1892 178 1915 ut
207 1889 316 1924 opinor,
339 1890 391 1917 hoc
420 1890 610 1924 consequentia
638 1891 696 1926 ipsa
731 1891 838 1919 videtur

55 1935 218 1969 ostendere,
245 1944 464 1972 unamquamque
492 1938 680 1966 rationabilem
711 1943 836 1967 naturam

55 1987 133 2015 posse
147 1981 181 2009 ab
198 1989 252 2009 uno
266 1982 292 2010 in
308 1982 424 2010 alterum
439 1983 562 2010 ordinem
580 1989 773 2018 transeuntem,
790 1992 838 2020 per

55 2027 176 2063 singulos
191 2028 216 2055 in
233 2036 337 2061 omnes,
354 2033 381 2057 et
398 2029 431 2056 ab
449 2029 574 2057 omnibus
589 2030 616 2056 in
633 2030 754 2065 singulos
777 2037 839 2065 per-

55 2074 158 2106 venire,
173 2074 234 2101 dutn
249 2082 373 2102 accessus
388 2075 567 2110 profectuum,
582 2075 771 2103 defectuumve
786 2083 834 2103 va-

56 2120 108 2148 rios
121 2127 171 2154 pro
185 2120 303 2147 motibus
315 2120 357 2147 vel
369 2121 511 2148 conatibus
522 2121 638 2156 propriis
654 2122 837 2156 unusquisque

55 2173 101 2200 pro
116 2166 195 2194 liberi
218 2167 323 2194 arbitrii
341 2167 471 2194 facultate
495 2169 657 2202 perpetitur.
670 2177 679 2193 ι
699 2167 835 2195 l’rolixum

55 2212 141 2241 locum
160 2214 312 2241 describere
327 2221 467 2241 necessum
485 2213 577 2246 habui,
597 2214 659 2248 quia
682 2214 716 2241 ad
739 2214 835 2249 Orige-

490 176 775 207 OfthENIANORUM
794 179 859 207 LIB.

855 1588 878 1619 C

875 180 907 211 ll,
927 180 1003 209 CAP.
1023 181 1056 214 II,
1074 181 1212 215 QU/EST.
1233 182 1278 209 XI.
1615 184 1684 217 £002

865 241 889 269 Α
903 242 932 265 ut
948 239 990 266 sui
1009 238 1065 274 ipsa
1090 239 1126 266 sit
1146 240 1300 268 accusatrix
1320 245 1347 268 et
1369 242 1458 275 testis;
1481 250 1592 278 eamque
1616 247 1682 274 adeo

903 283 1017 312 flammis
1035 284 1175 312 ultricibus
1197 293 1276 313 urere
1294 296 1301 313 :
1326 286 1394 321 ignis
1413 288 1492 322 hujus
1512 297 1601 319 escam
1623 300 1684 320 esse

904 329 1036 357 admissas
1049 335 1112 358 ante
1126 338 1222 363 noxas,
1235 339 1303 366 quas
1319 332 1420 360 idcirco
1437 334 1582 368 Apostolus
1598 336 1681 372 ligna,

903 373 992 402 fenum
1011 380 1038 403 et
1058 375 1183 410 stipulam
1203 377 1364 410 nominavit;
1388 379 1450 407 hinc
1473 382 1603 416 scriptum
1621 391 1684 411 esse

902 422 971 456 apud
987 422 1081 449 Isaiam
1096 430 1122 455 ι,
1135 422 1164 450 li
1181 431 1188 450 :
1204 423 1341 452 Ambulate
1354 425 1381 452 in
1398 425 1496 454 lumine
1510 428 1577 462 ignis
1592 431 1682 463 uestri,

901 469 925 491 et
940 465 1047 499 ﬂamma
1060 474 1138 500 quam
1162 468 1326 495 accendistis.
1344 478 1353 495 ι
1368 468 1419 497 Per
1440 478 1509 505 quos
1530 479 1681 508 sermones,

902 511 1005 545 inquit,
1029 511 1080 539 hoe
1105 512 1212 540 videtur
1242 513 1376 547 indicari,
1399 516 1471 549 quod
1498 519 1682 553 unusquisque

900 561 1073 590 peccatorum
1088 557 1225 584 flammam
1244 557 1294 585 sibi
1310 553 1368 592 ips'e
1383 560 1484 594 proprii
1500 561 1570 596 ignis
1585 570 1682 592 accen-

900 603 957 636 dat,
973 608 1065 631 etnon
1088 603 1114 630 in
1129 603 1245 638 aliquem
1261 604 1349 639 ignem
1366 607 1412 640 qui
1425 612 1504 635 antea
1520 608 1576 643 jam
1593 609 1682 638 fuerat

901 655 1030 676 accensus
1045 649 1077 676 ab
1089 649 1152 681 alio,
1170 650 1211 676 vel
1225 655 1287 678 ante
1305 651 1390 684 ipsum
1407 653 1564 685 substiterit,
1580 655 1682 683 demer-

899 698 989 729 gatur.
1003 703 1012 719 t
1028 694 1129 726 Quaerit
1146 695 1242 722 deinde
1260 704 1333 723 num.
1347 696 1364 724 5
1384 704 1418 724 an
1434 702 1531 732 przeter
1551 699 1623 734 illos,
1637 701 1682 729 vel

899 737 957 771 iraa,
980 738 1021 766 vel
1043 738 1154 772 furoris,
1169 740 1212 767 vel
1235 741 1355 775 insaniit),
1378 743 1421 770 vel
1444 746 1569 774 maeroris
1594 747 1680 782 ignes,

899 783 996 818 quibus
1011 784 1085 818 impii
1109 792 1169 812 cum
1186 785 1213 813 in
1232 787 1282 814 hac
1299 788 1354 815 vita
1379 789 1440 816 torti
1463 790 1574 824 fuerint,
1589 792 1617 820 in
1636 793 1681 820 fu-

900 833 958 855 tura
984 836 1093 864 quoque
1116 832 1324 866 torquebuntur,
1344 833 1434 868 aliqua
1459 837 1577 870 generali
1599 842 1680 872 paena

899 879 959 908 post
980 881 1094 903 mortem
1120 877 1246 911 puniendi
1271 878 1335 906 sint.
1353 880 1455 908 Deinde
1477 881 1544 909 dicit
1565 889 1598 910 eo
1614 891 1680 911 cru-

861 912 883 939 Β
897 918 966 945 ciatu
990 917 1116 947 affectum
1138 921 1170 948 iri
1190 922 1324 957 animam,
1341 924 1375 953 ab
1391 926 1486 954 ordine
1507 932 1587 962 atque
1613 929 1678 956 har-

897 967 1001 1000 monia,
1022 969 1055 996 ad
1074 977 1153 1003 quam
1173 969 1260 998 fuerat
1280 978 1294 997 a
1312 970 1365 997 Deo
1385 972 1510 1005 condita,
1526 973 1657 1001 divulsam
1669 993 1678 1007 ,

896 1021 950 1048 quo
965 1013 1079 1042 afficitur
1100 1023 1199 1053 corpus
1222 1024 1283 1044 cutn
1307 1017 1425 1045 membra
1442 1018 1530 1046 soluta
1548 1027 1679 1055 compage

896 1060 1100 1088 distrahuntur:
1116 1071 1126 1088 ε
1141 1062 1215 1095 Quae,
1229 1063 1323 1097 inquit,
1337 1064 1433 1091 animae
1445 1065 1585 1093 dissolutio
1597 1072 1679 1102 atque

895 1105 1020 1139 divulsio,
1042 1114 1102 1134 cum
1127 1108 1239 1135 adhibiti
1265 1109 1333 1144 ignis
1358 1109 1463 1138 ratione
1484 1111 1568 1139 fuerit
1586 1113 1679 1148 explo-

896 1157 968 1186 rata,
989 1152 1049 1180 sine
1071 1153 1151 1180 dubio
1166 1154 1199 1181 ad
1223 1155 1369 1182 firmiorem
1392 1157 1433 1183 sui
1457 1164 1613 1193 compagem
1636 1159 1678 1186 in~

895 1198 1145 1234 staurstioncmque
1180 1200 1343 1228 solidatur.»
1384 1200 1517 1230 Praeterea
1550 1212 1626 1232 num.
1647 1205 1675 1239 6,

894 1245 1122 1279 quemadmodutn
1151 1247 1281 1273 curandis
1305 1247 1407 1274 morbis
1430 1247 1531 1275 ferrum
1557 1255 1584 1277 et
1607 1251 1676 1285 ignis

893 1297 964 1325 serpe
979 1291 1150 1324 adhibentur,
1172 1292 1208 1319 ita
1227 1293 1362 1326 coniectat
1380 1303 1389 1320 ι
1402 1294 1536 1322 medicum
1553 1301 1676 1324 nostrum

894 1335 978 1363 Deum
998 1336 1132 1364 volentem
1147 1337 1249 1365 diluere
1263 1338 1329 1365 vitia
1346 1339 1496 1367 animarum
1512 1346 1676 1375 nostrarum,

892 1388 953 1416 quae
971 1389 1005 1409 ex
1021 1387 1192 1417 peccatorum
1213 1388 1240 1410 et.
1263 1383 1394 1412 scelerum
1419 1385 1577 1414 diversitate
1592 1387 1676 1415 colle-

893 1432 997 1461 gerant,
1023 1427 1062 1455 uti
1091 1428 1275 1462 hujuscemodi
1299 1430 1448 1464 poenalibus
1469 1431 1542 1460 curis
1568 1432 1677 1467 insuper

892 1472 974 1500 etiam
989 1473 1061 1508 ignis
1092 1474 1194 1502 inferre
1214 1475 1373 1510 supplicium
1402 1476 1443 1505 his
1465 1479 1511 1512 qui
1533 1479 1676 1508 sanitatem

892 1519 988 1546 animae
1007 1520 1211 1554 perdiderunt.)
1234 1521 1306 1550 Idem
1327 1523 1396 1551 libro
1418 1532 1434 1550 v
1456 1529 1548 1552 contra
1572 1526 1676 1554 Celsum

893 1574 946 1593 non
963 1566 1034 1593 aliud
1049 1567 1194 1602 quidquam
1210 1576 1259 1603 per
1275 1570 1349 1603 ignes
1367 1570 1516 1605 intelligere
1533 1573 1612 1600 docet
1628 1580 1676 1600 eos

892 1618 961 1645 quos
979 1611 1119 1646 Scriptura
1139 1612 1237 1641 stultos
1260 1614 1351 1641 mundi
1369 1615 1501 1650 appellat,
1517 1616 1534 1652 ἢ
1560 1617 1610 1653 τὴν
1631 1617 1675 1644 διὰ

891 1658 973 1693 φόϐου
988 1659 1034 1686 καὶ
1047 1658 1195 1694 φαντασίας
1210 1660 1264 1688 τῶν
1283 1660 1418 1689 κολάσεων
1427 1663 1614 1699 ἐπιστροφὴν,
1627 1664 1674 1690 καὶ

889 1705 943 1732 τῶν
955 1704 1059 1733 πολλῶν
1071 1705 1164 1732 κακῶν
1178 1706 1293 1742 ἀποχήν.
1306 1707 1369 1735 Tale
1385 1707 1447 1734 illttd
1470 1715 1485 1735 θ
1503 1713 1583 1736 tract.
1596 1709 1630 1736 54
1644 1710 1673 1737 in‘

890 1750 999 1783 Malm,
1015 1758 1089 1778 num.
1107 1750 1162 1778 72:
1185 1759 1194 1777 α
1207 1751 1257 1785 Qui
1277 1757 1366 1779 autent
1390 1754 1518 1780 recedunt
1535 1754 1569 1781 ab
1590 1753 1671 1787 Jesu,

889 1795 1017 1823 decidunt
1038 1796 1063 1822 in
1091 1795 1178 1831 ignem
1195 1801 1342 1830 aeternum,
1362 1798 1407 1832 qui
1431 1798 1541 1826 alterius
1565 1801 1672 1834 generis

888 1845 931 1868 est
945 1841 979 1868 ab
996 1840 1049 1868 hoc
1061 1841 1123 1875 igne
1136 1848 1215 1876 quem
1230 1841 1360 1870 habemus
1377 1843 1404 1870 in
1417 1851 1479 1872 usu.
1493 1843 1585 1872 Nullus
1598 1845 1670 1872 enim

889 1887 958 1922 ignis
986 1887 1059 1914 inter
1082 1887 1204 1918 homines
1227 1892 1270 1915 est
1295 1892 1429 1921 attentus,
1451 1889 1498 1917 sed
1523 1898 1573 1917 nec
1593 1891 1671 1918 multi

889 1932 1033 1967 temporis;
1055 1932 1234 1968 exstinguitur
1257 1934 1328 1961 enim
1347 1934 1412 1961 cito.
1430 1934 1559 1963 [Eternns
1581 1941 1670 1964 autem
1692 1936 1696 1944 ‘

888 1978 958 2014 ignis
969 1983 1012 2006 est
1026 1979 1081 2011 ille,
1096 1979 1129 2007 de
1143 1987 1196 2014 quo
1210 1984 1237 2007 et
1258 1980 1342 2008 Isaias
1357 1981 1424 2008 dicit
1438 1981 1465 2009 in
1483 1982 1534 2010 line
1556 1985 1671 2019 prophe-

888 2025 932 2052 tia;
950 2032 1027 2052 sua:
1048 2024 1148 2052 Verulis
1165 2034 1256 2053 eorum
1277 2035 1329 2054 non
1346 2029 1481 2061 morietur,
1500 2033 1526 2055 et
1544 2029 1611 2064 ignis
1626 2038 1670 2056 ca-

887 2077 946 2096 rum
968 2077 1020 2097 non
1050 2070 1230 2105 exstinguetur
1249 2072 1282 2099 ’⁷.
1296 2082 1305 2098 ι
1329 2073 1416 2100 Simili
1433 2073 1494 2108 igne
1508 2074 1546 2101 uti
1570 2075 1670 2101 daemo-

886 2122 936 2143 nes
961 2120 1098 2143 asseverat
1117 2116 1212 2144 homil.
1231 2117 1266 2144 27
1286 2118 1313 2144 in
1329 2117 1422 2151 Num.,
1437 2126 1512 2146 num.
1524 2119 1550 2151 8,
1574 2127 1669 2155 nempe

886 2169 947 2189 cum
971 2162 1094 2190 homines
1115 2171 1130 2190 a
1152 2163 1225 2190 vitiis
1250 2163 1284 2190 ad
1313 2165 1423 2192 meliora
1443 2172 1588 2199 conversos
1610 2173 1670 2193 cer-

886 2213 964 2240 nunt,
984 2214 1040 2236 tum
1063 2217 1128 2237 vero
1149 2210 1337 2238 acerbissimas
1360 2218 1408 2238 eos
1427 2211 1539 2240 sufferre
1560 2219 1668 2248 poenas,

56 2259 141 2286 uianze
165 2259 294 2287 doctrlna:
316 2258 540 2293 emendationem,
553 2263 580 2287 et
594 2260 763 2294 sequentium
791 2260 831 2287 iu-
850 2261 872 2288 D
886 2258 914 2281 ει
927 2255 1032 2282 melius
1054 2255 1160 2290 ignibus
1178 2256 1365 2283 “ardescere-

56 2305 192 2332 tellectum
203 2304 322 2333 confert.

88 2350 120 2379 ν.
139 2350 199 2378 Jam
213 2358 276 2378 vero
299 2349 447 2384 cuiusmodi
469 2357 563 2385 poenas
582 2349 686 2377 futuras
708 2351 833 2386 opinatus

54 2397 87 2423 sit
103 2396 245 2432 Origenes,
261 2396 409 2424 videamus.
431 2396 520 2432 Ignem
535 2396 610 2424 illutn
634 2401 785 2430 aeternum,
806 2397 832 2424 in

54 2450 130 2476 quem
145 2442 253 2477 capitali
269 2442 370 2470 Christi
385 2443 492 2470 decreto
507 2443 582 2477 impii
605 2442 728 2469 mittendi
752 2447 832 2476 sunt,

54 2488 118 2515 nihil
133 2488 205 2515 aliud
226 2495 287 2516 esse
309 2493 384 2516 ratus
404 2492 460 2520 est,
480 2495 560 2522 quam
582 2487 754 2515 conscientia
774 2494 833 2515 ver-

55 2541 134 2562 tuem.
150 2533 312 2562 Consulatur
324 2539 405 2568 caput
418 2534 452 2561 It)
462 2534 522 2561 libri
537 2541 556 2561 tt
567 2533 605 2561 De
619 2533 743 2568 princip.,
756 2540 831 2560 num.

55 2580 81 2612 ι,
93 2580 165 2616 quod
183 2581 209 2608 id
226 2585 413 2616 argumentum
437 2581 577 2609 excussit:
597 2579 633 2608 ibi
659 2579 698 2607 ait
721 2586 834 2607 revoca-

56 2628 107 2655 tain
121 2627 213 2655 divina
227 2628 338 2661 virtute,
350 2632 378 2655 et
396 2627 430 2655 ob
446 2627 538 2655 oculos
554 2627 628 2661 impii
644 2626 759 2661 positam
771 2632 833 2661 pec-

55 2678 174 2701 caturum
191 2673 347 2701 memoriam
368 2673 455 2708 (juxta
474 2673 540 2700 illud
563 2673 638 2700 Pauli
654 2672 732 2700 Rom.
745 2680 776 2705 tt,
789 2670 834 2704 15.

57 2719 107 2747 t6:
123 2728 133 2745 ι
146 2719 220 2747 Inter
231 2727 261 2748 se
275 2719 391 2747 invicem
411 2718 618 2753 cogitationibus
635 2718 834 2750 accusantibus,

57 2769 102 2791 aut
113 2765 195 2792 etiam
209 2764 424 2796 delcmlentibus,
440 2764 466 2791 in
482 2764 527 2791 die
541 2771 601 2791 cum
617 2763 749 2799 judicabit
765 2762 835 2790 Deus

56 2811 158 2839 occulta
171 2810 309 2838 hominum
320 2811 356 2846 ι),
372 2814 488 2838 mentem
501 2809 559 2845 ejus
572 2809 688 2838 stimulis
702 2815 833 2845 pungere,

93 2900 115 2916 “
127 2903 135 2912 ‘
155 2900 226 2929 Psal.
242 2907 341 2932 Lxxxv,
356 2900 400 2927 I5.
438 2898 459 2914 "
480 2898 529 2925 lsa.
543 2905 604 2926 uti
616 2919 623 2933 ,
637 2898 683 2926 24.

208 2949 344 2979 Psraoc.
365 2949 423 2978 Gn.
442 2947 542 2979 XVII.

919 2300 993 2328 Alias
1009 2301 1096 2334 ignem
1113 2305 1224 2336 peccata
1240 2301 1415 2329 excedentem
1428 2306 1456 2329 et
1473 2307 1667 2335 assumentem,

886 2345 969 2372 Deum
988 2345 1075 2380 ipsum
1090 2353 1151 2373 esse
1173 2346 1239 2378 vult,
1256 2350 1366 2381 propter
1381 2347 1432 2374 hoc
1450 2347 1557 2375 Deuter.
1571 2355 1608 2378 ιν.
1620 2348 1667 2381 24,

888 2401 898 2418 ι
914 2391 1043 2419 Dominus
1060 2392 1131 2419 Deus
1151 2397 1212 2420 tuus
1233 2393 1303 2427 ignis
1325 2400 1487 2421 consumens
1504 2398 1557 2421 est.
1572 2404 1581 2420 ι
1605 2394 1669 2422 Inde

886 2437 994 2465 humilia
1013 2438 1041 2464 in
1059 2437 1157 2465 larem.
1177 2438 1209 2471 2,
1226 2446 1301 2466 num.
1314 2439 1347 2472 2,
1367 2445 1395 2467 et
1409 2439 1454 2471 16.
1473 2447 1547 2468 num.
1570 2440 1628 2467 5et
1640 2440 1666 2471 6,

886 2483 946 2518 igne
962 2485 1013 2511 hoc
1033 2484 1113 2519 ligna,
1130 2484 1220 2512 fenum
1243 2489 1271 2512 et
1289 2485 1430 2520 stipulam,
1454 2486 1551 2513 Christi
1571 2485 1668 2513 funda-

887 2534 976 2557 mento
997 2535 1202 2565 superstructa,
1223 2537 1305 2565 opera
1330 2539 1425 2566 nempe
1449 2531 1552 2566 peccati
1575 2536 1670 2558 narrat

887 2575 1000 2608 absumi,
1014 2581 1156 2611 postquam
1171 2578 1261 2604 anima
1274 2577 1355 2604 fuerit
1368 2584 1383 2603 a
1396 2580 1509 2611 corpore
1521 2576 1644 2611 sejuncta
1659 2586 1666 2603 :

886 2628 980 2648 aurum
996 2629 1070 2654 vero,
1093 2627 1246 2657 argentum.
1265 2627 1292 2650 ct
1316 2628 1446 2658 gemmas,
1461 2621 1575 2648 virtutes
1595 2621 1669 2649 scili~

886 2671 943 2701 cet,
968 2673 994 2696 et
1010 2673 1082 2695 recte
1103 2673 1180 2702 acta,
1204 2668 1304 2695 illibata
1321 2673 1348 2695 et
1372 2669 1471 2695 intacta
1495 2667 1610 2695 servari.
1633 2666 1668 2693 At

886 2713 953 2741 Iib.t
970 2713 1039 2748 Περὶ
1054 2713 1164 2749 ἀρχῶν,
1184 2721 1244 2748 cap.
1258 2714 1284 2747 I,
1308 2722 1382 2741 num.
1394 2713 1428 2747 2,
1453 2713 1506 2740 alio
1526 2713 1669 2747 detorquet

886 2760 973 2788 locum
1000 2760 1071 2788 hunc
1094 2760 1309 2793 Deuteronomii,
1331 2768 1379 2788 nec
1406 2767 1454 2795 pro
1483 2759 1580 2786 futurae
1604 2759 1669 2785 vitat

885 2806 1048 2842 purgatione
1062 2806 1170 2842 accipit,
1192 2807 1239 2835 sed
1254 2814 1303 2849 pro
1319 2806 1459 2842 prmsentis
1481 2805 1561 2841 hujus
1581 2805 1669 2838 gratia

1486 2940 1525 2971 32
