1912 3079
258 158 325 186 1005

890 158 919 186 P.
943 158 1100 187 DANIELIS
1118 158 1236 187 llUE'l‘ll

1783 162 1834 191 100$

256 217 390 245 mentibus
408 214 530 243 humanis
551 221 566 241 a
587 214 641 242 Deo
661 214 760 243 infusa.
773 224 782 241 ι
806 215 875 250 Quid
894 216 977 250 enim,
998 216 1034 243 in-
1048 218 1069 246 Α
1084 220 1230 251 praeparata
1255 215 1309 248 sit.
1336 216 1398 244 licet
1421 217 1447 244 in
1472 215 1566 244 eadem
1590 223 1667 252 poena
1691 217 1785 245 diversa
1809 221 1834 247 sit

256 263 323 297 quit,
342 265 481 289 consumet
495 260 564 288 Deus
576 261 722 288 secundum
739 262 790 290 hoc
805 262 876 297 quod
892 262 962 298 ignis
976 263 1034 291 est?

256 307 439 342 Nunquidnam
460 306 594 341 putabitur
610 314 768 334 consumere
788 307 927 334 materiam
940 315 1034 342 corpo-

258 353 349 386 ralem,
374 357 402 378 ut
422 357 466 379 est
483 352 602 387 lignum,
623 352 663 380 vel
688 353 794 384 fenum,
814 353 857 381 vel
874 353 992 388 stipula?
1007 359 1035 382 et

254 398 318 430 quid
331 398 356 424 in
373 397 423 425 hoc
434 397 544 432 dignum
555 399 589 426 de
604 398 650 426 Dei
664 398 787 426 laudibus
804 399 912 432 dicitur,
925 400 947 427 si
964 400 1033 427 Deus

257 444 325 479 ignis
349 448 393 471 est
427 443 584 479 hujusmodi
612 445 742 472 materias
774 446 953 474 consumens?
979 445 1033 473 Sed

254 489 453 517 consideremus
466 490 529 524 quia
548 489 618 518 Deus
629 490 764 518 consumit
778 491 887 525 quidem
900 495 927 518 et
943 496 1034 519 exter-

254 533 355 565 minat,
373 534 423 561 sed
443 533 577 561 consumit
592 534 676 561 malas
693 535 822 562 mentium
845 535 1032 570 cogitationes,

254 578 387 606 consumit
404 582 477 614 gesta
495 579 594 613 turpia,
613 579 744 607 consumit
765 579 898 608 desideria
915 582 1031 616 peccati,

254 632 314 652 cum
341 631 370 652 se
395 625 561 652 credentium
582 625 716 653 mentibus
733 625 837 659 inserit,
860 630 888 654 et
905 633 952 654 eas
973 627 1032 654 ani-

254 679 312 699 mas
329 678 389 706 quae
403 671 483 699 Verbi
500 671 564 705 ejus
586 677 618 698 ac
641 670 786 706 Sapientia
805 671 956 700 clliciuntur
987 680 1033 700 ca-

254 725 350 751 paces,
373 724 426 744 una
451 725 512 744 cum
535 716 604 744 Filio
622 723 671 744 suo
695 717 866 750 inhabitans,
888 717 1032 746 secundum

253 763 324 798 quod
338 762 436 790 dictum
456 766 517 790 est:
534 761 590 797 Ego
607 767 631 789 et
648 761 730 789 Pater
748 762 890 795 veniemus,
910 768 935 790 et
958 771 1033 790 man-

253 810 352 837 sionem
372 808 442 842 apud
460 816 520 835 eum
537 807 663 843 faciemus
679 808 717 841 ἐς
733 808 858 837 omnibus
878 815 971 837 eorum
994 809 1032 836 vi-

254 855 298 882 tiis
323 853 544 889 passionibusque
566 853 753 888 consumptis,
780 861 877 888 purum
909 854 962 882 sibi
986 860 1032 882 eas

1083 262 1220 296 quantitas
1233 269 1328 297 pinnae.
1349 262 1426 290 Alius
1453 262 1525 289 enim
1548 262 1655 297 gravius
1673 269 1704 289 ac
1722 262 1835 292 vehemen-

1084 307 1138 335 tius
1152 308 1288 335 cruciatur
1302 313 1351 341 pro
1372 307 1557 342 magnitudine
1582 312 1764 343 peccatorum;
1785 310 1835 338 alios

1085 358 1173 380 autem
1187 353 1339 386 remissius,
1352 352 1429 388 cujus
1443 353 1545 381 leviora
1564 358 1592 381 et
1613 353 1729 381 faciliora
1749 361 1836 389 peccau

1084 403 1155 426 sunt.
1171 408 1181 425 ι
1200 397 1300 426 Locum
1319 399 1422 434 profert
1439 398 1594 434 Pamphilus
1613 399 1640 427 in
1658 400 1785 436 Apologia.

1119 444 1161 471 Vl.
1183 443 1393 479 Saepius'tamen
1417 444 1478 472 aliis
1500 450 1599 479 praeter
1618 445 1706 480 ignem
1725 447 1837 482 suppliciis

1083 489 1206 517 homines
1228 490 1354 525 castigari
1370 497 1385 517 a
1407 490 1463 518 Deo
1484 489 1572 518 fassus
1585 493 1638 518 est.
1655 490 1763 519 Homilia
1776 494 1804 522 18
1819 496 1838 520 in

1082 535 1192 568 Jerem.,
1210 543 1286 563 num.
1300 535 1344 568 15,
1359 543 1422 571 pag.
1434 535 1498 568 261,
1513 536 1601 570 majus
1613 536 1720 572 aliquod
1740 538 1837 572 gehenm

1083 581 1152 616 ignis
1167 588 1228 609 esse
1247 581 1411 616 supplicium
1440 581 1576 609 concludit
1596 590 1629 610 ex
1647 590 1681 610 eo
1702 583 1765 618 quod
1781 585 1799 611 is
1812 585 1838 612 sit

1083 628 1212 662 gehennae
1233 627 1303 662 ignis
1324 633 1397 659 reus,
1411 625 1459 662 qui
1480 626 1580 655 dixerit
1602 627 1679 655 fratri
1702 635 1761 661 suo,
1776 638 1784 654 t
1799 629 1838 656 Fa-

1084 672 1178 705 tue";
1192 681 1202 698 ι
1221 672 1308 706 majus
1332 672 1422 706 itaque
1445 672 1600 708 impendere
1621 673 1774 707 supplicium
1794 682 1838 701 ma-

1080 715 1168 750 jorum
1184 717 1329 744 criminum
1353 717 1418 749 reis,
1435 718 1498 752 puta
1522 717 1669 750 adulteris;
1684 718 1751 753 quod
1770 721 1838 753 cujus-

1083 762 1153 789 modi
1172 762 1208 789 sit
1227 762 1345 790 futurum
1369 762 1396 789 in
1421 770 1470 790 cer
1487 762 1603 790 hominis
1625 770 1678 791 non
1702 764 1838 792 ascendisse.

1082 805 1163 834 Libro
1179 814 1214 834 vu
1236 812 1329 834 contra
1352 807 1455 835 Celsum
1469 827 1478 841 ,
1492 816 1568 836 num.
1584 809 1612 841 5,
1627 808 1723 837 scribit
1745 810 1837 837 animam

1083 853 1215 880 insontem
1229 857 1257 880 et
1271 860 1378 888 puram,
1396 854 1488 881 statim
1512 859 1592 889 atque
1606 862 1720 890 corpore
1737 856 1802 889 exiit,
1815 857 1838 882 nl

253 907 335 935 seque
358 899 467 934 dignum
489 898 571 926 edicit
596 898 734 933 templum.
747 908 756 925 ι
780 899 819 926 Ita
839 904 868 927 et
888 899 937 927 lib.
959 907 977 927 ll
1004 900 1032 927 in
1047 895 1068 923 Β
1083 898 1193 932 puriora
1209 898 1319 927 aetheris
1341 899 1399 926 loca
1430 899 1574 927 sublimem
1592 901 1681 928 ferri:
1697 908 1837 936 quaecunque

253 945 354 973 Cantia.
368 945 505 978 comit-on,
520 951 580 979 pag.
593 944 627 971 52
642 953 650 972 :
667 952 678 970 ί
691 944 813 979 Denique
826 945 861 973 oh
883 945 934 973 hoc
959 945 1030 974 Deus

253 995 345 1018 noster
367 990 438 1025 ignis
454 989 552 1017 dicitur
575 996 635 1017 esse
652 996 815 1017 consumens
827 990 861 1023 ",
881 995 910 1018 et
933 990 1033 1019 nihilo-

253 1037 342 1064 minus
365 1036 409 1063 qu
432 1036 460 1063 in
482 1043 535 1071 quo
551 1035 669 1064 tenebrae
692 1044 745 1064 non
767 1040 830 1063 sunt
840 1036 872 1062 '°.
897 1035 955 1064 Lux
975 1037 1033 1065 sine

253 1083 334 1111 dubio
350 1082 441 1116 iustis,
451 1087 478 1110 et
492 1081 561 1117 ignis
582 1080 698 1109 edicitur
710 1082 912 1118 peccatoribus,
926 1087 956 1110 ut
969 1090 1034 1110 con—

253 1134 342 1156 sumat
358 1130 384 1155 in
398 1128 440 1157 eis
452 1135 532 1156 omne
546 1128 617 1164 quod
635 1128 661 1155 in
679 1129 769 1156 anima
785 1135 879 1156 eorum
899 1128 1033 1163 corrupti-

252 1175 365 1204 bilitatis
385 1180 431 1203 aut
455 1175 608 1210 fragilitatis
632 1175 780 1207 invenerit;
793 1183 807 1201 1
825 1181 875 1202 nec
894 1174 970 1202 aliter
985 1174 1033 1202 bo-

253 1222 309 1249 mil.
323 1222 336 1249 l
351 1222 379 1248 in
403 1221 511 1254 Ezech.,
529 1229 603 1249 num.
619 1220 654 1248 12
665 1224 694 1248 et
715 1220 759 1248 l5.
778 1220 903 1247 Animam
923 1223 1034 1248 cetero-

252 1267 317 1302 quin
332 1267 437 1302 ignibus
451 1267 545 1302 attingi
561 1271 587 1294 et
600 1265 676 1294 exuri
694 1273 748 1294 non
770 1272 851 1301 posse
867 1265 963 1293 statuit
984 1265 1032 1293 lib.

252 1321 279 1340 νι
291 1317 382 1340 contra
399 1312 468 1340 Cels.
481 1332 489 1345 ,
506 1320 580 1340 num.
594 1313 640 1344 7i,
659 1312 754 1347 Ἡμεῖς
772 1311 801 1337 δὲ
820 1309 964 1346 ἀσώματον
986 1311 1033 1338 οὺ-

254 1359 312 1385 σιαν
331 1359 381 1386 οὐκ
398 1359 475 1394 ἴσμεν
490 1358 703 1395 ὲκπυρουμένην,
718 1357 772 1385 οὐδ’
791 1358 832 1389 εἰς
850 1357 905 1392 πῦρ
920 1356 1033 1384 ἀναλυο-

255 1405 338 1440 μένην
363 1405 412 1440 τὴν
441 1404 584 1440 ἀνθρώπου
614 1403 716 1440 ψυχὴν,
740 1403 757 1438 ἢ
780 1403 829 1439 τὴν
853 1402 991 1437 ἁγγέλωνξ,
1015 1402 1033 1438 ἢ

254 1451 365 1487 θρόνων,
385 1451 403 1486 ἢ
420 1451 597 1487 κυριοτήτων,
617 1451 634 1486 ἢ
658 1449 759 1486 ἀρχῶν,
781 1449 798 1485 ἢ
820 1448 948 1482 ἐξουσιῶν
968 1449 1034 1476 ὑπό-

255 1505 357 1523 (πασιν.

289 1542 484 1590 Nonnunquam
505 1547 595 1590 tamen
610 1549 763 1590 supremam
779 1541 870 1569 mundi
885 1541 1033 1590 conﬂagra-
1045 1560 1067 1590 α

255 1589 357 1617 tionem
379 1590 439 1624 igne
455 1588 509 1617 hoc
530 1589 652 1617 denotari
671 1593 761 1623 putat,
783 1595 869 1623 eoque
892 1588 1031 1616 hominum

254 1638 363 1671 peccata
377 1634 454 1662 exuri
466 1638 493 1661 et
509 1635 628 1669 purgari.
642 1634 760 1668 Legatur
773 1634 799 1661 in
820 1633 889 1662 libro
909 1641 925 1660 v
941 1637 1033 1661 contra
1046 1635 1048 1637 ’

254 1680 368 1713 Celsum,
394 1688 467 1708 num.
488 1681 532 1714 15,
553 1680 626 1708 locus
647 1680 706 1713 ille,
730 1687 784 1716 quo
802 1680 936 1715 impurum
961 1680 1033 1708 hunc

254 1727 441 1762 philosophum
466 1726 584 1755 futuram
606 1726 697 1754 mundi
722 1725 958 1761 eonllagrationem
982 1732 1032 1753 ne-

257 1778 366 1809 gantem
388 1773 505 1806 refellit;
530 1772 647 1801 ostendit
670 1772 741 1800 enim
767 1772 893 1800 incendio
910 1772 962 1799 hoc
983 1770 1033 1798 ho-

254 1819 341 1846 mines
357 1819 500 1847 universos
520 1818 662 1846 lustratum
679 1817 723 1851 iri,
739 1817 829 1845 illa-sis
846 1821 935 1845 tamen
950 1816 983 1844 iis
1005 1816 1031 1844 in

254 1864 352 1899 quibus
373 1871 454 1898 opera
478 1864 581 1899 peccati
594 1883 601 1896 ,
625 1863 749 1891 idoneum
770 1861 873 1890 scilicet
889 1862 944 1897 igni
971 1861 1032 1889 huic

256 1909 394 1944 pabulum,
408 1908 480 1936 nulla
499 1908 683 1944 reperientur;
699 1907 803 1936 exustis
818 1915 881 1935 vero
895 1907 966 1940 aliis,
985 1906 1032 1942 qui

255 1962 340 1983 noxas
353 1959 380 1983 et
401 1955 514 1987 sceleraI
531 1954 602 1989 ligna
619 1954 746 1981 nimirum
758 1974 766 1986 ,
789 1953 879 1981 fenum
900 1956 929 1981 et
947 1953 1033 1987 stipu-

256 2000 308 2027 lam
331 1998 447 2026 ﬂammis
461 1998 598 2026 exedenda
622 1997 787 2033 collegerint.
804 1997 906 2030 Quarto
926 2003 1033 2031 quoque

252 2046 342 2081 operis
354 2045 472 2080 ejusdem
486 2044 566 2077 libro,
578 2051 652 2071 num.
665 2043 700 2070 20
710 2048 738 2070 et
749 2043 795 2076 64,
811 2043 938 2070 mundum
953 2041 1033 2069 tradit

254 2099 323 2119 nunc
340 2090 447 2118 diluviis
468 2089 622 2124 repurgari,
643 2095 713 2115 nunc
734 2087 877 2120 incendiis,
896 2087 943 2114 καὶ
962 2086 1031 2122 τάχα

251 2138 282 2165 οὐ
302 2138 337 2164 τὰ
352 2136 398 2163 ἐπὶ
411 2135 460 2171 γῆς
476 2134 565 2170 μόνον,
580 2133 647 2161 ἀλλὰ.
660 2134 707 2160 καὶ
720 2133 754 2160 τὰ
767 2134 795 2159 ὲν
805 2132 857 2168 ὅλῳ
870 2131 909 2167 τῷ
925 2132 1030 2168 κόσμῳ,

250 2183 367 2218 δεομένῳ
384 2180 531 2217 καθαρσίου
549 2180 613 2207 ὅταν
629 2178 713 2214 πολλὴ
736 2179 752 2214 ή
774 2177 856 2205 κακία
872 2178 983 2212 γένηται
1003 2178 1032 2204 ὲν

251 2229 334 2264 αὐτῷ.

287 2274 351 2301 Utut
375 2273 461 2307 ignem
487 2272 558 2300 hunc
577 2270 778 2306 intelligendum
796 2273 906 2301 censet.
929 2268 1029 2296 nullam

251 2320 331 2348 aliam
346 2323 476 2355 praeterea
491 2317 578 2346 noxiis
596 2316 750 2344 hominibus
773 2314 904 2343 inllictum
923 2314 955 2341 iri
972 2320 1030 2349 pm-

251 2372 331 2398 nam,
354 2364 417 2392 licet
436 2363 480 2391 illa
505 2370 555 2398 pro
582 2366 754 2396 peccatorum
780 2360 887 2388 ratione
912 2359 1029 2388 diversis

250 2411 338 2438 modis
358 2409 512 2436 intendatur
537 2407 579 2434 vel
601 2407 771 2438 remittatur,
794 2405 891 2434 scribit
913 2405 940 2432 in
959 2405 1028 2432 libro

253 2457 291 2484 De
312 2454 459 2483 Proverbiis
481 2452 628 2481 Salomonis
647 2460 656 2479 :
675 2461 685 2478 ε
705 2450 876 2479 Manifestum
895 2454 938 2479 est
960 2449 1031 2484 quod

252 2511 304 2530 una
328 2508 407 2537 pmna
429 2505 482 2528 tam
505 2500 654 2527 daemonum
670 2501 784 2531 naturas,
807 2503 888 2532 quam
913 2496 1031 2523 humano

249 2548 340 2584 generi
365 2551 538 2583 peccatorum
559 2551 574 2571 a
605 2543 719 2571 Domino
741 2543 875 2577 praefinita
903 2542 939 2569 sit
964 2541 1029 2573 illa,

249 2601 329 2628 quam
344 2592 471 2620 Dominus
484 2597 531 2618 sua
543 2589 678 2618 sententia
691 2587 842 2623 designavit
857 2587 950 2615 dicens
963 2594 970 2613 :
989 2585 1028 2613 Ite

249 2637 277 2663 in
292 2637 376 2671 ignem
392 2639 526 2667 wternum,
542 2633 587 2668 qui
601 2636 708 2668 paratus
722 2636 759 2658 est
773 2631 877 2658 diabolo
892 2635 917 2657 et
929 2629 1028 2664 angelis

249 2682 304 2716 ejus
317 2682 357 2714 ³¹;
375 2681 519 2709 ostendens
543 2679 605 2714 quia
636 2677 729 2706 eadem
752 2677 856 2712 species
887 2682 1028 2711 poenarum

250 2724 622 2765 peecaloribusbhominibus,
637 2728 665 2751 et
679 2722 796 2754 diabolo,
811 2726 838 2750 et
854 2720 957 2757 angelis
970 2719 1028 2753 ejus

285 2827 307 2843 "
326 2827 461 2859 .Ioan.xtv,
481 2827 526 2853 2'5.
570 2827 593 2842 "
613 2825 693 2853 Hebr.
707 2833 758 2857 xtl,
780 2824 826 2852 29.
873 2823 894 2840 ³⁸
914 2822 1016 2852 IJoan.
1031 2832 1052 2858 ι,
1072 2824 1097 2851 5.
1146 2821 1270 2850 “Matth.
1286 2829 1347 2856 xxv,
1365 2819 1410 2848 41.

251 2869 301 2893 xu,
314 2862 358 2889 ‘26.
375 2863 417 2897 _”
435 2862 614 2897 Matth._xxu,
630 2861 672 2888 15.
711 2860 733 2876 ⁸⁵
754 2859 847 2887 Matth.
868 2867 931 2893 xxv,
946 2859 991 2886 50.

1083 951 1146 972 vero
1163 945 1242 971 noxia
1267 949 1325 978 est,
1347 945 1466 979 peccatis
1488 952 1643 980 oppressam
1666 945 1737 973 circa
1762 951 1838 974 terram

1083 991 1136 1018 huc
1156 994 1184 1017 et
1203 990 1267 1018 illuc
1297 989 1430 1024 volutari;
1450 991 1579 1025 quasdam
1602 991 1676 1018 circa
1700 996 1838 1019 mortuorum

1083 1035 1214 1071 sepulcra,
1228 1036 1288 1064 inde
1311 1040 1417 1072 speetra
1433 1036 1520 1064 oculis
1543 1037 1682 1065 hominum
1704 1038 1839 1072 quanqune

1084 1080 1181 1115 objici;
1199 1080 1265 1108 alias
1280 1080 1344 1109 alibi
1357 1088 1458 1109 errare.
1473 1081 1494 1108 E
1507 1080 1618 1109 Platone
1634 1082 1768 1110 transtulit
1779 1090 1837 1110 com-

1084 1131 1203 1154 mentum
1228 1127 1316 1160 istud,
1338 1131 1367 1154 ut
1390 1127 1442 1154 alia
1466 1127 1604 1163 pleraque,
1625 1128 1704 1163 cujus
1724 1136 1755 1156 ea
1767 1133 1802 1156 est
1820 1129 1839 1156 in

1086 1172 1215 1200 Phtzdone
1234 1173 1360 1207 assertio,
1378 1174 1516 1202 hominum
1541 1174 1680 1209 corporeis
1703 1175 1778 1202 rebus
1791 1174 1838 1202 dum

1084 1217 1206 1245 viverent
1231 1217 1423 1252 implicitorum
1457 1218 1562 1246 animas
1587 1218 1660 1247 circa
1691 1223 1839 1247 monumenta

1084 1263 1196 1296 versari,
1213 1263 1311 1299 quibus
1332 1271 1395 1291 eum
1422 1264 1613 1299 conspicabilis
1636 1264 1726 1299 aliqua
1741 1265 1840 1300 corporis

1083 1315 1146 1343 pars
1162 1307 1307 1335 etiamnum
1321 1308 1495 1339 adhmrescat,
1514 1308 1576 1336 hinc
1598 1308 1778 1336 tenebricosas
1794 1307 1840 1334 aui-

1084 1361 1187 1381 marum
1209 1353 1352 1389 imagines,
1375 1353 1551 1389 aspectabiles
1566 1354 1709 1382 exsistere.
1732 1353 1791 1380 Eam
1809 1353 1840 1380 ui-

1084 1398 1229 1426 hilominus
1263 1399 1422 1427 sententiam
1458 1399 1582 1434 repudiat
1613 1404 1682 1427 tom.
1719 1406 1796 1427 xxvut
1820 1399 1841 1425 is

1083 1444 1174 1478 leam,
1195 1452 1268 1472 num.
1281 1444 1308 1479 5,
1326 1445 1526 1480 absurdumque
1542 1452 1602 1473 esse
1623 1445 1745 1473 decernit
1767 1445 1841 1472 existi

1084 1498 1159 1518 tnare
1187 1490 1322 1524 animam,
1343 1495 1484 1525 postquam
1514 1497 1629 1525 corpore
1661 1490 1771 1519 liberata
1795 1494 1841 1522 est.

1085 1540 1191 1563 mortuo
1207 1536 1337 1564 assidere.

1117 1582 1197 1609 Aliud
1212 1587 1342 1617 praeterea
1364 1582 1487 1618 supplicii
1509 1589 1594 1618 genus
1616 1582 1707 1609 notari
1723 1585 1794 1617 putat
1810 1580 1842 1608 his

1082 1626 1163 1655 Luca:
1180 1627 1283 1661 verbis,
1296 1628 1393 1663 quibus
1409 1628 1527 1657 futurum
1542 1628 1662 1656 minatur
1683 1627 1807 1659 Christus,
1821 1631 1842 1652 ut

1083 1672 1280 1707 imprudentem
1308 1681 1417 1701 servum
1445 1673 1588 1706 «dividat,
1615 1678 1772 1708 partemque
1797 1670 1841 1705 ejus

1083 1723 1143 1745 cum
1167 1717 1319 1746 inﬁdelibus
1335 1723 1416 1753 ponat
1428 1719 1460 1746 ³³.
1478 1728 1488 1745 ι
1508 1717 1599 1746 Genus
1624 1722 1714 1745 autem
1740 1714 1841 1751 supplicii

1083 1762 1109 1790 id
1123 1770 1182 1790 esse
1195 1768 1282 1799 putat,
1295 1763 1454 1791 divisionem
1475 1763 1573 1790 animae
1593 1771 1607 1790 a
1624 1762 1730 1798 Spiritu
1748 1765 1840 1791 sancto;

1082 1808 1124 1835 vel
1148 1808 1305 1836 divisionem
1333 1808 1473 1836 nobilioris
1503 1808 1586 1844 partis
1611 1809 1725 1841 animae,
1746 1814 1798 1842 quae
1817 1805 1843 1832 ad

1082 1852 1224 1889 imaginem
1251 1858 1278 1882 et
1300 1854 1501 1881 similitudinem
1527 1853 1573 1881 Dei
1598 1853 1671 1881 facta
1693 1857 1752 1886 est,
1773 1852 1802 1879 ab
1817 1857 1841 1877 ea

1083 1903 1159 1934 parte
1170 1906 1229 1934 qua:
1243 1906 1291 1934 per
1303 1898 1380 1927 liberi
1395 1898 1500 1926 arbitrii
1515 1899 1619 1934 lapsum
1635 1898 1782 1926 deformata
1794 1901 1840 1927 est;

1081 1943 1124 1972 vel
1140 1944 1297 1972 divisionem
1319 1945 1414 1972 anima:
1436 1945 1470 1972 ab
1482 1944 1578 1979 angelo
1598 1944 1690 1972 tutelae
1707 1950 1761 1972 sne
1783 1948 1838 1977 prae-

1082 1988 1163 2017 fecto.
1179 1989 1231 2017 Sed
1244 1995 1272 2018 et
1284 1996 1406 2018 errorum
1428 1989 1554 2017 tenebras
1569 1994 1596 2016 et
1619 1989 1777 2023 ignorantia;
1789 1986 1841 2015 cali-

1082 2035 1170 2070 ginem
1189 2035 1246 2062 vult
1264 2035 1377 2070 exprimi
1393 2035 1510 2063 tenebris
1531 2034 1722 2066 exterioribus,
1745 2034 1777 2061 in.
1789 2038 1841 2067 quas

1082 2080 1151 2107 mitti
1162 2080 1238 2114 jubet
1255 2087 1315 2107 eum
1332 2088 1388 2111 rex,
1403 2080 1448 2114 qui
1465 2084 1539 2107 veste
1553 2079 1665 2114 nuptiali
1679 2086 1731 2106 non
1749 2078 1841 2106 indutus

1082 2126 1110 2153 in
1128 2126 1240 2160 nuptiali
1254 2125 1378 2153 convivio
1392 2124 1578 2154 discumbebat
1590 2122 1628 2157 “;
1643 2129 1672 2152 et
1693 2131 1792 2152 servum
1806 2128 1841 2149 ne-

1082 2179 1162 2206 quam
1177 2176 1204 2199 et
1221 2171 1336 2206 pigrum,
1357 2171 1403 2206 qui
1419 2170 1545 2198 talentum
1567 2170 1618 2199 sibi
1633 2170 1802 2198 commissum
1820 2167 1840 2194 in

1082 2221 1183 2246 terram
1202 2217 1384 2245 defoderat”.
1402 2216 1463 2250 Quo
1480 2212 1585 2244 accedit
1606 2220 1716 2244 tractat.
1727 2222 1805 2242 xxxul
1820 2213 1840 2238 in

1082 2262 1191 2295 Matth.,
1204 2270 1279 2290 num.
1292 2261 1336 2295 69,
1352 2262 1477 2290 tenebras
1488 2261 1636 2289 exteriores
1652 2261 1689 2288 ita
1704 2264 1838 2295 exponens:

1085 2318 1094 2335 ι
1110 2308 1160 2337 Ubi
1178 2308 1250 2336 nulla
1265 2307 1423 2335 illuminatio
1437 2311 1489 2342 est,
1506 2307 1621 2335 forsitan
1637 2313 1689 2334 nec
1701 2303 1839 2341 corporaliS.

1082 2362 1132 2382 nec
1152 2358 1194 2381 est
1211 2354 1342 2389 respectio
1358 2353 1405 2380 Dei
1425 2353 1497 2386 illic,
1519 2353 1566 2380 sed
1581 2353 1659 2387 quasi
1678 2351 1774 2387 indigni
1793 2356 1840 2384 spe-

1085 2399 1218 2427 culatione
1236 2399 1284 2427 Dei
1298 2398 1344 2434 qui
1361 2398 1423 2425 talia
1443 2402 1633 2433 peccaverunt,
1648 2397 1840 2425 condemnamur

1083 2446 1110 2473 in
1131 2445 1174 2473 his
1189 2452 1251 2480 quae
1267 2444 1414 2472 exteriores
1436 2444 1551 2471 tenebrat
1575 2443 1761 2478 appellantur:
1778 2438 1839 2467 forsi-

1083 2497 1127 2518 tan
1153 2491 1236 2518 donec
1258 2489 1455 2523 intellexerint,
1472 2493 1502 2516 ut
1523 2493 1715 2517 convertantur
1738 2490 1764 2514 et
1782 2483 1839 2519 digni

1080 2535 1228 2564 eliieiantur
1248 2535 1323 2563 exire
1337 2536 1371 2562 ab
1385 2535 1450 2563 eis.)
1468 2534 1553 2562 Aliter
1567 2539 1656 2561 tamen
1675 2532 1753 2568 paulo
1773 2534 1836 2566 post:

1080 2592 1090 2609 ο
1103 2581 1310 2610 Consideremus
1333 2588 1407 2616 ergo,
1430 2580 1534 2616 inquit,
1555 2581 1577 2608 si
1602 2583 1692 2615 potest
1707 2585 1769 2606 vera
1789 2581 1836 2603 esse

1077 2627 1210 2662 expositio
1229 2627 1298 2662 ejus,
1316 2631 1346 2654 ut
1358 2626 1508 2654 exteriores
1529 2624 1655 2652 tenebras
1679 2623 1737 2651 illas
1758 2618 1837 2649 intelli'

1078 2681 1188 2708 gamus,
1210 2677 1239 2700 ut
1262 2673 1372 2707 quidam
1397 2673 1473 2707 quasi
1500 2671 1601 2706 indigni
1625 2675 1681 2697 toto
1706 2667 1796 2696 mundo
1815 2665 1835 2691 in

1077 2719 1202 2754 abyssum
1215 2718 1300 2751 illam,
1313 2725 1392 2753 quam
1409 2718 1456 2746 ille
1469 2716 1605 2752 exposuit,
1618 2716 1690 2744 foras
1704 2713 1828 2750 ejiciantur

1461 2819 1482 2837 ⁸²
1503 2819 1594 2848 Matth.
1611 2826 1638 2852 ν,
1652 2817 1698 2845 22.
1745 2815 1767 2832 ³³
1782 2813 1833 2841 LUC-
