1912 3079
95 165 165 191 1065

514 162 797 191 ORIGENIANORUM
815 161 879 189 LIB.
899 161 932 195 II,
951 162 1026 190 CAP.
1047 162 1080 195 Il,
1101 161 1239 195 QUIEST.
1259 162 1307 190 XI.

1637 158 1705 194 toea

94 223 125 250 in
145 229 198 257 qua
213 225 277 249 sunt
292 220 417 253 tenebrte,
437 221 543 248 nemine
557 228 604 249 eas
620 221 797 254 illuminante,
814 229 874 249 cum
889 220 913 249 A
950 218 1028 246 ’VIII.
1053 218 1232 247 Nihilominus
1254 219 1343 247 tamen
1365 219 1508 248 multorum
1529 223 1707 250 consensione

93 270 149 297 sint
161 272 238 296 extra
253 272 338 295 totttm
354 268 493 295 tnundum.
508 276 517 292 ι

122 314 309 349 Cujuscunque
320 322 401 348 porro
408 314 514 349 generis
522 314 577 341 sint
585 321 681 349 pccnaz,
690 314 876 343 vehementius

93 361 129 388 iis
149 361 297 388 cruciatutn
315 360 346 387 iri
363 367 474 394 corpora
490 363 575 393 putat,
589 360 686 394 quibus
702 366 875 395 resurgentes

93 407 255 439 induemur;
269 409 360 440 utpote
372 405 509 433 subtiliora
524 409 551 433 et
565 405 707 441 spiritalia,
720 414 800 440 quam
814 415 875 442 qua:

92 453 146 480 hac
159 452 185 479 in
197 452 253 479 vita
265 456 416 487 gestamus;
430 451 653 486 quemadmodum
665 453 765 479 nudum
777 460 875 488 corpus

92 498 200 526 mollius
214 503 255 526 est
268 499 302 526 ad
317 498 439 530 verbera,
453 499 539 532 iisque
552 498 640 526 acrius
651 498 778 532 adicitur,
794 507 874 533 quam

89 544 114 571 si
130 549 208 571 veste
219 548 388 578 contegatur.
404 544 491 571 Verba
507 544 630 578 Origenis
643 551 658 572 e
678 544 873 572 Commentario

90 589 118 616 in
133 589 228 624 psalm.
252 597 295 622 vt,
318 597 379 624 pag.
392 589 454 622 530,
476 590 630 624 Pamphilus
647 591 674 618 itt
689 591 816 626 Apologia
832 591 885 620 re-'

91 635 197 663 citavit.
220 635 340 670 Denique
361 635 541 671 Ilieronymus
563 636 590 664 in
607 637 687 671 epist.
700 637 746 669 95,
760 638 794 664 ad
809 638 875 666 Avi-

90 686 160 714 tum,
175 688 236 715 cap.
249 681 274 714 I,
291 681 433 715 scripsisse
446 681 590 717 Origenem
605 682 689 710 refert
704 683 730 710 in
748 683 801 711 ﬁne
813 683 874 711 libri

89 727 172 762 primi
192 727 263 761 Περὶ
287 726 397 762 ἀρχῶν,
414 727 530 755 animam
550 729 710 764 quandoque
733 738 742 755 ι
758 737 807 764 pro
822 729 874 758 do-

90 773 151 800 lore
169 780 309 808 poenarum
332 777 360 800 et
387 773 455 808 ignis
477 773 585 806 ardore,
606 775 693 810 magis
715 775 814 810 eligere
843 780 874 804 nt

89 818 202 846 brutum
225 818 326 846 animal
343 818 389 851 sit,
410 822 438 846 et
455 818 481 846 in
500 820 577 854 aquis
597 820 714 852 habitet,
736 825 764 847 et
784 820 872 848 ﬂucti-

88 863 162 897 bus,
182 871 214 891 ac
235 871 334 899 corpus
357 870 495 892 assumere
519 865 599 900 hujus
624 865 667 893 vel
693 865 764 894 illius
792 873 873 901 peco-

125 955 183 984 VII.
203 955 377 991 Muitiplicem
394 962 604 986 commemorata
618 958 744 994 dogmata
764 957 873 994 Origeni

87 1002 326 1036 exprobrationem
351 1010 489 1038 peperere.
514 1003 586 1031 Inter
609 1004 661 1031 alia
690 1003 825 1038 objectum
847 1004 871 1032 ei

88 1053 187 1075 narrat
212 1048 368 1083 Pamphilus
397 1049 424 1076 in
455 1049 632 1085 Apologetico,
655 1057 772 1085 negasse
798 1050 872 1078 illum

89 1095 216 1122 scelestis
235 1095 373 1123 inferenda
391 1095 536 1130 supplicia;
559 1096 630 1130 quod
647 1103 753 1131 poenam
768 1103 871 1129 sensu,

87 1145 120 1168 ut
138 1144 251 1174 vocant,
276 1141 399 1168 videatur
422 1141 578 1175 sustulisse,
601 1149 662 1169 cum
682 1142 772 1177 ignem
795 1147 875 1170 teter-

89 1194 158 1214 num
186 1187 377 1222 interpretatus
405 1192 446 1215 est
477 1187 696 1223 perturbationes
723 1188 824 1222 animi,
847 1193 874 1217 et

87 1232 264 1260 conscientiae
284 1233 416 1260 stimulos.
435 1232 473 1261 Eo
495 1237 617 1268 spectant
641 1233 694 1261 ista
719 1233 873 1269 Hieronymi

86 1277 139 1306 lib.
150 1285 181 1305 ιιι
201 1278 230 1305 in
247 1277 332 1312 Epist.
347 1279 381 1306 ad
395 1278 530 1314 Epirum,
545 1279 582 1307 6:
601 1288 611 1305 t
625 1278 693 1312 Quia
712 1279 794 1315 igitur
813 1285 875 1308 sunt

85 1323 222 1359 plerique,
242 1325 288 1360 qui
308 1325 400 1352 dicunt
422 1332 475 1353 non
499 1325 588 1353 futura
604 1332 654 1361 pro
671 1326 791 1361 peccatis
814 1333 874 1354 esse

85 1370 231 1406 supplicia,
248 1378 297 1398 nec
313 1371 483 1400 extrinsecus
495 1371 646 1399 adhibenda
663 1376 811 1404 tormenta,
825 1373 873 1401 sed

85 1417 177 1452 ipsum
202 1421 340 1452 peccatum
353 1437 361 1450 ,
382 1421 410 1444 et
431 1417 622 1445 conscientiam
639 1418 728 1447 delicti
750 1426 810 1447 esse
825 1426 874 1454 pro

85 1469 187 1498 paena,
202 1463 265 1491 dum
289 1463 390 1491 vermis
413 1463 439 1490 in
462 1464 544 1491 corde
560 1472 613 1491 non
639 1465 764 1499 moritur,
790 1469 818 1493 et
845 1466 872 1493 in

85 1508 180 1536 animo
201 1508 271 1544 ignis
294 1508 462 1541 accenditur,
486 1507 514 1536 in
540 1509 746 1537 similitudinem
772 1508 867 1542 febris,

84 1561 149 1590 qua
161 1561 214 1582 non
234 1557 341 1589 torquet
354 1554 523 1581 extrinsecus
536 1559 725 1589 aegrotantem,
745 1555 792 1583 sed
811 1563 872 1583 cor-

84 1606 155 1635 pora
178 1599 234 1633 ipsa
256 1598 411 1633 corripiens
440 1599 532 1634 punit,
552 1600 611 1627 sine
633 1601 801 1628 cruciatuum
823 1608 872 1628 ex-

87 1645 227 1675 trinsecus
244 1645 421 1679 adhibitione,
442 1653 511 1681 quos
528 1646 658 1681 possidet.
672 1656 681 1672 I
703 1646 786 1674 Notat
801 1654 872 1682 prae-

87 1697 167 1722 terea
186 1692 367 1729 Hieronymus
388 1694 415 1721 in
434 1694 513 1729 epist.
526 1694 571 1728 59,
591 1694 625 1722 ad
640 1694 725 1728 Avit.,
741 1701 801 1729 cap.
815 1692 872 1722 1-4.

86 1740 235 1774 Origenem
251 1739 355 1768 dixisse
372 1740 476 1768 animas
489 1747 538 1775 pro
552 1740 694 1768 criminum
710 1739 788 1767 modo
801 1747 874 1770 cras-

89 1787 214 1815 sioribus
227 1786 378 1820 hominum,
396 1786 438 1814 vel
451 1787 644 1822 iumentorum,
665 1786 708 1814 vel
721 1787 801 1814 etiam
819 1786 875 1814 dae-

85 1843 199 1863 monum
230 1835 388 1870 corporibus
423 1833 550 1866 immitti,
578 1834 744 1867 easdemque
773 1832 873 1866 resipi-

84 1886 197 1909 scentes
217 1880 249 1907 ad
274 1879 429 1915 angelorum
447 1882 569 1906 naturam
586 1877 676 1905 redire
697 1885 704 1905 :
729 1878 800 1911 quod
817 1876 874 1910 jam

84 1926 302 1954 observavimus.
316 1925 395 1953 Addit
409 1932 467 1959 cap.
480 1924 498 1951 2
514 1928 647 1951 tormenta
662 1930 724 1951 eum
740 1927 769 1950 et
783 1922 872 1958 ignem

84 1973 217 2008 geltenna'.I
236 1972 263 1999 in
287 1971 452 1999 conscientia
470 1974 642 2006 peccatorum
667 1969 736 1996 libro
757 1974 777 1996 ιι
801 1968 874 2002 Περὶ

83 2016 190 2053 ἀρχῶν
205 2018 336 2054 posuisse.
349 2017 419 2053 quod
440 2017 520 2044 iterat
535 2015 610 2050 Apol.
624 2017 661 2048 tr,
679 2022 738 2049 cap.
752 2015 779 2046 ‘I,
799 2019 828 2041 et
844 2014 872 2041 in

86 2064 291 2094 Commentariis
319 2063 348 2090 in
376 2062 461 2098 Epist.
482 2062 516 2089 ad
537 2061 651 2096 Ephes.,
673 2068 733 2095 cap‘.
755 2060 772 2087 5
790 2064 817 2088 et
845 2059 872 2088 6.

88 2110 221 2146 Queritur
234 2116 340 2145 quoque
353 2109 422 2145 apud
439 2108 616 2142 Augustinum
630 2107 743 2134 OrosiUS
758 2107 784 2134 in
800 2106 874 2133 Cont-

84 2155 241 2188 monitorio,
263 2155 369 2189 jactare
399 2154 493 2181 solitos
527 2152 694 2188 O'rigcnistas
720 2151 871 2187 quosdam,

85 2210 98 2228 ε
119 2201 213 2236 Ignem
236 2204 366 2227 aeternum
386 2205 439 2233 quo
457 2203 612 2233 peccatores
637 2198 794 2232 puniantur,
818 2204 871 2224 non

926 268 954 292 et
976 264 1128 299 patrocinio
1155 269 1246 292 noster
1265 264 1394 300 Origenes
1417 265 1581 298 defenditur,
1606 275 1708 302 suaque

925 308 1058 344 imprimis
1069 308 1246 342 dubitatione,
1259 317 1318 336 cttm
1332 309 1378 337 lib.
1393 318 1401 337 I
1421 311 1490 345 Περὶ
1506 310 1618 346 ἀρχῶν,
1632 313 1708 341 initio

925 353 1020 388 capitis
1043 353 1129 387 sexti,
1156 354 1188 381 de
1216 362 1305 382 rerum
1337 357 1591 389 consummatione,
1620 359 1708 394 deque

925 400 1014 434 poenis
1033 400 1237 433 damnatorum,
1252 408 1283 428 ac
1300 398 1437 428 beatorum
1463 402 1583 436 prmmiis
1598 408 1708 430 acturus

926 447 965 475 sic
984 448 1134 482 praefatur:
1156 456 1165 473 ι
1181 447 1245 480 Qua:
1267 447 1375 486 quidem
1401 456 1415 475 a
1436 449 1514 476 nobis
1542 449 1623 477 etiam
1646 458 1707 477 cum

925 500 1023 528 magno
1045 497 1118 520 metu
1150 496 1178 519 et
1205 492 1308 520 cautela
1328 493 1472 526 dicuntttr,
1497 484 1707 521 disctttientibus

925 540 1012 575 magis
1027 544 1055 567 et
1071 540 1310 574 pertractantibus.
1330 547 1411 574 quam
1427 548 1475 576 pro
1491 546 1565 569 certo
1587 548 1619 568 ac
1642 541 1708 569 deii-

926 586 982 613 nito
993 586 1183 613 statuentibus.
1194 594 1203 611 ι
1226 584 1259 611 Ει
1274 585 1308 612 ita
1324 585 1430 613 demum
1449 591 1528 621 caput
1543 587 1613 614 idem
1632 587 1709 614 clau~

924 631 987 659 dit:
1012 641 1021 657 ι
1034 631 1141 660 Certius
1159 636 1247 658 tamen
1270 632 1385 666 qualiter
1411 640 1441 659 se
1463 633 1588 660 habitura
1608 633 1643 661 sit
1664 641 1707 661 res

924 677 976 705 scit
992 677 1066 705 solus
1079 677 1160 709 Deus,
1174 681 1202 704 et
1215 678 1237 705 si
1251 679 1296 713 qui
1309 678 1367 712 ejus
1384 677 1521 705 Christum
1535 684 1562 705 et
1575 677 1707 714 Spiritum

924 727 1047 750 sanctum
1073 723 1154 751 amici
1182 728 1255 751 sunt.
1272 733 1281 750 ι
1307 723 1369 751 Pari
1395 731 1502 758 quoque
1528 724 1609 751 modo
1630 724 1709 751 initio

924 768 1020 803 capitis
1045 769 1184 803 sequentis
1207 769 1402 796 haesitationem
1426 777 1502 796 suam
1525 768 1655 797 declarat.
1678 769 1708 798 Id

924 821 959 841 ne
974 814 1032 849 ipse
1058 814 1168 849 quidem
1196 815 1331 842 inticiatus
1359 819 1403 841 cst
1426 814 1620 850 Hieronymus,
1645 824 1706 844 cum

924 859 1003 893 epist.
1017 859 1060 891 59,
1076 859 1109 886 ad
1124 859 1207 893 Avit.,
1224 866 1284 894 cap.
1298 859 1324 892 I,
1341 859 1482 894 Origenem
1498 860 1531 887 de
1549 862 1643 888 eodem
1663 869 1707 888 ar-

888 898 1051 939 Bgumento
1079 904 1162 932 multa
1188 909 1394 932 commentatum
1428 907 1570 941 scripsisse
1598 908 1707 935 laudent

925 951 962 978 ait
977 959 984 978 :
1004 959 1013 976 t
1028 950 1090 979 Haec
1104 951 1180 985 juxta
1198 956 1320 979 nostram
1338 953 1499 980 sententiam
1518 961 1569 981 non
1587 954 1641 981 sint
1658 955 1705 982 do-
1748 959 1750 962 '

924 1000 1026 1031 gmata,
1044 997 1091 1024 sed
1107 997 1220 1032 quaesita
1240 1001 1354 1031 tantum,
1370 1003 1450 1032 atque
1465 999 1596 1034 proiecta.
1611 1007 1645 1027 ne
1660 1007 1706 1035 pe-

925 1043 997 1071 nitus
1010 1043 1152 1071 intractata
1166 1044 1329 1072 viderentur.
1341 1053 1351 1070 ι

959 1089 1092 1117 Caeterum
1106 1089 1131 1117 in
1147 1091 1293 1118 asserendo
1309 1091 1370 1126 igne
1384 1092 1429 1119 illo
1442 1100 1487 1127 qut
1500 1092 1588 1126 iustos
1609 1093 1634 1120 in
1651 1092 1706 1121 line

925 1143 1015 1164 rerum
1029 1136 1120 1164 itidem
1135 1141 1164 1163 ut
1180 1137 1276 1172 impios
1295 1137 1438 1166 invasurus
1460 1138 1494 1165 ab
1515 1138 1630 1173 Origene
1653 1138 1706 1166 Iin-

925 1182 1007 1218 gitur,
1033 1183 1081 1217 ipsi
1107 1184 1243 1210 consentit
1275 1183 1430 1211 Lactantius
1457 1184 1548 1212 quit.
1576 1185 1624 1212 lib.
1655 1192 1708 1218 vn,

925 1235 984 1263 cap.
1010 1228 1042 1256 21
1064 1238 1072 1257 :
1094 1228 1195 1262 Justos,
1228 1229 1326 1264 inquit,
1359 1238 1419 1258 cum
1432 1224 1600 1265 iudicaverit,
1623 1233 1705 1260 etiam

926 1273 980 1309 igni
1003 1282 1050 1302 eos
1077 1275 1243 1303 examinabit
1271 1285 1278 1303 :
1309 1281 1364 1304 tum
1389 1284 1503 1311 quorum
1526 1283 1638 1312 peccata
1664 1279 1707 1306 vel

924 1321 1059 1355 pondere,
1088 1321 1129 1349 vel
1155 1328 1267 1349 numero
1296 1322 1493 1356 praevaluerint,
1522 1324 1707 1359 perstringenc'

925 1367 969 1392 tur
981 1365 1034 1399 igni
1049 1369 1131 1400 atque
1148 1366 1346 1394 amburentur:
1365 1375 1435 1402 quos
1458 1372 1547 1396 autem
1567 1368 1643 1403 plena
1662 1369 1707 1405 ja-

925 1410 999 1438 stitia
1019 1414 1047 1438 et
1073 1410 1215 1438 maturitas
1237 1412 1344 1439 virtutis
1360 1412 1502 1445 incoxcrit,
1526 1414 1613 1449 ignem
1632 1415 1708 1443 illum

924 1463 977 1483 non
993 1456 1119 1484 sentient.
1139 1466 1150 1483 ι
1167 1456 1283 1485 Hilarius
1299 1465 1405 1492 quoquc
1420 1465 1481 1493 cap.
1500 1458 1518 1485 2
1539 1460 1567 1486 in
1584 1459 1683 1488 Matth.
1697 1467 1708 1488 δ

927 1511 937 1529 t
956 1502 1107 1538 Baptizatis
1117 1504 1143 1530 in
1158 1503 1260 1538 Spiritu
1275 1509 1371 1531 sancto
1390 1504 1523 1539 reliquum
1542 1514 1551 1531 ι
1567 1513 1627 1534 esse
1640 1507 1707 1535 dicit

927 1555 937 1572 ι
954 1548 1135 1575 consummari
1150 1547 1211 1583 igne
1223 1547 1332 1583 judicii,
1353 1557 1363 1574 ι
1378 1553 1459 1582 atque
1479 1556 1512 1576 n'e
1531 1550 1583 1577 hac
1598 1551 1709 1585 quidem

924 1592 982 1628 lege
997 1592 1144 1621 immunem
1159 1592 1218 1620 fore
1231 1597 1306 1627 putat
1329 1592 1358 1619 Β.
1371 1590 1520 1628 Virginem.
1537 1595 1609 1623 Idem
1627 1596 1708 1625 habet

924 1637 950 1665 in
977 1637 1123 1666 Comment.
1160 1639 1195 1665 ad
1219 1638 1313 1672 psalm.
1341 1647 1442 1672 sxvut,
1475 1639 1521 1667 20.
1548 1641 1709 1671 Ambrosius

924 1691 1006 1712 serm.
1023 1685 1051 1710 in
1066 1683 1160 1718 pralm.
1180 1691 1259 1712 xxxvr
1281 1694 1287 1711 :
1312 1694 1321 1710 ι
1344 1684 1407 1719 igne
1433 1693 1497 1720 ergo
1520 1687 1708 1722 purgabantur

924 1731 970 1758 ﬁlii
984 1730 1058 1764 Levi,
1073 1731 1134 1767 igne
1149 1731 1282 1763 Ezechiel,
1296 1731 1358 1767 igne
1374 1731 1487 1764 Daniel;
1509 1741 1518 1758 ι
1543 1739 1572 1760 et
1582 1733 1680 1761 deinde
1697 1743 1707 1761 :

926 1786 936 1804 ι
957 1778 1029 1805 Salvi
1045 1777 1147 1806 erimus
1168 1785 1217 1812 per
1240 1778 1330 1810 tidem,
1353 1778 1393 1805 sic
1420 1781 1510 1805 tamen
1540 1779 1606 1807 salvi
1629 1780 1708 1814 quasi

923 1830 972 1858 per
988 1824 1095 1858 ignem;
1116 1824 1166 1851 etsi
1187 1831 1238 1851 non
1256 1831 1412 1857 exuremur,
1436 1829 1524 1852 tamen
1551 1832 1671 1852 uremur.
1693 1835 1704 1852 ι

924 1868 988 1902 Quae
1010 1874 1177 1904 sequuntur,
1200 1876 1234 1896 ex
1260 1869 1375 1903 Origene
1406 1870 1547 1898 manifeste
1576 1870 1707 1899 translata

924 1918 988 1942 sunt
1002 1924 1008 1941 :
1021 1923 1030 1940 α
1045 1913 1185 1947 Quomodo
1201 1920 1290 1942 tamen
1304 1915 1349 1942 alii
1364 1921 1521 1944 remaneant
1535 1917 1561 1943 in
1576 1917 1646 1952 igne.
1661 1917 1707 1945 alii

925 1964 1122 1995 pertranseant,
1131 1961 1209 1988 docet
1220 1968 1269 1989 nos
1282 1962 1373 1989 divina
1391 1962 1531 1998 Scriptura
1547 1970 1662 1999 :nempe
1679 1964 1706 1992 in

924 2013 999 2033 mare
1015 2006 1135 2034 Rubrum
1153 2006 1294 2035 demersus
1309 2012 1353 2035 est
1370 2008 1483 2044 populus
1503 2008 1706 2045 Egypliorutn,
1754 2004 1761 2011 ’

924 2052 1047 2080 transivit
1060 2057 1123 2080 ante
1139 2052 1254 2088 populus
1275 2053 1459 2082 Hebraeorum.
1486 2064 1496 2081 ι
1516 2055 1623 2089 Igneam
1641 2063 1708 2084 vero

923 2099 1056 2136 ejusmodi
1070 2099 1260 2136 purgationem
1276 2100 1365 2135 gladio
1378 2100 1503 2128 ﬂammeo
1517 2101 1590 2128 circa
1607 2102 1708 2129 ostium

923 2146 1042 2182 paradisi
1061 2147 1226 2174 circumacto
1247 2150 1275 2174 et
1294 2151 1381 2175 rotato
1396 2147 1544 2181 signiﬁcari
1570 2147 1609 2174 ait
1630 2146 1709 2174 Com-

923 2198 1005 2221 ment.
1032 2193 1061 2221 in
1079 2193 1173 2227 psaim.
1196 2200 1291 2220 cxvm.
1313 2192 1346 2220 Et
1359 2192 1537 2228 Hieronymus
1565 2192 1611 2220 1ἰ1).
1632 2200 1661 2220 ιιι
1681 2193 1710 2220 in

83 2255 149 2275 esse
173 2247 261 2281 ignem
284 2251 397 2277 verum,
418 2244 538 2272 dicentes
568 2244 669 2272 dictum
695 2251 754 2272 esse
783 2244 871 2279 ignem

929 2239 1004 2266 Amos
1022 2247 1068 2272 vn,
1084 2238 1111 2271 ι,
1130 2243 1240 2266 sanctos
1255 2242 1284 2265 et-
1302 2238 1399 2273 impios
1426 2238 1535 2274 ignibus
1548 2239 1650 2271 pariter
1661 2247 1710 2267 ex-

83 2292 204 2329 propria:
218 2290 392 2319 conscientiae
406 2290 589 2324 punitionem;
604 2298 636 2317 ac
648 2290 687 2317 sic
701 2297 796 2318 omnes
811 2297 872 2325 peo-

83 2343 211 2368 catorum
235 2337 340 2364 animas
362 2340 421 2371 post
440 2335 627 2371 purgationem
650 2335 821 2363 conscientiae
842 2337 870 2363 i‘n

83 2384 220 2412 unitatem
237 2380 359 2416 corporis
380 2379 482 2407 Christi
503 2388 564 2408 esse
589 2380 734 2408 redituras.
748 2389 757 2405 ι
776 2380 873 2415 Arguit

83 2430 153 2457 item
166 2428 295 2456 circuitus
310 2426 369 2455 illos
382 2425 557 2455 beatitudinis
568 2430 596 2453 ct
611 2425 791 2453 damnationis
804 2429 872 2453 sema

80 2475 209 2511 piternos
220 2472 385 2506 Augustinus
400 2471 502 2500 H‘wres.
517 2478 582 2499 mn
595 2471 628 2499 ad
641 2471 869 2505 Quodvultdeum,

81 2527 111 2550 et
128 2522 177 2550 lib.
194 2530 239 2549 xxt
263 2520 300 2549 De
322 2521 393 2549 civit;
406 2520 465 2553 Dei,
482 2527 542 2555 cap.
557 2519 602 2547 I7.
621 2518 656 2546 At
675 2517 782 2546 Nicetas
798 2517 871 2545 Cho-

82 2568 176 2596 niates
196 2567 243 2595 lib.
256 2569 283 2594 t'v
304 2564 381 2593 Tﬁet.
395 2564 499 2593 orthod.
514 2565 575 2599 ﬂd.,
592 2564 658 2592 hair.
671 2569 754 2595 χχιιι,
770 2562 871 2590 dixisse

83 2615 124 2641 ait
142 2613 297 2649 Origenem,
319 2610 440 2639 futurum
456 2616 486 2639 ut
507 2611 597 2638 anima
616 2610 746 2643 tantisper
765 2608 792 2636 in
808 2608 870 2643 igne

85 2665 206 2691 maneat,
219 2659 281 2687 dum
291 2659 419 2687 vitiorum
431 2658 555 2686 sordibus
570 2658 754 2692 e‘xpurgetur;
770 2658 799 2682 at
811 2661 871 2681 ver-

85 2713 159 2735 mem
179 2710 268 2733 tamen
294 2705 353 2733 sine
371 2702 425 2732 ﬁne
441 2709 658 2739 permansurum,
678 2709 730 2730 nec
750 2707 870 2736 unquam

85 2755 238 2790 gehennam
263 2752 426 2781 exstinctum
446 2751 494 2784 iri,
519 2759 529 2776 ‹
544 2754 573 2777 ιιι
596 2750 648 2778 hoc
672 2752 750 2784 pacto
772 2747 869 2776 stimu-

86 2801 158 2828 letur
178 2799 204 2826 in
224 2803 379 2834 posterum,
407 2797 602 2831 rei'riceturque
618 2795 747 2823 memoria
773 2793 870 2822 divinae

85 2844 264 2874 humanitatis
293 2845 321 2872 in
346 2843 460 2875 animis.
483 2846 549 2877 quae
566 2849 582 2870 a
605 2841 770 2879 perennibus
795 2839 871 2869 hisce

89 2891 229 2928 suppliciis
242 2890 362 2920 liberata:
377 2888 485 2918 fuerint.
499 2891 516 2914 ι’

926 2284 1080 2320 purgandos
1096 2291 1157 2312 esse
1172 2285 1210 2312 ait
1223 2285 1321 2320 quibus
1338 2285 1465 2312 omnibus
1481 2285 1602 2320 przclusit
1621 2284 1709 2320 δίυῃι.

925 2331 1039 2358 Hnorum
1053 2331 1218 2357 oraculorum
1232 2331 1350 2365 scriptor
1365 2330 1412 2358 lib.
1426 2338 1445 2358 ιι
1465 2340 1472 2358 :

960 2376 1015 2403 Καὶ
1032 2375 1099 2403 τότε
1111 2375 1151 2412 δὴ
1165 2376 1275 2412 πάντες
1289 2376 1338 2403 διὰ
1350 2376 1506 2412 αἰθομένου
1520 2372 1673 2412 ποταμοῖο,

960 2411 1015 2439 Καὶ
1034 2411 1147 2446 φλογὸς
1170 2411 1321 2440 ἀσϐέστου
1341 2411 1525 2439 διελεύσονθ’
1537 2420 1544 2427 ·
1566 2411 1601 2438 οἵ
1614 2421 1648 2446 τε
1667 2413 1710 2439 δί-

959 2482 1074 2516 Πὰντες
1106 2482 1288 2516 σωθήσοντ’,
1316 2481 1434 2515 ἀσεϐεῖς
1469 2481 1500 2508 6‘"
1528 2481 1578 2508 ἐπὶ
1613 2445 1711 2508 3)ῗῖξῖ

1558 2516 1710 2551 [ὀλοῦνται

958 2553 1010 2586 Εἰς
1026 2552 1134 2586 αἰῶνας
1150 2554 1251 2586 ὅλους,
1269 2553 1375 2580 ὀπόσοι
1398 2550 1477 2579 κακὰ
1495 2550 1710 2621 θιςρόῐγθείν·ι

923 2645 958 2673 Ει
967 2645 1064 2673 deinde
1079 2654 1087 2672 :

961 2690 1034 2725 Τοὺς
1045 2692 1071 2718 δ’
1083 2691 1209 2725 ἄλλους,
1225 2691 1350 2724 ὁπόσοις
1362 2698 1394 2717 τε
1405 2689 1485 2722 δίκη,
1502 2688 1581 2725 κα.ζά
1590 2687 1623 2725 ,τ’
1638 2688 1710 2722 ἔργα

1549 2723 1708 2763 [μέμηλενν

961 2763 1092 2798 Ἀπγελοι
1111 2760 1259 2798 ᾳῑρόμεγοι
1273 2761 1322 2789 διὰ
1337 2759 1496 2796 αἰθομένου
1513 2759 1657 2793 ποταμοῖο

958 2800 1010 2832 Εἰς
1023 2798 1086 2833 φῶς
1100 2797 1220 2830 ἄξουσι.

961 2843 1034 2871 Tum:
1044 2852 1103 2871 vero
1114 2852 1201 2871 omnes
1220 2851 1272 2877 per.
1282 2844 1416 2871 ardentem
1430 2843 1551 2878 ﬂuvium,

960 2879 995 2907 Et
1009 2880 1141 2908 ﬂammam
1156 2879 1341 2908 inexrtittatam
1355 2880 1504 2907 transibunt
1519 2887 1527 2905 :
1536 2878 1608 2913 justi
1622 2882 1708 2906 autem
