1912 3079
211 157 278 184 1007

244 214 339 241 Omnes
356 214 463 240 salutem
485 213 681 248 adipiscentur;
701 213 773 248 impii
789 222 848 241 vero
866 214 984 247 peribunt
1001 215 1021 242 Λ

243 249 276 276 In
293 251 379 276 omnia
404 248 513 280 swculu,
537 250 683 284 quicunque
714 249 784 276 male
811 255 871 276 ante
892 257 985 319 [gesse-

905 288 964 311 runt
977 291 985 310 :

905 292 934 310 ru
938 291 964 311 Ill
977 291 986 310 ἶ

209 330 240 358 Et
254 330 351 358 deinde
363 339 370 357 :

241 377 313 404 Alios
330 384 399 408 vero,
422 376 515 410 quibus
533 376 653 414 justitia,
672 380 695 403 et
714 381 785 403 recta
811 384 888 414 opera
915 384 986 402 curre

240 445 333 480 Angeli
348 446 464 472 tollentes
474 454 526 475 .ner
541 447 672 473 ardentem
687 446 796 481 fluvium
857 411 984 447 “unum,

240 481 274 507 In
288 481 371 507 lucem
385 482 523 507 deducent.

242 527 331 562 Ignem
353 527 379 554 in
393 526 569 554 conscientiae
590 526 693 555 facibus
715 532 742 554 et
759 527 870 563 ﬂagellis
893 527 984 554 itidem

204 577 233 599 ut
255 572 384 606 Origenes
406 571 548 599 constituit
568 571 727 600 Ambrosius
741 572 787 600 lib.
807 581 843 600 vn
861 573 889 599 in
906 573 983 604 an.,

203 626 264 653 cap.
287 618 332 650 H.
352 618 446 645 iisdem
472 617 528 644 fere
558 618 641 652 ipsius
671 619 761 646 verbis
782 627 789 646 :
813 619 893 653 Ergo,
914 628 923 644 ›
942 619 983 645 in-

204 665 272 699 quit,
297 671 384 698 neque
407 663 587 698 corporalium
606 663 707 690 stridor
731 664 828 699 aliquis
848 664 982 696 dentium,

204 717 290 744 neque
305 709 374 744 ignis
389 709 485 744 aliquis
501 714 647 744 perpetuus
665 709 833 736 flammarum
854 717 983 744 corpora-

204 756 279 789 lium,
292 763 380 791 neque
395 756 494 784 vermis
511 760 552 782 est
574 755 736 790 corporalis.
764 755 816 783 Sed
840 756 897 784 haec
911 756 982 788 ideo,

203 803 267 838 quia
284 803 355 830 sicut
370 809 403 830 ex
417 802 498 829 multa
510 801 643 829 cruditate
654 805 681 828 et
693 801 782 830 febres
797 806 944 830 nascuntur
956 807 983 830 et

204 855 326 881 vermes;
339 848 375 875 ita
389 848 411 875 si
427 848 488 883 quis
499 855 551 875 non
565 848 696 882 decoquat
712 852 822 882 peccata
838 856 899 881 sua,
910 849 982 876 velut

205 894 320 928 quadam
343 893 499 928 interposita
514 893 659 922 sobrietate
672 893 852 927 abstinentiae,
866 894 912 922 sed
931 895 981 922 ml-
996 883 1018 912 Β

202 940 302 967 scendo
318 945 429 974 peccata
441 940 567 975 peccatis,
582 945 707 974 tanquam
718 940 877 968 cruditatem
890 948 982 975 quam-

202 985 262 1012 dam
283 985 424 1012 contrahat
447 989 566 1012 veterum
589 990 617 1012 et
634 985 785 1012 recentium
808 985 980 1020 delictorum,

203 1031 264 1065 igne
283 1031 410 1057 aduretur
427 1031 544 1066 pr0prio,
561 1035 588 1058 et
601 1031 658 1058 suis
675 1031 815 1059 vermibus
837 1039 982 1059 consume-

202 1081 254 1103 tnr.
272 1085 282 1102 ι
299 1075 477 1111 Hieronymus
492 1076 621 1104 doctrinae
644 1076 708 1104 huic
723 1077 790 1104 alias
804 1078 871 1105 satis
892 1077 981 1105 infen-

200 1129 256 1154 sus,
274 1122 300 1148 in
315 1128 375 1149 eam
398 1126 487 1149 tamen
504 1121 619 1156 benigne
640 1129 670 1150 se
692 1123 761 1158 gerit
786 1123 836 1151 sub
852 1123 932 1150 ﬁnem
945 1122 980 1150 li-

201 1168 241 1194 bri
257 1175 323 1195 xvm
341 1169 484 1195 Comment.
501 1167 529 1194 in
542 1167 662 1195 Isaiam:
677 1177 686 1194 ι
706 1168 812 1196 Vermis
825 1173 915 1197 autem
933 1168 980 1203 qui

201 1221 252 1241 non
264 1213 403 1247 morietur,
421 1219 449 1241 et
462 1214 530 1249 ignis
541 1214 586 1248 qui
606 1221 658 1241 non
675 1214 874 1250 exstinguetur,
894 1221 909 1242 a
922 1214 981 1249 ple-

201 1262 292 1296 risque
305 1262 472 1290 conscientia
492 1262 625 1297 accipitur
640 1267 822 1298 peccatorum,
842 1269 903 1297 que
921 1266 979 1289 tor-

199 1313 279 1343 queat
293 1309 319 1336 In
339 1308 477 1342 suppliciis
491 1309 663 1341 constitutos,
675 1315 759 1342 quare
778 1307 843 1335 vitio
866 1314 916 1335 suo
937 1311 980 1334 at-

198 1361 252 1390 que
266 1358 376 1388 peccato
396 1353 533 1380 caruerint
552 1353 699 1382 electorum
717 1353 804 1386 bono;
823 1362 833 1379 ι
851 1357 880 1381 et
899 1352 979 1388 paulo

200 1403 280 1434 post:
299 1407 309 1424 ι
332 1398 361 1426 Si
375 1398 436 1434 quis
456 1399 538 1434 igitur
561 1399 660 1426 habeat
685 1399 712 1426 in
739 1399 904 1426 conscientia
929 1406 978 1427 sua

199 1445 313 1478 zizania,
331 1452 391 1480 quae
411 1443 537 1471 inimicus
549 1445 640 1476 homo,
654 1444 803 1472 dormiente
819 1444 980 1479 patrefami-

201 1491 261 1523 lias,
279 1490 514 1525 superseminavit,
525 1489 581 1516 haec
594 1489 665 1524 ignis
681 1496 786 1523 exuret,
800 1489 857 1517 haec
874 1490 980 1517 vorabit

199 1536 363 1564 incendium.
381 1545 390 1562 ι
408 1535 517 1562 Minime
529 1535 637 1570 quidem
650 1535 729 1562 ﬁdem
741 1534 784 1563 bis
797 1542 811 1562 a
824 1542 853 1563 se
868 1534 976 1571 adiungi

200 1586 329 1614 testatur;
346 1582 393 1609 sed
408 1589 458 1609 nec
473 1588 504 1608 ea
524 1569 576 1609 sibi
597 1581 742 1616 improbari
758 1569 909 1618 signiﬁcat;
927 1569 976 1610 nec
989 1569 1011 1599 θ

197 1629 248 1656 sub
271 1628 369 1661 aliena,
389 1627 435 1655 sed
453 1627 502 1654 sub
518 1634 565 1654 sua
593 1627 678 1662 ipsius
698 1634 812 1662 persona
840 1628 974 1663 proponit.

201 1673 309 1701 Diversa
331 1679 394 1700 vero
415 1675 457 1699 est
484 1671 626 1707 Augustini
653 1671 733 1704 ratio.
761 1679 824 1699 nam
852 1673 977 1708 quamvis

197 1719 244 1746 lib.
258 1726 302 1746 xxI
316 1718 353 1745 De
363 1717 434 1746 civit.
448 1717 506 1750 Dei,
521 1725 582 1752 cap.
596 1717 624 1750 9,
643 1724 736 1745 eorum
756 1718 909 1754 opinionem
933 1727 977 1747 re-

196 1764 301 1800 probet,
316 1763 362 1798 qui
389 1763 478 1798 ignem
504 1763 693 1791 damnatorum
721 1764 907 1798 metaphorice
931 1772 977 1793 su-

198 1815 283 1841 munt.
298 1816 414 1844 eumque
434 1815 593 1843 corporeum
619 1808 740 1837 fateatur
763 1809 825 1837 libri
855 1809 975 1843 ejusdem

158 1871 160 1874 -
195 1863 257 1890 cap.
270 1855 303 1883 10
317 1860 344 1882 et
360 1855 431 1884 libro
443 1862 480 1882 xu
495 1853 533 1881 De
545 1853 637 1881 Genet.
653 1854 688 1882 ad
706 1854 798 1888 litter.,
813 1861 875 1890 cap.
895 1855 930 1882 52
949 1860 978 1883 et

195 1902 241 1934 55,
264 1908 343 1937 neget
365 1900 513 1929 inferorum
526 1900 705 1928 substantiam
726 1907 788 1928 esse
805 1901 973 1936 spiritalem;

195 1953 222 1976 et
233 1956 264 1976 ea
279 1948 377 1983 quibus
395 1948 493 1976 anima:
513 1947 672 1982 corporibus
693 1951 781 1975 exuite
803 1947 974 1982 alIiciuntur,

194 1995 289 2022 doceat
301 2001 353 2022 non
366 2001 428 2022 esse
448 1993 611 2029 corporalia,
633 1993 681 2022 sed
702 1994 802 2022 similia
823 1995 975 2030 corporali-

195 2040 260 2073 bus;
276 2044 365 2068 tamen
376 2040 445 2067 libro
458 2047 494 2066 xx
508 2039 544 2066 De
557 2039 627 2068 civil.
648 2038 709 2071 Dei,
729 2046 789 2075 cap.
814 2039 859 2072 16,
882 2040 975 2075 ignem

195 2086 270 2113 illum
285 2086 351 2113 dicit
368 2093 398 2113 se
413 2094 424 2111 ‹
443 2085 606 2121 cujusmodi,
620 2090 647 2113 et
659 2086 685 2113 in
700 2093 753 2121 qua
770 2085 863 2113 mundi
875 2085 917 2113 vel
929 2093 974 2113 re-

194 2140 254 2160 rum
269 2137 346 2167 parte
363 2132 468 2159 futurus
487 2132 523 2159 sit
536 2132 674 2159 hominem
689 2131 760 2159 scire
777 2131 905 2159 arbitrari
926 2138 973 2158 ne-

194 2178 304 2210 minem,
318 2176 368 2204 nisi
387 2176 456 2204 forte
477 2176 521 2204 cui
544 2176 651 2204 divinus
670 2176 787 2211 Spiritus
806 2176 938 2204 ostendit.
960 2184 971 2201 ι

192 2223 287 2258 Capite
298 2222 334 2249 26
350 2223 412 2249 libri
431 2222 568 2257 sequentis
591 2222 647 2250 hzec
671 2221 805 2257 Apostoli,
821 2221 832 2248 Ι
848 2221 911 2250 Cor.
927 2230 972 2255 ut,

194 2269 243 2295 15:
259 2277 268 2294 σ
281 2267 496 2302 Uniuscujusque
507 2275 573 2303 opus
580 2268 660 2303 quale
669 2268 716 2301 sit,
728 2267 798 2302 ignis
806 2268 944 2303 probabit;
962 2278 972 2294 ι

193 2318 220 2340 et
230 2320 300 2340 vers.
317 2313 372 2340 l5:
393 2322 403 2339 ί
422 2312 480 2347 lpse
501 2318 593 2341 autem
621 2312 713 2341 salvus
733 2313 796 2346 erit,
822 2314 862 2341 sic
884 2319 974 2343 tamen

192 2359 269 2393 quasi
287 2365 335 2392 per
356 2359 443 2392 ignem
455 2378 463 2390 ,
478 2368 488 2385 ι
501 2359 653 2394 signiﬁcare
680 2363 756 2393 putat.
782 2360 924 2395 angustias
940 2367 973 2388 ac

192 2411 334 2436 interores,
344 2404 442 2439 quibus
455 2404 535 2432 homo
545 2404 710 2438 percellitur,
724 2412 784 2432 cum
806 2405 886 2433 rebus
909 2406 970 2433 ani-

192 2457 236 2477 mo
249 2457 298 2477 suo
319 2454 417 2485 praeter
434 2457 539 2485 acquum
552 2450 641 2478 charis
661 2455 689 2477 et
709 2451 876 2486 complacitis
889 2451 971 2479 orba-

191 2500 258 2523 tur:
285 2505 295 2522 ι
311 2496 388 2530 Quod
410 2497 495 2530 enim,
518 2496 616 2531 inquit,
641 2496 699 2524 sine
722 2496 850 2525 illiciente
878 2505 972 2526 amore

192 2549 244 2568 non
264 2541 366 2574 habuit,
386 2541 445 2570 sine
465 2546 560 2570 urente
576 2541 668 2570 dolore
692 2549 744 2569 non
767 2542 871 2577 perdet.
890 2553 900 2570 ι
915 2543 971 2571 lloc

191 2594 298 2621 quoque
323 2587 384 2622 igne
406 2592 520 2615 mortem
542 2587 631 2615 notari
662 2587 815 2622 conjectat,
840 2588 972 2617 Ecclesia:

191 2634 404 2667 persecutiones,
420 2634 566 2669 martyris;
581 2641 612 2660 ac
624 2640 684 2660 eum
699 2633 812 2668 proinde
825 2634 858 2662 ab
870 2639 972 2663 mterno

192 2679 243 2705 hoc
259 2679 319 2712 igne
333 2679 482 2714 distinguit,
502 2679 529 2706 in
549 2686 629 2714 quem
649 2679 768 2706 damnati
796 2679 897 2709 Christi
921 2681 971 2708 de-

191 2729 266 2751 creto
281 2725 402 2752 mittendi
419 2729 491 2753 sunt.
508 2727 543 2752 At
556 2724 621 2752 illud
635 2724 737 2751 adverti
749 2726 859 2753 omnino
870 2725 970 2754 velim:

193 2777 203 2793 ι
222 2768 285 2796 Post
300 2770 377 2796 istius
395 2776 460 2796 sane
480 2770 603 2804 corporis
627 2773 751 2800 mortem,
774 2769 861 2798 donec
876 2771 910 2798 ad
936 2771 970 2798 il-

191 2814 246 2840 lum
271 2815 406 2846 veniatur,
432 2815 477 2850 qui
502 2821 562 2850 post
579 2817 806 2844 resurrectionem
824 2824 968 2851 corporum

193 2858 298 2885 futurus
311 2864 352 2886 est
372 2859 552 2888 damnationis
567 2866 593 2889 ct
608 2862 837 2891 remunerationis
859 2862 971 2891 ultimus

852 155 882 183 P.
903 154 1060 182 DANIELIS
1077 154 1191 182 IIUETII

1755 156 1823 184 1008

1037 215 1105 246 dies,
1120 215 1141 241 si
1158 215 1209 242 hoc
1230 215 1358 249 temporis
1381 215 1522 243 intervallo
1542 216 1658 250 spiritus
1677 216 1822 244 defuncto-

1038 268 1095 287 rum
1112 260 1241 294 cjusmodi
1262 261 1349 296 ignem
1369 261 1496 287 dicuntur
1520 262 1635 296 perpeti.
1657 269 1741 296 quem
1767 270 1820 289 non

1037 306 1153 334 sentiant
1168 306 1205 332 illi
1221 306 1267 340 qui
1286 313 1337 332 non
1350 306 1503 334 habuerunt
1518 307 1584 334 tales
1599 315 1690 335 moves
1704 312 1731 335 et
1745 315 1821 335 amo-

1037 358 1082 379 res
1099 353 1125 378 in
1150 352 1228 386 hujus
1245 351 1370 386 corporis
1391 351 1455 382 vita,
1475 356 1505 379 ut
1525 359 1617 379 eorum
1637 353 1723 387 ligna,
1739 358 1768 380 et
1784 352 1822 380 fe-

1036 405 1111 429 num,
1138 401 1164 424 et
1188 396 1286 431 stipula
1302 402 1496 424 consumantur
1512 405 1518 424 :
1537 397 1580 423 alii
1603 405 1667 424 vero
1690 397 1821 427 sentiant,

1035 443 1080 477 qui
1097 443 1225 477 ejusmodi
1240 450 1331 470 secum
1350 443 1462 470 aedilicia
1488 447 1682 477 portaverunt;
1707 444 1767 471 sive
1784 444 1821 470 ibi

1036 492 1157 521 tantum;
1170 489 1226 516 sive
1241 493 1268 516 et
1282 489 1327 516 hic
1343 494 1370 516 et
1383 489 1430 521 ibi,
1447 489 1507 516 sive
1524 489 1586 516 ideo
1599 489 1643 516 hic
1658 494 1688 516 ut
1702 498 1756 517 non
1772 490 1820 522 ibi,

1035 534 1184 566 saecularia,
1198 535 1320 569 quamvis
1333 542 1348 561 a
1362 534 1537 562 damnatione
1560 534 1676 561 venialia
1701 541 1819 561 concre-

1035 584 1152 607 mantem
1173 580 1259 615 ignem
1273 578 1437 607 transitoria:
1461 578 1644 606 tribulationis
1664 579 1818 612 inveniant,

1035 632 1087 651 non
1103 625 1243 659 redarguo,
1260 624 1322 659 quia
1341 623 1454 651 forsitan
1480 631 1573 650 verum
1598 628 1650 650 est.
1675 633 1687 650 ι
1705 623 1762 651 Nec
1780 624 1818 651 le-

1034 670 1091 696 vius
1106 669 1131 696 in
1143 668 1245 696 Grmcis
1261 668 1439 703 scriptoribus
1454 667 1571 703 pOsitum
1596 667 1707 703 Origeni
1722 670 1817 703 pnesi-

1032 715 1105 741 dium
1121 719 1162 742 est
1174 722 1181 741 :
1193 714 1270 741 Philo
1283 714 1309 741 in
1322 714 1391 741 libro
1406 713 1475 748 Περὶ
1494 713 1551 748 τῆς
1573 715 1616 746 εὶς
1638 714 1673 740 τὰ
1691 721 1817 749 προπαι-

1032 761 1161 796 δεύματα
1171 760 1313 788 συνόδου⁸
1329 761 1384 796 Τὴν
1402 760 1492 787 ἄδικον
1509 761 1556 788 καὶ
1573 761 1651 788 ἄθεον
1664 761 1754 796 ψυχὴν
1769 771 1819 796 φυ-

1032 807 1152 842 γαδεύων
1168 807 1214 842 ἀφ’
1237 806 1333 834 ἑαυτοῦ
1353 807 1520 842 πορρωτάτω
1544 806 1697 843 διέσπειρεν
1713 808 1754 838 si;
1772 807 1817 833 τὸν

1032 852 1132 888 ἡδονῶν
1147 854 1193 880 καὶ
1213 852 1363 888 ἐπιθυμιῶν
1384 853 1430 879 καὶ
1445 852 1620 888 ἀδικημάτων
1636 853 1725 888 χῶρον
1735 862 1741 867 ·
1760 854 1774 879 ὁ
1788 853 1816 879 δὲ

1032 895 1118 931 χῶρος
1133 894 1210 928 οὗτος
1226 896 1433 932 προσφυέστατα
1453 896 1559 923 ἀσεϐῶν
1579 897 1709 930 καλεῖται,
1735 897 1785 932 οὐχ
1801 897 1815 923 6

1032 941 1212 977 μυθευόμενος
1222 942 1250 968 ἐν
1266 941 1338 977 ᾅδου·
1353 943 1399 968 καὶ
1414 942 1468 978 γὰρ
1483 944 1497 969 ὸ
1513 943 1580 977 πρὸς
1595 943 1724 978 ἀλήθειαν
1737 943 1814 978 ᾅδης,

1030 988 1045 1014 ὁ
1059 987 1105 1014 τοῦ
1118 986 1254 1023 μοχθηροῦ
1271 987 1327 1022 βίος
1347 988 1429 1018 ἐστιν.
1447 989 1462 1015 ὸ
1483 988 1618 1024 ἀλάστωρ,
1636 989 1683 1015 καὶ
1705 989 1815 1024 παλαμ-

1030 1034 1114 1066 ναῖος,
1134 1034 1181 1060 καὶ
1198 1033 1298 1066 πάσαις
1311 1034 1391 1070 ἀραῖς
1410 1033 1511 1069 ἔνοχος.
1531 1043 1541 1059 ι
1561 1033 1689 1068 lnjustam
1706 1040 1735 1062 et
1761 1035 1814 1061 im-

1029 1079 1102 1116 piam
1117 1080 1235 1107 animam
1248 1079 1365 1115 fugatam
1379 1088 1393 1107 a
1405 1080 1493 1115 seipso
1510 1080 1587 1116 longe
1599 1081 1692 1115 procul
1707 1081 1815 1116 disper-

1030 1125 1069 1161 git
1084 1125 1176 1161 (Deus)
1189 1126 1215 1153 in
1231 1125 1412 1161 voluptatum,
1432 1130 1460 1153 et
1475 1126 1662 1161 cupiditatum,
1674 1130 1702 1154 et
1717 1126 1814 1154 crimi-

1030 1179 1093 1199 num
1113 1171 1214 1199 locum.
1241 1171 1291 1200 Hic
1310 1177 1400 1199 autem
1421 1172 1498 1200 locus
1512 1172 1651 1206 aptissime
1670 1172 1815 1207 impiorum

1030 1214 1190 1249 appellatur,
1204 1222 1256 1243 non
1272 1216 1319 1251 qui
1333 1216 1403 1252 apud
1427 1216 1529 1244 inferos
1546 1213 1668 1244 fabulose
1692 1216 1814 1252 tingitur.

1030 1259 1116 1288 Verus
1140 1261 1212 1289 enim
1241 1262 1371 1294 infernus,
1397 1262 1452 1290 vita
1475 1267 1517 1290 est
1539 1262 1657 1290 hominis
1682 1270 1814 1297 nequam,

1029 1306 1199 1340 perniciosa,
1229 1307 1427 1340 conscelerate,
1455 1313 1483 1335 et
1516 1309 1589 1336 omni
1622 1309 1815 1336 exsecratione

1028 1351 1120 1386 digna.
1137 1359 1148 1378 ι
1163 1351 1330 1387 Corporeum
1347 1360 1456 1388 quoque
1481 1358 1563 1388 negat
1586 1360 1648 1381 esse
1676 1353 1814 1380 infernum

1029 1395 1174 1432 Gregorius
1191 1396 1329 1433 Nyssenus
1355 1398 1402 1425 lib.
1428 1397 1467 1425 De
1490 1398 1580 1424 anima
1607 1404 1633 1425 et
1659 1403 1815 1430 mnum"

1028 1443 1252 1478 quemadmodum
1272 1444 1360 1479 ignem
1386 1449 1517 1471 attentum
1546 1444 1657 1471 materia
1689 1450 1816 1472 constare

1029 1488 1164 1516 inlicialur
1176 1488 1293 1517 Joannes
1321 1489 1504 1518 Damascenus
1525 1490 1550 1517 in
1573 1490 1626 1517 line
1648 1489 1711 1517 libri
1727 1498 1755 1517 tv
1777 1489 1815 1517 De

1029 1535 1132 1563 ortltod.
1143 1535 1204 1570 lict,
1218 1535 1295 1570 cujus
1315 1539 1404 1562 tamen
1426 1535 1587 1564 sententiam
1608 1535 1714 1563 mollire
1731 1543 1815 1562 cona-

1030 1585 1074 1608 tur
1101 1581 1131 1608 S.
1158 1581 1288 1615 Thomas,
1313 1586 1344 1608 ut
1366 1585 1408 1608 est
1431 1581 1499 1615 apud
1527 1580 1632 1608 Sixtum
1660 1580 1813 1609 Senensem

1030 1625 1156 1654 Bibiioth.
1176 1625 1222 1653 lib.
1241 1634 1267 1659 v,
1291 1626 1382 1654 adnot.
1408 1626 1468 1653 HI.
1492 1625 1582 1661 Ignem
1601 1631 1628 1654 et
1650 1634 1772 1654 vcrmem
1787 1627 1814 1654 in

1029 1671 1160 1699 scelerum
1177 1671 1304 1699 memoria
1312 1671 1387 1706 ponit
1401 1670 1619 1706 Thcophylactus
1630 1672 1656 1698 in
1667 1679 1694 1699 lx
1704 1671 1792 1699 Marc.
1804 1679 1814 1697 .-

1029 1717 1139 1752 Σκώληξ
1154 1717 1182 1744 δὲ
1196 1718 1244 1745 καὶ
1264 1717 1319 1754 πῦρ
1338 1717 1484 1750 κολάζοντα
1504 1718 1567 1749 τοὺς
1590 1718 1772 1754 ἁμαρτωλοὺς
1797 1719 1815 1752 ἡ

1029 1758 1179 1799 συνέίδησίς
1192 1765 1265 1790 ἐστιν
1277 1763 1402 1795 ἑκάστου,
1412 1763 1457 1789 καὶ
1471 1763 1487 1798 ὴ
1503 1763 1597 1798 μνήμη
1609 1763 1664 1789 τῶν
1678 1763 1815 1800 πραχθέν-

1028 1818 1083 1836 των
1097 1810 1126 1835 ὲν
1143 1808 1182 1845 τῷ
1196 1809 1246 1844 βίῳ
1258 1809 1344 1844 τούτῳ
1366 1809 1495 1844 αἰσχρῶν·
1514 1809 1574 1845 ητις
1590 1808 1685 1845 ὥσπερ
1702 1808 1813 1844 σκώληξ

1029 1855 1204 1890 καταδαπανᾷ
1216 1855 1263 1881 καὶ
1274 1854 1311 1886 ὡς
1324 1853 1379 1890 πῦρ
1389 1854 1492 1889 φλέγει.
1508 1863 1518 1879 ι
1539 1854 1642 1882 Vermis
1666 1859 1757 1881 autem
1784 1860 1814 1881 et

1030 1901 1115 1936 ignis,
1148 1902 1193 1935 qui
1228 1900 1344 1936 puniunt
1376 1906 1544 1935 peccatores,
1577 1900 1746 1928 conscientia
1772 1905 1814 1927 est

1029 1947 1241 1982 uniuscujusque
1255 1951 1283 1974 et
1303 1946 1432 1974 memoria
1458 1945 1575 1980 turpium
1591 1945 1617 1973 in
1635 1946 1686 1972 hac
1698 1946 1751 1972 vita
1768 1953 1814 1980 ge-

1029 2000 1132 2022 storum
1144 2003 1152 2024 ;
1166 2001 1226 2028 qua:
1249 1993 1318 2021 sicut
1337 1993 1435 2020 vermis
1450 1992 1580 2025 absumit,
1599 1996 1627 2019 et
1646 1992 1718 2019 sicut
1742 1992 1814 2027 ignis

1028 2040 1091 2068 urit.
1113 2049 1123 2066 ›
1141 2039 1247 2067 Nicetas
1265 2039 1311 2066 lib.
1326 2046 1351 2066 Iv
1368 2038 1443 2066 Tim.
1463 2039 1566 2066 ortlwd.
1579 2038 1639 2073 ῥά,
1650 2039 1717 2066 haer.
1733 2046 1812 2070 xxxi,

1029 2085 1111 2113 Deum
1124 2085 1194 2120 ignis
1220 2085 1291 2112 illius
1317 2085 1426 2113 nomine
1447 2085 1535 2112 notari
1562 2084 1729 2119 suspicatur,
1747 2084 1811 2118 quia

1030 2140 1041 2157 ε
1057 2131 1150 2159 vitium
1174 2131 1320 2164 consumit,
1347 2134 1375 2158 et
1396 2130 1422 2157 in
1447 2130 1564 2158 favillam
1586 2130 1732 2158 convertit.
1754 2139 1765 2156 ι
1782 2130 1811 2157 Ιιι

1026 2177 1168 2206 statuendo
1183 2176 1329 2204 inferorum
1342 2177 1401 2204 loco
1419 2181 1495 2203 extra
1512 2176 1603 2204 mundi
1623 2176 1703 2212 hujus
1725 2181 1813 2204 metas

1026 2224 1135 2259 Origeni
1158 2223 1324 2259 suffragatur
1347 2223 1559 2258 Cbrysostomus
1591 2223 1686 2250 homil.
1717 2223 1748 2250 3t
1783 2223 1811 2249 in

1029 2270 1116 2305 Epist.
1129 2271 1164 2297 ad
1183 2269 1272 2303 Rom.,
1283 2270 1435 2304 gehennam
1446 2269 1473 2296 in
1487 2269 1582 2304 spatiis
1597 2269 1630 2295 ab
1641 2269 1692 2296 hoc
1709 2269 1811 2295 mundo

1027 2316 1141 2345 secretis
1153 2320 1275 2343 statuens
1298 2315 1350 2343 hoc
1369 2320 1537 2350 argumento,
1555 2315 1626 2350 quod
1641 2322 1733 2349 regum
1747 2322 1810 2342 car-

1026 2369 1103 2390 ceres
1114 2365 1142 2389 et
1155 2360 1263 2388 metalla
1279 2366 1379 2388 remota
1393 2367 1454 2387 esse
1470 2360 1584 2388 soleant.
1601 2358 1771 2395 Suﬂ'ragatur
1782 2364 1810 2387 et

1024 2408 1190 2443 Augustinus
1211 2407 1258 2435 lib.
1281 2415 1317 2434 xu
1337 2406 1376 2434 De
1395 2405 1487 2434 Cenes.
1512 2407 1548 2433 ad
1565 2406 1658 2439 ωηεν-η
1677 2414 1738 2440 cap.
1761 2406 1808 2437 55,

1025 2454 1071 2487 51,
1084 2461 1145 2481 cum
1168 2453 1271 2481 inferos
1288 2458 1365 2481 extra
1384 2457 1485 2480 terram
1499 2452 1630 2484 collocat;
1655 2457 1683 2480 et
1707 2453 1757 2480 lib.
1775 2462 1806 2481 u

1026 2500 1063 2528 De
1074 2501 1146 2528 civit.
1160 2499 1219 2532 Dei,
1236 2507 1294 2536 cap.
1308 2499 1353 2532 16,
1375 2507 1436 2526 cum
1454 2499 1577 2534 ignorare
1599 2505 1629 2526 se
1652 2498 1807 2533 profitetur,

1027 2555 1036 2572 ι
1055 2546 1081 2573 in
1094 2553 1146 2581 qua
1163 2545 1256 2572 mundi
1273 2545 1315 2572 vel
1333 2552 1423 2572 rerum
1447 2549 1522 2579 parte
1543 2543 1652 2571 futurus
1674 2543 1712 2571 sit
1737 2544 1808 2579 ignis

1024 2589 1080 2617 ille.
1103 2598 1113 2615 ι
1129 2588 1259 2622 Quamvis
1275 2589 1321 2617 lib.
1338 2597 1356 2617 ιι
1370 2589 1499 2622 Ιὶειιίιει.9
1519 2590 1580 2624 ca‘p.
1598 2588 1646 2621 24,
1665 2589 1718 2616 sub
1731 2590 1808 2616 terris

1024 2635 1094 2662 bunc
1104 2642 1164 2662 esse
1182 2635 1289 2662 tandem
1303 2635 1444 2662 concedat.
1456 2634 1535 2661 Certe
1549 2635 1583 2661 de
1595 2633 1654 2661 loco
1669 2639 1696 2661 et
1712 2639 1806 2661 natura

1022 2681 1092 2716 ignis
1108 2680 1200 2715 hujus,
1215 2681 1279 2708 licet
1293 2680 1396 2708 nullum
1411 2681 1498 2708 adhuc
1508 2679 1610 2707 editum
1623 2678 1659 2707 sit
1671 2680 1806 2714 peculiare

1024 2726 1174 2758 decretum.
1202 2726 1300 2754 nedum
1327 2725 1480 2753 Adamantii
1505 2729 1596 2757 aetate,
1614 2725 1750 2752 universa:
1767 2730 1805 2751 ta-

1025 2780 1088 2801 men
1099 2780 1245 2800 consensus
1259 2772 1386 2800 Ecclesiae
1399 2772 1464 2798 satis
1474 2770 1603 2804 ostendit,
1622 2770 1688 2805 quid
1705 2770 1806 2798 unicui-

1025 2827 1078 2854 que
1094 2819 1241 2846 tenendum
1265 2818 1311 2846 sit.
1342 2819 1460 2854 Denique
1484 2817 1604 2853 Joannes
1631 2817 1805 2853 Pbiloponus,

1025 2865 1193 2893 Christianus
1205 2864 1391 2900 philosophus.
1412 2864 1518 2893 animas
1534 2863 1696 2899 corporibus
1716 2872 1804 2892 excin-
