1912 3079
100 140 170 169 ιῡοθ

520 139 805 167 οιιιϐιεΜΑΝοιιυιι
826 138 890 165 LIB.
911 138 942 171 ll,
963 139 1039 171 CAP.
1060 139 1092 171 ll,
1112 139 1249 172 QUIEST.
1270 140 1316 168 XI.

1640 141 1705 169 lO-IO

94 204 156 234 ptas
170 198 242 224 circa
263 203 432 224 tuonumcnta
448 197 560 224 volutari
580 205 641 224 cum
657 197 770 230 Origene
789 197 881 224 dccre-
895 196 917 224 Α
933 196 1058 222 vitiorum
1076 195 1141 222 hcce
1163 200 1287 231 purgata,
1315 196 1380 222 nihil
1401 195 1473 223 aliud
1498 196 1536 223 vel
1558 196 1707 232 intelligere

93 243 156 270 vit:
181 251 242 270 nam
264 243 400 271 hominem
416 243 512 276 triplici
531 243 691 270 instructum
714 243 814 273 anima,
834 249 880 268 ve-

91 289 220 322 getativa.
248 289 376 315 sensitiva
400 294 425 315 et
456 288 600 318 rationali,
625 287 758 322 prioribus
775 287 878 314 duabus

91 342 140 368 per
157 338 271 360 mortetu
287 333 386 368 privari
408 333 487 366 dixit,
504 333 607 359 tertiam
629 341 692 360 vero
718 340 876 367 superesse;

88 387 150 414 qua:
162 380 183 406 si
202 379 351 406 sceleribus
366 379 504 413 inquinata
522 380 567 412 sit,
582 380 723 414 expiandis
736 380 768 407 iis
779 381 876 415 spiritu

89 425 164 452 tenui
183 424 288 457 vestiri,
312 425 338 451 in
357 432 441 456 eoque
474 425 647 453 commeritas
670 434 764 461 ptenas
793 428 874 459 dare;

87 471 207 506 alioquin
220 471 404 504 incorpoream
421 471 548 503 animam,
562 473 698 506 corporeis
713 473 792 500 rebus
807 474 875 500 allici

88 525 142 544 non
163 524 257 551 posse;
278 516 396 551 spiritale
421 517 511 551 itaque
541 518 611 546 istud
630 525 726 553 corpus
740 519 875 554 suppliciis

88 562 305 596 torqueri;etin
326 561 483 596 sepulcretis
506 562 612 590 interim
623 563 730 598 degere.
741 564 875 599 variisque

88 607 164 634 indui
188 606 291 638 formis.
316 612 342 635 et
364 608 507 641 vaporibus
530 608 641 640 nutriri;
662 616 748 643 eoque
766 609 873 636 tandem

85 653 242 686 absumpto,
270 657 325 679 tum
348 653 455 680 demum
470 653 606 688 expiatam
623 654 741 681 animam
758 654 870 687 absolvi,

85 705 114 727 et
128 700 154 726 in
172 699 267 727 ccelum
282 699 356 727 ferri.

123 745 196 772 Nihil
212 753 292 780 porro
308 746 405 773 iterare
415 746 522 779 attinet,
539 747 612 781 quod
627 746 739 782 suojam
750 747 872 782 disputa-

85 793 177 820 vimus
201 793 268 823 loco,
296 800 445 827 ecquonam
472 797 591 828 tempore
619 793 786 820 daemonibus
808 793 873 820 infe-

85 839 172 866 renda
202 838 332 874 supplicia
364 838 496 873 Origenes
522 839 669 873 putaverit.
697 839 870 872 Perspicuum

85 884 159 910 enim
175 883 288 911 fecimus
302 883 400 915 nullas,
418 884 501 919 ipsius
517 884 652 918 opinione,
666 892 760 920 pmoas
781 885 813 912 iis
827 885 870 912 in-

84 929 153 964 ﬂigi,
176 929 262 964 quoad
290 934 425 964 postremo
453 929 553 964 judicio
581 930 605 957 in
628 930 715 964 ignem
740 935 868 958 aeternum

83 975 201 1009 coujecti
214 976 283 1008 sitit;
299 976 450 1010 multosque
463 983 478 1003 e
494 977 594 1003 sanctis
612 976 735 1003 Patribus
750 983 868 1012 poenam,

84 1022 124 1049 uti
139 1023 298 1056 appellatur,
312 1030 405 1049 sensus
420 1024 453 1049 ah
465 1022 497 1049 iis
510 1023 666 1050 removisse.

122 1068 167 1096 IX.
181 1068 257 1096 Nunc
269 1068 331 1102 quid
346 1067 380 1096 de
401 1068 526 1095 beatitate
537 1073 706 1096 commentus
721 1069 766 1101 sit,
780 1070 870 1104 explo-

84 1122 189 1141 remus.
207 1114 281 1141 llanc
296 1113 322 1140 in
337 1121 369 1141 eo
385 1113 499 1148 positam
513 1114 610 1144 sensit.
634 1119 662 1141 ut
676 1115 798 1149 quisquis
809 1123 869 1142 eam

83 1160 121 1187 sit
146 1160 268 1194 adeptus,
295 1167 363 1187 unus
389 1167 448 1187 cum
475 1159 529 1187 Deo
550 1159 690 1192 efﬁciatur,
706 1160 781 1194 juxta
807 1160 870 1188 illud

81 1205 166 1234 Joan.
183 1214 250 1238 xvn,
273 1206 308 1232 '24
333 1209 360 1233 et
376 1205 407 1233 21
427 1217 432 1233 ;
454 1215 463 1231 ι
488 1205 568 1232 Pater
586 1213 654 1240 quos
678 1206 773 1233 dedisti
790 1207 866 1240 mihi,

82 1252 148 1279 volo
159 1255 189 1279 ut
205 1252 249 1279 ubi
265 1260 323 1279 sum
342 1260 403 1288 ego,
420 1256 447 1280 et.
467 1251 505 1279 illi
522 1251 577 1279 sint
594 1259 715 1285 mecum;
735 1257 764 1279 ut
778 1261 871 1281 omnes

82 1305 170 1325 unum
187 1298 251 1330 sint,
269 1297 339 1325 sicut
355 1302 381 1325 tu
396 1297 476 1325 Pater
488 1297 513 1324 in
530 1304 583 1330 me,
601 1303 629 1325 et
645 1305 695 1333 ego
707 1298 732 1324 in
752 1302 787 1330 te,
801 1303 829 1325 ut
845 1302 872 1326 et

83 1343 136 1378 ipsi
151 1343 176 1370 in
191 1343 269 1370 nobis
292 1350 373 1370 unum
398 1343 462 1370 sint.
487 1351 497 1369 ι
522 1342 563 1369 Ad
578 1342 604 1369 id
620 1346 708 1369 autem
736 1342 871 1370 felicitatis

81 1390 192 1417 culmen
207 1397 258 1416 non
276 1389 367 1416 statim
389 1389 494 1423 putavit
520 1387 668 1423 perveniri,
693 1389 740 1416 sed
759 1396 807 1423 per
821 1396 870 1416 co-

81 1435 232 1471 gnitionem
248 1435 363 1468 primum
380 1439 407 1462 et
417 1434 608 1464 eruditionem.
625 1441 677 1468 qua
692 1441 815 1461 errorum
845 1438 872 1461 et

82 1481 246 1518 ignorantiae
259 1480 347 1514 caligo
368 1479 528 1512 discutitur;
554 1485 587 1506 ac
600 1478 697 1506 deinde
711 1486 758 1514 per
773 1479 819 1506 Dei
835 1480 873 1506 si-

930 240 973 267 vel
984 241 1084 268 sentire
1098 245 1195 275 potest,
1214 249 1294 275 quam
1315 240 1417 274 Deum;
1433 248 1482 268 nce
1494 243 1608 276 amplius
1620 250 1653 269 cx
1668 251 1709 269 ar-

930 286 995 314 bore
1011 287 1129 314 scientia:
1151 286 1212 313 boni
1237 291 1264 314 ct
1286 287 1348 313 mali
1367 286 1509 321 decerptus
1535 288 1640 316 fructus
1663 288 1709 315 de—

930 337 1037 365 gustare
1051 331 1227 366 concupiscit,
1242 339 1301 358 cum
1315 340 1421 366 semper
1435 333 1460 359 in
1478 332 1547 360 bono
1564 334 1609 365 sit,
1623 342 1672 362 nec
1683 335 1707 362 ei

929 377 1027 405 malum
1049 383 1205 413 perpetrare
1232 383 1388 413 promptum
1415 379 1465 411 sit;
1492 387 1576 414 eoque
1599 381 1707 407 tandem

927 429 1005 458 pacto
1032 424 1109 451 finem
1142 424 1262 458 reparari
1293 424 1318 450 iu
1353 425 1531 459 principium,
1565 434 1708 462 rerumqtte

927 472 1014 498 exitus
1034 471 1118 498 initiis
1139 470 1268 505 conferri,
1285 478 1345 498 cum
1369 472 1394 497 in
1416 471 1488 498 illum
1508 475 1607 499 statum
1630 473 1708 500 resti-

928 521 1019 544 tuetur
1036 517 1137 548 anima,
1154 524 1234 551 quem
1259 525 1320 544 cum
1346 522 1460 550 teneret,
1487 517 1560 553 ligno
1588 518 1708 546 scientiae

926 562 987 588 boni
1004 567 1030 589 et
1048 563 1109 589 mali
1123 570 1176 589 non
1194 563 1303 597 egebat;
1323 568 1385 591 tunc
1399 571 1457 591 eam
1470 565 1547 591 morti
1562 565 1707 592 obnoxiam

926 615 977 635 non
996 609 1122 641 futuram,
1139 610 1276 637 detersum
1291 609 1326 637 iri
1339 617 1446 638 omnem
1459 610 1569 637 malitia:
1584 618 1706 642 sensum,

927 654 1062 689 Deumque
1076 663 1138 683 vere
1153 655 1273 682 futurum
1290 656 1380 683 omnia
1403 657 1428 682 in
1440 656 1576 683 omnibus.
1597 657 1636 683 Ad
1649 657 1707 684 haec

924 699 1003 734 quale
1022 700 1140 727 futurum
1152 701 1186 728 sit
1202 701 1325 735 spiritale
1339 702 1403 729 illud
1415 710 1514 737 corpus
1528 709 1581 736 qtto
1594 702 1709 730 circum»

924 747 1053 773 vesticmli
1067 752 1129 773 sunt
1150 747 1231 780 beati,
1249 748 1388 781 patefecit,
1402 748 1568 782 splendidius
1581 747 1706 774 nimirum

923 796 949 819 et
964 792 1137 820 excellentius
1149 793 1304 827 corporibus
1318 793 1427 828 reliquis
1441 801 1502 828 quae
1511 794 1562 821 sub
1570 798 1707 829 aspectum

923 839 1019 865 cadere
1033 843 1163 872 possunt;
1188 846 1222 866 co
1239 847 1303 867 vero
1315 840 1375 874 plus
1390 840 1548 867 subtilitatis
1564 847 1595 867 ac
1617 839 1708 874 splen-

922 884 995 912 doris
1011 885 1181 919 adepturum,
1196 893 1250 920 quo
1273 887 1378 914 ratione
1396 887 1527 914 instrttcta
1543 887 1633 913 anima
1649 886 1709 921 plus

922 930 1024 957 meritis
1039 931 1095 958 suis
1108 939 1139 959 ac
1151 932 1293 959 virtutibus
1309 933 1471 967 poposcerit.
1487 932 1587 966 Qumrit
1601 933 1706 960 demum

922 981 1010 1002 utrum
1027 981 1086 1010 post
1105 983 1194 1003 rerum
1216 978 1486 1011 consummationem,
1503 985 1563 1005 cum
1578 978 1647 1006 Deus
1657 979 1708 1006 erit

921 1020 1009 1046 omnia
1031 1021 1057 1048 in
1084 1022 1227 1055 omnibus,
1260 1021 1329 1049 idem
1351 1023 1404 1049 crit
1425 1030 1567 1058 corporum
1587 1023 1706 1051 omnium

922 1066 1010 1101 fulgor
1034 1071 1060 1094 et
1081 1067 1181 1102 gloria;
1201 1068 1398 1102 respondetque
1425 1075 1559 1096 summum
1584 1069 1658 1096 illum
1680 1073 1708 1096 et

922 1113 1069 1147 perfectum
1095 1118 1194 1140 statum
1215 1115 1374 1149 adepturam
1392 1122 1549 1149 corpoream
1572 1119 1706 1146 naturam,

921 1162 1061 1192 postquam
1089 1159 1190 1186 sanctis
1211 1159 1342 1187 doctrinis
1371 1161 1491 1188 eruditas
1516 1160 1622 1188 animas
1652 1161 1707 1188 Deo

922 1202 993 1230 Patri
1017 1204 1140 1232 Christus
1168 1204 1324 1240 subjecerit.
1354 1206 1442 1240 Atque
1462 1206 1519 1234 haec
1551 1207 1607 1234 l‘ere
1627 1206 1708 1234 habet

923 1249 1099 1285 Hieronymus
1128 1250 1207 1284 epist.
1240 1250 1291 1283 59,
1315 1251 1347 1278 ad
1369 1251 1454 1283 Δι’ἰι.ν
1481 1259 1540 1286 cap.
1567 1252 1600 1285 5,
1624 1257 1652 1280 et
1674 1252 1707 1280 ad

922 1294 1001 1322 finem
1018 1295 1077 1322 libri
1095 1296 1174 1331 hujus
1187 1296 1261 1323 tertii
1286 1297 1355 1331 Περὶ
1372 1297 1472 1332 ἀρχῶν
1498 1298 1548 1325 ista
1564 1297 1706 1334 Origenem

921 1340 1045 1368 intulisse
1058 1342 1095 1368 ait
1111 1350 1117 1368 :
1135 1351 1145 1367 ι
1169 1341 1200 1368 Ει
1218 1343 1272 1369 erit
1292 1342 1361 1370 Deus
1373 1344 1464 1370 omnia
1480 1344 1507 1371 in
1522 1344 1659 1377 omnibus,
1678 1349 1708 1372 ut

922 1387 1046 1414 universa
1060 1392 1155 1414 natura
1171 1396 1300 1423 corporea
1322 1390 1458 1424 redigatur
1470 1390 1495 1416 iu
1510 1398 1570 1418 eam
1581 1391 1709 1418 substan-

921 1433 984 1460 tiam
1003 1440 1062 1468 qum
1076 1434 1202 1461 omnibus
1223 1434 1319 1462 melior
1333 1439 1385 1466 est.
1408 1435 1434 1462 in
1457 1435 1575 1462 divinam
1591 1436 1705 1469 scilicet,

922 1485 974 1511 qua
990 1478 1060 1505 nulla
1074 1482 1117 1506 est
1135 1479 1247 1513 melior;
1265 1489 1274 1506 ι
1292 1481 1363 1515 quod
1386 1480 1500 1508 Rufinus
1519 1481 1706 1508 dissimulavit.

82 1527 280 1557 militudinem;
305 1529 333 1553 et
358 1525 464 1552 demum
492 1531 541 1560 per
569 1525 691 1551 intimam
718 1532 790 1552 cum.
818 1525 906 1561 Deoc
923 1522 1109 1550 Dissimulavit
1127 1528 1155 1551 et
1177 1524 1229 1552 hoc
1253 1525 1376 1559 alterum,
1402 1526 1473 1560 quod
1488 1533 1520 1552 cx
1535 1527 1630 1553 eodem
1647 1526 1709 1554 Ori-

81 1572 304 1606 conjunctionem
319 1575 346 1597 et
359 1570 502 1603 unitatem,
520 1577 572 1604 qua
592 1576 745 1603 supretnum
773 1569 869 1596 bonum

81 1617 252 1645 continetur.
270 1615 360 1642 Multis
377 1615 434 1642 haec
445 1614 614 1649 explicantur
630 1614 678 1641 lib.
701 1622 722 1642 ιι
743 1613 780 1641 De
799 1616 876 1649 priu-

81 1665 146 1699 cip.,
163 1670 223 1697 cap.
241 1661 285 1695 11,
304 1669 377 1689 num.
395 1662 422 1692 5.
437 1665 464 1688 et.
482 1661 528 1688 ιιι).
542 1669 584 1692 ιιι,
610 1668 668 1695 cap.
686 1660 712 1692 6,
731 1668 805 1687 num.
822 1661 834 1687 l
849 1665 876 1688 et

81 1717 143 1744 seq.
161 1718 168 1736 :
187 1716 249 1735 nam
266 1708 356 1743 priore
370 1707 429 1734 loco
443 1706 559 1734 ostendit
573 1705 702 1740 Origenes
711 1710 875 1733 comesturos

81 1759 194 1783 sanctos
207 1763 216 1779 ‹
232 1761 328 1789 panem
341 1753 411 1785 vita),
423 1753 469 1788 qui
485 1751 607 1779 veritatis
615 1757 640 1779 et
655 1752 793 1786 sapientiae
807 1751 874 1779 cibis

82 1801 189 1828 nutriat
201 1800 330 1831 animam,
343 1804 371 1827 et
382 1798 514 1826 illuminet
530 1802 658 1829 mentem,
680 1802 706 1824 et
726 1802 798 1832 potet
814 1805 872 1824 eam

81 1846 184 1872 divinae
198 1845 336 1880 sapientiae
351 1844 501 1878 poculis....
524 1842 622 1876 quibus
647 1842 786 1877 sapientiae
803 1842 872 1870 escis

82 1889 186 1918 nutrita
199 1896 276 1916 mens
286 1889 318 1916 ad
333 1889 463 1924 integrum
477 1893 503 1915 et
513 1886 670 1922 perfectum,
680 1887 788 1914 sicutex
798 1887 873 1914 initio

82 1937 174 1964 factus
189 1940 231 1963 est
246 1936 338 1967 homo,
355 1935 387 1961 ad
401 1935 545 1968 imaginem
559 1938 586 1960 et
607 1932 812 1960 similitudinem
825 1932 870 1960 Dci

83 1987 237 2018 reparetur.
253 1991 261 2007 ι
273 1981 341 2008 lline
356 1980 499 2014 unicuique
518 1987 533 2006 ιι
549 1979 604 2006 Deo
620 1978 749 2006 insertum
762 1985 822 2005 esse
836 1978 873 2005 ait

82 2029 208 2058 discendi
231 2035 362 2059 amorem,
393 2026 437 2061 qui
465 2031 520 2052 tum
546 2024 707 2059 explebitur,
732 2031 792 2051 cum
812 2027 873 2059 post

83 2077 229 2111 diligenter
243 2074 384 2109 qumsitam
400 2073 426 2099 in
448 2072 499 2099 hac
523 2071 578 2098 vita
596 2070 720 2098 veritatis
736 2070 872 2102 notitiam,

82 2123 230 2151 clariorem
245 2128 334 2148 rerum
348 2120 548 2156 perceptionem
573 2118 700 2153 consequi
716 2125 873 2153 promerue-

84 2171 183 2198 rimus.
201 2167 373 2203 Multiplicem
387 2165 483 2193 deinde
500 2172 589 2192 rerum
606 2164 748 2191 seicntiam
762 2171 873 2191 enume-

925 1569 1001 1604 genis
1016 1568 1084 1596 libro
1099 1577 1158 1604 cap.
1178 1569 1204 1602 6,
1220 1578 1283 1597 num
1298 1571 1325 1603 5,
1342 1571 1451 1598 adducit
1468 1571 1566 1599 ibidem
1579 1572 1705 1608 llierony-

925 1622 985 1642 mus
1003 1624 1010 1642 :
1034 1624 1043 1640 ι
1063 1614 1117 1642 Nec
1135 1616 1243 1643 dubium
1264 1621 1307 1643 est
1322 1617 1386 1651 quin
1404 1621 1464 1652 post
1479 1618 1601 1652 qua-dam
1624 1618 1708 1645 inter-

925 1661 993 1687 valla
1012 1665 1161 1696 temporum
1174 1669 1267 1690 rursus
1279 1663 1390 1689 materia
1401 1664 1540 1696 subsistat,
1555 1668 1581 1691 et
1594 1671 1708 1698 corpora

926 1705 1006 1738 llant,
1033 1711 1061 1733 et
1089 1706 1181 1734 mundi
1214 1707 1357 1734 diversitas
1391 1713 1576 1740 construatur;
1600 1713 1709 1743 propter

924 1752 1013 1778 varias
1029 1751 1182 1780 voluntates
1204 1753 1404 1780 rationabilium
1425 1757 1623 1786 creaturarum,
1648 1761 1708 1788 qua:

924 1801 983 1831 post
998 1797 1146 1831 perfectam
1173 1798 1366 1826 beatitudinem
1388 1806 1472 1832 usque
1497 1799 1530 1826 ad
1555 1799 1634 1826 linem
1650 1807 1708 1826 om—

923 1843 997 1869 nium
1016 1851 1105 1870 rerum
1128 1843 1255 1877 paulatim
1277 1844 1310 1871 ad
1332 1844 1458 1871 inferiora
1478 1844 1587 1878 dilapsa:
1605 1849 1706 1872 tantam

924 1888 1053 1916 malitiam
1067 1895 1241 1924 receperunt,
1254 1894 1284 1916 ut
1301 1889 1326 1916 in
1341 1890 1508 1916 contrarium
1525 1895 1706 1923 verterentur,

923 1937 985 1963 dum
1011 1935 1104 1963 nolunt
1128 1942 1240 1962 servare
1269 1935 1449 1970 principium,
1473 1940 1501 1962 et
1525 1936 1706 1970 incorruptam

923 1982 1115 2010 beatitudinem
1140 1982 1288 2017 possidere.
1309 1991 1318 2006 ι
1340 1982 1366 2008 ld
1398 1981 1496 2016 quippe
1520 1982 1706 2017 pervulgatum

923 2027 1049 2062 Origenis
1073 2027 1169 2062 dogma
1197 2026 1230 2053 de
1244 2026 1386 2054 beatorum
1415 2027 1566 2054 animorum
1588 2027 1706 2061 peccatis

923 2077 951 2099 et
968 2073 1094 2107 lapsibus.
1119 2073 1144 2100 in
1167 2073 1234 2100 alios
1255 2072 1384 2100 transfert
1412 2072 1634 2108 interpretatione
1659 2080 1706 2099 sua

925 2118 1037 2146 Ruﬁnus
1059 2119 1128 2146 libro
1143 2120 1236 2146 eodem
1262 2127 1291 2146 ιιι
1315 2117 1353 2146 De
1381 2118 1504 2153 priltcip.,
1529 2125 1588 2153 cap.
1612 2118 1639 2145 6.
1662 2118 1707 2146 Sic

925 2165 996 2192 etaim
1013 2165 1094 2192 habet
1112 2174 1118 2192 :
1138 2174 1147 2190 ι
1167 2164 1265 2192 Verum
1281 2165 1361 2192 istam
1377 2165 1570 2200 perfectionem
1587 2172 1619 2192 ac
1642 2165 1706 2192 bea-

83 2221 140 2247 rat,
157 2222 210 2249 qua
223 2218 279 2241 tum
293 2220 368 2241 mens
393 2211 580 2244 illustrabitur,
601 2217 653 2236 non
676 2209 790 2244 simplici
810 2210 870 2244 qui-
887 2214 909 2242 υ
924 2209 1064 2236 titudinem
1091 2209 1290 2236 rationabilium
1310 2215 1507 2242 creaturarum,
1533 2209 1575 2236 vel
1597 2215 1707 2236 natura—

83 2262 147 2289 dem
164 2266 191 2287 et
204 2260 343 2294 repentina
355 2257 566 2289 collustratione,
582 2257 628 2283 sed
645 2256 762 2287 diversa,
779 2260 806 2283 et
821 2263 868 2290 pro

83 2307 187 2334 mentis
210 2311 289 2340 captu
303 2309 330 2333 et
346 2311 490 2339 progressu
519 2302 671 2330 continenti
697 2302 870 2329 successione

85 2353 237 2388 impertita.
262 2351 416 2379 Postcriore
442 2355 531 2377 autem
552 2349 611 2375 loco
636 2348 714 2375 docet
734 2355 869 2375 smnmum

84 2401 202 2429 bonum.
216 2405 263 2426 seu
281 2398 359 2424 linem
374 2396 504 2426 omnium,
519 2395 552 2421 ad
572 2401 650 2428 quem
670 2398 764 2420 natura
790 2393 870 2419 ratio-

84 2444 160 2472 nalis
185 2444 311 2471 universa
340 2442 436 2475 tendit,
464 2443 536 2469 hunc
566 2447 638 2471 esse,
665 2438 780 2466 similem
806 2438 870 2471 Deo,

84 2491 178 2526 quioad
196 2490 255 2524 ejus
272 2489 328 2516 lieri
347 2493 444 2523 potest,
462 2488 593 2519 evadere;
620 2490 700 2520 atque
715 2492 745 2512 ex
765 2485 815 2511 hac
834 2485 872 2511 si—

86 2535 243 2564 militudine
267 2535 293 2562 in
315 2534 410 2561 melius
431 2533 617 2568 proficientem
642 2531 759 2558 animant
790 2539 872 2557 unum

82 2581 142 2616 jam
169 2580 226 2607 fieri
248 2587 309 2607 cum
334 2580 398 2612 Deo,
421 2583 499 2613 prout
526 2578 660 2613 pollicitus
683 2580 727 2604 est
748 2577 874 2605 Christus

84 2627 170 2654 .Ioan.
186 2634 252 2659 xvn,
264 2626 299 2652 24
314 2630 341 2652 et
355 2625 402 2658 2|,
419 2630 498 2660 atque
512 2625 547 2651 ita
563 2631 645 2659 porro
661 2624 686 2650 in
703 2623 755 2651 ﬁne
770 2623 872 2656 omnia,

86 2678 116 2699 et
131 2672 158 2698 in
171 2672 297 2698 clunibus
314 2671 396 2698 Deutn
419 2671 537 2697 futurum
560 2678 629 2697 esse.
655 2670 772 2705 Exponit
796 2675 872 2704 post-

87 2717 200 2745 modum
216 2717 262 2750 qui
287 2717 377 2744 omnia
394 2721 420 2743 ct
438 2716 464 2743 in
489 2715 612 2743 omnibus
640 2716 709 2743 Deus
732 2723 791 2743 esse
811 2723 869 2750 pos-

89 2764 126 2792 sit
144 2763 184 2796 ἐς
203 2770 298 2798 nempe
323 2770 384 2790 cum
411 2762 522 2790 rationis
551 2761 652 2797 pollens
675 2762 775 2796 anima,
796 2762 867 2789 onmi

130 2864 152 2880 "
167 2863 174 2890 l
191 2864 254 2892 Cur.
267 2872 310 2896 xv,
329 2864 371 2891 ‘28.

922 2263 990 2287 rum,
1009 2255 1046 2282 ita
1059 2255 1166 2282 demum
1178 2255 1286 2290 quidam
1300 2262 1459 2289 permanere
1471 2255 1496 2282 in
1513 2255 1607 2282 eodem
1622 2260 1706 2288 statu,

921 2309 974 2335 quo
987 2309 1067 2335 supra
1084 2301 1211 2335 diximus,
1228 2306 1334 2336 putant,
1353 2301 1378 2328 id
1399 2306 1440 2329 est
1467 2307 1495 2329 ut
1511 2302 1594 2329 Deum
1617 2302 1706 2329 omnia

922 2347 1051 2380 habeant,
1065 2352 1093 2374 et
1107 2347 1176 2374 Deus
1189 2348 1230 2374 eis
1252 2347 1287 2375 sit
1310 2348 1410 2381 omnia,
1434 2349 1456 2375 si
1483 2347 1639 2375 nullatenus
1662 2356 1708 2375 cas

922 2392 1038 2419 societas
1078 2398 1180 2419 natura:
1216 2393 1364 2427 corporalis
1402 2397 1536 2420 atnovcat.
1581 2393 1706 2426 Alioquin

925 2438 1080 2464 existimant
1104 2438 1217 2473 gloriam
1239 2446 1351 2466 summa:
1374 2438 1550 2466 beatitudinis
1573 2438 1707 2473 impediri,

926 2484 947 2510 si
973 2484 1120 2512 materialis
1145 2485 1303 2512 substantia:
1327 2484 1506 2512 interseratur
1529 2484 1667 2512 admistio.
1696 2494 1705 2510 ι

926 2530 994 2563 Quin
1007 2531 1088 2557 etiam
1107 2532 1176 2566 quod
1188 2532 1248 2558 aliis
1263 2532 1445 2559 ascribentem
1459 2531 1648 2558 Adamantium
1666 2531 1707 2558 in-

928 2576 1000 2603 ducit
1014 2576 1138 2610 Ruftnus,
1150 2576 1176 2604 id
1193 2577 1375 2604 conlutantcm
1388 2577 1474 2611 ipsum
1497 2577 1606 2603 exhibet
1621 2577 1708 2609 capite

928 2621 1020 2649 eodem
1034 2630 1108 2648 num.
1120 2623 1136 2649 (i
1154 2632 1159 2649 :
1178 2632 1187 2648 ι
1203 2623 1229 2650 1η
1249 2631 1302 2658 quo
1318 2628 1390 2650 statu
1405 2622 1601 2658 (beatitudinis)
1625 2621 1706 2648 ctiam

926 2676 1083 2703 permanere
1100 2676 1207 2704 semper
1225 2675 1251 2697 et
1276 2670 1478 2697 immutabiliter
1501 2667 1638 2696 Creatoris
1657 2675 1706 2694 vo-

924 2716 1024 2742 luntate
1038 2720 1079 2742 est
1099 2716 1271 2749 credendum,
1291 2716 1370 2743 tidem
1392 2716 1429 2743 rei
1446 2715 1561 2743 faciente
1574 2714 1706 2742 sententia

923 2761 1040 2797 Apostoli
1067 2760 1180 2789 dicentis
1198 2772 1202 2790 :
1221 2761 1330 2789 Domum
1356 2763 1478 2790 habemus
1509 2770 1558 2789 uon
1582 2760 1707 2796 ι’πτιιιιιῙιι-⁸
