1912 3079
204 138 268 173 ιοιι

841 135 871 162 Ρ.
894 135 1051 163 DANIELIS
1064 133 1178 162 HUETII

1759 134 1824 161 ιοιξ

203 205 281 232 ctam,
295 203 418 224 tt’tenmm
433 197 459 223 in
470 197 539 224 caelis
551 197 600 224 ³⁷.)
610 198 645 225 De
657 198 822 232 tiuequoque
834 203 922 224 rerttm
936 195 989 230 agit
1003 197 1026 227 Α
1041 201 1190 227 sutumum,
1207 200 1286 228 quem
1310 193 1438 227 diximus,
1461 193 1594 221 Felicitatis
1609 193 1716 228 apicem
1729 201 1822 220 evase-

204 244 334 278 Origcnes
350 244 396 272 lib.
415 251 421 270 I
442 242 479 269 De
493 243 615 277 princip.,
628 252 687 278 cap.
703 244 731 276 6,
750 251 824 271 num.
838 243 864 273 l,
882 243 910 274 2,
930 250 988 269 om-

206 290 305 324 niaque
327 289 391 315 dicit
406 288 439 314 ad
454 295 536 315 unum
564 289 644 315 linem
672 288 834 320 revocanda,
858 288 988 322 quemad-

205 335 314 364 modum
327 334 361 360 ab
375 341 428 361 uno
440 334 516 361 initio
530 334 647 368 profecta
662 339 734 367 sunt,
752 338 894 369 postquam
915 333 988 360 scili-

203 383 247 406 (εει
274 379 427 417 regnaverit
450 379 587 413 Christus,
613 388 759 415 omnesque
783 379 906 407 inimicos
935 378 987 407 sibi

204 425 360 459 subjccerit,
372 425 515 459 ipsumque
525 426 700 453 novissimum
715 426 853 453 inimicutn
870 430 987 453 mortem

203 471 382 503 destruxerit,
393 476 421 498 et
432 470 504 498 Patri
521 479 632 505 regnum
650 471 792 498 tradiderit
803 476 920 506 tuncque
934 478 990 499 cte-

205 517 293 550 lestia,
311 517 448 544 terrestria
463 521 491 544 et
506 516 610 544 inferna
636 517 668 544 ad
689 525 771 544 ttnum
786 517 865 544 linem
889 517 989 555 deven-

205 568 276 595 tura,
295 573 304 589 t
321 571 369 598 per
382 563 528 590 bonitatem
547 563 605 596 Dei,
622 567 649 591 et
669 563 863 597 subjectionem
874 563 987 594 Christi.

204 613 286 643 atque
301 608 432 635 unitatem
448 607 567 642 Spiritus
581 608 680 635 sancti.
697 618 705 635 ι
721 609 803 636 Addit
817 609 928 644 insuper
938 609 987 636 soli

204 653 333 680 Trinitati
353 654 500 681 bonitatem
516 654 735 682 substantialiter
756 655 853 687 inesse,
875 660 989 683 caeteros

204 699 266 731 inde
280 703 428 726 mutuatam
445 703 473 726 et
485 699 633 726 derivatam
649 700 768 732 habere;
787 709 796 726 ε
811 705 838 728 et
852 705 916 728 tunc
929 708 990 728 esse

204 744 232 773 iu
249 744 424 777 beatitudine,
441 752 502 772 cum
525 746 558 773 de
576 746 731 778 sanctitate,
754 753 786 774 ac
803 746 947 781 sapientia,
962 751 989 774 et

205 789 239 820 de
252 789 310 826 ipsa
328 789 468 817 divinitate
484 790 646 825 participant
667 799 674 818 :
702 800 711 817 ι
739 791 810 826 qttod
836 791 990 827 quicunque

206 835 354 872 negligunt,
370 836 487 870 propriae
511 836 620 864 desidiae
641 837 706 865 vitio
725 836 855 865 felicitate
872 838 923 865 hac
943 846 990 866 eos

204 881 341 912 excidere.
365 886 392 909 et
409 889 424 909 a
442 881 496 909 Deo
516 889 567 917 pro
585 883 669 918 culpa:
691 883 770 911 modo
785 883 918 910 adhiberi.
936 883 990 911 Nec

204 926 240 963 ab
260 926 303 954 bis
316 926 473 962 discrepant
487 934 547 962 quae
564 935 598 955 ex
623 927 740 964 Origene
762 929 867 964 profert
889 929 989 956 Catena

205 971 370 1000 Corderiana
385 973 410 1000 in
430 972 559 1006 Psalmos,
569 974 603 1001 ad
617 974 713 1008 psalm.
729 983 774 1008 ιι,
790 975 808 1002 5
819 995 826 1007 ,
849 983 910 1010 pag.
927 975 989 1008 739,

206 1017 250 1045 ttbi
269 1017 393 1053 Christus
412 1026 473 1047 esse
497 1020 596 1048 dicitttr
619 1021 835 1054 tabernaculum,
861 1026 889 1048 et
913 1028 991 1049 mons

205 1069 327 1096 sanctus,
344 1064 369 1091 in
388 1072 443 1099 quo
455 1065 566 1100 perfecti
580 1067 798 1101 conquiescunt;
819 1067 916 1094 deinde
927 1067 991 1094 sub-

202 1109 262 1143 iicit
279 1119 285 1137 :
307 1110 380 1146 Πλὴν
396 1111 420 1138 si
433 1112 481 1137 καὶ
495 1111 565 1138 οὕτω
578 1111 747 1149 τελειότητος
771 1113 828 1151 ἔχει
844 1115 861 1149 ὴ
878 1113 990 1149 τοιαύτη

205 1156 303 1192 σκηνὴ,
318 1156 356 1188 ὡς
368 1157 417 1184 καὶ
432 1156 498 1192 ἅγια
516 1158 601 1192 ἁγίων
617 1156 696 1192 εἶναι,
714 1159 770 1186 ἀλλ’
787 1157 833 1187 οὖν
855 1160 914 1187 ἐστι
933 1161 991 1195 μετ’

204 1201 288 1238 αὐτὴν
311 1202 477 1235 κατάστασις
506 1203 677 1239 ὑπερέχουσα
702 1205 756 1232 τῶν
778 1205 908 1240 λογικῶν,
929 1205 992 1233 καθ’

203 1247 238 1282 ἢν
254 1247 359 1275 ἔσονται
373 1249 402 1275 ὲν
418 1249 507 1284 Harp).
524 1251 569 1277 καὶ
590 1250 658 1286 Υὶῷ,
679 1251 778 1287 μᾶλλον
795 1252 824 1278 δὲ
838 1253 871 1288 τῇ
887 1251 990 1288 τριάδι·

203 1292 245 1329 διὸ
260 1294 401 1328 παροικεῖν
419 1294 458 1326 εις
479 1294 543 1326 τοὺς
561 1295 672 1328 αἰῶνας,
692 1296 750 1323 ἀλλ’
764 1297 795 1323 οὐ
811 1298 947 1324 κατοικεῖν
963 1297 992 1324 ὲν

204 1339 244 1374 τῷ
260 1339 417 1375 σκηνώματι
430 1340 536 1376 εἴρηται
546 1347 552 1355 ·
566 1342 580 1368 ὀ
594 1343 623 1369 ἐν
634 1342 721 1378 τούτῳ
734 1343 773 1378 τῷ
788 1343 855 1379 οἴκῳ
873 1343 992 1378 γεγονὼς

206 1385 424 1421 σκεπασθήσεται
460 1387 490 1414 ἐν
525 1388 558 1423 τῇ
589 1388 644 1415 τῶν
681 1388 822 1429 πτερύγων
846 1389 893 1417 τοῦ
923 1389 992 1418 Θεοῦ

205 1432 306 1468 σκέπῃ.
319 1431 375 1459 lloc
387 1436 430 1459 est
445 1441 452 1459 :
465 1432 486 1459 E
497 1433 681 1468 tabernaculo,
699 1436 771 1469 qttod
799 1439 840 1462 est
856 1435 991 1469 Christus,

206 1477 322 1512 digreSSi
354 1478 440 1506 sancti
473 1478 499 1505 in
523 1478 655 1507 Trinitate
691 1480 906 1516 conquiescent,
929 1489 991 1509 eum

1041 242 1112 273 rint;
1128 248 1160 268 ac
1175 242 1291 276 primum
1310 240 1336 267 in
1352 245 1428 267 certo
1443 240 1560 275 quodam
1575 244 1655 267 terra:
1666 240 1728 267 loco
1739 244 1823 267 terre-

1040 295 1088 314 nas
1101 288 1190 320 faeces,
1207 291 1235 314 et
1247 287 1427 320 ignorantiam
1451 285 1559 321 deponi,
1583 290 1666 321 atque
1679 286 1753 313 hunc
1766 293 1824 314 esse

1039 334 1209 369 paradismn;
1227 333 1288 360 inde
1303 333 1328 360 in
1343 340 1416 364 aere,
1430 337 1457 359 et
1473 333 1498 359 in
1519 332 1633 359 diversis
1651 332 1823 366 postmodum

1039 380 1100 409 εωΙί
1112 380 1180 408 locis
1195 387 1291 406 novam
1309 386 1450 414 capessere
1463 378 1644 413 disciplinam,
1659 383 1687 405 et
1704 378 1823 412 perfecta

1039 427 1146 454 demum
1159 425 1288 454 beatitate
1305 424 1376 458 frui;
1392 425 1419 452 in
1434 423 1548 459 singulis
1566 428 1655 451 autem
1674 423 1824 450 mansioni-

1039 474 1091 501 bus
1112 480 1146 501 eo
1171 472 1368 501 diuturniorem
1394 479 1475 506 agere
1501 479 1604 499 moram
1631 471 1754 502 animas,
1772 478 1824 504 quo

1040 519 1172 554 pluribus,
1194 520 1257 546 dum
1276 518 1383 553 corpori
1398 518 1534 552 adjuncta:
1548 522 1649 549 essent,
1664 524 1727 544 sese
1746 516 1824 543 noxis

1040 566 1270 596 contaminartmt,
1285 564 1459 600 pluribusque
1484 564 1697 598 inquinamentis
1718 570 1820 597 expur-

1040 611 1134 646 gandte
1158 615 1230 638 sunt.
1256 610 1425 645 Frequentes
1453 613 1562 636 exstant
1587 608 1717 635 doctrina:
1746 607 1824 641 lmjus

1041 661 1129 686 noue:
1160 663 1211 683 nos
1233 656 1382 689 prwcipuas
1397 661 1583 688 excerpemus.
1607 652 1721 681 Homilia
1738 653 1773 680 26
1799 654 1824 679 in

1041 700 1135 734 Num.,
1151 708 1226 728 num.
1245 700 1273 729 4.
1288 700 1438 734 digressum
1457 699 1554 725 anima:
1568 705 1583 724 a
1601 705 1726 732 corpore,
1738 697 1824 724 Israc-

1041 747 1149 774 litarum
1167 745 1286 773 exitude
1301 744 1418 780 Egypto
1432 743 1546 778 exprimi
1564 743 1656 776 tradit,
1675 751 1749 773 cum,
1763 742 1825 769 reli-

1041 792 1092 820 ctis
1107 791 1199 819 mundi
1225 791 1304 826 hujus
1322 789 1453 822 tenebris,
1469 794 1496 817 et
1513 790 1634 824 corporis
1649 789 1782 820 ueritate,
1799 789 1825 815 in

1041 841 1123 869 alium
1137 841 1229 868 orbem
1245 840 1342 867 transit
1355 839 1444 866 anitna
1459 859 1466 872 ,
1484 839 1530 874 qui
1545 839 1587 866 vel
1603 839 1681 866 sinus
1692 838 1822 868 Abrahae.

1044 892 1075 914 ut
1088 887 1114 914 in
1138 886 1232 913 Lazari
1249 885 1380 919 historia;
1396 885 1437 912 vel
1455 885 1607 920 paradisus,
1626 889 1656 912 ut
1673 885 1700 911 in
1726 883 1770 911 illa
1785 883 1825 910 la—

1043 933 1140 965 tronis,
1153 938 1339 966 nuncupatur;
1359 941 1368 957 t
1389 931 1433 958 vel
1446 931 1539 963 etiam,
1553 930 1653 965 inquit,
1667 931 1690 958 si
1706 937 1760 965 qua
1776 937 1826 956 no-

1042 979 1081 1007 vit
1094 979 1164 1006 Deus
1178 985 1239 1006 esse
1253 978 1304 1005 alia
1317 977 1385 1010 loca,
1396 977 1437 1005 vel
1452 977 1519 1005 alias
1534 977 1700 1008 mansiones,
1710 983 1760 1010 per
1768 983 1827 1009 qua:

1043 1025 1178 1053 transiens
1195 1024 1285 1051 anima
1308 1024 1362 1051 Deo
1375 1024 1507 1055 credens,
1524 1028 1551 1051 et
1566 1022 1729 1057 perveniens
1743 1029 1827 1057 usque

1043 1072 1076 1098 ad
1089 1071 1189 1099 flumen
1203 1071 1278 1104 illud,
1296 1071 1369 1105 quod
1391 1069 1508 1097 laetiﬁcat
1532 1069 1669 1096 civitatem
1683 1068 1742 1100 Dei,
1758 1069 1827 1095 intra

1045 1118 1131 1153 ipsam
1148 1123 1250 1145 sortem
1274 1116 1415 1151 promissa:
1431 1115 1556 1143 Patribus
1573 1114 1740 1142 haereditatis
1757 1114 1827 1141 acci-

1041 1163 1112 1199 piat;
1134 1174 1143 1189 ι
1159 1168 1186 1191 et
1209 1163 1349 1198 aliquanto
1373 1167 1453 1198 post,
1475 1169 1550 1189 num.
1564 1161 1581 1188 5
1599 1170 1606 1188 :
1626 1171 1635 1186 ι
1663 1160 1744 1187 Istius
1762 1168 1827 1195 ergo

1043 1216 1122 1239 terra:
1144 1211 1350 1244 hereditatem,
1372 1215 1548 1246 posteaquam
1576 1209 1610 1237 de
1635 1209 1730 1236 mundi
1751 1208 1828 1242 hujus

1043 1257 1162 1294 Egypto
1179 1257 1288 1290 exierit,
1305 1257 1361 1284 Deo
1377 1256 1490 1283 credens
1515 1255 1605 1282 anima
1625 1255 1804 1289 consequitur
1820 1262 1826 1280 :

1042 1308 1070 1332 et
1084 1303 1148 1331 alibi
1162 1303 1270 1338 quidem
1285 1302 1302 1330 ii
1314 1302 1359 1337 qui
1371 1302 1421 1329 sub
1434 1302 1492 1337 lege
1506 1301 1646 1333 vixerunt;
1661 1300 1725 1327 alibi
1739 1305 1828 1326 autem

1043 1350 1088 1385 qui
1111 1356 1158 1385 per
1179 1348 1242 1376 Jesu
1266 1347 1366 1376 Christi
1391 1347 1470 1375 ﬁdem
1492 1352 1520 1374 et
1543 1346 1661 1380 gratiam
1679 1345 1828 1380 dispensati

1043 1400 1116 1424 sunt.
1141 1404 1150 1421 ι
1165 1394 1280 1422 Homilia
1293 1393 1390 1422 deinde
1400 1393 1521 1428 sequenti
1540 1392 1636 1427 repetit
1651 1392 1708 1419 haec
1721 1391 1828 1423 eadem,

1042 1448 1069 1470 et
1083 1442 1199 1470 diversis
1226 1440 1414 1468 mansionibus
1437 1439 1619 1467 lsraelitarum
1648 1438 1676 1465 in
1701 1438 1828 1469 deserto,

1043 1489 1140 1517 anima:
1165 1487 1320 1515 mansiones
1336 1486 1423 1514 notari
1442 1485 1552 1518 scribit;
1569 1489 1598 1511 ut
1613 1488 1640 1512 et
1666 1483 1714 1511 illo
1728 1483 1829 1510 Christi

205 1534 288 1567 1⁸βόηο
303 1526 402 1561 Christi
430 1528 566 1561 absoluw.
590 1528 672 1556 Pater
688 1528 745 1563 ipse
768 1536 880 1566 regnum
900 1537 991 1558 Susce-
1005 1540 1027 1571 ο
1042 1533 1122 1563 Joan.
1147 1542 1205 1566 xtv,
1220 1533 1263 1560 2:
1285 1543 1295 1559 ι
1321 1532 1351 1560 In
1374 1532 1456 1560 domo
1480 1530 1570 1559 Patris
1595 1530 1647 1557 mei
1674 1529 1830 1556 mansiones

205 1573 286 1616 perit.
302 1572 359 1601 Hac
369 1573 493 1602 doctrina
506 1574 625 1602 imbutus
637 1575 794 1603 Theodorus
805 1575 926 1608 Ascidas,
936 1576 992 1604 Cae—

206 1626 291 1646 sarea:
308 1618 487 1654 Cappadocia:
503 1621 655 1658 episcopus,
676 1621 892 1661 Origenistarum
908 1622 992 1650 Justi-

207 1663 280 1700 uiani
296 1668 375 1692 aztale
388 1671 528 1700 patronus,
543 1667 612 1694 dixit
630 1677 637 1694 :
664 1668 696 1695 Et
720 1668 768 1695 νῦν
789 1670 813 1695 οἱ
835 1668 990 1703 ἀπόστολοι,

207 1710 253 1737 καὶ
261 1710 286 1737 οἱ
302 1710 440 1747 μάρτυρες
451 1712 698 1750 θαυματουργοῦσι,
717 1715 764 1741 καὶ
778 1716 807 1741 ὲν
827 1716 860 1751 τῇ
876 1715 993 1751 τοσαύτῃ

206 1757 273 1793 τιμῇ
290 1757 467 1794 ὑπάρχουσιν,
482 1759 511 1785 ὲν
520 1761 554 1796 τῇ
567 1760 786 1788 ἅποκαταστάσει
802 1762 827 1788 εἰ
836 1761 873 1797 μὴ
887 1762 939 1788 ῐσοι
951 1761 994 1796 γέ-

206 1811 294 1840 νοιντο
325 1803 364 1840 τῷ
399 1804 528 1841 Χριστῷ,
559 1807 623 1834 ποία
655 1807 876 1840 ἀποκατάστασις
901 1808 993 1840 αὐτοῖς

207 1850 297 1887 tum;
319 1859 329 1876 ι
352 1851 382 1878 Si
409 1859 480 1886 nunc
503 1853 618 1888 apostoli
646 1860 673 1882 et
698 1859 834 1891 martyres
861 1855 991 1883 miracula

207 1897 300 1928 edunt,
316 1901 342 1924 et
356 1897 383 1925 in
403 1903 479 1927 tanto
498 1904 562 1927 sunt
584 1901 707 1934 honore;
725 1901 752 1929 in
780 1902 953 1930 restitutione
969 1902 992 1930 si

207 1942 326 1980 a‘quales
341 1943 447 1972 Christo
460 1953 512 1973 non
528 1946 657 1979 evadant,
672 1947 760 1981 qualis
775 1955 868 1975 eorum
882 1948 993 1976 restitu-

207 1988 245 2014 tio
273 1987 364 2015 futura
390 1990 452 2017 est?
476 2000 486 2016 i
509 1991 595 2024 Quam
608 1999 702 2026 vocem
727 1993 754 2020 in
779 1993 874 2028 quinta
889 1993 992 2028 synodo

206 2033 360 2069 damnatam
378 2035 462 2068 fuisse
475 2041 588 2065 testatur
602 2038 734 2073 Evagrius
753 2038 801 2067 lib.
815 2047 853 2073 tv,
867 2047 928 2074 cap.
945 2039 992 2068 58.

207 2078 400 2115 Verumtamen
423 2082 449 2109 in
473 2083 631 2118 prmfatione
654 2083 800 2112 Comment.
827 2085 854 2112 in
877 2084 958 2112 Joan.
976 2093 992 2112 a

206 2128 341 2154 communi
365 2129 550 2164 theologorum
576 2130 711 2158 sententia
739 2131 851 2158 minime
891 2132 994 2160 recedit

206 2171 347 2208 Origenes,
365 2174 390 2201 in
404 2174 450 2202 Dei
466 2175 622 2210 cognitione
636 2181 664 2204 et
679 2177 910 2211 contemplatione
926 2178 991 2205 bea-

1043 1580 1135 1613 multa:
1162 1583 1242 1612 sunt;
1274 1588 1283 1605 )
1314 1585 1347 1606 ac
1367 1577 1449 1604 variis
1481 1581 1612 1612 praeterea
1637 1575 1830 1610 prophetarum

1044 1625 1217 1658 testimoniis,
1234 1631 1295 1659 quae
1315 1624 1428 1652 subinde
1449 1626 1589 1651 enumerat
1605 1630 1613 1651 ι
1629 1629 1680 1657 per
1693 1621 1755 1648 btec
1767 1628 1831 1656 ergo

1043 1670 1102 1697 loca
1120 1669 1336 1704 peregrinantem
1352 1668 1468 1696 animam
1482 1668 1515 1696 ad
1541 1667 1640 1702 quietis
1656 1666 1748 1694 locum
1771 1674 1830 1693 cum

1043 1716 1145 1753 gemitu
1160 1719 1189 1744 et
1202 1714 1294 1743 dolore
1306 1714 1449 1747 anhelare;
1461 1714 1610 1741 hebescere
1621 1713 1717 1747 etiam,
1726 1716 1755 1740 et
1767 1711 1832 1739 cali-

1042 1770 1116 1799 gare,
1133 1762 1221 1800 quoad
1237 1760 1343 1789 itineris
1357 1761 1397 1788 sui
1413 1764 1513 1788 metam
1532 1764 1655 1787 assecuta
1671 1759 1708 1786 sit
1725 1767 1733 1784 :
1751 1768 1761 1783 (
1781 1757 1832 1785 Per

1043 1808 1162 1844 singulas
1179 1815 1300 1845 quasque
1311 1827 1319 1840 ,
1335 1817 1344 1834 ι
1361 1806 1450 1841 inquit
1473 1814 1548 1833 num.
1565 1805 1593 1838 ι,
1610 1813 1672 1840 pag.
1687 1805 1752 1837 577,
1769 1814 1779 1830 ί
1791 1804 1833 1831 di-

1042 1855 1168 1891 grediens
1185 1854 1340 1881 mansiones
1353 1873 1360 1886 ,
1376 1852 1436 1880 illas
1449 1852 1552 1880 scilicet
1570 1852 1686 1884 multas,
1713 1859 1775 1886 qum
1789 1851 1832 1877 di-

1042 1904 1140 1928 cuntur
1160 1907 1222 1927 esse
1241 1899 1310 1934 apud
1338 1898 1457 1931 Patrem,
1476 1897 1643 1925 illuminatur
1657 1897 1776 1932 amplius
1798 1904 1833 1924 es

1042 1953 1096 1973 una
1113 1945 1145 1972 ad
1160 1944 1239 1972 aliam
1254 1944 1376 1977 veniens,
1392 1943 1494 1979 majora
1505 1950 1612 1978 semper
1623 1942 1833 1970 illuminationis

1043 1994 1185 2025 augmenta
1211 1989 1371 2024 conquirit,
1387 1996 1528 2024 usquequo
1552 1992 1662 2015 assueta
1687 1987 1723 2014 sit
1745 1987 1834 2022 ipsius

1042 2036 1099 2064 veri
1114 2035 1234 2068 lutninis,
1255 2035 1327 2069 quod
1351 2034 1485 2062 illuminat
1499 2041 1606 2062 omnem
1621 2033 1770 2067 hominem,
1789 2033 1834 2060 iu-

1043 2083 1140 2110 tuitum
1156 2083 1223 2118 pati,
1249 2086 1277 2109 et
1292 2081 1367 2108 mirae
1390 2080 1540 2114 maiestatis
1562 2080 1633 2107 ferre
1650 2079 1798 2114 fulgorem.
1818 2088 1830 2105 ι

1042 2128 1161 2155 lnculcat
1172 2129 1242 2156 idem
1265 2128 1292 2155 in
1305 2126 1492 2161 sequentibus,
1508 2133 1582 2152 num.
1597 2125 1631 2152 6:
1644 2133 1654 2149 ι
1665 2123 1730 2151 Post
1739 2130 1836 2151 resur-

1042 2174 1190 2202 rectionem
1205 2180 1351 2201 ascensura
1371 2172 1405 2199 ad
1428 2171 1511 2199 cmlos
1526 2169 1641 2206 (anima)
1657 2176 1712 2196 non
1728 2169 1834 2199 subito,

208 2216 347 2245 titudinem
365 2219 445 2246 sitam
459 2227 519 2248 esse
534 2221 645 2255 docens,
668 2227 696 2249 et
708 2222 797 2254 jtinem
811 2230 872 2250 esse
885 2222 916 2249 τδ
927 2222 991 2249 οεω-
1007 2216 1029 2243 ι)
1045 2228 1096 2248 nec
1111 2221 1264 2253 importune
1279 2218 1312 2246 ad
1327 2224 1431 2245 summa
1444 2215 1612 2248 conscendit,
1629 2215 1677 2242 sed
1694 2221 1742 2250 per
1761 2214 1836 2241 mul-

207 2262 328 2298 ρητικδν,
341 2264 381 2295 εις
392 2265 407 2290 ὃ
426 2265 589 2302 καταλήγειν
607 2267 637 2293 τὺ
654 2267 729 2299 τέλος
748 2267 807 2295 ὁδοῦ
825 2268 855 2295 ἐν
863 2270 897 2304 τῇ
913 2269 991 2304 λεγο-

208 2307 276 2344 μένῃ
290 2308 521 2338 ἁποκαταστάσει.

244 2352 277 2380 Χ.
290 2354 348 2391 Non
361 2357 454 2383 statim
466 2362 555 2389 autem
567 2358 601 2395 ad
616 2367 770 2394 supremam
783 2360 990 2395 beatitudinem,

205 2399 253 2435 scd
272 2400 435 2433 pedetentim
463 2409 495 2429 ac
520 2410 570 2438 per
586 2403 710 2432 diversos
737 2406 835 2443 gradus
858 2406 993 2440 perveniri

206 2444 300 2472 voluit.
318 2444 385 2472 Nam
401 2447 505 2481 animas
518 2448 713 2482 beatitudinem
736 2450 901 2484 promeritae
913 2471 921 2484 ,
944 2451 992 2479 sed

205 2495 377 2526 terrenarum
401 2500 492 2529 rerum
519 2500 637 2532 contage
656 2495 805 2523 etiamnum
827 2495 991 2529 laborantes,

205 2542 347 2574 postquam
364 2545 479 2574 corpore
505 2540 612 2576 emissa:
630 2545 715 2574 sunt,
738 2549 787 2576 per
802 2542 877 2571 varia
895 2542 992 2570 deduci

205 2583 263 2610 loca
281 2584 370 2623 tinxit,
385 2585 410 2612 in
425 2586 525 2625 quibus
541 2591 716 2627 expurgatas,
730 2592 757 2614 et
769 2588 803 2624 ab
813 2588 917 2624 angelis
929 2589 991 2616 huic

188 2637 192 2641 -
205 2629 357 2657 ntinisterio
371 2630 515 2659 destinatis
530 2633 664 2665 eruditas,
689 2637 717 2660 et
731 2641 855 2661 errorum
869 2633 991 2661 tenebris

205 2675 363 2709 exsolutas,
389 2677 601 2716 splendidiorem
620 2687 653 2707 ac
681 2679 825 2708 celsiorem
853 2680 992 2715 regionem

205 2723 405 2759 conscendere;
441 2724 531 2760 ibique
559 2726 637 2753 novis
663 2726 809 2754 instructas
839 2725 992 2759 duetrinisf,

206 2765 321 2801 aliisque
335 2776 399 2797 usas
414 2771 552 2806 magistris
567 2772 594 2800 in
608 2772 750 2805 sublimius
765 2772 842 2808 ferri,
863 2773 948 2801 donec
959 2772 993 2801 ad

241 2865 262 2880 ³⁷
280 2865 299 2891 ll
313 2867 372 2893 Cur.
389 2875 413 2899 γ,
428 2867 450 2895 I.

1045 2272 1087 2294 tas
1098 2265 1241 2293 deducitur
1256 2264 1421 2295 mansiones,
1437 2263 1463 2290 in
1477 2262 1576 2297 quibus
1598 2261 1752 2288 illuminata
1783 2267 1837 2295 per

1045 2310 1168 2344 singulas
1181 2329 1189 2342 ,
1212 2313 1241 2337 et
1252 2312 1397 2344 augmento
1410 2315 1517 2342 semper
1529 2306 1683 2342 splendoris
1706 2310 1835 2340 accepto,

1046 2357 1072 2384 itt
1087 2363 1248 2391 unaquaque
1266 2354 1409 2381 mansione
1422 2353 1557 2381 illustrata
1573 2352 1715 2386 sapientia:
1728 2351 1838 2378 lumine

1047 2409 1133 2437 usque
1150 2402 1183 2429 ad
1197 2401 1285 2437 ipsum
1297 2400 1437 2436 perveniat
1451 2399 1582 2426 luminum
1596 2398 1717 2426 Patrem.
1739 2406 1748 2423 I
1768 2397 1837 2424 Post

1044 2441 1102 2476 haec
1122 2448 1294 2476 mansionum
1311 2447 1417 2475 illarum
1436 2446 1535 2474 deserti
1551 2444 1662 2472 nomina
1681 2444 1837 2472 mansioni-

1043 2496 1093 2523 bus
1105 2494 1300 2526 accommodat,
1313 2500 1386 2530 quas
1396 2492 1485 2536 anima
1496 2492 1522 2518 in
1535 2491 1634 2524 ecelunt
1643 2490 1752 2519 abitura
1770 2497 1834 2525 pcr-

1046 2545 1132 2575 agrat,
1152 2540 1324 2574 ostenditque
1347 2540 1417 2567 hanc
1430 2539 1511 2566 etiam
1525 2541 1581 2565 tum
1595 2537 1750 2564 dtemonum
1765 2536 1835 2563 insi-

1044 2586 1097 2614 diis
1109 2591 1137 2613 et
1150 2587 1325 2622 tentamentis
1338 2593 1398 2615 esse
1414 2585 1557 2613 obnoxiam
1570 2604 1578 2617 ,
1594 2584 1761 2617 laboresque
1775 2590 1835 2609 sus-

1045 2632 1141 2663 tinere,
1164 2636 1192 2659 at
1203 2638 1256 2658 non
1277 2632 1387 2659 invitam
1399 2651 1407 2665 ,
1423 2638 1472 2658 nec
1490 2634 1594 2657 tantum
1611 2629 1645 2656 iis
1662 2629 1807 2663 defatigati
1823 2647 1832 2659 ,

1046 2682 1176 2713 quantum
1197 2686 1245 2712 spe
1260 2678 1431 2711 sublevatur;
1444 2677 1492 2705 sed
1505 2681 1533 2705 et
1548 2675 1701 2710 refrigeriis
1715 2676 1832 2702 animant

1047 2726 1144 2758 foveri,
1160 2725 1343 2761 paulatimque
1358 2724 1392 2752 ad
1411 2723 1564 2759 ctelestium
1578 2721 1770 2758 cognitionem
1788 2727 1833 2747 as-

1047 2765 1168 2807 surgere,
1177 2770 1287 2807 jamque
1303 2771 1408 2807 plenam
1425 2770 1452 2798 in
1465 2776 1562 2805 corpus
1571 2775 1703 2797 exercere
1716 2770 1832 2805 potesta~
