1912 3079
79 119 155 162 ‘ms

527 117 813 148 ORIGENIANORUM
832 118 897 164 ιω.
917 118 950 152 ΙΙ,
967 119 1042 147 CAP.
1064 119 1095 153 11,
1116 120 1253 154 ρυΑΞδΤ.
1273 120 1317 147 XI.

1631 123 1698 151 1014

87 181 152 208 tem,
166 179 194 204 et
209 180 265 203 tum
279 175 407 203 curriculi
422 179 522 203 metam
539 176 681 210 stringere.
697 183 759 203 cum
775 182 872 211 perve-
887 177 908 204 Λ
923 175 1070 202 certamina
1085 180 1111 202 ct
1124 183 1224 219 agones
1236 176 1378 203 exsistunt.
1400 176 1466 204 Tum
1478 177 1556 205 docet
1580 179 1606 206 in
1627 187 1697 212 pra:-

85 223 125 249 nit
149 222 183 249 ad
204 221 302 249 ﬁumen
315 221 378 255 Dei,
395 225 423 248 et
438 221 577 255 sapientiae
594 221 718 254 ﬂuentis,
735 222 866 256 undisque

86 268 185 295 divina:
202 267 324 295 scientia:
348 267 487 302 irrigatur.
502 267 541 294 Ex
563 267 660 302 quibus
674 268 740 295 satis
753 273 868 303 apparet

87 313 231 341 sententia:
245 313 307 340 huic
321 312 446 348 Origenis
460 313 514 340 vim
532 312 628 341 aﬁ'erre
640 314 746 341 Sixtum
761 306 866 342 Senen-

84 367 142 387 sem
155 359 203 387 lib.
221 367 236 385 v
250 359 390 392 Biblioth.,
410 360 500 387 adnot.
515 359 643 392 l28,cum
661 360 699 387 ait
713 360 867 389 mansiones

83 404 156 438 illas,
172 412 226 432 non
240 405 272 432 ad
284 404 392 432 diversa
412 404 600 433 ascensionum
622 409 753 439 tempora,
770 406 818 432 sed
833 405 867 433 ad

83 450 210 478 diversos
227 450 401 485 praemiorum
420 449 518 485 gradus
530 456 591 477 esse
605 449 770 478 referendas.
785 451 866 478 Deni-

83 502 138 530 que
153 495 228 523 hom.
243 495 320 524 28in
333 494 429 528 Nam,
451 502 527 523 num.
541 495 571 528 2,
586 495 614 528 5,
629 494 745 530 aliquem
761 496 838 525 nobis
852 504 867 524 a

84 542 142 569 Deo
155 541 244 570 locum
255 542 403 577 praeparari
417 541 640 575 comminiscitur,
660 542 703 570 ubi
715 542 750 570 ad
764 547 866 570 certum

85 592 194 623 tempus
208 587 371 620 habitemus,
386 588 408 615 si
428 595 488 623 qua:
499 592 608 622 peccata
622 588 804 623 imprudentes
821 589 867 616 ad-

86 634 230 666 misimus;
257 634 480 669 quemadmodum
503 638 591 662 certas
609 633 707 670 relugii
735 634 815 662 nrbes
835 635 868 662 iis

84 679 238 714 assignavit
252 678 367 714 Moyses,
393 679 440 714 qui
457 679 634 707 homicidium
656 687 722 707 casu
736 683 764 706 et
777 679 869 706 incon-

83 725 160 753 sulto
172 725 390 758 commisissent;
407 729 435 753 et
446 732 667 760 unumquemque
681 725 708 752 in
729 725 780 752 hac
790 724 869 752 illave

85 771 151 800 ραιΙί
175 776 250 806 parte
269 779 285 799 a
309 771 419 799 Christo
442 778 491 806 pro
512 771 617 799 meritis
635 770 773 799 constitui.
790 770 870 798 Addit

83 817 182 846 homil.
195 817 231 845 25
243 818 271 845 in
288 817 377 851 Iosue,
387 825 461 845 num.
475 817 504 851 4,
518 818 588 846 ﬁlios
604 818 739 846 Abraham
753 817 868 845 locatum

86 863 121 890 iri
135 863 161 890 in
175 863 245 892 ctelo
263 863 410 891 secundum
423 863 544 895 ordinem
558 863 698 891 stellarum
713 867 738 890 et
753 862 869 898 partium

84 910 167 942 coeli;
181 910 327 945 datumque
345 909 377 937 iri
388 909 449 937 aliis
469 913 571 937 sortem
592 909 625 936 ad
643 908 784 942 orientem,
810 908 871 936 aliis

85 957 122 984 ad
137 957 303 984 occidentem
317 975 325 987 ,
342 955 375 983 ad
390 961 512 983 austrum
528 955 600 989 aliis,
628 954 689 982 aliis
710 958 800 982 autem
824 955 869 989 qui

86 1002 145 1030 Deo
159 1002 245 1037 magis
259 1001 314 1029 noti
339 1006 404 1029 sunt
418 1001 451 1028 ad
473 1001 638 1036 aquilonem.
656 1000 734 1028 Facit
756 1000 789 1028 ad
814 1008 870 1028 rem

84 1047 154 1076 illud
168 1055 201 1075 ex
214 1047 306 1075 homil.
322 1047 334 1075 1
349 1047 376 1074 in
389 1047 456 1082 νεαι-
478 1054 591 1079 xxxvnt,
612 1053 686 1074 num.
701 1046 737 1074 8:
757 1055 766 1072 ι
780 1046 870 1074 Alium

86 1092 156 1121 facit
168 1093 238 1120 diem
255 1092 321 1121 solis
333 1093 383 1120 iste
398 1099 494 1120 cursus
508 1091 594 1120 nostri
607 1091 686 1127 hujus
702 1091 763 1120 caeli
775 1091 870 1127 spatiis

90 1139 270 1172 terminatus;
287 1139 368 1166 alium
386 1138 467 1166 habet
482 1138 553 1166 diem
569 1137 614 1166 ille
637 1137 683 1172 qui
701 1137 734 1165 ad
758 1137 870 1165 secundi

89 1184 155 1212 caeli
174 1184 316 1220 pervenire
328 1188 450 1212 meretur
462 1191 616 1212 ascensum.
629 1182 713 1210 Multo
733 1183 804 1211 enim
816 1183 871 1210 cla-

89 1230 191 1258 riorem
207 1230 278 1258 diem
294 1230 368 1257 ducit
382 1230 426 1257 ille
442 1229 487 1264 qui
497 1236 584 1264 usque
599 1229 633 1256 ad
649 1229 760 1257 tertium
773 1229 871 1257 ccelum

87 1275 132 1302 vel
147 1275 215 1310 rapi,
226 1275 268 1302 vel
280 1275 419 1310 pervenire
429 1275 556 1309 potuerit,
573 1274 618 1302 ubi
636 1281 688 1302 non
703 1275 789 1302 solum
805 1274 872 1301 inet-

85 1318 173 1347 l'abile
184 1318 274 1347 lumen
291 1319 419 1353 inveniet,
433 1327 528 1348 verum
545 1318 629 1348 etiam
642 1319 724 1347 verba
748 1327 808 1354 qua:
823 1319 872 1346 ho-

86 1367 158 1395 mini
172 1366 245 1402 loqui
260 1374 312 1394 non
325 1367 417 1399 liceat,
434 1366 535 1393 audiet.
558 1365 626 1393 Novi
651 1370 678 1394 et
703 1365 772 1394 alios
794 1365 869 1398 dies,

86 1419 207 1447 quorum
221 1418 362 1438 numerum
379 1409 504 1437 fortassis
524 1409 655 1445 propheta
670 1410 766 1437 merito
782 1409 871 1445 requi-

88 1458 138 1484 rit.
157 1467 167 1483 ι
182 1456 370 1484 Clarissimum
389 1462 452 1482 vero
469 1454 541 1482 istud
551 1455 622 1490 quod
644 1454 740 1489 legitur
762 1458 870 1482 tractat.

86 1512 145 1531 xu
159 1503 186 1529 in
211 1502 317 1535 Matth"
335 1509 409 1528 num.
426 1500 470 1533 51,
495 1507 555 1536 pag.
573 1500 623 1528 8'“
640 1510 646 1528 :
666 1510 676 1527 ι
699 1500 873 1536 Unumquod-

87 1548 254 1584 quecmlum
266 1555 321 1575 sua:
341 1547 519 1575 institutionis
532 1551 560 1574 et
575 1547 652 1574 initia
664 1546 756 1580 habet,
768 1551 795 1574 et
810 1554 872 1581 per-

87 1595 233 1627 fectiones,
248 1594 274 1621 id
289 1597 331 1621 est
346 1593 486 1621 terminos.
507 1592 542 1620 Ut
568 1598 632 1627 puta
651 1597 714 1628 post
729 1600 874 1621 conversa-

88 1643 194 1670 tionem
221 1649 353 1670 summam
368 1649 428 1677 quze
453 1641 503 1668 fuit
517 1648 600 1677 super
616 1645 716 1669 terram
729 1661 738 1674 ,
761 1641 876 1677 suscipit

88 1689 191 1716 iterum
213 1688 351 1716 hominem
372 1688 540 1715 conversatio
556 1688 636 1716 unius
658 1688 730 1721 cteli,
750 1693 776 1716 et
787 1688 876 1723 perfe-

90 1734 148 1763 ctio
163 1741 223 1769 quae
236 1734 263 1761 in
281 1740 313 1761 ea
329 1738 380 1761 est.
392 1734 494 1761 lterum
505 1733 618 1769 suscipit
632 1742 694 1761 eum
716 1735 797 1763 tertia
810 1742 876 1763 con-

89 1780 213 1808 versatio
228 1779 300 1807 tertii
315 1779 377 1807 ct'eli
391 1799 398 1812 ,
414 1783 442 1807 et
461 1779 590 1815 perfectio
606 1787 667 1815 qua
685 1780 713 1808 in
724 1787 756 1808 ea
767 1785 819 1808 est.
841 1781 876 1809 Et

90 1827 135 1855 sic
146 1827 266 1861 intellige
282 1827 349 1854 mihi
364 1825 509 1854 multorum
523 1826 656 1854 ctelorum
666 1826 748 1854 multa
765 1835 875 1855 conver-

88 1872 228 1900 sationum
247 1872 322 1899 initia
334 1879 395 1899 esse
411 1876 440 1899 et
463 1871 603 1904 terminos,
621 1872 648 1900 id
674 1877 716 1900 est
731 1873 876 1908 perfectio-

91 1927 155 1953 nes,
171 1927 187 1946 a
203 1919 302 1954 quibus
316 1919 400 1946 initiis
414 1923 441 1945 et
462 1918 586 1946 terminis
607 1918 778 1947 diversorum
795 1920 876 1947 (ταξιο-

91 1973 156 1992 rum
178 1968 324 2000 congregat
344 1964 415 1993 Deus
436 1971 501 1993 suos
523 1964 637 1993 electos.
659 1974 669 1991 ι
687 1965 759 1992 Idem
775 1965 845 1994 libro
866 1973 874 1993 ι

90 2011 133 2038 De
149 2010 275 2045 princip.,
287 2018 347 2046 cap.
363 2011 389 2044 6,
405 2011 484 2039 docet
504 2011 538 2039 ad
563 2018 645 2039 unum
660 2010 741 2038 ﬁnem
758 2012 875 2039 reditura

90 2056 198 2089 omnia,
215 2056 440 2091 quemadmodum
453 2057 546 2084 eadem
561 2056 635 2084 initia
646 2056 874 2089 habuerunt,tum

90 2101 202 2129 scilicet
219 2108 279 2128 cum
301 2101 444 2136 imperium
458 2102 576 2129 tenuerit
589 2101 725 2135 Christus,
745 2107 774 2130 et
786 2102 877 2137 proﬁi-

91 2147 166 2182 gatis
193 2146 318 2178 inimicis.
349 2147 453 2183 sibique
476 2147 616 2183 subjectis,
645 2155 678 2176 ac
707 2149 765 2182 ipsa
793 2148 875 2176 etiam

925 221 995 247 senti
1011 225 1038 247 et
1052 221 1078 247 in
1097 222 1186 248 futuro
1205 221 1304 249 saeculo
1328 221 1450 255 singulas
1466 223 1578 250 diversis
1590 225 1700 259 castiga-

921 270 962 293 tas
974 266 1123 301 suppliciis,
1138 267 1266 301 angelicis
1285 266 1433 300 disciplinis
1452 267 1598 300 emendari,
1615 269 1701 296 donec

920 313 952 339 ad
969 312 1085 347 perlecta
1101 317 1128 339 et
1145 316 1244 339 aeterna
1258 312 1432 346 perveniant;
1446 320 1527 348 quem
1540 314 1628 341 locum
1646 323 1700 342 non

920 357 1002 385 semel
1015 365 1095 392 supra
1111 358 1283 385 adduximus.
1294 357 1414 385 Tandem
1425 358 1452 386 in
1469 365 1502 386 eo
1518 359 1628 393 desinit,
1648 369 1700 388 non

920 404 1090 431 interituram
1105 403 1211 438 quidem
1225 403 1252 430 in
1277 403 1331 430 ﬁne
1348 410 1437 430 rerum
1455 404 1623 437 corporalem
1652 414 1701 433 na-

920 453 1019 482 turam,
1033 449 1080 476 sed
1103 452 1236 475 mutatum
1261 447 1296 474 iri
1310 447 1418 474 aetheris
1429 447 1456 474 in
1470 449 1587 479 modutn,
1600 453 1627 476 et
1643 456 1702 477 cae-

920 494 1013 522 lestem
1030 494 1174 530 quamdam
1192 493 1369 521 subtilitatem
1393 500 1423 520 ac
1449 494 1618 528 splendorem
1639 496 1702 522 ade-

920 545 1036 576 pturam.
1053 539 1144 567 Multis
1167 539 1248 568 etiam
1270 543 1457 574 argumentum
1480 539 1550 566 istud
1576 540 1702 575 explanat

921 585 967 614 lib.
981 593 1001 614 Il
1016 585 1086 620 Περὶ
1097 584 1198 619 ἀρχῶν
1208 591 1268 619 cap.
1282 584 1308 616 ὅ,
1330 583 1436 618 sibique
1452 585 1623 619 qumrendum
1640 593 1701 620 pro-

921 631 1007 667 ponit,
1020 636 1109 658 utrum
1125 635 1187 666 post
1206 630 1278 658 hunc
1294 630 1422 657 mundum
1447 630 1552 658 curatio
1571 630 1660 665 aliqua
1674 635 1702 659 et

921 677 1075 704 emendatio
1090 677 1182 704 futura
1198 676 1243 709 sit,
1266 676 1389 711 asperior
1413 676 1522 711 quidem
1549 675 1576 704 in
1594 682 1640 704 eos
1655 677 1702 712 qui

923 722 1011 750 Verbo
1020 722 1066 750 Dei
1079 730 1181 750 morem
1194 729 1247 750 non
1260 727 1419 758 gesserunt;
1435 729 1498 757 erga
1511 727 1624 751 ceteros
1638 730 1703 750 vero

922 769 1027 796 mollior
1044 772 1071 797 et
1086 768 1183 801 lcniur,
1198 767 1309 802 quijam
1330 768 1356 795 in
1368 769 1458 796 studio
1481 768 1614 801 veritatis,
1637 769 1700 796 dum

922 814 1056 847 viverent,
1071 813 1189 848 subacti,
1203 814 1302 841 divinae
1314 814 1453 848 sapientia:
1466 813 1624 848 capaciores
1636 813 1702 842 επε-

887 855 906 882 Β
920 861 955 889 cti
971 864 1034 888 sunt
1048 869 1055 888 :
1069 866 1159 887 utrum
1177 859 1258 886 etiam
1274 859 1336 887 ﬁnis
1353 858 1472 886 omnium
1490 858 1562 886 hanc
1573 859 1656 886 vitam
1666 859 1703 887 sit

920 912 1077 942 exceptura,
1091 906 1161 933 alius
1177 913 1242 933 vero
1267 906 1383 933 mundus
1405 905 1513 932 futurus
1540 905 1578 933 sit
1606 906 1639 932 ad
1654 912 1702 934 eos

919 954 1103 989 corrigendos,
1120 953 1166 987 qui
1192 952 1219 980 id
1244 952 1333 980 meriti
1350 956 1422 979 sunt.
1439 951 1514 980 Hanc
1538 952 1634 980 deinde
1654 959 1702 980 ex-

920 1000 989 1027 cutit
1003 999 1158 1035 opinionem
1181 1006 1241 1034 qua:
1267 1005 1425 1033 corpoream
1450 1003 1574 1025 naturam
1597 998 1625 1025 in
1648 998 1702 1026 ﬁne

921 1052 1011 1072 rerum
1035 1044 1143 1079 penitus
1169 1043 1196 1071 in
1214 1043 1327 1071 nihilum
1354 1043 1528 1079 redigendam
1543 1048 1700 1076 asseverat;

921 1098 1002 1126 quam
1016 1091 1170 1119 edisserens
1183 1090 1222 1117 ait
1235 1097 1309 1117 num.
1319 1089 1337 1116 2
1353 1098 1360 1116 :
1374 1098 1384 1115 ι
1405 1089 1468 1117 Haec
1479 1090 1592 1117 materia
1606 1096 1703 1124 corpo-

921 1138 970 1170 ris,
985 1144 1045 1172 qute
1056 1144 1128 1165 nunc
1142 1136 1329 1172 corruptibilis
1348 1140 1400 1170 est,
1416 1136 1508 1163 induet
1522 1136 1702 1170 incorruptio-

921 1190 993 1215 nem,
1013 1190 1074 1211 cum
1095 1183 1212 1218 perfecta
1229 1183 1329 1216 anima,
1351 1187 1379 1209 et
1402 1183 1569 1218 dogmatibus
1581 1183 1703 1210 incorru-

921 1229 1020 1265 ptionis
1036 1230 1166 1258 instructa
1184 1229 1221 1257 uti
1230 1237 1262 1258 eo
1272 1230 1400 1265 cmperit;
1418 1229 1567 1264 rdocetque
1585 1229 1702 1256 animam

922 1274 1044 1310 corporis
1061 1275 1246 1302 indumentum
1273 1275 1405 1306 futuram,
1431 1282 1492 1308 quae
1512 1275 1570 1311 ipsa
1592 1274 1701 1302 Christo

922 1321 1058 1354 induatur,
1071 1321 1142 1348 unde
1161 1321 1318 1356 incorrupta
1341 1321 1447 1349 evadet.
1460 1321 1635 1349 Postmodum
1651 1320 1700 1347 ad-

921 1367 980 1394 dit:
1000 1376 1009 1394 (
1026 1367 1196 1402 lncorruptio
1204 1372 1293 1395 autem
1307 1372 1334 1394 et
1351 1367 1541 1395 immortalitas
1553 1368 1618 1402 quid
1631 1367 1703 1394 aliud

922 1413 985 1446 erit,
1000 1413 1053 1441 nisi
1067 1413 1218 1449 Sapientia,
1233 1418 1260 1440 et
1276 1412 1402 1446 Verbum,
1419 1417 1446 1440 et
1458 1413 1565 1441 iustitia
1581 1413 1704 1448 Dei.qu:e

923 1459 1041 1488 formant
1054 1460 1185 1492 animam,
1199 1464 1227 1487 et
1243 1459 1368 1493 induunt,
1385 1463 1412 1486 et
1430 1460 1588 1487 exornant?
1606 1469 1616 1487 ι
1637 1459 1703 1487 Eam

924 1510 1013 1533 autem
1029 1506 1201 1539 sententiam,
1215 1513 1274 1540 quae
1295 1506 1416 1533 futurum
1431 1506 1538 1538 statuit,
1561 1511 1590 1533 ut
1614 1506 1705 1533 incor‘

925 1559 1005 1586 porea
1019 1551 1074 1579 vita
1090 1552 1193 1586 agenda
1210 1552 1256 1584 sit,
1274 1559 1334 1579 cum
1345 1551 1456 1579 Christo
1476 1551 1598 1587 subjecta
1613 1551 1705 1580 omnia

926 1597 1042 1630 iuerint;
1061 1597 1105 1625 vel
1120 1597 1231 1625 alteram
1254 1598 1324 1625 hanc
1340 1605 1399 1632 quae
1411 1605 1567 1632 corpoream
1582 1598 1705 1625 substan-

925 1642 990 1669 tiam
1006 1642 1160 1676 purissimis
1175 1642 1315 1678 spiritibus
1337 1650 1386 1678 pro
1400 1643 1505 1670 meritis
1530 1643 1704 1675 sociandam,

924 1692 952 1715 et
979 1687 1005 1715 in
1028 1688 1174 1716 aathereum
1197 1693 1296 1716 statum
1320 1689 1553 1716 transmutandam
1567 1689 1704 1720 decernit;

925 1738 971 1761 aut
985 1733 1091 1761 tertiam
1118 1734 1243 1769 denique,
1259 1742 1319 1769 quae
1341 1734 1491 1762 desiturum
1508 1734 1599 1761 mundi
1627 1733 1706 1767 hujus

926 1779 1048 1806 habitum
1068 1779 1178 1812 deﬁnit,
1191 1784 1220 1807 et
1235 1787 1315 1815 supra
1332 1780 1465 1814 spheram
1479 1779 1586 1814 ἀπλανῆ
1603 1779 1629 1806 1η
1647 1784 1706 1806 tuto

925 1825 1110 1854 collocandam
1120 1827 1226 1861 piorum
1244 1827 1399 1858 stationem,
1417 1831 1472 1854 tum
1487 1826 1534 1860 qui
1548 1826 1705 1859 castigatio-

926 1871 1004 1899 nibus
1015 1871 1113 1899 delicta
1124 1871 1279 1906 expiarunt.
1298 1875 1353 1898 tum
1370 1872 1416 1906 qui
1430 1871 1573 1898 virtutibus
1590 1877 1623 1897 eo
1645 1878 1707 1905 per-

926 1917 1018 1944 venire
1034 1921 1202 1949 meruerunt,
1217 1917 1346 1952 proponit
1359 1917 1516 1951 unicuique,
1532 1920 1562 1943 ut
1578 1923 1638 1951 qua:
1648 1915 1707 1942 ani—

927 1969 970 1988 mo
984 1969 1035 1989 suo
1054 1961 1207 1989 collibuerit
1222 1961 1308 1997 magis
1318 1981 1326 1994 ,
1339 1969 1399 1989 eam
1411 1969 1460 1997 pro
1474 1961 1590 1988 arbitrio
1603 1960 1706 1994 ample-

926 2013 1026 2036 ctatur.
1041 2008 1137 2043 Capite
1150 2010 1180 2037 H
1195 2009 1255 2036 libri
1267 2008 1399 2044 ejusdem,
1421 2017 1495 2037 num.
1513 2009 1541 2042 6,
1561 2014 1658 2044 putare
1677 2017 1707 2037 se

927 2055 1082 2090 pronuntiat
1094 2056 1240 2090 migrantes
1258 2063 1292 2083 ex
1311 2057 1362 2083 hac
1379 2056 1433 2083 vita
1449 2056 1554 2083 animas
1570 2057 1597 2083 in
1618 2056 1706 2083 locum

927 2102 1042 2137 aliquem
1053 2102 1079 2129 in
1098 2106 1168 2130 terra
1183 2102 1297 2138 positum
1310 2102 1447 2134 secedere,
1459 2109 1538 2137 quem
1551 2102 1707 2137 paradisum

929 2148 1069 2183 Scriptura
1084 2148 1222 2184 appellat,
1242 2149 1334 2183 ibique
1350 2149 1390 2176 sic
1405 2153 1533 2182 tanquam
1558 2148 1585 2175 in
1602 2149 1706 2180 schola,

94 2197 196 2226 morte,
217 2200 328 2228 regnum
353 2192 426 2220 Patri
456 2194 608 2222 tradiderit.
633 2193 756 2222 Ostendit
780 2194 876 2222 deinde
891 2199 913 2227 ι)
928 2201 1019 2222 rerum
1033 2201 1102 2230 quas
1116 2194 1143 2221 in
1161 2194 1241 2222 terris
1263 2194 1397 2228 viderant,
1413 2201 1445 2221 ac
1460 2194 1610 2222 futurorum
1626 2194 1708 2221 etiam

91 2239 152 2267 suis
165 2238 305 2266 ordinibus
316 2239 440 2274 delapsas
455 2239 585 2274 quasdam
599 2240 744 2268 rationales
755 2245 876 2273 naturas,

91 2283 159 2311 aliis
170 2283 254 2311 fuisse
267 2283 302 2310 ad
318 2284 463 2319 regendum
485 2284 598 2312 traditas
619 2291 680 2319 qua;
695 2284 783 2312 locum
799 2292 877 2312 suum

94 2329 268 2362 tenuissent,
293 2330 606 2365 earumquesalubribus
620 2331 768 2365 disciplinis
792 2331 877 2359 refor-

95 2379 185 2403 matas
208 2375 336 2402 amissam
360 2375 558 2403 beatitudinem
583 2382 745 2410 recuperare
769 2383 848 2410 posse
868 2385 876 2404 :

98 2430 109 2447 I
129 2420 170 2448 Ex
196 2421 312 2455 quibus,
335 2430 345 2448 ›
369 2420 457 2456 inquit
471 2429 546 2448 num.
563 2421 591 2453 2,
607 2430 616 2447 ι
639 2421 776 2453 existimo,
799 2428 879 2457 prout

95 2474 150 2502 ego
161 2467 263 2494 sentire
279 2473 388 2502 possum
402 2486 410 2500 ,
426 2467 499 2495 hunc
511 2467 632 2495 ordinem
647 2467 756 2494 immani
771 2468 879 2502 generis

94 2514 262 2546 institutum,
276 2513 322 2549 qui
334 2514 428 2548 utique
451 2516 477 2541 in
494 2514 585 2542 futuro
599 2513 711 2548 saeculo,
725 2513 766 2541 vel
783 2521 879 2549 super-

94 2559 270 2588 venientibus
295 2560 414 2593 szeculis,
441 2569 503 2589 cum
528 2561 626 2590 cmlum
645 2568 742 2589 novum
757 2565 786 2589 et
807 2565 877 2589 terra

94 2613 168 2633 nova
194 2606 342 2634 secundum
369 2607 464 2635 Isaiam
481 2608 553 2640 erit,
579 2607 737 2635 restituetur
751 2607 779 2634 in
805 2606 878 2635 illam

95 2651 248 2685 unitatem,
262 2659 343 2687 quam
360 2654 493 2688 promittit
511 2653 640 2681 Dominus
655 2653 745 2681 Jcsus.
766 2663 776 2680 ›
795 2653 880 2687 Quas-

96 2698 160 2725 dam
180 2702 310 2732 pmtewa
326 2698 353 2725 in
369 2702 469 2725 tantam
488 2698 527 2726 ait
551 2699 693 2727 devenisse
714 2699 879 2734 nequitiam,

97 2749 129 2771 ut
152 2744 282 2772 virtutum
309 2745 460 2772 cwlestium
487 2745 664 2773 eruditionem
696 2746 803 2780 penitus
831 2754 877 2773 rev

97 2794 211 2824 spuant,
237 2789 324 2825 iisque
339 2795 505 2825 repugnent;
531 2795 612 2824 atque
630 2791 689 2818 illas
700 2792 735 2818 ab
750 2791 879 2826 apostolis

99 2841 217 2864 vrrzutcs
232 2836 381 2864 contrarias
402 2835 530 2872 appellari
545 2857 551 2869 ,
568 2836 638 2864 unde
652 2836 803 2866 mortalium
819 2838 880 2866 vita:

927 2248 1026 2268 causas
1050 2241 1220 2268 condiscere.
1234 2240 1293 2273 Quo
1313 2241 1439 2268 mundior
1456 2246 1558 2272 autem,
1569 2245 1596 2268 et
1609 2240 1710 2268 exerci-

933 2286 1014 2314 tatior
1025 2286 1115 2321 aliqua
1140 2286 1231 2320 luerit,
1245 2294 1278 2314 eo
1301 2286 1386 2321 magis
1408 2286 1605 2321 proﬁcientem,
1629 2287 1709 2314 citius

928 2331 954 2358 in
968 2338 1058 2359 aerem
1075 2338 1293 2363 conscensuram,
1309 2331 1374 2358 hinc
1384 2331 1417 2358 ad
1433 2331 1556 2366 sphaaras
1573 2331 1709 2364 caelestes,

929 2377 1066 2412 inquibus
1079 2377 1157 2405 novis
1168 2377 1331 2404 eruditionis
1346 2377 1549 2405 accessionibus
1563 2376 1710 2412 locupleta-

929 2423 1011 2450 bitur.
1036 2421 1136 2449 Eadem
1155 2422 1288 2450 habentur
1305 2422 1353 2450 lib.
1369 2431 1397 2450 lll
1417 2423 1488 2457 Περὶ
1513 2423 1625 2457 ἀρχῶν,
1644 2430 1706 2457 cap.

928 2467 956 2500 6,
984 2475 1060 2495 num.
1074 2468 1100 2500 6,
1118 2467 1249 2502 docetque
1268 2476 1317 2503 per
1333 2468 1463 2496 immensa
1480 2475 1612 2495 annorum
1625 2469 1710 2495 curri-

929 2513 989 2540 cula
1007 2513 1114 2541 animas
1126 2514 1182 2541 suis
1195 2514 1221 2541 in
1238 2514 1305 2551 locis
1317 2513 1467 2546 emendari,
1480 2513 1707 2548 prtecurrentibus

929 2561 1002 2594 aliis,
1013 2566 1041 2588 et
1056 2561 1138 2589 citato
1150 2569 1232 2590 cursu
1257 2562 1291 2589 ad
1301 2569 1407 2589 summa
1421 2561 1595 2593 enitentibus,
1619 2561 1711 2588 subse-

930 2607 1074 2642 quentibus
1095 2607 1219 2642 proxime
1231 2608 1303 2640 aliis,
1329 2607 1467 2634 nonnullis
1481 2606 1602 2638 tardius;
1621 2611 1649 2633 et
1670 2606 1711 2633 sic

929 2661 978 2688 per
989 2653 1109 2681 diversos
1120 2654 1229 2682 ordines
1241 2654 1385 2689 proﬁcere,
1401 2660 1433 2680 ac
1458 2653 1512 2679 Deo
1527 2652 1711 2684 reconciliari,

929 2700 1015 2727 donec
1029 2700 1182 2727 destruatur
1197 2704 1347 2734 postremus
1356 2699 1491 2730 inimicus,
1505 2706 1577 2725 mors
1589 2697 1710 2732 scilicet;

932 2753 963 2773 ac
979 2745 1109 2773 restitutis
1128 2747 1236 2773 tandem
1251 2746 1276 2773 in
1299 2746 1370 2773 hunc
1389 2750 1488 2772 statum
1507 2744 1617 2776 animis,
1635 2749 1713 2770 natu-

934 2799 990 2819 ram
1007 2790 1175 2825 corporalem
1193 2791 1225 2818 ad
1241 2791 1354 2825 gloriam
1370 2790 1526 2824 perductum
1547 2789 1598 2822 iri;
1612 2789 1714 2815 omnia-

936 2843 987 2872 que
1000 2844 1082 2865 unum
1095 2836 1195 2870 futura,
1209 2844 1270 2865 cum
1287 2835 1357 2864 Deus
1383 2835 1462 2864 fuerit
1485 2835 1574 2864 omnia
1592 2835 1618 2863 in
1630 2834 1714 2862 onlni‘
