  <div class='ocr_page' id='page_1' title='image "/cluster/home/n/w/nwhite01/storage/ocr_20150623/17/njp.32101010944583/701.png"; bbox 0 0 1912 3079; ppageno 0'>
   <div class='ocr_carea' id='block_1_1' title="bbox 210 91 278 119">
    <p class='ocr_par' dir='ltr' id='par_1_1' title="bbox 210 91 278 119">
     <span class='ocr_line' id='line_1_1' title="bbox 210 91 278 119; baseline -0.015 0"><span class='ocrx_word' id='word_1_1' title='bbox 210 91 278 119; x_wconf 71' lang='grc'><strong>1013</strong></span> 
     </span>
    </p>
   </div>
   <div class='ocr_carea' id='block_1_2' title="bbox 855 87 1193 116">
    <p class='ocr_par' dir='ltr' id='par_1_2' title="bbox 855 87 1193 116">
     <span class='ocr_line' id='line_1_2' title="bbox 855 87 1193 116; baseline -0.006 0"><span class='ocrx_word' id='word_1_2' title='bbox 855 91 881 116; x_wconf 89' lang='grc' dir='ltr'><strong>Ρ.</strong></span> <span class='ocrx_word' id='word_1_3' title='bbox 903 87 1058 116; x_wconf 77' lang='lat' dir='ltr'><strong>DANIELIS</strong></span> <span class='ocrx_word' id='word_1_4' title='bbox 1078 87 1121 116; x_wconf 68' lang='grc' dir='ltr'><strong>ΠΙ]</strong></span> <span class='ocrx_word' id='word_1_5' title='bbox 1127 87 1193 114; x_wconf 71' lang='lat' dir='ltr'><strong>LT&quot;</strong></span> 
     </span>
    </p>
   </div>
   <div class='ocr_carea' id='block_1_3' title="bbox 1750 87 1821 113">
    <p class='ocr_par' dir='ltr' id='par_1_3' title="bbox 1750 87 1821 113">
     <span class='ocr_line' id='line_1_3' title="bbox 1750 87 1821 113; baseline 0.014 -1"><span class='ocrx_word' id='word_1_6' title='bbox 1750 87 1821 113; x_wconf 70' lang='grc' dir='ltr'><strong>ΜΗΘ</strong></span> 
     </span>
    </p>
   </div>
   <div class='ocr_carea' id='block_1_4' title="bbox 208 148 1822 184">
    <p class='ocr_par' dir='ltr' id='par_1_4' title="bbox 208 148 1822 184">
     <span class='ocr_line' id='line_1_4' title="bbox 208 148 1822 184; baseline -0.002 -7"><span class='ocrx_word' id='word_1_7' title='bbox 208 151 270 180; x_wconf 89' lang='lat' dir='ltr'><strong>bus.</strong></span> <span class='ocrx_word' id='word_1_8' title='bbox 296 152 352 179; x_wconf 92' lang='lat' dir='ltr'><strong>Sub</strong></span> <span class='ocrx_word' id='word_1_9' title='bbox 377 152 455 178; x_wconf 85' lang='lat' dir='ltr'><strong>finem</strong></span> <span class='ocrx_word' id='word_1_10' title='bbox 472 151 565 184; x_wconf 80' lang='lat' dir='ltr'><strong>capitis</strong></span> <span class='ocrx_word' id='word_1_11' title='bbox 591 149 709 183; x_wconf 82' lang='lat' dir='ltr'><strong>ejusdem</strong></span> <span class='ocrx_word' id='word_1_12' title='bbox 735 158 808 177; x_wconf 88' lang='lat' dir='ltr'><strong>num.</strong></span> <span class='ocrx_word' id='word_1_13' title='bbox 833 150 849 177; x_wconf 87' lang='lat'><strong>8</strong></span> <span class='ocrx_word' id='word_1_14' title='bbox 869 150 983 184; x_wconf 88' lang='lat' dir='ltr'><strong>idipsum</strong></span> <span class='ocrx_word' id='word_1_15' title='bbox 998 151 1021 179; x_wconf 75' lang='grc' dir='ltr'><strong>Δ</strong></span> <span class='ocrx_word' id='word_1_16' title='bbox 1037 156 1087 184; x_wconf 78' lang='lat' dir='ltr'><strong>ego</strong></span> <span class='ocrx_word' id='word_1_17' title='bbox 1103 148 1202 176; x_wconf 73' lang='lat' dir='ltr'><strong>ltetilize</strong></span> <span class='ocrx_word' id='word_1_18' title='bbox 1228 155 1320 175; x_wconf 80' lang='lat' dir='ltr'><strong>eorum</strong></span> <span class='ocrx_word' id='word_1_19' title='bbox 1336 149 1470 183; x_wconf 87' lang='lat' dir='ltr'><strong>particeps</strong></span> <span class='ocrx_word' id='word_1_20' title='bbox 1490 148 1562 175; x_wconf 83' lang='lat' dir='ltr'><strong>fiam.</strong></span> <span class='ocrx_word' id='word_1_21' title='bbox 1578 148 1671 183; x_wconf 83' lang='lat' dir='ltr'><strong>Neque</strong></span> <span class='ocrx_word' id='word_1_22' title='bbox 1684 148 1756 174; x_wconf 87' lang='lat' dir='ltr'><strong>enim</strong></span> <span class='ocrx_word' id='word_1_23' title='bbox 1771 149 1822 175; x_wconf 84' lang='lat' dir='ltr'><strong>de—</strong></span> 
     </span>
    </p>
   </div>
   <div class='ocr_carea' id='block_1_5' title="bbox 209 188 984 229">
    <p class='ocr_par' dir='ltr' id='par_1_5' title="bbox 209 188 984 229">
     <span class='ocr_line' id='line_1_5' title="bbox 209 188 984 229; baseline -0.003 -5"><span class='ocrx_word' id='word_1_24' title='bbox 209 197 336 229; x_wconf 85' lang='lat' dir='ltr'><strong>inculcat,</strong></span> <span class='ocrx_word' id='word_1_25' title='bbox 357 196 481 229; x_wconf 75' lang='lat' dir='ltr'><strong>additque</strong></span> <span class='ocrx_word' id='word_1_26' title='bbox 495 197 521 221; x_wconf 92' lang='lat' dir='ltr'><strong>in</strong></span> <span class='ocrx_word' id='word_1_27' title='bbox 537 195 585 222; x_wconf 88' lang='lat' dir='ltr'><strong>alia</strong></span> <span class='ocrx_word' id='word_1_28' title='bbox 601 200 671 222; x_wconf 86' lang='lat' dir='ltr'><strong>terra</strong></span> <span class='ocrx_word' id='word_1_29' title='bbox 687 188 794 223; x_wconf 78' lang='lat' dir='ltr'><strong>sanctos</strong></span> <span class='ocrx_word' id='word_1_30' title='bbox 805 203 866 223; x_wconf 84' lang='lat' dir='ltr'><strong>esse</strong></span> <span class='ocrx_word' id='word_1_31' title='bbox 883 195 984 229; x_wconf 85' lang='lat' dir='ltr'><strong>angeli-</strong></span> 
     </span>
    </p>
   </div>
   <div class='ocr_carea' id='block_1_6' title="bbox 208 241 986 270">
    <p class='ocr_par' dir='ltr' id='par_1_6' title="bbox 208 241 986 270">
     <span class='ocr_line' id='line_1_6' title="bbox 208 241 986 270; baseline -0.001 -1"><span class='ocrx_word' id='word_1_32' title='bbox 208 243 249 270; x_wconf 90' lang='lat' dir='ltr'><strong>cis</strong></span> <span class='ocrx_word' id='word_1_33' title='bbox 266 241 478 270; x_wconf 90' lang='lat' dir='ltr'><strong>institutionibus</strong></span> <span class='ocrx_word' id='word_1_34' title='bbox 502 241 696 269; x_wconf 78' lang='lat' dir='ltr'><strong>informandus.</strong></span> <span class='ocrx_word' id='word_1_35' title='bbox 724 242 758 269; x_wconf 80' lang='lat' dir='ltr'><strong>At</strong></span> <span class='ocrx_word' id='word_1_36' title='bbox 782 242 890 269; x_wconf 91' lang='lat' dir='ltr'><strong>humilia</strong></span> <span class='ocrx_word' id='word_1_37' title='bbox 910 241 938 268; x_wconf 86' lang='lat' dir='ltr'><strong>ll</strong></span> <span class='ocrx_word' id='word_1_38' title='bbox 958 241 986 268; x_wconf 80' lang='lat' dir='ltr'><strong>in</strong></span> 
     </span>
    </p>
   </div>
   <div class='ocr_carea' id='block_1_7' title="bbox 210 287 987 322">
    <p class='ocr_par' dir='ltr' id='par_1_7' title="bbox 210 287 987 322">
     <span class='ocr_line' id='line_1_7' title="bbox 210 287 987 322; baseline 0 -8"><span class='ocrx_word' id='word_1_39' title='bbox 210 287 304 319; x_wconf 66' lang='lat' dir='ltr'><strong>Nam,</strong></span> <span class='ocrx_word' id='word_1_40' title='bbox 320 295 394 313; x_wconf 88' lang='lat' dir='ltr'><strong>num.</strong></span> <span class='ocrx_word' id='word_1_41' title='bbox 411 287 438 319; x_wconf 75' lang='grc'><strong>4,</strong></span> <span class='ocrx_word' id='word_1_42' title='bbox 452 287 485 313; x_wconf 88' lang='lat' dir='ltr'><strong>ad</strong></span> <span class='ocrx_word' id='word_1_43' title='bbox 497 287 637 321; x_wconf 79' lang='lat' dir='ltr'><strong>superiora</strong></span> <span class='ocrx_word' id='word_1_44' title='bbox 653 287 745 322; x_wconf 89' lang='lat' dir='ltr'><strong>adjicit</strong></span> <span class='ocrx_word' id='word_1_45' title='bbox 761 287 870 322; x_wconf 80' lang='lat' dir='ltr'><strong>angelos</strong></span> <span class='ocrx_word' id='word_1_46' title='bbox 895 288 928 314; x_wconf 92' lang='lat' dir='ltr'><strong>iis</strong></span> <span class='ocrx_word' id='word_1_47' title='bbox 944 294 987 314; x_wconf 88' lang='lat' dir='ltr'><strong>re-</strong></span> 
     </span>
    </p>
   </div>
   <div class='ocr_carea' id='block_1_8' title="bbox 208 331 986 367">
    <p class='ocr_par' dir='ltr' id='par_1_8' title="bbox 208 331 986 367">
     <span class='ocr_line' id='line_1_8' title="bbox 208 331 986 367; baseline 0.003 -10"><span class='ocrx_word' id='word_1_48' title='bbox 208 332 302 366; x_wconf 77' lang='lat' dir='ltr'><strong>gendis</strong></span> <span class='ocrx_word' id='word_1_49' title='bbox 314 332 338 358; x_wconf 91' lang='lat' dir='ltr'><strong>in</strong></span> <span class='ocrx_word' id='word_1_50' title='bbox 351 331 441 358; x_wconf 83' lang='lat' dir='ltr'><strong>futuro</strong></span> <span class='ocrx_word' id='word_1_51' title='bbox 456 331 554 358; x_wconf 68' lang='lat' dir='ltr'><strong>stmulo</strong></span> <span class='ocrx_word' id='word_1_52' title='bbox 573 331 631 359; x_wconf 86' lang='lat' dir='ltr'><strong>fore</strong></span> <span class='ocrx_word' id='word_1_53' title='bbox 645 332 796 367; x_wconf 58' lang='lat' dir='ltr'><strong>praefectos,</strong></span> <span class='ocrx_word' id='word_1_54' title='bbox 814 340 881 366; x_wconf 88' lang='lat' dir='ltr'><strong>quos</strong></span> <span class='ocrx_word' id='word_1_55' title='bbox 896 332 986 359; x_wconf 88' lang='lat' dir='ltr'><strong>labore</strong></span> 
     </span>
    </p>
   </div>
   <div class='ocr_carea' id='block_1_9' title="bbox 208 377 986 413">
    <p class='ocr_par' dir='ltr' id='par_1_9' title="bbox 208 377 986 413">
     <span class='ocr_line' id='line_1_9' title="bbox 208 377 986 413; baseline 0.003 -10"><span class='ocrx_word' id='word_1_56' title='bbox 208 384 258 404; x_wconf 90' lang='lat' dir='ltr'><strong>suo</strong></span> <span class='ocrx_word' id='word_1_57' title='bbox 272 383 304 402; x_wconf 88' lang='lat' dir='ltr'><strong>ac</strong></span> <span class='ocrx_word' id='word_1_58' title='bbox 324 377 473 404; x_wconf 86' lang='lat' dir='ltr'><strong>ministerio</strong></span> <span class='ocrx_word' id='word_1_59' title='bbox 497 384 513 404; x_wconf 89' lang='lat' dir='ltr'><strong>e</strong></span> <span class='ocrx_word' id='word_1_60' title='bbox 534 377 650 405; x_wconf 77' lang='lat' dir='ltr'><strong>diversis</strong></span> <span class='ocrx_word' id='word_1_61' title='bbox 665 378 788 413; x_wconf 74' lang='lat' dir='ltr'><strong>gentibus</strong></span> <span class='ocrx_word' id='word_1_62' title='bbox 812 382 986 413; x_wconf 80' lang='lat' dir='ltr'><strong>congregatus</strong></span> 
     </span>
    </p>
   </div>
   <div class='ocr_carea' id='block_1_10' title="bbox 207 421 987 458">
    <p class='ocr_par' dir='ltr' id='par_1_10' title="bbox 207 421 987 458">
     <span class='ocr_line' id='line_1_10' title="bbox 207 421 987 458; baseline 0.003 -10"><span class='ocrx_word' id='word_1_63' title='bbox 207 423 241 449; x_wconf 87' lang='lat' dir='ltr'><strong>ad</strong></span> <span class='ocrx_word' id='word_1_64' title='bbox 266 421 366 449; x_wconf 89' lang='lat' dir='ltr'><strong>Christi</strong></span> <span class='ocrx_word' id='word_1_65' title='bbox 394 422 517 449; x_wconf 87' lang='lat' dir='ltr'><strong>notitiam</strong></span> <span class='ocrx_word' id='word_1_66' title='bbox 540 423 718 458; x_wconf 84' lang='lat' dir='ltr'><strong>adduxerim;</strong></span> <span class='ocrx_word' id='word_1_67' title='bbox 735 424 802 451; x_wconf 89' lang='lat' dir='ltr'><strong>adeo</strong></span> <span class='ocrx_word' id='word_1_68' title='bbox 821 429 850 450; x_wconf 92' lang='lat' dir='ltr'><strong>ut</strong></span> <span class='ocrx_word' id='word_1_69' title='bbox 865 424 987 451; x_wconf 75' lang='lat' dir='ltr'><strong>Christus</strong></span> 
     </span>
    </p>
   </div>
   <div class='ocr_carea' id='block_1_11' title="bbox 209 467 986 504">
    <p class='ocr_par' dir='ltr' id='par_1_11' title="bbox 209 467 986 504">
     <span class='ocr_line' id='line_1_11' title="bbox 209 467 986 504; baseline 0.004 -11"><span class='ocrx_word' id='word_1_70' title='bbox 209 475 260 494; x_wconf 92' lang='lat' dir='ltr'><strong>non</strong></span> <span class='ocrx_word' id='word_1_71' title='bbox 279 471 332 494; x_wconf 86' lang='lat' dir='ltr'><strong>tam</strong></span> <span class='ocrx_word' id='word_1_72' title='bbox 359 475 406 495; x_wconf 87' lang='lat' dir='ltr'><strong>rex</strong></span> <span class='ocrx_word' id='word_1_73' title='bbox 430 467 536 496; x_wconf 89' lang='lat' dir='ltr'><strong>futurus</strong></span> <span class='ocrx_word' id='word_1_74' title='bbox 563 469 609 502; x_wconf 87' lang='lat' dir='ltr'><strong>sit,</strong></span> <span class='ocrx_word' id='word_1_75' title='bbox 636 477 715 504; x_wconf 89' lang='lat' dir='ltr'><strong>quam</strong></span> <span class='ocrx_word' id='word_1_76' title='bbox 738 469 827 498; x_wconf 58' lang='lat' dir='ltr'><strong>illex</strong></span> <span class='ocrx_word' id='word_1_77' title='bbox 845 474 986 504; x_wconf 86' lang='lat' dir='ltr'><strong>regum,ct</strong></span> 
     </span>
    </p>
   </div>
   <div class='ocr_carea' id='block_1_12' title="bbox 209 513 986 548">
    <p class='ocr_par' dir='ltr' id='par_1_12' title="bbox 209 513 986 548">
     <span class='ocr_line' id='line_1_12' title="bbox 209 513 986 548; baseline 0.001 -8"><span class='ocrx_word' id='word_1_78' title='bbox 209 513 336 541; x_wconf 87' lang='lat' dir='ltr'><strong>Dominus</strong></span> <span class='ocrx_word' id='word_1_79' title='bbox 347 514 541 542; x_wconf 84' lang='lat' dir='ltr'><strong>dominantium</strong></span> <span class='ocrx_word' id='word_1_80' title='bbox 558 515 590 548; x_wconf 78' lang='grc'><strong>³⁸,</strong></span> <span class='ocrx_word' id='word_1_81' title='bbox 607 525 617 540; x_wconf 74' lang='grc' dir='ltr'><strong><em>ι</em></strong></span> <span class='ocrx_word' id='word_1_82' title='bbox 634 520 659 542; x_wconf 92' lang='lat' dir='ltr'><strong>el</strong></span> <span class='ocrx_word' id='word_1_83' title='bbox 675 515 818 543; x_wconf 90' lang='lat' dir='ltr'><strong>nonnullos</strong></span> <span class='ocrx_word' id='word_1_84' title='bbox 833 515 868 542; x_wconf 88' lang='lat' dir='ltr'><strong>ab</strong></span> <span class='ocrx_word' id='word_1_85' title='bbox 884 514 986 548; x_wconf 76' lang='lat' dir='ltr'><strong>angelis</strong></span> 
     </span>
    </p>
   </div>
   <div class='ocr_carea' id='block_1_13' title="bbox 207 559 984 596">
    <p class='ocr_par' dir='ltr' id='par_1_13' title="bbox 207 559 984 596">
     <span class='ocr_line' id='line_1_13' title="bbox 207 559 984 596; baseline 0.003 -11"><span class='ocrx_word' id='word_1_86' title='bbox 207 559 315 586; x_wconf 74' lang='lat' dir='ltr'><strong>Christo</strong></span> <span class='ocrx_word' id='word_1_87' title='bbox 328 559 433 592; x_wconf 81' lang='lat' dir='ltr'><strong>offerri,</strong></span> <span class='ocrx_word' id='word_1_88' title='bbox 447 560 553 594; x_wconf 88' lang='lat' dir='ltr'><strong>aliqttos</strong></span> <span class='ocrx_word' id='word_1_89' title='bbox 567 568 633 588; x_wconf 93' lang='lat' dir='ltr'><strong>vero</strong></span> <span class='ocrx_word' id='word_1_90' title='bbox 649 561 820 596; x_wconf 80' lang='lat' dir='ltr'><strong>archangelis</strong></span> <span class='ocrx_word' id='word_1_91' title='bbox 845 561 984 588; x_wconf 81' lang='lat' dir='ltr'><strong>duntaxat.</strong></span> 
     </span>
    </p>
   </div>
   <div class='ocr_carea' id='block_1_14' title="bbox 208 602 986 638">
    <p class='ocr_par' dir='ltr' id='par_1_14' title="bbox 208 602 986 638">
     <span class='ocr_line' id='line_1_14' title="bbox 208 602 986 638; baseline 0.005 -9"><span class='ocrx_word' id='word_1_92' title='bbox 208 602 328 638; x_wconf 84' lang='lat' dir='ltr'><strong>Denique</strong></span> <span class='ocrx_word' id='word_1_93' title='bbox 354 603 394 631; x_wconf 84' lang='lat' dir='ltr'><strong>sic</strong></span> <span class='ocrx_word' id='word_1_94' title='bbox 419 604 554 632; x_wconf 87' lang='lat' dir='ltr'><strong>concludit</strong></span> <span class='ocrx_word' id='word_1_95' title='bbox 574 613 649 633; x_wconf 90' lang='lat' dir='ltr'><strong>num.</strong></span> <span class='ocrx_word' id='word_1_96' title='bbox 666 606 706 633; x_wconf 82' lang='lat'><strong>5:</strong></span> <span class='ocrx_word' id='word_1_97' title='bbox 723 615 731 632; x_wconf 83' lang='lat' dir='ltr'><strong>t</strong></span> <span class='ocrx_word' id='word_1_98' title='bbox 752 607 831 634; x_wconf 88' lang='lat' dir='ltr'><strong>Sicut</strong></span> <span class='ocrx_word' id='word_1_99' title='bbox 850 613 883 633; x_wconf 83' lang='lat' dir='ltr'><strong>ex</strong></span> <span class='ocrx_word' id='word_1_100' title='bbox 908 606 986 633; x_wconf 85' lang='lat' dir='ltr'><strong>initio</strong></span> 
     </span>
    </p>
   </div>
   <div class='ocr_carea' id='block_1_15' title="bbox 207 648 986 686">
    <p class='ocr_par' dir='ltr' id='par_1_15' title="bbox 207 648 986 686">
     <span class='ocr_line' id='line_1_15' title="bbox 207 648 986 686; baseline 0.006 -12"><span class='ocrx_word' id='word_1_101' title='bbox 207 648 298 675; x_wconf 68' lang='lat' dir='ltr'><strong>smculi</strong></span> <span class='ocrx_word' id='word_1_102' title='bbox 323 648 414 684; x_wconf 83' lang='lat' dir='ltr'><strong>hujus,</strong></span> <span class='ocrx_word' id='word_1_103' title='bbox 438 657 499 678; x_wconf 87' lang='lat' dir='ltr'><strong>cum</strong></span> <span class='ocrx_word' id='word_1_104' title='bbox 515 651 682 686; x_wconf 76' lang='lat' dir='ltr'><strong>dispergeret</strong></span> <span class='ocrx_word' id='word_1_105' title='bbox 707 652 780 679; x_wconf 83' lang='lat' dir='ltr'><strong>Deus</strong></span> <span class='ocrx_word' id='word_1_106' title='bbox 797 651 866 680; x_wconf 83' lang='lat' dir='ltr'><strong>ﬁlios</strong></span> <span class='ocrx_word' id='word_1_107' title='bbox 889 652 986 684; x_wconf 79' lang='lat' dir='ltr'><strong>Adam,</strong></span> 
     </span>
    </p>
   </div>
   <div class='ocr_carea' id='block_1_16' title="bbox 207 693 986 733">
    <p class='ocr_par' dir='ltr' id='par_1_16' title="bbox 207 693 986 733">
     <span class='ocr_line' id='line_1_16' title="bbox 207 693 986 733; baseline 0.008 -14"><span class='ocrx_word' id='word_1_108' title='bbox 207 693 301 720; x_wconf 84' lang='lat' dir='ltr'><strong>statuit</strong></span> <span class='ocrx_word' id='word_1_109' title='bbox 321 693 388 721; x_wconf 84' lang='lat' dir='ltr'><strong>fines</strong></span> <span class='ocrx_word' id='word_1_110' title='bbox 402 695 519 729; x_wconf 86' lang='lat' dir='ltr'><strong>gentium</strong></span> <span class='ocrx_word' id='word_1_111' title='bbox 547 697 692 724; x_wconf 83' lang='lat' dir='ltr'><strong>secundum</strong></span> <span class='ocrx_word' id='word_1_112' title='bbox 713 705 855 725; x_wconf 87' lang='lat' dir='ltr'><strong>numerum</strong></span> <span class='ocrx_word' id='word_1_113' title='bbox 875 698 986 733; x_wconf 86' lang='lat' dir='ltr'><strong>angelo—</strong></span> 
     </span>
    </p>
   </div>
   <div class='ocr_carea' id='block_1_17' title="bbox 207 739 987 780">
    <p class='ocr_par' dir='ltr' id='par_1_17' title="bbox 207 739 987 780">
     <span class='ocr_line' id='line_1_17' title="bbox 207 739 987 780; baseline 0.009 -15"><span class='ocrx_word' id='word_1_114' title='bbox 207 746 267 766; x_wconf 88' lang='lat' dir='ltr'><strong>rum</strong></span> <span class='ocrx_word' id='word_1_115' title='bbox 283 739 347 773; x_wconf 89' lang='lat' dir='ltr'><strong>Dei,</strong></span> <span class='ocrx_word' id='word_1_116' title='bbox 361 745 387 768; x_wconf 90' lang='lat' dir='ltr'><strong>et</strong></span> <span class='ocrx_word' id='word_1_117' title='bbox 406 748 574 776; x_wconf 63' lang='lat' dir='ltr'><strong>unaquaeque</strong></span> <span class='ocrx_word' id='word_1_118' title='bbox 589 750 654 777; x_wconf 68' lang='lat' dir='ltr'><strong>gens</strong></span> <span class='ocrx_word' id='word_1_119' title='bbox 681 744 730 771; x_wconf 86' lang='lat' dir='ltr'><strong>sub</strong></span> <span class='ocrx_word' id='word_1_120' title='bbox 748 743 792 771; x_wconf 93' lang='lat' dir='ltr'><strong>illo</strong></span> <span class='ocrx_word' id='word_1_121' title='bbox 806 744 902 780; x_wconf 80' lang='lat' dir='ltr'><strong>angelo</strong></span> <span class='ocrx_word' id='word_1_122' title='bbox 917 744 987 772; x_wconf 88' lang='lat' dir='ltr'><strong>facta</strong></span> 
     </span>
    </p>
   </div>
   <div class='ocr_carea' id='block_1_18' title="bbox 207 786 987 826">
    <p class='ocr_par' dir='ltr' id='par_1_18' title="bbox 207 786 987 826">
     <span class='ocr_line' id='line_1_18' title="bbox 207 786 987 826; baseline 0.009 -15"><span class='ocrx_word' id='word_1_123' title='bbox 207 789 248 812; x_wconf 90' lang='lat' dir='ltr'><strong>cst</strong></span> <span class='ocrx_word' id='word_1_124' title='bbox 259 804 267 818; x_wconf 93' lang='lat'><strong>,</strong></span> <span class='ocrx_word' id='word_1_125' title='bbox 284 793 334 812; x_wconf 89' lang='lat' dir='ltr'><strong>una</strong></span> <span class='ocrx_word' id='word_1_126' title='bbox 351 790 440 813; x_wconf 90' lang='lat' dir='ltr'><strong>autem</strong></span> <span class='ocrx_word' id='word_1_127' title='bbox 455 786 506 814; x_wconf 90' lang='lat' dir='ltr'><strong>fuit</strong></span> <span class='ocrx_word' id='word_1_128' title='bbox 519 793 545 815; x_wconf 87' lang='lat' dir='ltr'><strong>et</strong></span> <span class='ocrx_word' id='word_1_129' title='bbox 558 788 642 816; x_wconf 86' lang='lat' dir='ltr'><strong>electa</strong></span> <span class='ocrx_word' id='word_1_130' title='bbox 655 797 720 824; x_wconf 86' lang='lat' dir='ltr'><strong>gens</strong></span> <span class='ocrx_word' id='word_1_131' title='bbox 733 789 827 822; x_wconf 85' lang='lat' dir='ltr'><strong>Israel,</strong></span> <span class='ocrx_word' id='word_1_132' title='bbox 846 798 906 826; x_wconf 71' lang='lat' dir='ltr'><strong>quae</strong></span> <span class='ocrx_word' id='word_1_133' title='bbox 923 797 987 825; x_wconf 83' lang='lat' dir='ltr'><strong>por-</strong></span> 
     </span>
    </p>
   </div>
   <div class='ocr_carea' id='block_1_19' title="bbox 209 832 986 872">
    <p class='ocr_par' dir='ltr' id='par_1_19' title="bbox 209 832 986 872">
     <span class='ocr_line' id='line_1_19' title="bbox 209 832 986 872; baseline 0.01 -14"><span class='ocrx_word' id='word_1_134' title='bbox 209 832 246 859; x_wconf 89' lang='lat' dir='ltr'><strong>tio</strong></span> <span class='ocrx_word' id='word_1_135' title='bbox 260 832 364 860; x_wconf 87' lang='lat' dir='ltr'><strong>Domini</strong></span> <span class='ocrx_word' id='word_1_136' title='bbox 379 833 438 866; x_wconf 92' lang='lat' dir='ltr'><strong>fuit,</strong></span> <span class='ocrx_word' id='word_1_137' title='bbox 449 840 475 862; x_wconf 90' lang='lat' dir='ltr'><strong>et</strong></span> <span class='ocrx_word' id='word_1_138' title='bbox 491 834 625 863; x_wconf 81' lang='lat' dir='ltr'><strong>funiculus</strong></span> <span class='ocrx_word' id='word_1_139' title='bbox 637 837 803 865; x_wconf 84' lang='lat' dir='ltr'><strong>lt:r.reditatis</strong></span> <span class='ocrx_word' id='word_1_140' title='bbox 820 837 877 872; x_wconf 87' lang='lat' dir='ltr'><strong>ejus</strong></span> <span class='ocrx_word' id='word_1_141' title='bbox 891 839 932 872; x_wconf 84' lang='grc'><strong>³⁹;</strong></span> <span class='ocrx_word' id='word_1_142' title='bbox 949 839 986 866; x_wconf 91' lang='lat' dir='ltr'><strong>ita</strong></span> 
     </span>
    </p>
   </div>
   <div class='ocr_carea' id='block_1_20' title="bbox 207 878 984 918">
    <p class='ocr_par' dir='ltr' id='par_1_20' title="bbox 207 878 984 918">
     <span class='ocr_line' id='line_1_20' title="bbox 207 878 984 918; baseline 0.009 -13"><span class='ocrx_word' id='word_1_143' title='bbox 207 878 287 905; x_wconf 88' lang='lat' dir='ltr'><strong>credo</strong></span> <span class='ocrx_word' id='word_1_144' title='bbox 301 883 329 905; x_wconf 92' lang='lat' dir='ltr'><strong>et</strong></span> <span class='ocrx_word' id='word_1_145' title='bbox 344 879 370 906; x_wconf 90' lang='lat' dir='ltr'><strong>in</strong></span> <span class='ocrx_word' id='word_1_146' title='bbox 383 879 436 908; x_wconf 87' lang='lat' dir='ltr'><strong>fine</strong></span> <span class='ocrx_word' id='word_1_147' title='bbox 450 880 528 915; x_wconf 82' lang='lat' dir='ltr'><strong>hujus</strong></span> <span class='ocrx_word' id='word_1_148' title='bbox 547 883 652 916; x_wconf 89' lang='lat' dir='ltr'><strong>mundi,</strong></span> <span class='ocrx_word' id='word_1_149' title='bbox 668 887 748 918; x_wconf 85' lang='lat' dir='ltr'><strong>atque</strong></span> <span class='ocrx_word' id='word_1_150' title='bbox 767 885 793 911; x_wconf 89' lang='lat' dir='ltr'><strong>in</strong></span> <span class='ocrx_word' id='word_1_151' title='bbox 809 884 885 912; x_wconf 89' lang='lat' dir='ltr'><strong>initio</strong></span> <span class='ocrx_word' id='word_1_152' title='bbox 894 886 984 912; x_wconf 68' lang='lat' dir='ltr'><strong>sazculi</strong></span> 
     </span>
    </p>
   </div>
   <div class='ocr_carea' id='block_1_21' title="bbox 207 924 986 959">
    <p class='ocr_par' dir='ltr' id='par_1_21' title="bbox 207 924 986 959">
     <span class='ocr_line' id='line_1_21' title="bbox 207 924 986 959; baseline 0.012 -9"><span class='ocrx_word' id='word_1_153' title='bbox 207 924 329 957; x_wconf 85' lang='lat' dir='ltr'><strong>alterius.</strong></span> <span class='ocrx_word' id='word_1_154' title='bbox 348 925 466 954; x_wconf 90' lang='lat' dir='ltr'><strong>futurum</strong></span> <span class='ocrx_word' id='word_1_155' title='bbox 487 932 517 955; x_wconf 94' lang='lat' dir='ltr'><strong>ut</strong></span> <span class='ocrx_word' id='word_1_156' title='bbox 537 928 634 956; x_wconf 89' lang='lat' dir='ltr'><strong>iterum</strong></span> <span class='ocrx_word' id='word_1_157' title='bbox 661 930 762 957; x_wconf 86' lang='lat' dir='ltr'><strong>dividat</strong></span> <span class='ocrx_word' id='word_1_158' title='bbox 776 930 904 959; x_wconf 82' lang='lat' dir='ltr'><strong>Excelsus</strong></span> <span class='ocrx_word' id='word_1_159' title='bbox 918 931 986 959; x_wconf 88' lang='lat' dir='ltr'><strong>filios</strong></span> 
     </span>
    </p>
   </div>
   <div class='ocr_carea' id='block_1_22' title="bbox 206 971 985 1011">
    <p class='ocr_par' dir='ltr' id='par_1_22' title="bbox 206 971 985 1011">
     <span class='ocr_line' id='line_1_22' title="bbox 206 971 985 1011; baseline 0.009 -14"><span class='ocrx_word' id='word_1_160' title='bbox 206 971 303 1004; x_wconf 82' lang='lat' dir='ltr'><strong>Adam,</strong></span> <span class='ocrx_word' id='word_1_161' title='bbox 316 975 343 998; x_wconf 91' lang='lat' dir='ltr'><strong>et</strong></span> <span class='ocrx_word' id='word_1_162' title='bbox 361 972 405 1006; x_wconf 91' lang='lat' dir='ltr'><strong>qui</strong></span> <span class='ocrx_word' id='word_1_163' title='bbox 421 980 474 1000; x_wconf 91' lang='lat' dir='ltr'><strong>nou</strong></span> <span class='ocrx_word' id='word_1_164' title='bbox 490 975 628 1008; x_wconf 85' lang='lat' dir='ltr'><strong>potuerint</strong></span> <span class='ocrx_word' id='word_1_165' title='bbox 651 975 687 1002; x_wconf 91' lang='lat' dir='ltr'><strong>ita</strong></span> <span class='ocrx_word' id='word_1_166' title='bbox 711 977 801 1004; x_wconf 88' lang='lat' dir='ltr'><strong>mundi</strong></span> <span class='ocrx_word' id='word_1_167' title='bbox 821 983 881 1004; x_wconf 79' lang='lat' dir='ltr'><strong>esse</strong></span> <span class='ocrx_word' id='word_1_168' title='bbox 894 977 985 1011; x_wconf 87' lang='lat' dir='ltr'><strong>corde,</strong></span> 
     </span>
    </p>
   </div>
   <div class='ocr_carea' id='block_1_23' title="bbox 208 1017 984 1056">
    <p class='ocr_par' dir='ltr' id='par_1_23' title="bbox 208 1017 984 1056">
     <span class='ocr_line' id='line_1_23' title="bbox 208 1017 984 1056; baseline 0.008 -13"><span class='ocrx_word' id='word_1_169' title='bbox 208 1022 237 1043; x_wconf 92' lang='lat' dir='ltr'><strong>ut</strong></span> <span class='ocrx_word' id='word_1_170' title='bbox 252 1017 338 1050; x_wconf 84' lang='lat' dir='ltr'><strong>ipsum</strong></span> <span class='ocrx_word' id='word_1_171' title='bbox 354 1017 462 1045; x_wconf 83' lang='lat' dir='ltr'><strong>videant</strong></span> <span class='ocrx_word' id='word_1_172' title='bbox 483 1019 638 1054; x_wconf 89' lang='lat' dir='ltr'><strong>Dominum,</strong></span> <span class='ocrx_word' id='word_1_173' title='bbox 650 1025 678 1048; x_wconf 85' lang='lat' dir='ltr'><strong>et</strong></span> <span class='ocrx_word' id='word_1_174' title='bbox 696 1028 758 1048; x_wconf 86' lang='lat' dir='ltr'><strong>esse</strong></span> <span class='ocrx_word' id='word_1_175' title='bbox 769 1022 857 1056; x_wconf 88' lang='lat' dir='ltr'><strong>portio</strong></span> <span class='ocrx_word' id='word_1_176' title='bbox 870 1021 984 1056; x_wconf 91' lang='lat' dir='ltr'><strong>Domini,</strong></span> 
     </span>
    </p>
   </div>
   <div class='ocr_carea' id='block_1_24' title="bbox 207 1062 985 1099">
    <p class='ocr_par' dir='ltr' id='par_1_24' title="bbox 207 1062 985 1099">
     <span class='ocr_line' id='line_1_24' title="bbox 207 1062 985 1099; baseline 0.009 -11"><span class='ocrx_word' id='word_1_177' title='bbox 207 1062 317 1090; x_wconf 90' lang='lat' dir='ltr'><strong>videant</strong></span> <span class='ocrx_word' id='word_1_178' title='bbox 335 1067 444 1091; x_wconf 84' lang='lat' dir='ltr'><strong>sanctos</strong></span> <span class='ocrx_word' id='word_1_179' title='bbox 469 1065 591 1099; x_wconf 74' lang='lat' dir='ltr'><strong>angelos,</strong></span> <span class='ocrx_word' id='word_1_180' title='bbox 608 1071 636 1093; x_wconf 88' lang='lat' dir='ltr'><strong>et</strong></span> <span class='ocrx_word' id='word_1_181' title='bbox 656 1066 711 1094; x_wconf 88' lang='lat' dir='ltr'><strong>sint</strong></span> <span class='ocrx_word' id='word_1_182' title='bbox 727 1068 874 1095; x_wconf 90' lang='lat' dir='ltr'><strong>secundum</strong></span> <span class='ocrx_word' id='word_1_183' title='bbox 891 1075 985 1095; x_wconf 87' lang='lat' dir='ltr'><strong>nume-</strong></span> 
     </span>
    </p>
   </div>
   <div class='ocr_carea' id='block_1_25' title="bbox 208 1109 988 1149">
    <p class='ocr_par' dir='ltr' id='par_1_25' title="bbox 208 1109 988 1149">
     <span class='ocr_line' id='line_1_25' title="bbox 208 1109 988 1149; baseline 0.008 -14"><span class='ocrx_word' id='word_1_184' title='bbox 208 1116 267 1136; x_wconf 94' lang='lat' dir='ltr'><strong>rum</strong></span> <span class='ocrx_word' id='word_1_185' title='bbox 280 1109 435 1144; x_wconf 78' lang='lat' dir='ltr'><strong>angelorum</strong></span> <span class='ocrx_word' id='word_1_186' title='bbox 449 1110 506 1139; x_wconf 86' lang='lat' dir='ltr'><strong>Dei.</strong></span> <span class='ocrx_word' id='word_1_187' title='bbox 522 1111 573 1138; x_wconf 87' lang='lat' dir='ltr'><strong>Sed</strong></span> <span class='ocrx_word' id='word_1_188' title='bbox 589 1113 683 1140; x_wconf 89' lang='lat' dir='ltr'><strong>beatus</strong></span> <span class='ocrx_word' id='word_1_189' title='bbox 696 1119 738 1140; x_wconf 89' lang='lat' dir='ltr'><strong>est</strong></span> <span class='ocrx_word' id='word_1_190' title='bbox 761 1113 807 1148; x_wconf 89' lang='lat' dir='ltr'><strong>qui</strong></span> <span class='ocrx_word' id='word_1_191' title='bbox 819 1113 916 1149; x_wconf 84' lang='lat' dir='ltr'><strong>dignus</strong></span> <span class='ocrx_word' id='word_1_192' title='bbox 928 1113 988 1141; x_wconf 90' lang='lat' dir='ltr'><strong>fue-</strong></span> 
     </span>
    </p>
   </div>
   <div class='ocr_carea' id='block_1_26' title="bbox 207 1156 986 1193">
    <p class='ocr_par' dir='ltr' id='par_1_26' title="bbox 207 1156 986 1193">
     <span class='ocr_line' id='line_1_26' title="bbox 207 1156 986 1193; baseline 0.001 -9"><span class='ocrx_word' id='word_1_193' title='bbox 207 1157 243 1184; x_wconf 95' lang='lat' dir='ltr'><strong>rit</strong></span> <span class='ocrx_word' id='word_1_194' title='bbox 263 1156 289 1184; x_wconf 91' lang='lat' dir='ltr'><strong>in</strong></span> <span class='ocrx_word' id='word_1_195' title='bbox 304 1157 349 1184; x_wconf 90' lang='lat' dir='ltr'><strong>illa</strong></span> <span class='ocrx_word' id='word_1_196' title='bbox 364 1156 419 1183; x_wconf 79' lang='lat' dir='ltr'><strong>vita</strong></span> <span class='ocrx_word' id='word_1_197' title='bbox 434 1164 495 1185; x_wconf 90' lang='lat' dir='ltr'><strong>esse</strong></span> <span class='ocrx_word' id='word_1_198' title='bbox 509 1158 598 1192; x_wconf 91' lang='lat' dir='ltr'><strong>portio</strong></span> <span class='ocrx_word' id='word_1_199' title='bbox 611 1157 728 1189; x_wconf 90' lang='lat' dir='ltr'><strong>Domini,</strong></span> <span class='ocrx_word' id='word_1_200' title='bbox 745 1162 773 1185; x_wconf 88' lang='lat' dir='ltr'><strong>et</strong></span> <span class='ocrx_word' id='word_1_201' title='bbox 800 1158 912 1193; x_wconf 90' lang='lat' dir='ltr'><strong>populus</strong></span> <span class='ocrx_word' id='word_1_202' title='bbox 927 1158 986 1192; x_wconf 86' lang='lat' dir='ltr'><strong>ejus</strong></span> 
     </span>
    </p>
   </div>
   <div class='ocr_carea' id='block_1_27' title="bbox 206 1202 986 1236">
    <p class='ocr_par' dir='ltr' id='par_1_27' title="bbox 206 1202 986 1236">
     <span class='ocr_line' id='line_1_27' title="bbox 206 1202 986 1236; baseline 0 -5"><span class='ocrx_word' id='word_1_203' title='bbox 206 1202 291 1232; x_wconf 73' lang='lat' dir='ltr'><strong>Jacob</strong></span> <span class='ocrx_word' id='word_1_204' title='bbox 304 1222 312 1236; x_wconf 87' lang='lat'><strong>,</strong></span> <span class='ocrx_word' id='word_1_205' title='bbox 334 1210 367 1230; x_wconf 89' lang='lat' dir='ltr'><strong>ac</strong></span> <span class='ocrx_word' id='word_1_206' title='bbox 384 1202 519 1230; x_wconf 81' lang='lat' dir='ltr'><strong>funiculus</strong></span> <span class='ocrx_word' id='word_1_207' title='bbox 535 1203 701 1231; x_wconf 65' lang='lat' dir='ltr'><strong>haereditatis</strong></span> <span class='ocrx_word' id='word_1_208' title='bbox 715 1212 771 1232; x_wconf 61' lang='lat' dir='ltr'><strong>suae</strong></span> <span class='ocrx_word' id='word_1_209' title='bbox 783 1204 875 1232; x_wconf 85' lang='lat' dir='ltr'><strong>Israel.</strong></span> <span class='ocrx_word' id='word_1_210' title='bbox 894 1213 904 1230; x_wconf 83' lang='grc'><strong>›</strong></span> <span class='ocrx_word' id='word_1_211' title='bbox 917 1203 986 1232; x_wconf 85' lang='lat' dir='ltr'><strong>Ger-</strong></span> 
     </span>
    </p>
   </div>
   <div class='ocr_carea' id='block_1_28' title="bbox 207 1248 985 1284">
    <p class='ocr_par' dir='ltr' id='par_1_28' title="bbox 207 1248 985 1284">
     <span class='ocr_line' id='line_1_28' title="bbox 207 1248 985 1284; baseline 0 -9"><span class='ocrx_word' id='word_1_212' title='bbox 207 1255 316 1276; x_wconf 87' lang='lat' dir='ltr'><strong>manum</strong></span> <span class='ocrx_word' id='word_1_213' title='bbox 335 1248 430 1275; x_wconf 85' lang='lat' dir='ltr'><strong>horum</strong></span> <span class='ocrx_word' id='word_1_214' title='bbox 445 1252 486 1275; x_wconf 88' lang='lat' dir='ltr'><strong>est</strong></span> <span class='ocrx_word' id='word_1_215' title='bbox 500 1248 570 1282; x_wconf 85' lang='lat' dir='ltr'><strong>quod</strong></span> <span class='ocrx_word' id='word_1_216' title='bbox 590 1248 688 1284; x_wconf 75' lang='lat' dir='ltr'><strong>legitur</strong></span> <span class='ocrx_word' id='word_1_217' title='bbox 704 1249 777 1276; x_wconf 89' lang='lat' dir='ltr'><strong>hom.</strong></span> <span class='ocrx_word' id='word_1_218' title='bbox 798 1249 831 1276; x_wconf 73' lang='lat' dir='ltr'><strong>2i</strong></span> <span class='ocrx_word' id='word_1_219' title='bbox 849 1249 878 1276; x_wconf 82' lang='lat' dir='ltr'><strong>in</strong></span> <span class='ocrx_word' id='word_1_220' title='bbox 890 1248 985 1281; x_wconf 67' lang='lat' dir='ltr'><strong>Num,</strong></span> 
     </span>
    </p>
   </div>
   <div class='ocr_carea' id='block_1_29' title="bbox 207 1294 987 1332">
    <p class='ocr_par' dir='ltr' id='par_1_29' title="bbox 207 1294 987 1332">
     <span class='ocr_line' id='line_1_29' title="bbox 207 1294 987 1332; baseline -0.001 -9"><span class='ocrx_word' id='word_1_221' title='bbox 207 1303 284 1323; x_wconf 88' lang='lat' dir='ltr'><strong>num.</strong></span> <span class='ocrx_word' id='word_1_222' title='bbox 301 1295 328 1328; x_wconf 81' lang='grc' dir='ltr'><strong>Ι,</strong></span> <span class='ocrx_word' id='word_1_223' title='bbox 346 1295 392 1322; x_wconf 87' lang='lat' dir='ltr'><strong>ubi</strong></span> <span class='ocrx_word' id='word_1_224' title='bbox 408 1294 479 1323; x_wconf 87' lang='lat' dir='ltr'><strong>aliud</strong></span> <span class='ocrx_word' id='word_1_225' title='bbox 494 1296 632 1324; x_wconf 86' lang='lat' dir='ltr'><strong>beatitatis</strong></span> <span class='ocrx_word' id='word_1_226' title='bbox 654 1303 739 1330; x_wconf 83' lang='lat' dir='ltr'><strong>genus</strong></span> <span class='ocrx_word' id='word_1_227' title='bbox 753 1296 787 1324; x_wconf 91' lang='lat' dir='ltr'><strong>iis</strong></span> <span class='ocrx_word' id='word_1_228' title='bbox 798 1296 929 1332; x_wconf 83' lang='lat' dir='ltr'><strong>assignat,</strong></span> <span class='ocrx_word' id='word_1_229' title='bbox 940 1295 987 1331; x_wconf 92' lang='lat' dir='ltr'><strong>qui</strong></span> 
     </span>
    </p>
   </div>
   <div class='ocr_carea' id='block_1_30' title="bbox 207 1339 987 1376">
    <p class='ocr_par' dir='ltr' id='par_1_30' title="bbox 207 1339 987 1376">
     <span class='ocr_line' id='line_1_30' title="bbox 207 1339 987 1376; baseline 0.003 -9"><span class='ocrx_word' id='word_1_230' title='bbox 207 1341 299 1367; x_wconf 74' lang='lat' dir='ltr'><strong>t-ivina</strong></span> <span class='ocrx_word' id='word_1_231' title='bbox 324 1339 471 1375; x_wconf 76' lang='lat' dir='ltr'><strong>ministeria</strong></span> <span class='ocrx_word' id='word_1_232' title='bbox 496 1340 523 1368; x_wconf 96' lang='lat' dir='ltr'><strong>in</strong></span> <span class='ocrx_word' id='word_1_233' title='bbox 547 1341 616 1369; x_wconf 85' lang='lat' dir='ltr'><strong>vivis</strong></span> <span class='ocrx_word' id='word_1_234' title='bbox 642 1341 774 1375; x_wconf 86' lang='lat' dir='ltr'><strong>obierint;</strong></span> <span class='ocrx_word' id='word_1_235' title='bbox 799 1342 871 1369; x_wconf 81' lang='lat' dir='ltr'><strong>aliud</strong></span> <span class='ocrx_word' id='word_1_236' title='bbox 892 1342 925 1369; x_wconf 90' lang='lat' dir='ltr'><strong>iis</strong></span> <span class='ocrx_word' id='word_1_237' title='bbox 940 1342 987 1376; x_wconf 87' lang='lat' dir='ltr'><strong>qui</strong></span> 
     </span>
    </p>
   </div>
   <div class='ocr_carea' id='block_1_31' title="bbox 207 1387 988 1423">
    <p class='ocr_par' dir='ltr' id='par_1_31' title="bbox 207 1387 988 1423">
     <span class='ocr_line' id='line_1_31' title="bbox 207 1387 988 1423; baseline 0.004 -10"><span class='ocrx_word' id='word_1_238' title='bbox 207 1389 334 1414; x_wconf 77' lang='lat' dir='ltr'><strong>virtutem</strong></span> <span class='ocrx_word' id='word_1_239' title='bbox 353 1390 463 1422; x_wconf 77' lang='lat' dir='ltr'><strong>segnius</strong></span> <span class='ocrx_word' id='word_1_240' title='bbox 484 1387 653 1416; x_wconf 82' lang='lat' dir='ltr'><strong>excoluerint</strong></span> <span class='ocrx_word' id='word_1_241' title='bbox 670 1399 675 1415; x_wconf 87' lang='lat'><strong>:</strong></span> <span class='ocrx_word' id='word_1_242' title='bbox 692 1388 752 1416; x_wconf 90' lang='lat' dir='ltr'><strong>illos</strong></span> <span class='ocrx_word' id='word_1_243' title='bbox 777 1389 878 1423; x_wconf 88' lang='lat' dir='ltr'><strong>quippe</strong></span> <span class='ocrx_word' id='word_1_244' title='bbox 893 1390 988 1417; x_wconf 84' lang='lat' dir='ltr'><strong>scribit</strong></span> 
     </span>
    </p>
   </div>
   <div class='ocr_carea' id='block_1_32' title="bbox 209 1433 987 1470">
    <p class='ocr_par' dir='ltr' id='par_1_32' title="bbox 209 1433 987 1470">
     <span class='ocr_line' id='line_1_32' title="bbox 209 1433 987 1470; baseline 0.003 -10"><span class='ocrx_word' id='word_1_245' title='bbox 209 1434 365 1469; x_wconf 74' lang='lat' dir='ltr'><strong>supergredi</strong></span> <span class='ocrx_word' id='word_1_246' title='bbox 380 1442 485 1463; x_wconf 89' lang='lat' dir='ltr'><strong>summa</strong></span> <span class='ocrx_word' id='word_1_247' title='bbox 500 1434 561 1462; x_wconf 69' lang='lat' dir='ltr'><strong>coeli</strong></span> <span class='ocrx_word' id='word_1_248' title='bbox 581 1433 686 1469; x_wconf 87' lang='lat' dir='ltr'><strong>fastigia</strong></span> <span class='ocrx_word' id='word_1_249' title='bbox 699 1453 707 1466; x_wconf 92' lang='lat'><strong>,</strong></span> <span class='ocrx_word' id='word_1_250' title='bbox 725 1438 752 1461; x_wconf 90' lang='lat' dir='ltr'><strong>et</strong></span> <span class='ocrx_word' id='word_1_251' title='bbox 778 1434 812 1460; x_wconf 95' lang='lat' dir='ltr'><strong>ibi</strong></span> <span class='ocrx_word' id='word_1_252' title='bbox 830 1441 937 1470; x_wconf 85' lang='lat' dir='ltr'><strong>semper</strong></span> <span class='ocrx_word' id='word_1_253' title='bbox 960 1435 987 1462; x_wconf 91' lang='lat' dir='ltr'><strong>in</strong></span> 
     </span>
    </p>
   </div>
   <div class='ocr_carea' id='block_1_33' title="bbox 1035 194 1819 229">
    <p class='ocr_par' dir='ltr' id='par_1_33' title="bbox 1035 194 1819 229">
     <span class='ocr_line' id='line_1_33' title="bbox 1035 194 1819 229; baseline -0.001 -8"><span class='ocrx_word' id='word_1_254' title='bbox 1035 194 1163 221; x_wconf 85' lang='lat' dir='ltr'><strong>cedentes</strong></span> <span class='ocrx_word' id='word_1_255' title='bbox 1183 194 1245 221; x_wconf 90' lang='lat' dir='ltr'><strong>hinc</strong></span> <span class='ocrx_word' id='word_1_256' title='bbox 1269 194 1354 221; x_wconf 89' lang='lat' dir='ltr'><strong>sancti</strong></span> <span class='ocrx_word' id='word_1_257' title='bbox 1373 194 1500 221; x_wconf 78' lang='lat' dir='ltr'><strong>continuo</strong></span> <span class='ocrx_word' id='word_1_258' title='bbox 1525 195 1629 229; x_wconf 82' lang='lat' dir='ltr'><strong>integra</strong></span> <span class='ocrx_word' id='word_1_259' title='bbox 1654 194 1819 221; x_wconf 85' lang='lat' dir='ltr'><strong>meritorum</strong></span> 
     </span>
    </p>
   </div>
   <div class='ocr_carea' id='block_1_34' title="bbox 1036 240 1818 274">
    <p class='ocr_par' dir='ltr' id='par_1_34' title="bbox 1036 240 1818 274">
     <span class='ocr_line' id='line_1_34' title="bbox 1036 240 1818 274; baseline 0 -8"><span class='ocrx_word' id='word_1_260' title='bbox 1036 246 1144 266; x_wconf 87' lang='lat' dir='ltr'><strong>suorum</strong></span> <span class='ocrx_word' id='word_1_261' title='bbox 1154 240 1261 274; x_wconf 76' lang='lat' dir='ltr'><strong>prtemia</strong></span> <span class='ocrx_word' id='word_1_262' title='bbox 1276 245 1487 274; x_wconf 90' lang='lat' dir='ltr'><strong>consequuntur,</strong></span> <span class='ocrx_word' id='word_1_263' title='bbox 1500 240 1546 266; x_wconf 87' lang='lat' dir='ltr'><strong>sed</strong></span> <span class='ocrx_word' id='word_1_264' title='bbox 1562 244 1723 274; x_wconf 81' lang='lat' dir='ltr'><strong>exspectant</strong></span> <span class='ocrx_word' id='word_1_265' title='bbox 1734 240 1818 267; x_wconf 85' lang='lat' dir='ltr'><strong>etiam</strong></span> 
     </span>
    </p>
   </div>
   <div class='ocr_carea' id='block_1_35' title="bbox 1036 284 1820 318">
    <p class='ocr_par' dir='ltr' id='par_1_35' title="bbox 1036 284 1820 318">
     <span class='ocr_line' id='line_1_35' title="bbox 1036 284 1820 318; baseline 0.001 -7"><span class='ocrx_word' id='word_1_266' title='bbox 1036 291 1101 317; x_wconf 89' lang='lat' dir='ltr'><strong>nos,</strong></span> <span class='ocrx_word' id='word_1_267' title='bbox 1120 284 1182 311; x_wconf 89' lang='lat' dir='ltr'><strong>licet</strong></span> <span class='ocrx_word' id='word_1_268' title='bbox 1196 290 1352 318; x_wconf 85' lang='lat' dir='ltr'><strong>morantes,</strong></span> <span class='ocrx_word' id='word_1_269' title='bbox 1373 285 1436 312; x_wconf 87' lang='lat' dir='ltr'><strong>licet</strong></span> <span class='ocrx_word' id='word_1_270' title='bbox 1457 286 1571 312; x_wconf 86' lang='lat' dir='ltr'><strong>desides.</strong></span> <span class='ocrx_word' id='word_1_271' title='bbox 1589 285 1647 312; x_wconf 85' lang='lat' dir='ltr'><strong>Non</strong></span> <span class='ocrx_word' id='word_1_272' title='bbox 1672 286 1747 312; x_wconf 90' lang='lat' dir='ltr'><strong>enim</strong></span> <span class='ocrx_word' id='word_1_273' title='bbox 1777 291 1820 312; x_wconf 83' lang='lat' dir='ltr'><strong>est</strong></span> 
     </span>
    </p>
   </div>
   <div class='ocr_carea' id='block_1_36' title="bbox 1036 328 1821 364">
    <p class='ocr_par' dir='ltr' id='par_1_36' title="bbox 1036 328 1821 364">
     <span class='ocr_line' id='line_1_36' title="bbox 1036 328 1821 364; baseline 0.003 -9"><span class='ocrx_word' id='word_1_274' title='bbox 1036 328 1088 356; x_wconf 87' lang='lat' dir='ltr'><strong>illis</strong></span> <span class='ocrx_word' id='word_1_275' title='bbox 1111 328 1228 363; x_wconf 85' lang='lat' dir='ltr'><strong>perfecta</strong></span> <span class='ocrx_word' id='word_1_276' title='bbox 1249 329 1341 356; x_wconf 58' lang='lat' dir='ltr'><strong>laetitia</strong></span> <span class='ocrx_word' id='word_1_277' title='bbox 1355 349 1364 362; x_wconf 93' lang='lat'><strong>,</strong></span> <span class='ocrx_word' id='word_1_278' title='bbox 1387 329 1473 357; x_wconf 91' lang='lat' dir='ltr'><strong>donec</strong></span> <span class='ocrx_word' id='word_1_279' title='bbox 1492 338 1540 364; x_wconf 83' lang='lat' dir='ltr'><strong>pro</strong></span> <span class='ocrx_word' id='word_1_280' title='bbox 1558 329 1698 358; x_wconf 83' lang='lat' dir='ltr'><strong>erroribus</strong></span> <span class='ocrx_word' id='word_1_281' title='bbox 1717 330 1821 357; x_wconf 84' lang='lat' dir='ltr'><strong>nostris</strong></span> 
     </span>
    </p>
   </div>
   <div class='ocr_carea' id='block_1_37' title="bbox 1037 374 1821 410">
    <p class='ocr_par' dir='ltr' id='par_1_37' title="bbox 1037 374 1821 410">
     <span class='ocr_line' id='line_1_37' title="bbox 1037 374 1821 410; baseline 0.003 -8"><span class='ocrx_word' id='word_1_282' title='bbox 1037 374 1138 407; x_wconf 89' lang='lat' dir='ltr'><strong>dolent,</strong></span> <span class='ocrx_word' id='word_1_283' title='bbox 1161 379 1189 402; x_wconf 91' lang='lat' dir='ltr'><strong>et</strong></span> <span class='ocrx_word' id='word_1_284' title='bbox 1212 375 1305 409; x_wconf 82' lang='lat' dir='ltr'><strong>lugent</strong></span> <span class='ocrx_word' id='word_1_285' title='bbox 1333 381 1424 404; x_wconf 87' lang='lat' dir='ltr'><strong>nostra</strong></span> <span class='ocrx_word' id='word_1_286' title='bbox 1442 382 1563 410; x_wconf 87' lang='lat' dir='ltr'><strong>peccata.</strong></span> <span class='ocrx_word' id='word_1_287' title='bbox 1584 387 1593 403; x_wconf 76' lang='grc' dir='ltr'><strong><em>ι</em></strong></span> <span class='ocrx_word' id='word_1_288' title='bbox 1610 377 1660 404; x_wconf 83' lang='lat' dir='ltr'><strong>Cui</strong></span> <span class='ocrx_word' id='word_1_289' title='bbox 1677 377 1821 410; x_wconf 79' lang='lat' dir='ltr'><strong>probando</strong></span> 
     </span>
    </p>
   </div>
   <div class='ocr_carea' id='block_1_38' title="bbox 1036 421 1821 456">
    <p class='ocr_par' dir='ltr' id='par_1_38' title="bbox 1036 421 1821 456">
     <span class='ocr_line' id='line_1_38' title="bbox 1036 421 1821 456; baseline 0.004 -9"><span class='ocrx_word' id='word_1_290' title='bbox 1036 421 1122 448; x_wconf 88' lang='lat' dir='ltr'><strong>utitur</strong></span> <span class='ocrx_word' id='word_1_291' title='bbox 1136 421 1189 448; x_wconf 87' lang='lat' dir='ltr'><strong>hoc</strong></span> <span class='ocrx_word' id='word_1_292' title='bbox 1213 421 1334 456; x_wconf 83' lang='lat' dir='ltr'><strong>Apostoli</strong></span> <span class='ocrx_word' id='word_1_293' title='bbox 1349 421 1430 449; x_wconf 82' lang='lat' dir='ltr'><strong>Hebr.</strong></span> <span class='ocrx_word' id='word_1_294' title='bbox 1449 430 1488 455; x_wconf 69' lang='grc' dir='ltr'><strong>ιι,</strong></span> <span class='ocrx_word' id='word_1_295' title='bbox 1505 422 1549 456; x_wconf 80' lang='grc'><strong>59,</strong></span> <span class='ocrx_word' id='word_1_296' title='bbox 1563 422 1617 450; x_wconf 76' lang='grc' dir='ltr'><strong>4οε</strong></span> <span class='ocrx_word' id='word_1_297' title='bbox 1634 432 1644 448; x_wconf 87' lang='grc'>‹</span> <span class='ocrx_word' id='word_1_298' title='bbox 1666 423 1698 450; x_wconf 84' lang='lat' dir='ltr'><strong>Hi</strong></span> <span class='ocrx_word' id='word_1_299' title='bbox 1721 431 1821 450; x_wconf 76' lang='lat' dir='ltr'><strong>omnes</strong></span> 
     </span>
    </p>
   </div>
   <div class='ocr_carea' id='block_1_39' title="bbox 1037 465 1820 503">
    <p class='ocr_par' dir='ltr' id='par_1_39' title="bbox 1037 465 1820 503">
     <span class='ocr_line' id='line_1_39' title="bbox 1037 465 1820 503; baseline 0.003 -10"><span class='ocrx_word' id='word_1_300' title='bbox 1037 466 1192 494; x_wconf 90' lang='lat' dir='ltr'><strong>testimonio</strong></span> <span class='ocrx_word' id='word_1_301' title='bbox 1207 465 1269 493; x_wconf 88' lang='lat' dir='ltr'><strong>fidei</strong></span> <span class='ocrx_word' id='word_1_302' title='bbox 1284 466 1400 501; x_wconf 88' lang='lat' dir='ltr'><strong>probati,</strong></span> <span class='ocrx_word' id='word_1_303' title='bbox 1419 475 1471 494; x_wconf 92' lang='lat' dir='ltr'><strong>non</strong></span> <span class='ocrx_word' id='word_1_304' title='bbox 1489 473 1653 502; x_wconf 85' lang='lat' dir='ltr'><strong>acceperunt</strong></span> <span class='ocrx_word' id='word_1_305' title='bbox 1666 469 1820 503; x_wconf 86' lang='lat' dir='ltr'><strong>repromis-</strong></span> 
     </span>
    </p>
   </div>
   <div class='ocr_carea' id='block_1_40' title="bbox 1038 511 1819 548">
    <p class='ocr_par' dir='ltr' id='par_1_40' title="bbox 1038 511 1819 548">
     <span class='ocr_line' id='line_1_40' title="bbox 1038 511 1819 548; baseline 0.004 -10"><span class='ocrx_word' id='word_1_306' title='bbox 1038 512 1142 539; x_wconf 87' lang='lat' dir='ltr'><strong>siouem</strong></span> <span class='ocrx_word' id='word_1_307' title='bbox 1156 522 1162 539; x_wconf 93' lang='lat'>:</span> <span class='ocrx_word' id='word_1_308' title='bbox 1179 511 1234 540; x_wconf 89' lang='lat' dir='ltr'><strong>Deo</strong></span> <span class='ocrx_word' id='word_1_309' title='bbox 1250 520 1300 547; x_wconf 88' lang='lat' dir='ltr'><strong>pro</strong></span> <span class='ocrx_word' id='word_1_310' title='bbox 1317 513 1393 540; x_wconf 85' lang='lat' dir='ltr'><strong>nobis</strong></span> <span class='ocrx_word' id='word_1_311' title='bbox 1412 513 1506 540; x_wconf 86' lang='lat' dir='ltr'><strong>melius</strong></span> <span class='ocrx_word' id='word_1_312' title='bbox 1521 513 1621 548; x_wconf 86' lang='lat' dir='ltr'><strong>aliquid</strong></span> <span class='ocrx_word' id='word_1_313' title='bbox 1643 514 1819 548; x_wconf 84' lang='lat' dir='ltr'><strong>providente,</strong></span> 
     </span>
    </p>
   </div>
   <div class='ocr_carea' id='block_1_41' title="bbox 1038 558 1818 594">
    <p class='ocr_par' dir='ltr' id='par_1_41' title="bbox 1038 558 1818 594">
     <span class='ocr_line' id='line_1_41' title="bbox 1038 558 1818 594; baseline 0.003 -10"><span class='ocrx_word' id='word_1_314' title='bbox 1038 562 1067 584; x_wconf 89' lang='lat' dir='ltr'><strong>ut</strong></span> <span class='ocrx_word' id='word_1_315' title='bbox 1087 564 1140 585; x_wconf 92' lang='lat' dir='ltr'><strong>non</strong></span> <span class='ocrx_word' id='word_1_316' title='bbox 1158 558 1216 585; x_wconf 89' lang='lat' dir='ltr'><strong>sine</strong></span> <span class='ocrx_word' id='word_1_317' title='bbox 1234 558 1312 586; x_wconf 84' lang='lat' dir='ltr'><strong>nobis</strong></span> <span class='ocrx_word' id='word_1_318' title='bbox 1328 564 1589 587; x_wconf 82' lang='lat' dir='ltr'><strong>consummarentur.</strong></span> <span class='ocrx_word' id='word_1_319' title='bbox 1607 569 1617 586; x_wconf 76' lang='grc' dir='ltr'><strong><em>ι</em></strong></span> <span class='ocrx_word' id='word_1_320' title='bbox 1643 560 1727 586; x_wconf 81' lang='lat' dir='ltr'><strong>Addit</strong></span> <span class='ocrx_word' id='word_1_321' title='bbox 1741 566 1818 594; x_wconf 86' lang='lat' dir='ltr'><strong>post-</strong></span> 
     </span>
    </p>
   </div>
   <div class='ocr_carea' id='block_1_42' title="bbox 1038 605 1819 640">
    <p class='ocr_par' dir='ltr' id='par_1_42' title="bbox 1038 605 1819 640">
     <span class='ocr_line' id='line_1_42' title="bbox 1038 605 1819 640; baseline 0.001 -9"><span class='ocrx_word' id='word_1_322' title='bbox 1038 605 1145 632; x_wconf 89' lang='lat' dir='ltr'><strong>modum</strong></span> <span class='ocrx_word' id='word_1_323' title='bbox 1162 608 1271 632; x_wconf 88' lang='lat' dir='ltr'><strong>sanctos</strong></span> <span class='ocrx_word' id='word_1_324' title='bbox 1288 605 1434 638; x_wconf 83' lang='lat' dir='ltr'><strong>perfectam</strong></span> <span class='ocrx_word' id='word_1_325' title='bbox 1456 605 1597 632; x_wconf 87' lang='lat' dir='ltr'><strong>nobiscum</strong></span> <span class='ocrx_word' id='word_1_326' title='bbox 1621 606 1647 632; x_wconf 92' lang='lat' dir='ltr'><strong>in</strong></span> <span class='ocrx_word' id='word_1_327' title='bbox 1663 605 1708 633; x_wconf 88' lang='lat' dir='ltr'><strong>die</strong></span> <span class='ocrx_word' id='word_1_328' title='bbox 1720 606 1819 640; x_wconf 88' lang='lat' dir='ltr'><strong>judicii</strong></span> 
     </span>
    </p>
   </div>
   <div class='ocr_carea' id='block_1_43' title="bbox 1039 653 1819 688">
    <p class='ocr_par' dir='ltr' id='par_1_43' title="bbox 1039 653 1819 688">
     <span class='ocr_line' id='line_1_43' title="bbox 1039 653 1819 688; baseline 0 -9"><span class='ocrx_word' id='word_1_329' title='bbox 1039 659 1092 680; x_wconf 86' lang='lat' dir='ltr'><strong>una</strong></span> <span class='ocrx_word' id='word_1_330' title='bbox 1106 653 1300 681; x_wconf 83' lang='lat' dir='ltr'><strong>beatitudinem</strong></span> <span class='ocrx_word' id='word_1_331' title='bbox 1313 658 1454 688; x_wconf 88' lang='lat' dir='ltr'><strong>capturos,</strong></span> <span class='ocrx_word' id='word_1_332' title='bbox 1476 658 1617 688; x_wconf 87' lang='lat' dir='ltr'><strong>propterea</strong></span> <span class='ocrx_word' id='word_1_333' title='bbox 1635 654 1707 688; x_wconf 89' lang='lat' dir='ltr'><strong>quod</strong></span> <span class='ocrx_word' id='word_1_334' title='bbox 1730 658 1819 680; x_wconf 84' lang='lat' dir='ltr'><strong>totum</strong></span> 
     </span>
    </p>
   </div>
   <div class='ocr_carea' id='block_1_44' title="bbox 1037 699 1818 734">
    <p class='ocr_par' dir='ltr' id='par_1_44' title="bbox 1037 699 1818 734">
     <span class='ocr_line' id='line_1_44' title="bbox 1037 699 1818 734; baseline 0 -8"><span class='ocrx_word' id='word_1_335' title='bbox 1037 699 1117 726; x_wconf 85' lang='lat' dir='ltr'><strong>simul</strong></span> <span class='ocrx_word' id='word_1_336' title='bbox 1136 706 1234 734; x_wconf 88' lang='lat' dir='ltr'><strong>corpus</strong></span> <span class='ocrx_word' id='word_1_337' title='bbox 1250 700 1433 727; x_wconf 85' lang='lat' dir='ltr'><strong>suscitandum</strong></span> <span class='ocrx_word' id='word_1_338' title='bbox 1459 700 1511 733; x_wconf 85' lang='lat' dir='ltr'><strong>sit,</strong></span> <span class='ocrx_word' id='word_1_339' title='bbox 1537 699 1661 727; x_wconf 86' lang='lat' dir='ltr'><strong>homines</strong></span> <span class='ocrx_word' id='word_1_340' title='bbox 1686 700 1818 727; x_wconf 87' lang='lat' dir='ltr'><strong>nimirum</strong></span> 
     </span>
    </p>
   </div>
   <div class='ocr_carea' id='block_1_45' title="bbox 1038 744 1820 780">
    <p class='ocr_par' dir='ltr' id='par_1_45' title="bbox 1038 744 1820 780">
     <span class='ocr_line' id='line_1_45' title="bbox 1038 744 1820 780; baseline -0.001 -8"><span class='ocrx_word' id='word_1_341' title='bbox 1038 744 1155 772; x_wconf 85' lang='lat' dir='ltr'><strong>universi</strong></span> <span class='ocrx_word' id='word_1_342' title='bbox 1172 755 1179 773; x_wconf 91' lang='lat'>:</span> <span class='ocrx_word' id='word_1_343' title='bbox 1200 747 1272 780; x_wconf 92' lang='lat' dir='ltr'><strong>quod</strong></span> <span class='ocrx_word' id='word_1_344' title='bbox 1286 753 1386 780; x_wconf 88' lang='lat' dir='ltr'><strong>corpus</strong></span> <span class='ocrx_word' id='word_1_345' title='bbox 1399 753 1461 773; x_wconf 89' lang='lat' dir='ltr'><strong>cum</strong></span> <span class='ocrx_word' id='word_1_346' title='bbox 1489 745 1580 773; x_wconf 91' lang='lat' dir='ltr'><strong>multis</strong></span> <span class='ocrx_word' id='word_1_347' title='bbox 1600 750 1707 772; x_wconf 87' lang='lat' dir='ltr'><strong>constet</strong></span> <span class='ocrx_word' id='word_1_348' title='bbox 1732 752 1820 772; x_wconf 86' lang='lat' dir='ltr'><strong>mem-</strong></span> 
     </span>
    </p>
   </div>
   <div class='ocr_carea' id='block_1_46' title="bbox 1039 788 1820 826">
    <p class='ocr_par' dir='ltr' id='par_1_46' title="bbox 1039 788 1820 826">
     <span class='ocr_line' id='line_1_46' title="bbox 1039 788 1820 826; baseline -0.001 -8"><span class='ocrx_word' id='word_1_349' title='bbox 1039 790 1106 823; x_wconf 85' lang='lat' dir='ltr'><strong>bris,</strong></span> <span class='ocrx_word' id='word_1_350' title='bbox 1120 791 1234 826; x_wconf 84' lang='lat' dir='ltr'><strong>singulis</strong></span> <span class='ocrx_word' id='word_1_351' title='bbox 1242 788 1373 819; x_wconf 75' lang='lat' dir='ltr'><strong>‘videlicet</strong></span> <span class='ocrx_word' id='word_1_352' title='bbox 1390 791 1554 824; x_wconf 82' lang='lat' dir='ltr'><strong>horninibus,</strong></span> <span class='ocrx_word' id='word_1_353' title='bbox 1573 791 1693 818; x_wconf 89' lang='lat' dir='ltr'><strong>futurum</strong></span> <span class='ocrx_word' id='word_1_354' title='bbox 1709 791 1820 818; x_wconf 87' lang='lat' dir='ltr'><strong>scilicet</strong></span> 
     </span>
    </p>
   </div>
   <div class='ocr_carea' id='block_1_47' title="bbox 1043 836 1820 872">
    <p class='ocr_par' dir='ltr' id='par_1_47' title="bbox 1043 836 1820 872">
     <span class='ocr_line' id='line_1_47' title="bbox 1043 836 1820 872; baseline 0.001 -9"><span class='ocrx_word' id='word_1_355' title='bbox 1043 841 1167 864; x_wconf 92' lang='lat' dir='ltr'><strong>truncum</strong></span> <span class='ocrx_word' id='word_1_356' title='bbox 1187 844 1286 872; x_wconf 90' lang='lat' dir='ltr'><strong>corpus</strong></span> <span class='ocrx_word' id='word_1_357' title='bbox 1299 843 1326 864; x_wconf 89' lang='lat' dir='ltr'><strong>et</strong></span> <span class='ocrx_word' id='word_1_358' title='bbox 1344 836 1551 872; x_wconf 52' lang='lat' dir='ltr'><strong>imperfectum,</strong></span> <span class='ocrx_word' id='word_1_359' title='bbox 1569 838 1591 864; x_wconf 91' lang='lat' dir='ltr'><strong>si</strong></span> <span class='ocrx_word' id='word_1_360' title='bbox 1612 844 1663 871; x_wconf 89' lang='lat' dir='ltr'><strong>qua</strong></span> <span class='ocrx_word' id='word_1_361' title='bbox 1683 837 1725 863; x_wconf 88' lang='lat' dir='ltr'><strong>sui</strong></span> <span class='ocrx_word' id='word_1_362' title='bbox 1741 842 1820 870; x_wconf 85' lang='lat' dir='ltr'><strong>parte</strong></span> 
     </span>
    </p>
   </div>
   <div class='ocr_carea' id='block_1_48' title="bbox 1038 883 1818 918">
    <p class='ocr_par' dir='ltr' id='par_1_48' title="bbox 1038 883 1818 918">
     <span class='ocr_line' id='line_1_48' title="bbox 1038 883 1818 918; baseline -0.001 -8"><span class='ocrx_word' id='word_1_363' title='bbox 1038 887 1150 915; x_wconf 82' lang='lat' dir='ltr'><strong>careat,</strong></span> <span class='ocrx_word' id='word_1_364' title='bbox 1177 891 1227 911; x_wconf 91' lang='lat' dir='ltr'><strong>nec</strong></span> <span class='ocrx_word' id='word_1_365' title='bbox 1244 883 1360 918; x_wconf 83' lang='lat' dir='ltr'><strong>perfecta</strong></span> <span class='ocrx_word' id='word_1_366' title='bbox 1386 883 1499 917; x_wconf 91' lang='lat' dir='ltr'><strong>proinde</strong></span> <span class='ocrx_word' id='word_1_367' title='bbox 1520 891 1553 911; x_wconf 91' lang='lat' dir='ltr'><strong>ac</strong></span> <span class='ocrx_word' id='word_1_368' title='bbox 1578 883 1655 917; x_wconf 88' lang='lat' dir='ltr'><strong>plena</strong></span> <span class='ocrx_word' id='word_1_369' title='bbox 1671 883 1818 911; x_wconf 84' lang='lat' dir='ltr'><strong>fruiturum</strong></span> 
     </span>
    </p>
   </div>
   <div class='ocr_carea' id='block_1_49' title="bbox 1040 928 1821 964">
    <p class='ocr_par' dir='ltr' id='par_1_49' title="bbox 1040 928 1821 964">
     <span class='ocr_line' id='line_1_49' title="bbox 1040 928 1821 964; baseline 0 -10"><span class='ocrx_word' id='word_1_370' title='bbox 1040 929 1144 962; x_wconf 77' lang='lat' dir='ltr'><strong>laetitia,</strong></span> <span class='ocrx_word' id='word_1_371' title='bbox 1159 930 1246 963; x_wconf 83' lang='lat' dir='ltr'><strong>quoad</strong></span> <span class='ocrx_word' id='word_1_372' title='bbox 1259 929 1438 964; x_wconf 70' lang='lat' dir='ltr'><strong>integritatem</strong></span> <span class='ocrx_word' id='word_1_373' title='bbox 1453 935 1530 956; x_wconf 87' lang='lat' dir='ltr'><strong>suam</strong></span> <span class='ocrx_word' id='word_1_374' title='bbox 1546 929 1689 962; x_wconf 87' lang='lat' dir='ltr'><strong>receperit.</strong></span> <span class='ocrx_word' id='word_1_375' title='bbox 1704 928 1739 955; x_wconf 84' lang='lat' dir='ltr'><strong>Et</strong></span> <span class='ocrx_word' id='word_1_376' title='bbox 1748 934 1821 963; x_wconf 86' lang='lat' dir='ltr'><strong>post-</strong></span> 
     </span>
    </p>
   </div>
   <div class='ocr_carea' id='block_1_50' title="bbox 1041 975 1821 1010">
    <p class='ocr_par' dir='ltr' id='par_1_50' title="bbox 1041 975 1821 1010">
     <span class='ocr_line' id='line_1_50' title="bbox 1041 975 1821 1010; baseline -0.001 -8"><span class='ocrx_word' id='word_1_377' title='bbox 1041 983 1072 1003; x_wconf 84' lang='lat' dir='ltr'><strong>ea</strong></span> <span class='ocrx_word' id='word_1_378' title='bbox 1088 984 1096 1002; x_wconf 82' lang='lat'><strong>:</strong></span> <span class='ocrx_word' id='word_1_379' title='bbox 1111 984 1121 1001; x_wconf 83' lang='grc'><strong><em>‹</em></strong></span> <span class='ocrx_word' id='word_1_380' title='bbox 1140 975 1215 1008; x_wconf 75' lang='lat' dir='ltr'><strong>Quod</strong></span> <span class='ocrx_word' id='word_1_381' title='bbox 1234 975 1256 1002; x_wconf 88' lang='lat' dir='ltr'><strong>si</strong></span> <span class='ocrx_word' id='word_1_382' title='bbox 1277 975 1334 1008; x_wconf 89' lang='lat' dir='ltr'><strong>tibi,</strong></span> <span class='ocrx_word' id='word_1_383' title='bbox 1357 975 1401 1010; x_wconf 92' lang='lat' dir='ltr'><strong>qui</strong></span> <span class='ocrx_word' id='word_1_384' title='bbox 1423 975 1572 1002; x_wconf 87' lang='lat' dir='ltr'><strong>membrum</strong></span> <span class='ocrx_word' id='word_1_385' title='bbox 1586 981 1626 1007; x_wconf 88' lang='lat' dir='ltr'><strong>es,</strong></span> <span class='ocrx_word' id='word_1_386' title='bbox 1646 982 1699 1001; x_wconf 92' lang='lat' dir='ltr'><strong>non</strong></span> <span class='ocrx_word' id='word_1_387' title='bbox 1712 975 1821 1002; x_wconf 87' lang='lat' dir='ltr'><strong>videtur</strong></span> 
     </span>
    </p>
   </div>
   <div class='ocr_carea' id='block_1_51' title="bbox 1040 1019 1818 1054">
    <p class='ocr_par' dir='ltr' id='par_1_51' title="bbox 1040 1019 1818 1054">
     <span class='ocr_line' id='line_1_51' title="bbox 1040 1019 1818 1054; baseline 0 -6"><span class='ocrx_word' id='word_1_388' title='bbox 1040 1027 1100 1048; x_wconf 83' lang='lat' dir='ltr'><strong>esse</strong></span> <span class='ocrx_word' id='word_1_389' title='bbox 1118 1019 1236 1054; x_wconf 84' lang='lat' dir='ltr'><strong>perfecta</strong></span> <span class='ocrx_word' id='word_1_390' title='bbox 1260 1019 1371 1053; x_wconf 61' lang='lat' dir='ltr'><strong>laetitia,</strong></span> <span class='ocrx_word' id='word_1_391' title='bbox 1397 1020 1420 1047; x_wconf 86' lang='lat' dir='ltr'><strong>si</strong></span> <span class='ocrx_word' id='word_1_392' title='bbox 1441 1020 1509 1047; x_wconf 84' lang='lat' dir='ltr'><strong>desit</strong></span> <span class='ocrx_word' id='word_1_393' title='bbox 1535 1019 1606 1047; x_wconf 88' lang='lat' dir='ltr'><strong>aliud</strong></span> <span class='ocrx_word' id='word_1_394' title='bbox 1632 1021 1785 1048; x_wconf 88' lang='lat' dir='ltr'><strong>membrum</strong></span> <span class='ocrx_word' id='word_1_395' title='bbox 1810 1029 1818 1048; x_wconf 89' lang='lat'><strong>:</strong></span> 
     </span>
    </p>
   </div>
   <div class='ocr_carea' id='block_1_52' title="bbox 1041 1066 1822 1102">
    <p class='ocr_par' dir='ltr' id='par_1_52' title="bbox 1041 1066 1822 1102">
     <span class='ocr_line' id='line_1_52' title="bbox 1041 1066 1822 1102; baseline 0.001 -9"><span class='ocrx_word' id='word_1_396' title='bbox 1041 1071 1140 1101; x_wconf 87' lang='lat' dir='ltr'><strong>quanto</strong></span> <span class='ocrx_word' id='word_1_397' title='bbox 1161 1066 1246 1100; x_wconf 76' lang='lat' dir='ltr'><strong>magis</strong></span> <span class='ocrx_word' id='word_1_398' title='bbox 1259 1067 1388 1094; x_wconf 87' lang='lat' dir='ltr'><strong>Dominus</strong></span> <span class='ocrx_word' id='word_1_399' title='bbox 1401 1070 1429 1094; x_wconf 90' lang='lat' dir='ltr'><strong>et</strong></span> <span class='ocrx_word' id='word_1_400' title='bbox 1445 1066 1571 1094; x_wconf 88' lang='lat' dir='ltr'><strong>Salvator</strong></span> <span class='ocrx_word' id='word_1_401' title='bbox 1587 1072 1689 1099; x_wconf 85' lang='lat' dir='ltr'><strong>noster,</strong></span> <span class='ocrx_word' id='word_1_402' title='bbox 1709 1067 1756 1102; x_wconf 89' lang='lat' dir='ltr'><strong>qui</strong></span> <span class='ocrx_word' id='word_1_403' title='bbox 1775 1075 1822 1094; x_wconf 85' lang='lat' dir='ltr'><strong>ca-</strong></span> 
     </span>
    </p>
   </div>
   <div class='ocr_carea' id='block_1_53' title="bbox 1040 1112 1821 1147">
    <p class='ocr_par' dir='ltr' id='par_1_53' title="bbox 1040 1112 1821 1147">
     <span class='ocr_line' id='line_1_53' title="bbox 1040 1112 1821 1147; baseline 0 -8"><span class='ocrx_word' id='word_1_404' title='bbox 1040 1117 1087 1147; x_wconf 91' lang='lat' dir='ltr'><strong>put</strong></span> <span class='ocrx_word' id='word_1_405' title='bbox 1110 1118 1138 1140; x_wconf 90' lang='lat' dir='ltr'><strong>et</strong></span> <span class='ocrx_word' id='word_1_406' title='bbox 1158 1117 1255 1142; x_wconf 83' lang='lat' dir='ltr'><strong>auctor</strong></span> <span class='ocrx_word' id='word_1_407' title='bbox 1278 1116 1320 1140; x_wconf 88' lang='lat' dir='ltr'><strong>est</strong></span> <span class='ocrx_word' id='word_1_408' title='bbox 1339 1113 1420 1140; x_wconf 88' lang='lat' dir='ltr'><strong>totius</strong></span> <span class='ocrx_word' id='word_1_409' title='bbox 1442 1113 1578 1147; x_wconf 88' lang='lat' dir='ltr'><strong>corporis,</strong></span> <span class='ocrx_word' id='word_1_410' title='bbox 1596 1120 1649 1141; x_wconf 90' lang='lat' dir='ltr'><strong>non</strong></span> <span class='ocrx_word' id='word_1_411' title='bbox 1664 1113 1714 1140; x_wconf 89' lang='lat' dir='ltr'><strong>sibi</strong></span> <span class='ocrx_word' id='word_1_412' title='bbox 1729 1112 1821 1146; x_wconf 78' lang='lat' dir='ltr'><strong>perfe-</strong></span> 
     </span>
    </p>
   </div>
   <div class='ocr_carea' id='block_1_54' title="bbox 1039 1157 1821 1192">
    <p class='ocr_par' dir='ltr' id='par_1_54' title="bbox 1039 1157 1821 1192">
     <span class='ocr_line' id='line_1_54' title="bbox 1039 1157 1821 1192; baseline -0.001 -7"><span class='ocrx_word' id='word_1_413' title='bbox 1039 1163 1111 1186; x_wconf 86' lang='lat' dir='ltr'><strong>ctam</strong></span> <span class='ocrx_word' id='word_1_414' title='bbox 1128 1157 1194 1185; x_wconf 89' lang='lat' dir='ltr'><strong>dicit</strong></span> <span class='ocrx_word' id='word_1_415' title='bbox 1212 1165 1272 1185; x_wconf 84' lang='lat' dir='ltr'><strong>esse</strong></span> <span class='ocrx_word' id='word_1_416' title='bbox 1295 1158 1414 1184; x_wconf 70' lang='lat' dir='ltr'><strong>laetitiam</strong></span> <span class='ocrx_word' id='word_1_417' title='bbox 1427 1177 1435 1190; x_wconf 94' lang='lat'><strong>,</strong></span> <span class='ocrx_word' id='word_1_418' title='bbox 1450 1158 1534 1185; x_wconf 86' lang='lat' dir='ltr'><strong>donec</strong></span> <span class='ocrx_word' id='word_1_419' title='bbox 1557 1158 1658 1192; x_wconf 87' lang='lat' dir='ltr'><strong>aliquid</strong></span> <span class='ocrx_word' id='word_1_420' title='bbox 1678 1165 1712 1185; x_wconf 88' lang='lat' dir='ltr'><strong>ex</strong></span> <span class='ocrx_word' id='word_1_421' title='bbox 1733 1166 1821 1184; x_wconf 82' lang='lat' dir='ltr'><strong>meiu-</strong></span> 
     </span>
    </p>
   </div>
   <div class='ocr_carea' id='block_1_55' title="bbox 1040 1202 1820 1238">
    <p class='ocr_par' dir='ltr' id='par_1_55' title="bbox 1040 1202 1820 1238">
     <span class='ocr_line' id='line_1_55' title="bbox 1040 1202 1820 1238; baseline -0.001 -7"><span class='ocrx_word' id='word_1_422' title='bbox 1040 1204 1096 1231; x_wconf 90' lang='lat' dir='ltr'><strong>bris</strong></span> <span class='ocrx_word' id='word_1_423' title='bbox 1108 1204 1202 1232; x_wconf 84' lang='lat' dir='ltr'><strong>deesse</strong></span> <span class='ocrx_word' id='word_1_424' title='bbox 1215 1203 1322 1238; x_wconf 85' lang='lat' dir='ltr'><strong>corpori</strong></span> <span class='ocrx_word' id='word_1_425' title='bbox 1338 1211 1387 1230; x_wconf 83' lang='lat' dir='ltr'><strong>suo</strong></span> <span class='ocrx_word' id='word_1_426' title='bbox 1406 1203 1478 1230; x_wconf 84' lang='lat' dir='ltr'><strong>videt</strong></span> <span class='ocrx_word' id='word_1_427' title='bbox 1492 1203 1504 1230; x_wconf 65' lang='grc' dir='ltr'><em>ἲ</em></span> <span class='ocrx_word' id='word_1_428' title='bbox 1522 1213 1531 1229; x_wconf 80' lang='grc' dir='ltr'><strong><em>ι</em></strong></span> <span class='ocrx_word' id='word_1_429' title='bbox 1545 1202 1692 1230; x_wconf 88' lang='lat' dir='ltr'><strong>Laboranti</strong></span> <span class='ocrx_word' id='word_1_430' title='bbox 1707 1203 1820 1238; x_wconf 87' lang='lat' dir='ltr'><strong>Origeni</strong></span> 
     </span>
    </p>
   </div>
   <div class='ocr_carea' id='block_1_56' title="bbox 1039 1249 1818 1284">
    <p class='ocr_par' dir='ltr' id='par_1_56' title="bbox 1039 1249 1818 1284">
     <span class='ocr_line' id='line_1_56' title="bbox 1039 1249 1818 1284; baseline 0 -7"><span class='ocrx_word' id='word_1_431' title='bbox 1039 1257 1198 1278; x_wconf 84' lang='lat' dir='ltr'><strong>succurrere</strong></span> <span class='ocrx_word' id='word_1_432' title='bbox 1210 1255 1324 1277; x_wconf 87' lang='lat' dir='ltr'><strong>conatur</strong></span> <span class='ocrx_word' id='word_1_433' title='bbox 1340 1249 1530 1277; x_wconf 88' lang='lat' dir='ltr'><strong>Genebrardus</strong></span> <span class='ocrx_word' id='word_1_434' title='bbox 1548 1249 1574 1276; x_wconf 93' lang='lat' dir='ltr'><strong>in</strong></span> <span class='ocrx_word' id='word_1_435' title='bbox 1590 1249 1699 1276; x_wconf 79' lang='lat' dir='ltr'><strong>Collect.</strong></span> <span class='ocrx_word' id='word_1_436' title='bbox 1714 1257 1777 1284; x_wconf 84' lang='lat' dir='ltr'><strong>cap.</strong></span> <span class='ocrx_word' id='word_1_437' title='bbox 1792 1249 1818 1279; x_wconf 83' lang='grc'><strong>6,</strong></span> 
     </span>
    </p>
   </div>
   <div class='ocr_carea' id='block_1_57' title="bbox 1039 1293 1820 1331">
    <p class='ocr_par' dir='ltr' id='par_1_57' title="bbox 1039 1293 1820 1331">
     <span class='ocr_line' id='line_1_57' title="bbox 1039 1293 1820 1331; baseline 0 -8"><span class='ocrx_word' id='word_1_438' title='bbox 1039 1300 1068 1323; x_wconf 88' lang='lat' dir='ltr'><strong>et</strong></span> <span class='ocrx_word' id='word_1_439' title='bbox 1082 1298 1139 1324; x_wconf 66' lang='lat' dir='ltr'><strong>haec</strong></span> <span class='ocrx_word' id='word_1_440' title='bbox 1158 1293 1272 1324; x_wconf 88' lang='lat' dir='ltr'><strong>scribit:</strong></span> <span class='ocrx_word' id='word_1_441' title='bbox 1290 1305 1300 1321; x_wconf 74' lang='grc' dir='ltr'><strong><em>ι</em></strong></span> <span class='ocrx_word' id='word_1_442' title='bbox 1322 1295 1405 1330; x_wconf 83' lang='lat' dir='ltr'><strong>Atqui</strong></span> <span class='ocrx_word' id='word_1_443' title='bbox 1431 1296 1456 1323; x_wconf 94' lang='lat' dir='ltr'><strong>id</strong></span> <span class='ocrx_word' id='word_1_444' title='bbox 1477 1297 1510 1323; x_wconf 88' lang='lat' dir='ltr'><strong>de</strong></span> <span class='ocrx_word' id='word_1_445' title='bbox 1526 1296 1630 1331; x_wconf 83' lang='lat' dir='ltr'><strong>integra</strong></span> <span class='ocrx_word' id='word_1_446' title='bbox 1651 1300 1680 1322; x_wconf 88' lang='lat' dir='ltr'><strong>et</strong></span> <span class='ocrx_word' id='word_1_447' title='bbox 1696 1295 1820 1323; x_wconf 86' lang='lat' dir='ltr'><strong>absoluta</strong></span> 
     </span>
    </p>
   </div>
   <div class='ocr_carea' id='block_1_58' title="bbox 1040 1341 1820 1376">
    <p class='ocr_par' dir='ltr' id='par_1_58' title="bbox 1040 1341 1820 1376">
     <span class='ocr_line' id='line_1_58' title="bbox 1040 1341 1820 1376; baseline 0 -7"><span class='ocrx_word' id='word_1_448' title='bbox 1040 1341 1214 1370; x_wconf 83' lang='lat' dir='ltr'><strong>beatitudinis</strong></span> <span class='ocrx_word' id='word_1_449' title='bbox 1229 1341 1478 1374; x_wconf 86' lang='lat' dir='ltr'><strong>consummatione,</strong></span> <span class='ocrx_word' id='word_1_450' title='bbox 1496 1349 1574 1376; x_wconf 83' lang='lat' dir='ltr'><strong>quam</strong></span> <span class='ocrx_word' id='word_1_451' title='bbox 1591 1342 1710 1369; x_wconf 86' lang='lat' dir='ltr'><strong>nondum</strong></span> <span class='ocrx_word' id='word_1_452' title='bbox 1732 1343 1820 1369; x_wconf 83' lang='lat' dir='ltr'><strong>sancti</strong></span> 
     </span>
    </p>
   </div>
   <div class='ocr_carea' id='block_1_59' title="bbox 1040 1387 1821 1423">
    <p class='ocr_par' dir='ltr' id='par_1_59' title="bbox 1040 1387 1821 1423">
     <span class='ocr_line' id='line_1_59' title="bbox 1040 1387 1821 1423; baseline -0.001 -7"><span class='ocrx_word' id='word_1_453' title='bbox 1040 1390 1066 1416; x_wconf 92' lang='lat' dir='ltr'><strong>iu</strong></span> <span class='ocrx_word' id='word_1_454' title='bbox 1083 1387 1243 1423; x_wconf 83' lang='lat' dir='ltr'><strong>corporibus</strong></span> <span class='ocrx_word' id='word_1_455' title='bbox 1256 1391 1433 1422; x_wconf 87' lang='lat' dir='ltr'><strong>receperunt,</strong></span> <span class='ocrx_word' id='word_1_456' title='bbox 1458 1392 1545 1422; x_wconf 87' lang='lat' dir='ltr'><strong>potest</strong></span> <span class='ocrx_word' id='word_1_457' title='bbox 1561 1387 1704 1422; x_wconf 78' lang='lat' dir='ltr'><strong>explicari.</strong></span> <span class='ocrx_word' id='word_1_458' title='bbox 1725 1398 1735 1414; x_wconf 78' lang='grc' dir='ltr'>ι</span> <span class='ocrx_word' id='word_1_459' title='bbox 1750 1388 1821 1421; x_wconf 86' lang='lat' dir='ltr'><strong>Quid</strong></span> 
     </span>
    </p>
   </div>
   <div class='ocr_carea' id='block_1_60' title="bbox 1037 1433 1822 1470">
    <p class='ocr_par' dir='ltr' id='par_1_60' title="bbox 1037 1433 1822 1470">
     <span class='ocr_line' id='line_1_60' title="bbox 1037 1433 1822 1470; baseline -0.001 -8"><span class='ocrx_word' id='word_1_460' title='bbox 1037 1436 1114 1470; x_wconf 86' lang='lat' dir='ltr'><strong>juvat</strong></span> <span class='ocrx_word' id='word_1_461' title='bbox 1127 1440 1216 1462; x_wconf 88' lang='lat' dir='ltr'><strong>autem</strong></span> <span class='ocrx_word' id='word_1_462' title='bbox 1234 1434 1369 1462; x_wconf 81' lang='lat' dir='ltr'><strong>recusanti</strong></span> <span class='ocrx_word' id='word_1_463' title='bbox 1385 1441 1462 1468; x_wconf 90' lang='lat' dir='ltr'><strong>opem</strong></span> <span class='ocrx_word' id='word_1_464' title='bbox 1479 1433 1568 1468; x_wconf 88' lang='lat' dir='ltr'><strong>ferre,</strong></span> <span class='ocrx_word' id='word_1_465' title='bbox 1583 1442 1644 1461; x_wconf 95' lang='lat' dir='ltr'><strong>cum</strong></span> <span class='ocrx_word' id='word_1_466' title='bbox 1659 1434 1712 1461; x_wconf 90' lang='lat' dir='ltr'><strong>hac</strong></span> <span class='ocrx_word' id='word_1_467' title='bbox 1730 1435 1822 1461; x_wconf 89' lang='lat' dir='ltr'><strong>nenti-</strong></span> 
     </span>
    </p>
   </div>
   <div class='ocr_carea' id='block_1_61' title="bbox 210 1479 1818 1528">
    <p class='ocr_par' dir='ltr' id='par_1_61' title="bbox 210 1479 1818 1528">
     <span class='ocr_line' id='line_1_61' title="bbox 210 1479 1818 1528; baseline 0.001 -22"><span class='ocrx_word' id='word_1_468' title='bbox 210 1479 335 1513; x_wconf 84' lang='lat' dir='ltr'><strong>Dotuino,</strong></span> <span class='ocrx_word' id='word_1_469' title='bbox 348 1488 454 1516; x_wconf 90' lang='lat' dir='ltr'><strong>semper</strong></span> <span class='ocrx_word' id='word_1_470' title='bbox 472 1481 497 1508; x_wconf 90' lang='lat' dir='ltr'><strong>in</strong></span> <span class='ocrx_word' id='word_1_471' title='bbox 511 1480 598 1508; x_wconf 86' lang='lat' dir='ltr'><strong>Verbo</strong></span> <span class='ocrx_word' id='word_1_472' title='bbox 610 1480 667 1515; x_wconf 83' lang='lat' dir='ltr'><strong>ejus</strong></span> <span class='ocrx_word' id='word_1_473' title='bbox 680 1487 711 1507; x_wconf 88' lang='lat' dir='ltr'><strong>ac</strong></span> <span class='ocrx_word' id='word_1_474' title='bbox 727 1479 863 1514; x_wconf 87' lang='lat' dir='ltr'><strong>Sapientia</strong></span> <span class='ocrx_word' id='word_1_475' title='bbox 877 1488 988 1509; x_wconf 80' lang='lat' dir='ltr'><strong>t&#39;ersan-</strong></span> <span class='ocrx_word' id='word_1_476' title='bbox 1002 1499 1023 1528; x_wconf 65' lang='grc' dir='ltr'><em>ε</em></span> <span class='ocrx_word' id='word_1_477' title='bbox 1040 1488 1120 1516; x_wconf 87' lang='lat' dir='ltr'><strong>qttam</strong></span> <span class='ocrx_word' id='word_1_478' title='bbox 1142 1481 1175 1508; x_wconf 91' lang='lat' dir='ltr'><strong>de</strong></span> <span class='ocrx_word' id='word_1_479' title='bbox 1188 1487 1270 1507; x_wconf 81' lang='lat' dir='ltr'><strong>causa</strong></span> <span class='ocrx_word' id='word_1_480' title='bbox 1281 1500 1289 1513; x_wconf 90' lang='lat'><strong>,</strong></span> <span class='ocrx_word' id='word_1_481' title='bbox 1314 1487 1392 1515; x_wconf 87' lang='lat' dir='ltr'><strong>quam</strong></span> <span class='ocrx_word' id='word_1_482' title='bbox 1408 1485 1602 1506; x_wconf 79' lang='lat' dir='ltr'><strong>commemorat.</strong></span> <span class='ocrx_word' id='word_1_483' title='bbox 1614 1479 1818 1515; x_wconf 78' lang='lat' dir='ltr'><strong>Genebrardus,</strong></span> 
     </span>
    </p>
   </div>
   <div class='ocr_carea' id='block_1_62' title="bbox 208 1525 990 1562">
    <p class='ocr_par' dir='ltr' id='par_1_62' title="bbox 208 1525 990 1562">
     <span class='ocr_line' id='line_1_62' title="bbox 208 1525 990 1562; baseline 0.004 -10"><span class='ocrx_word' id='word_1_484' title='bbox 208 1530 250 1553; x_wconf 87' lang='lat' dir='ltr'><strong>tes</strong></span> <span class='ocrx_word' id='word_1_485' title='bbox 276 1526 389 1554; x_wconf 88' lang='lat' dir='ltr'><strong>summis</strong></span> <span class='ocrx_word' id='word_1_486' title='bbox 405 1525 509 1554; x_wconf 87' lang='lat' dir='ltr'><strong>deliciis</strong></span> <span class='ocrx_word' id='word_1_487' title='bbox 522 1525 593 1558; x_wconf 83' lang='lat' dir='ltr'><strong>frui;</strong></span> <span class='ocrx_word' id='word_1_488' title='bbox 623 1527 672 1553; x_wconf 90' lang='lat' dir='ltr'><strong>hos</strong></span> <span class='ocrx_word' id='word_1_489' title='bbox 694 1533 758 1552; x_wconf 85' lang='lat' dir='ltr'><strong>vero</strong></span> <span class='ocrx_word' id='word_1_490' title='bbox 774 1530 853 1553; x_wconf 56' lang='lat' dir='ltr'><strong>terra;</strong></span> <span class='ocrx_word' id='word_1_491' title='bbox 877 1527 990 1562; x_wconf 86' lang='lat' dir='ltr'><strong>alicujus</strong></span> 
     </span>
    </p>
   </div>
   <div class='ocr_carea' id='block_1_63' title="bbox 209 1571 989 1608">
    <p class='ocr_par' dir='ltr' id='par_1_63' title="bbox 209 1571 989 1608">
     <span class='ocr_line' id='line_1_63' title="bbox 209 1571 989 1608; baseline 0.004 -10"><span class='ocrx_word' id='word_1_492' title='bbox 209 1571 375 1601; x_wconf 85' lang='lat' dir='ltr'><strong>sublimioris</strong></span> <span class='ocrx_word' id='word_1_493' title='bbox 391 1578 419 1600; x_wconf 89' lang='lat' dir='ltr'><strong>et</strong></span> <span class='ocrx_word' id='word_1_494' title='bbox 437 1573 609 1608; x_wconf 87' lang='lat' dir='ltr'><strong>potentioris,</strong></span> <span class='ocrx_word' id='word_1_495' title='bbox 627 1578 705 1601; x_wconf 74' lang='lat' dir='ltr'><strong>terra:</strong></span> <span class='ocrx_word' id='word_1_496' title='bbox 728 1581 823 1608; x_wconf 88' lang='lat' dir='ltr'><strong>nempe</strong></span> <span class='ocrx_word' id='word_1_497' title='bbox 841 1574 989 1601; x_wconf 90' lang='lat' dir='ltr'><strong>viventium</strong></span> 
     </span>
    </p>
   </div>
   <div class='ocr_carea' id='block_1_64' title="bbox 210 1617 990 1653">
    <p class='ocr_par' dir='ltr' id='par_1_64' title="bbox 210 1617 990 1653">
     <span class='ocr_line' id='line_1_64' title="bbox 210 1617 990 1653; baseline 0.005 -10"><span class='ocrx_word' id='word_1_498' title='bbox 210 1617 395 1646; x_wconf 59' lang='lat' dir='ltr'><strong>Itatreditatem</strong></span> <span class='ocrx_word' id='word_1_499' title='bbox 409 1623 546 1653; x_wconf 88' lang='lat' dir='ltr'><strong>capturos.</strong></span> <span class='ocrx_word' id='word_1_500' title='bbox 565 1619 665 1646; x_wconf 88' lang='lat' dir='ltr'><strong>Scribit</strong></span> <span class='ocrx_word' id='word_1_501' title='bbox 679 1624 808 1653; x_wconf 67' lang='lat' dir='ltr'><strong>prmterea</strong></span> <span class='ocrx_word' id='word_1_502' title='bbox 823 1619 918 1647; x_wconf 91' lang='lat' dir='ltr'><strong>homil.</strong></span> <span class='ocrx_word' id='word_1_503' title='bbox 931 1620 949 1647; x_wconf 80' lang='lat'><strong>5</strong></span> <span class='ocrx_word' id='word_1_504' title='bbox 962 1620 990 1647; x_wconf 80' lang='lat' dir='ltr'><strong>in</strong></span> 
     </span>
    </p>
   </div>
   <div class='ocr_carea' id='block_1_65' title="bbox 208 1655 990 1700">
    <p class='ocr_par' dir='ltr' id='par_1_65' title="bbox 208 1655 990 1700">
     <span class='ocr_line' id='line_1_65' title="bbox 208 1655 990 1700; baseline 0.005 -10"><span class='ocrx_word' id='word_1_505' title='bbox 208 1663 287 1696; x_wconf 66' lang='lat' dir='ltr'><strong>Lua,</strong></span> <span class='ocrx_word' id='word_1_506' title='bbox 305 1664 332 1690; x_wconf 94' lang='lat' dir='ltr'><strong>in</strong></span> <span class='ocrx_word' id='word_1_507' title='bbox 356 1663 446 1691; x_wconf 89' lang='lat' dir='ltr'><strong>futura</strong></span> <span class='ocrx_word' id='word_1_508' title='bbox 469 1665 524 1691; x_wconf 88' lang='lat' dir='ltr'><strong>vita</strong></span> <span class='ocrx_word' id='word_1_509' title='bbox 540 1673 593 1692; x_wconf 90' lang='lat' dir='ltr'><strong>non</strong></span> <span class='ocrx_word' id='word_1_510' title='bbox 612 1655 706 1693; x_wconf 69' lang='lat' dir='ltr'><strong>omnes</strong></span> <span class='ocrx_word' id='word_1_511' title='bbox 723 1666 814 1692; x_wconf 88' lang='lat' dir='ltr'><strong>statim</strong></span> <span class='ocrx_word' id='word_1_512' title='bbox 830 1670 911 1700; x_wconf 87' lang='lat' dir='ltr'><strong>atque</strong></span> <span class='ocrx_word' id='word_1_513' title='bbox 928 1673 990 1694; x_wconf 89' lang='lat' dir='ltr'><strong>cor-</strong></span> 
     </span>
    </p>
   </div>
   <div class='ocr_carea' id='block_1_66' title="bbox 209 1710 991 1746">
    <p class='ocr_par' dir='ltr' id='par_1_66' title="bbox 209 1710 991 1746">
     <span class='ocr_line' id='line_1_66' title="bbox 209 1710 991 1746; baseline 0.006 -10"><span class='ocrx_word' id='word_1_514' title='bbox 209 1717 276 1744; x_wconf 91' lang='lat' dir='ltr'><strong>pore</strong></span> <span class='ocrx_word' id='word_1_515' title='bbox 295 1710 425 1743; x_wconf 80' lang='lat' dir='ltr'><strong>exierint,</strong></span> <span class='ocrx_word' id='word_1_516' title='bbox 443 1710 527 1738; x_wconf 90' lang='lat' dir='ltr'><strong>Deum</strong></span> <span class='ocrx_word' id='word_1_517' title='bbox 556 1713 702 1746; x_wconf 76' lang='lat' dir='ltr'><strong>angelosve</strong></span> <span class='ocrx_word' id='word_1_518' title='bbox 723 1712 831 1740; x_wconf 87' lang='lat' dir='ltr'><strong>visuros</strong></span> <span class='ocrx_word' id='word_1_519' title='bbox 843 1733 851 1746; x_wconf 91' lang='lat'><strong>,</strong></span> <span class='ocrx_word' id='word_1_520' title='bbox 877 1713 925 1740; x_wconf 87' lang='lat' dir='ltr'><strong>sed</strong></span> <span class='ocrx_word' id='word_1_521' title='bbox 943 1720 991 1741; x_wconf 84' lang='lat' dir='ltr'><strong>eos</strong></span> 
     </span>
    </p>
   </div>
   <div class='ocr_carea' id='block_1_67' title="bbox 212 1756 989 1794">
    <p class='ocr_par' dir='ltr' id='par_1_67' title="bbox 212 1756 989 1794">
     <span class='ocr_line' id='line_1_67' title="bbox 212 1756 989 1794; baseline 0.006 -13"><span class='ocrx_word' id='word_1_522' title='bbox 212 1760 315 1782; x_wconf 86' lang='lat' dir='ltr'><strong>tantum</strong></span> <span class='ocrx_word' id='word_1_523' title='bbox 330 1756 376 1790; x_wconf 89' lang='lat' dir='ltr'><strong>qui</strong></span> <span class='ocrx_word' id='word_1_524' title='bbox 397 1757 526 1784; x_wconf 89' lang='lat' dir='ltr'><strong>munditie</strong></span> <span class='ocrx_word' id='word_1_525' title='bbox 546 1756 635 1785; x_wconf 89' lang='lat' dir='ltr'><strong>cordis</strong></span> <span class='ocrx_word' id='word_1_526' title='bbox 651 1758 746 1793; x_wconf 83' lang='lat' dir='ltr'><strong>dignos</strong></span> <span class='ocrx_word' id='word_1_527' title='bbox 761 1765 792 1786; x_wconf 89' lang='lat' dir='ltr'><strong>se</strong></span> <span class='ocrx_word' id='word_1_528' title='bbox 815 1758 861 1786; x_wconf 89' lang='lat' dir='ltr'><strong>Dei</strong></span> <span class='ocrx_word' id='word_1_529' title='bbox 879 1765 989 1794; x_wconf 87' lang='lat' dir='ltr'><strong>aspectu</strong></span> 
     </span>
    </p>
   </div>
   <div class='ocr_carea' id='block_1_68' title="bbox 212 1802 990 1837">
    <p class='ocr_par' dir='ltr' id='par_1_68' title="bbox 212 1802 990 1837">
     <span class='ocr_line' id='line_1_68' title="bbox 212 1802 990 1837; baseline 0.003 -9"><span class='ocrx_word' id='word_1_530' title='bbox 212 1802 400 1835; x_wconf 75' lang='lat' dir='ltr'><strong>przebuerint;</strong></span> <span class='ocrx_word' id='word_1_531' title='bbox 419 1803 544 1837; x_wconf 90' lang='lat' dir='ltr'><strong>quamvis</strong></span> <span class='ocrx_word' id='word_1_532' title='bbox 563 1808 653 1830; x_wconf 87' lang='lat' dir='ltr'><strong>autem</strong></span> <span class='ocrx_word' id='word_1_533' title='bbox 679 1803 705 1830; x_wconf 93' lang='lat' dir='ltr'><strong>in</strong></span> <span class='ocrx_word' id='word_1_534' title='bbox 723 1804 817 1831; x_wconf 83' lang='lat' dir='ltr'><strong>eodem</strong></span> <span class='ocrx_word' id='word_1_535' title='bbox 834 1803 892 1832; x_wconf 92' lang='lat' dir='ltr'><strong>loco</strong></span> <span class='ocrx_word' id='word_1_536' title='bbox 908 1804 990 1831; x_wconf 89' lang='lat' dir='ltr'><strong>futuri</strong></span> 
     </span>
    </p>
   </div>
   <div class='ocr_carea' id='block_1_69' title="bbox 211 1847 991 1884">
    <p class='ocr_par' dir='ltr' id='par_1_69' title="bbox 211 1847 991 1884">
     <span class='ocr_line' id='line_1_69' title="bbox 211 1847 991 1884; baseline 0.004 -11"><span class='ocrx_word' id='word_1_537' title='bbox 211 1847 266 1874; x_wconf 74' lang='lat' dir='ltr'><strong>sint</strong></span> <span class='ocrx_word' id='word_1_538' title='bbox 282 1851 310 1875; x_wconf 87' lang='lat' dir='ltr'><strong>et</strong></span> <span class='ocrx_word' id='word_1_539' title='bbox 323 1848 369 1882; x_wconf 90' lang='lat' dir='ltr'><strong>qui</strong></span> <span class='ocrx_word' id='word_1_540' title='bbox 382 1855 449 1882; x_wconf 92' lang='lat' dir='ltr'><strong>puro</strong></span> <span class='ocrx_word' id='word_1_541' title='bbox 464 1849 544 1876; x_wconf 92' lang='lat' dir='ltr'><strong>corde</strong></span> <span class='ocrx_word' id='word_1_542' title='bbox 555 1854 645 1882; x_wconf 89' lang='lat' dir='ltr'><strong>erunt,</strong></span> <span class='ocrx_word' id='word_1_543' title='bbox 657 1854 685 1877; x_wconf 91' lang='lat' dir='ltr'><strong>et</strong></span> <span class='ocrx_word' id='word_1_544' title='bbox 698 1850 744 1884; x_wconf 89' lang='lat' dir='ltr'><strong>qui</strong></span> <span class='ocrx_word' id='word_1_545' title='bbox 759 1850 884 1878; x_wconf 81' lang='lat' dir='ltr'><strong>sordibus</strong></span> <span class='ocrx_word' id='word_1_546' title='bbox 902 1850 991 1878; x_wconf 75' lang='lat' dir='ltr'><strong>[ceda-</strong></span> 
     </span>
    </p>
   </div>
   <div class='ocr_carea' id='block_1_70' title="bbox 210 1893 991 1930">
    <p class='ocr_par' dir='ltr' id='par_1_70' title="bbox 210 1893 991 1930">
     <span class='ocr_line' id='line_1_70' title="bbox 210 1893 991 1930; baseline 0.004 -11"><span class='ocrx_word' id='word_1_547' title='bbox 210 1893 242 1925; x_wconf 92' lang='lat' dir='ltr'><strong>ti,</strong></span> <span class='ocrx_word' id='word_1_548' title='bbox 256 1893 392 1927; x_wconf 88' lang='lat' dir='ltr'><strong>disparem</strong></span> <span class='ocrx_word' id='word_1_549' title='bbox 411 1899 498 1922; x_wconf 91' lang='lat' dir='ltr'><strong>tamen</strong></span> <span class='ocrx_word' id='word_1_550' title='bbox 513 1899 692 1930; x_wconf 88' lang='lat' dir='ltr'><strong>utrorutnque</strong></span> <span class='ocrx_word' id='word_1_551' title='bbox 706 1896 823 1924; x_wconf 90' lang='lat' dir='ltr'><strong>futuram</strong></span> <span class='ocrx_word' id='word_1_552' title='bbox 837 1901 948 1928; x_wconf 87' lang='lat' dir='ltr'><strong>sortem,</strong></span> <span class='ocrx_word' id='word_1_553' title='bbox 963 1900 991 1922; x_wconf 90' lang='lat' dir='ltr'><strong>et</strong></span> 
     </span>
    </p>
   </div>
   <div class='ocr_carea' id='block_1_71' title="bbox 210 1939 990 1976">
    <p class='ocr_par' dir='ltr' id='par_1_71' title="bbox 210 1939 990 1976">
     <span class='ocr_line' id='line_1_71' title="bbox 210 1939 990 1976; baseline 0.003 -10"><span class='ocrx_word' id='word_1_554' title='bbox 210 1939 270 1967; x_wconf 80' lang='lat' dir='ltr'><strong>illos</strong></span> <span class='ocrx_word' id='word_1_555' title='bbox 285 1939 331 1967; x_wconf 89' lang='lat' dir='ltr'><strong>Dei</strong></span> <span class='ocrx_word' id='word_1_556' title='bbox 346 1940 443 1968; x_wconf 93' lang='lat' dir='ltr'><strong>intuitu</strong></span> <span class='ocrx_word' id='word_1_557' title='bbox 455 1940 595 1973; x_wconf 89' lang='lat' dir='ltr'><strong>fruiturus,</strong></span> <span class='ocrx_word' id='word_1_558' title='bbox 607 1949 661 1976; x_wconf 88' lang='lat' dir='ltr'><strong>quo</strong></span> <span class='ocrx_word' id='word_1_559' title='bbox 675 1942 701 1969; x_wconf 79' lang='lat' dir='ltr'><strong>lii</strong></span> <span class='ocrx_word' id='word_1_560' title='bbox 716 1943 856 1970; x_wconf 87' lang='lat' dir='ltr'><strong>carebunt.</strong></span> <span class='ocrx_word' id='word_1_561' title='bbox 874 1941 990 1969; x_wconf 85' lang='lat' dir='ltr'><strong>llomilia</strong></span> 
     </span>
    </p>
   </div>
   <div class='ocr_carea' id='block_1_72' title="bbox 210 1985 990 2021">
    <p class='ocr_par' dir='ltr' id='par_1_72' title="bbox 210 1985 990 2021">
     <span class='ocr_line' id='line_1_72' title="bbox 210 1985 990 2021; baseline 0.003 -9"><span class='ocrx_word' id='word_1_562' title='bbox 210 1985 245 2012; x_wconf 84' lang='grc' dir='ltr'><strong><em>Π</em></strong></span> <span class='ocrx_word' id='word_1_563' title='bbox 255 1991 385 2021; x_wconf 89' lang='lat' dir='ltr'><strong>sequente</strong></span> <span class='ocrx_word' id='word_1_564' title='bbox 399 1993 538 2014; x_wconf 82' lang='lat' dir='ltr'><strong>asseverat</strong></span> <span class='ocrx_word' id='word_1_565' title='bbox 554 1988 588 2015; x_wconf 90' lang='lat' dir='ltr'><strong>ab</strong></span> <span class='ocrx_word' id='word_1_566' title='bbox 603 1988 724 2016; x_wconf 88' lang='lat' dir='ltr'><strong>Ecclesia</strong></span> <span class='ocrx_word' id='word_1_567' title='bbox 741 1988 846 2016; x_wconf 86' lang='lat' dir='ltr'><strong>ccelesti</strong></span> <span class='ocrx_word' id='word_1_568' title='bbox 858 1988 990 2021; x_wconf 79' lang='lat' dir='ltr'><strong>deiectum</strong></span> 
     </span>
    </p>
   </div>
   <div class='ocr_carea' id='block_1_73' title="bbox 210 2031 992 2066">
    <p class='ocr_par' dir='ltr' id='par_1_73' title="bbox 210 2031 992 2066">
     <span class='ocr_line' id='line_1_73' title="bbox 210 2031 992 2066; baseline 0.003 -8"><span class='ocrx_word' id='word_1_569' title='bbox 210 2031 244 2058; x_wconf 91' lang='lat' dir='ltr'><strong>iri</strong></span> <span class='ocrx_word' id='word_1_570' title='bbox 261 2032 392 2065; x_wconf 76' lang='lat' dir='ltr'><strong>digamos,</strong></span> <span class='ocrx_word' id='word_1_571' title='bbox 407 2033 633 2066; x_wconf 85' lang='lat' dir='ltr'><strong>quemadmodum</strong></span> <span class='ocrx_word' id='word_1_572' title='bbox 652 2034 679 2060; x_wconf 93' lang='lat' dir='ltr'><strong>in</strong></span> <span class='ocrx_word' id='word_1_573' title='bbox 697 2039 767 2061; x_wconf 91' lang='lat' dir='ltr'><strong>terra</strong></span> <span class='ocrx_word' id='word_1_574' title='bbox 783 2033 817 2061; x_wconf 91' lang='lat' dir='ltr'><strong>ab</strong></span> <span class='ocrx_word' id='word_1_575' title='bbox 827 2034 992 2061; x_wconf 81' lang='lat' dir='ltr'><strong>ecclesiasti-</strong></span> 
     </span>
    </p>
   </div>
   <div class='ocr_carea' id='block_1_74' title="bbox 210 2076 990 2114">
    <p class='ocr_par' dir='ltr' id='par_1_74' title="bbox 210 2076 990 2114">
     <span class='ocr_line' id='line_1_74' title="bbox 210 2076 990 2114; baseline 0.003 -10"><span class='ocrx_word' id='word_1_576' title='bbox 210 2076 250 2105; x_wconf 84' lang='lat' dir='ltr'><strong>cis</strong></span> <span class='ocrx_word' id='word_1_577' title='bbox 273 2077 449 2112; x_wconf 81' lang='lat' dir='ltr'><strong>dignitatibus</strong></span> <span class='ocrx_word' id='word_1_578' title='bbox 472 2084 608 2108; x_wconf 89' lang='lat' dir='ltr'><strong>arcentur.</strong></span> <span class='ocrx_word' id='word_1_579' title='bbox 637 2089 647 2105; x_wconf 84' lang='grc'><strong><em>‹</em></strong></span> <span class='ocrx_word' id='word_1_580' title='bbox 673 2079 732 2107; x_wconf 81' lang='lat' dir='ltr'><strong>Non</strong></span> <span class='ocrx_word' id='word_1_581' title='bbox 753 2087 822 2114; x_wconf 90' lang='lat' dir='ltr'><strong>quo,</strong></span> <span class='ocrx_word' id='word_1_582' title='bbox 845 2081 944 2114; x_wconf 88' lang='lat' dir='ltr'><strong>inquit,</strong></span> <span class='ocrx_word' id='word_1_583' title='bbox 963 2080 990 2107; x_wconf 91' lang='lat' dir='ltr'><strong>in</strong></span> 
     </span>
    </p>
   </div>
   <div class='ocr_carea' id='block_1_75' title="bbox 210 2123 990 2160">
    <p class='ocr_par' dir='ltr' id='par_1_75' title="bbox 210 2123 990 2160">
     <span class='ocr_line' id='line_1_75' title="bbox 210 2123 990 2160; baseline 0.005 -11"><span class='ocrx_word' id='word_1_584' title='bbox 210 2127 341 2150; x_wconf 69' lang='lat' dir='ltr'><strong>mternum</strong></span> <span class='ocrx_word' id='word_1_585' title='bbox 357 2123 500 2151; x_wconf 88' lang='lat' dir='ltr'><strong>mittantur</strong></span> <span class='ocrx_word' id='word_1_586' title='bbox 512 2124 677 2158; x_wconf 84' lang='lat' dir='ltr'><strong>incendium,</strong></span> <span class='ocrx_word' id='word_1_587' title='bbox 689 2126 736 2152; x_wconf 87' lang='lat' dir='ltr'><strong>sed</strong></span> <span class='ocrx_word' id='word_1_588' title='bbox 755 2133 808 2160; x_wconf 91' lang='lat' dir='ltr'><strong>quo</strong></span> <span class='ocrx_word' id='word_1_589' title='bbox 823 2131 926 2160; x_wconf 88' lang='lat' dir='ltr'><strong>partem</strong></span> <span class='ocrx_word' id='word_1_590' title='bbox 937 2133 990 2154; x_wconf 91' lang='lat' dir='ltr'><strong>non</strong></span> 
     </span>
    </p>
   </div>
   <div class='ocr_carea' id='block_1_76' title="bbox 210 2165 1027 2204">
    <p class='ocr_par' dir='ltr' id='par_1_76' title="bbox 210 2165 1027 2204">
     <span class='ocr_line' id='line_1_76' title="bbox 210 2165 1027 2204; baseline 0.002 -7"><span class='ocrx_word' id='word_1_591' title='bbox 210 2168 330 2198; x_wconf 85' lang='lat' dir='ltr'><strong>habeant</strong></span> <span class='ocrx_word' id='word_1_592' title='bbox 347 2169 372 2196; x_wconf 95' lang='lat' dir='ltr'><strong>in</strong></span> <span class='ocrx_word' id='word_1_593' title='bbox 398 2176 481 2204; x_wconf 82' lang='lat' dir='ltr'><strong>regno</strong></span> <span class='ocrx_word' id='word_1_594' title='bbox 506 2169 554 2197; x_wconf 89' lang='lat' dir='ltr'><strong>Dei</strong></span> <span class='ocrx_word' id='word_1_595' title='bbox 569 2180 576 2198; x_wconf 87' lang='lat'><strong>:</strong></span> <span class='ocrx_word' id='word_1_596' title='bbox 601 2180 610 2197; x_wconf 77' lang='grc' dir='ltr'><strong><em>ι</em></strong></span> <span class='ocrx_word' id='word_1_597' title='bbox 632 2176 659 2198; x_wconf 84' lang='lat' dir='ltr'><strong>et</strong></span> <span class='ocrx_word' id='word_1_598' title='bbox 677 2171 774 2198; x_wconf 86' lang='lat' dir='ltr'><strong>deinde</strong></span> <span class='ocrx_word' id='word_1_599' title='bbox 790 2179 838 2199; x_wconf 88' lang='lat' dir='ltr'><strong>eos</strong></span> <span class='ocrx_word' id='word_1_600' title='bbox 851 2172 889 2198; x_wconf 84' lang='lat' dir='ltr'><strong>ait</strong></span> <span class='ocrx_word' id='word_1_601' title='bbox 906 2180 916 2197; x_wconf 84' lang='grc'><em>‹</em></span> <span class='ocrx_word' id='word_1_602' title='bbox 932 2179 990 2199; x_wconf 86' lang='lat' dir='ltr'><strong>esse</strong></span> <span class='ocrx_word' id='word_1_603' title='bbox 1006 2165 1027 2193; x_wconf 79' lang='grc' dir='ltr'><strong>Ι)</strong></span> 
     </span>
    </p>
   </div>
   <div class='ocr_carea' id='block_1_77' title="bbox 208 2214 993 2252">
    <p class='ocr_par' dir='ltr' id='par_1_77' title="bbox 208 2214 993 2252">
     <span class='ocr_line' id='line_1_77' title="bbox 208 2214 993 2252; baseline 0.003 -10"><span class='ocrx_word' id='word_1_604' title='bbox 208 2214 243 2242; x_wconf 87' lang='lat' dir='ltr'><strong>de</strong></span> <span class='ocrx_word' id='word_1_605' title='bbox 270 2214 388 2242; x_wconf 88' lang='lat' dir='ltr'><strong>secundo</strong></span> <span class='ocrx_word' id='word_1_606' title='bbox 408 2215 515 2249; x_wconf 88' lang='lat' dir='ltr'><strong>gradu,</strong></span> <span class='ocrx_word' id='word_1_607' title='bbox 541 2220 569 2243; x_wconf 88' lang='lat' dir='ltr'><strong>ct</strong></span> <span class='ocrx_word' id='word_1_608' title='bbox 591 2216 624 2244; x_wconf 88' lang='lat' dir='ltr'><strong>de</strong></span> <span class='ocrx_word' id='word_1_609' title='bbox 649 2217 692 2244; x_wconf 89' lang='lat' dir='ltr'><strong>his</strong></span> <span class='ocrx_word' id='word_1_610' title='bbox 717 2217 763 2252; x_wconf 91' lang='lat' dir='ltr'><strong>qni</strong></span> <span class='ocrx_word' id='word_1_611' title='bbox 791 2216 918 2244; x_wconf 87' lang='lat' dir='ltr'><strong>invocant</strong></span> <span class='ocrx_word' id='word_1_612' title='bbox 943 2224 993 2244; x_wconf 89' lang='lat' dir='ltr'><strong>uo-</strong></span> 
     </span>
    </p>
   </div>
   <div class='ocr_carea' id='block_1_78' title="bbox 209 2260 991 2297">
    <p class='ocr_par' dir='ltr' id='par_1_78' title="bbox 209 2260 991 2297">
     <span class='ocr_line' id='line_1_78' title="bbox 209 2260 991 2297; baseline 0.004 -11"><span class='ocrx_word' id='word_1_613' title='bbox 209 2267 272 2288; x_wconf 87' lang='lat' dir='ltr'><strong>tnen</strong></span> <span class='ocrx_word' id='word_1_614' title='bbox 299 2260 425 2292; x_wconf 89' lang='lat' dir='ltr'><strong>Domiui,</strong></span> <span class='ocrx_word' id='word_1_615' title='bbox 454 2266 481 2288; x_wconf 88' lang='lat' dir='ltr'><strong>et</strong></span> <span class='ocrx_word' id='word_1_616' title='bbox 507 2262 552 2296; x_wconf 94' lang='lat' dir='ltr'><strong>qui</strong></span> <span class='ocrx_word' id='word_1_617' title='bbox 578 2262 716 2289; x_wconf 84' lang='lat' dir='ltr'><strong>salvantur</strong></span> <span class='ocrx_word' id='word_1_618' title='bbox 742 2262 852 2297; x_wconf 91' lang='lat' dir='ltr'><strong>quidem</strong></span> <span class='ocrx_word' id='word_1_619' title='bbox 882 2262 909 2289; x_wconf 89' lang='lat' dir='ltr'><strong>in</strong></span> <span class='ocrx_word' id='word_1_620' title='bbox 941 2270 991 2289; x_wconf 84' lang='lat' dir='ltr'><strong>no-</strong></span> 
     </span>
    </p>
   </div>
   <div class='ocr_carea' id='block_1_79' title="bbox 211 2305 993 2342">
    <p class='ocr_par' dir='ltr' id='par_1_79' title="bbox 211 2305 993 2342">
     <span class='ocr_line' id='line_1_79' title="bbox 211 2305 993 2342; baseline 0.004 -10"><span class='ocrx_word' id='word_1_621' title='bbox 211 2305 283 2333; x_wconf 88' lang='lat' dir='ltr'><strong>mine</strong></span> <span class='ocrx_word' id='word_1_622' title='bbox 307 2305 371 2333; x_wconf 82' lang='lat' dir='ltr'><strong>Jcsu</strong></span> <span class='ocrx_word' id='word_1_623' title='bbox 392 2305 512 2341; x_wconf 87' lang='lat' dir='ltr'><strong>Christi,</strong></span> <span class='ocrx_word' id='word_1_624' title='bbox 528 2315 698 2342; x_wconf 85' lang='lat' dir='ltr'><strong>nequaquam</strong></span> <span class='ocrx_word' id='word_1_625' title='bbox 714 2313 804 2336; x_wconf 85' lang='lat' dir='ltr'><strong>tamen</strong></span> <span class='ocrx_word' id='word_1_626' title='bbox 822 2313 993 2335; x_wconf 86' lang='lat' dir='ltr'><strong>coronantur</strong></span> 
     </span>
    </p>
   </div>
   <div class='ocr_carea' id='block_1_80' title="bbox 209 2352 326 2380">
    <p class='ocr_par' dir='ltr' id='par_1_80' title="bbox 209 2352 326 2380">
     <span class='ocr_line' id='line_1_80' title="bbox 209 2352 326 2380; baseline -0.009 -1"><span class='ocrx_word' id='word_1_627' title='bbox 209 2352 244 2380; x_wconf 83' lang='lat' dir='ltr'><strong>ab</strong></span> <span class='ocrx_word' id='word_1_628' title='bbox 258 2359 302 2380; x_wconf 88' lang='lat' dir='ltr'><strong>eo.</strong></span> <span class='ocrx_word' id='word_1_629' title='bbox 316 2362 326 2378; x_wconf 73' lang='grc' dir='ltr'><strong><em>ι</em></strong></span> 
     </span>
    </p>
   </div>
   <div class='ocr_carea' id='block_1_81' title="bbox 244 2398 991 2434">
    <p class='ocr_par' dir='ltr' id='par_1_81' title="bbox 244 2398 991 2434">
     <span class='ocr_line' id='line_1_81' title="bbox 244 2398 991 2434; baseline 0.004 -10"><span class='ocrx_word' id='word_1_630' title='bbox 244 2398 285 2424; x_wconf 85' lang='lat' dir='ltr'><strong>Ad</strong></span> <span class='ocrx_word' id='word_1_631' title='bbox 300 2402 467 2433; x_wconf 88' lang='lat' dir='ltr'><strong>postremum</strong></span> <span class='ocrx_word' id='word_1_632' title='bbox 492 2399 620 2434; x_wconf 89' lang='lat' dir='ltr'><strong>quoniam</strong></span> <span class='ocrx_word' id='word_1_633' title='bbox 637 2400 670 2427; x_wconf 88' lang='lat' dir='ltr'><strong>ad</strong></span> <span class='ocrx_word' id='word_1_634' title='bbox 694 2407 827 2428; x_wconf 78' lang='lat' dir='ltr'><strong>summam</strong></span> <span class='ocrx_word' id='word_1_635' title='bbox 847 2399 991 2434; x_wconf 90' lang='lat' dir='ltr'><strong>perfectio-</strong></span> 
     </span>
    </p>
   </div>
   <div class='ocr_carea' id='block_1_82' title="bbox 210 2445 993 2479">
    <p class='ocr_par' dir='ltr' id='par_1_82' title="bbox 210 2445 993 2479">
     <span class='ocr_line' id='line_1_82' title="bbox 210 2445 993 2479; baseline 0.003 -9"><span class='ocrx_word' id='word_1_636' title='bbox 210 2451 272 2471; x_wconf 88' lang='lat' dir='ltr'><strong>nem</strong></span> <span class='ocrx_word' id='word_1_637' title='bbox 289 2451 332 2471; x_wconf 91' lang='lat' dir='ltr'><strong>res</strong></span> <span class='ocrx_word' id='word_1_638' title='bbox 347 2449 446 2472; x_wconf 70' lang='lat' dir='ltr'><strong>creatae</strong></span> <span class='ocrx_word' id='word_1_639' title='bbox 462 2445 578 2472; x_wconf 88' lang='lat' dir='ltr'><strong>nondum</strong></span> <span class='ocrx_word' id='word_1_640' title='bbox 591 2446 714 2473; x_wconf 71' lang='lat' dir='ltr'><strong>adducta:</strong></span> <span class='ocrx_word' id='word_1_641' title='bbox 726 2451 799 2479; x_wconf 84' lang='lat' dir='ltr'><strong>sunt,</strong></span> <span class='ocrx_word' id='word_1_642' title='bbox 818 2446 920 2474; x_wconf 84' lang='lat' dir='ltr'><strong>idcirco</strong></span> <span class='ocrx_word' id='word_1_643' title='bbox 928 2453 993 2473; x_wconf 93' lang='lat' dir='ltr'><strong>non-</strong></span> 
     </span>
    </p>
   </div>
   <div class='ocr_carea' id='block_1_83' title="bbox 208 2490 993 2526">
    <p class='ocr_par' dir='ltr' id='par_1_83' title="bbox 208 2490 993 2526">
     <span class='ocr_line' id='line_1_83' title="bbox 208 2490 993 2526; baseline 0.004 -11"><span class='ocrx_word' id='word_1_644' title='bbox 208 2490 272 2516; x_wconf 86' lang='lat' dir='ltr'><strong>dum</strong></span> <span class='ocrx_word' id='word_1_645' title='bbox 288 2490 383 2517; x_wconf 87' lang='lat' dir='ltr'><strong>beatos</strong></span> <span class='ocrx_word' id='word_1_646' title='bbox 393 2490 500 2524; x_wconf 89' lang='lat' dir='ltr'><strong>plenam</strong></span> <span class='ocrx_word' id='word_1_647' title='bbox 513 2491 651 2526; x_wconf 83' lang='lat' dir='ltr'><strong>recepisse</strong></span> <span class='ocrx_word' id='word_1_648' title='bbox 674 2491 806 2524; x_wconf 74' lang='lat' dir='ltr'><strong>ltctitiam,</strong></span> <span class='ocrx_word' id='word_1_649' title='bbox 820 2499 869 2518; x_wconf 87' lang='lat' dir='ltr'><strong>nec</strong></span> <span class='ocrx_word' id='word_1_650' title='bbox 887 2499 993 2519; x_wconf 92' lang='lat' dir='ltr'><strong>summo</strong></span> 
     </span>
    </p>
   </div>
   <div class='ocr_carea' id='block_1_84' title="bbox 208 2535 991 2572">
    <p class='ocr_par' dir='ltr' id='par_1_84' title="bbox 208 2535 991 2572">
     <span class='ocr_line' id='line_1_84' title="bbox 208 2535 991 2572; baseline 0.005 -11"><span class='ocrx_word' id='word_1_651' title='bbox 208 2535 308 2569; x_wconf 72' lang='lat' dir='ltr'><strong>gaudio</strong></span> <span class='ocrx_word' id='word_1_652' title='bbox 324 2536 376 2562; x_wconf 94' lang='lat' dir='ltr'><strong>l&#39;rui</strong></span> <span class='ocrx_word' id='word_1_653' title='bbox 392 2535 546 2569; x_wconf 81' lang='lat' dir='ltr'><strong>aﬂirmavit,</strong></span> <span class='ocrx_word' id='word_1_654' title='bbox 561 2545 595 2564; x_wconf 91' lang='lat' dir='ltr'><strong>ne</strong></span> <span class='ocrx_word' id='word_1_655' title='bbox 616 2538 690 2572; x_wconf 83' lang='lat' dir='ltr'><strong>ipsos</strong></span> <span class='ocrx_word' id='word_1_656' title='bbox 703 2537 811 2571; x_wconf 88' lang='lat' dir='ltr'><strong>quidem</strong></span> <span class='ocrx_word' id='word_1_657' title='bbox 835 2538 991 2572; x_wconf 87' lang='lat' dir='ltr'><strong>prophetas,</strong></span> 
     </span>
    </p>
   </div>
   <div class='ocr_carea' id='block_1_85' title="bbox 208 2580 993 2618">
    <p class='ocr_par' dir='ltr' id='par_1_85' title="bbox 208 2580 993 2618">
     <span class='ocr_line' id='line_1_85' title="bbox 208 2580 993 2618; baseline 0.005 -11"><span class='ocrx_word' id='word_1_658' title='bbox 208 2580 251 2607; x_wconf 88' lang='lat' dir='ltr'><strong>vel</strong></span> <span class='ocrx_word' id='word_1_659' title='bbox 264 2582 402 2615; x_wconf 88' lang='lat' dir='ltr'><strong>apostolos</strong></span> <span class='ocrx_word' id='word_1_660' title='bbox 411 2602 420 2614; x_wconf 87' lang='lat'><strong>,</strong></span> <span class='ocrx_word' id='word_1_661' title='bbox 434 2582 488 2610; x_wconf 92' lang='lat' dir='ltr'><strong>imo</strong></span> <span class='ocrx_word' id='word_1_662' title='bbox 501 2591 534 2610; x_wconf 88' lang='lat' dir='ltr'><strong>ne</strong></span> <span class='ocrx_word' id='word_1_663' title='bbox 547 2583 635 2617; x_wconf 89' lang='lat' dir='ltr'><strong>ipsum</strong></span> <span class='ocrx_word' id='word_1_664' title='bbox 650 2584 759 2618; x_wconf 85' lang='lat' dir='ltr'><strong>quidem</strong></span> <span class='ocrx_word' id='word_1_665' title='bbox 772 2584 920 2611; x_wconf 85' lang='lat' dir='ltr'><strong>Christum.</strong></span> <span class='ocrx_word' id='word_1_666' title='bbox 931 2584 993 2611; x_wconf 82' lang='lat' dir='ltr'><strong>Ver-</strong></span> 
     </span>
    </p>
   </div>
   <div class='ocr_carea' id='block_1_86' title="bbox 208 2624 993 2662">
    <p class='ocr_par' dir='ltr' id='par_1_86' title="bbox 208 2624 993 2662">
     <span class='ocr_line' id='line_1_86' title="bbox 208 2624 993 2662; baseline 0.005 -10"><span class='ocrx_word' id='word_1_667' title='bbox 208 2624 242 2652; x_wconf 85' lang='lat' dir='ltr'><strong>ba</strong></span> <span class='ocrx_word' id='word_1_668' title='bbox 258 2626 343 2660; x_wconf 87' lang='lat' dir='ltr'><strong>ipsius</strong></span> <span class='ocrx_word' id='word_1_669' title='bbox 367 2628 423 2655; x_wconf 57' lang='lat' dir='ltr'><strong>haec</strong></span> <span class='ocrx_word' id='word_1_670' title='bbox 447 2633 510 2656; x_wconf 90' lang='lat' dir='ltr'><strong>sunt</strong></span> <span class='ocrx_word' id='word_1_671' title='bbox 535 2629 627 2657; x_wconf 85' lang='lat' dir='ltr'><strong>homil.</strong></span> <span class='ocrx_word' id='word_1_672' title='bbox 665 2629 689 2655; x_wconf 63' lang='lat'><strong>7,</strong></span> <span class='ocrx_word' id='word_1_673' title='bbox 714 2630 741 2656; x_wconf 83' lang='lat' dir='ltr'><strong>in</strong></span> <span class='ocrx_word' id='word_1_674' title='bbox 762 2629 857 2661; x_wconf 73' lang='lat' dir='ltr'><strong>Levil.,</strong></span> <span class='ocrx_word' id='word_1_675' title='bbox 875 2637 949 2657; x_wconf 91' lang='lat' dir='ltr'><strong>num.</strong></span> <span class='ocrx_word' id='word_1_676' title='bbox 964 2629 993 2662; x_wconf 70' lang='lat'><strong>2,</strong></span> 
     </span>
    </p>
   </div>
   <div class='ocr_carea' id='block_1_87' title="bbox 210 2670 992 2707">
    <p class='ocr_par' dir='ltr' id='par_1_87' title="bbox 210 2670 992 2707">
     <span class='ocr_line' id='line_1_87' title="bbox 210 2670 992 2707; baseline 0.009 -12"><span class='ocrx_word' id='word_1_677' title='bbox 210 2670 300 2704; x_wconf 66' lang='lat' dir='ltr'><strong>p.222</strong></span> <span class='ocrx_word' id='word_1_678' title='bbox 314 2679 322 2697; x_wconf 75' lang='grc' dir='ltr'>ε</span> <span class='ocrx_word' id='word_1_679' title='bbox 338 2681 347 2697; x_wconf 85' lang='grc'><strong>‹</strong></span> <span class='ocrx_word' id='word_1_680' title='bbox 370 2672 493 2701; x_wconf 85' lang='lat' dir='ltr'><strong>Nondum</strong></span> <span class='ocrx_word' id='word_1_681' title='bbox 507 2675 579 2702; x_wconf 89' lang='lat' dir='ltr'><strong>enim</strong></span> <span class='ocrx_word' id='word_1_682' title='bbox 594 2679 751 2707; x_wconf 89' lang='lat' dir='ltr'><strong>receperunt</strong></span> <span class='ocrx_word' id='word_1_683' title='bbox 767 2674 889 2702; x_wconf 70' lang='lat' dir='ltr'><strong>lmtitiam</strong></span> <span class='ocrx_word' id='word_1_684' title='bbox 904 2682 992 2706; x_wconf 87' lang='lat' dir='ltr'><strong>suam,</strong></span> 
     </span>
    </p>
   </div>
   <div class='ocr_carea' id='block_1_88' title="bbox 212 2716 993 2756">
    <p class='ocr_par' dir='ltr' id='par_1_88' title="bbox 212 2716 993 2756">
     <span class='ocr_line' id='line_1_88' title="bbox 212 2716 993 2756; baseline 0.01 -15"><span class='ocrx_word' id='word_1_685' title='bbox 212 2722 246 2742; x_wconf 85' lang='lat' dir='ltr'><strong>ne</strong></span> <span class='ocrx_word' id='word_1_686' title='bbox 262 2716 375 2749; x_wconf 88' lang='lat' dir='ltr'><strong>apostoli</strong></span> <span class='ocrx_word' id='word_1_687' title='bbox 399 2718 507 2752; x_wconf 83' lang='lat' dir='ltr'><strong>quidem</strong></span> <span class='ocrx_word' id='word_1_688' title='bbox 521 2740 529 2753; x_wconf 92' lang='lat'><strong>,</strong></span> <span class='ocrx_word' id='word_1_689' title='bbox 555 2720 602 2748; x_wconf 87' lang='lat' dir='ltr'><strong>sed</strong></span> <span class='ocrx_word' id='word_1_690' title='bbox 620 2725 648 2748; x_wconf 92' lang='lat' dir='ltr'><strong>et</strong></span> <span class='ocrx_word' id='word_1_691' title='bbox 663 2720 713 2755; x_wconf 91' lang='lat' dir='ltr'><strong>ipsi</strong></span> <span class='ocrx_word' id='word_1_692' title='bbox 736 2725 895 2756; x_wconf 87' lang='lat' dir='ltr'><strong>exspectant</strong></span> <span class='ocrx_word' id='word_1_693' title='bbox 921 2726 949 2748; x_wconf 89' lang='lat' dir='ltr'><strong>ut</strong></span> <span class='ocrx_word' id='word_1_694' title='bbox 966 2724 993 2748; x_wconf 85' lang='lat' dir='ltr'><strong>et</strong></span> 
     </span>
    </p>
   </div>
   <div class='ocr_carea' id='block_1_89' title="bbox 248 2806 834 2845">
    <p class='ocr_par' dir='ltr' id='par_1_89' title="bbox 248 2806 834 2845">
     <span class='ocr_line' id='line_1_89' title="bbox 248 2806 834 2845; baseline 0.009 -12"><span class='ocrx_word' id='word_1_695' title='bbox 248 2806 269 2820; x_wconf 72' lang='grc'><strong>³⁸</strong></span> <span class='ocrx_word' id='word_1_696' title='bbox 286 2806 368 2840; x_wconf 80' lang='lat' dir='ltr'><strong>Apoc.</strong></span> <span class='ocrx_word' id='word_1_697' title='bbox 381 2808 495 2842; x_wconf 79' lang='lat' dir='ltr'><strong>xtx,16.</strong></span> <span class='ocrx_word' id='word_1_698' title='bbox 535 2810 558 2826; x_wconf 78' lang='lat'>”</span> <span class='ocrx_word' id='word_1_699' title='bbox 575 2810 648 2838; x_wconf 89' lang='lat' dir='ltr'><strong>Deut.</strong></span> <span class='ocrx_word' id='word_1_700' title='bbox 665 2818 727 2838; x_wconf 84' lang='lat' dir='ltr'><strong>xxxl</strong></span> <span class='ocrx_word' id='word_1_701' title='bbox 744 2832 751 2845; x_wconf 95' lang='lat'><strong>,</strong></span> <span class='ocrx_word' id='word_1_702' title='bbox 768 2811 794 2844; x_wconf 81' lang='lat'><strong>8,</strong></span> <span class='ocrx_word' id='word_1_703' title='bbox 811 2813 834 2838; x_wconf 77' lang='lat' dir='ltr'><strong>il.</strong></span> 
     </span>
    </p>
   </div>
   <div class='ocr_carea' id='block_1_90' title="bbox 1040 1524 1819 1559">
    <p class='ocr_par' dir='ltr' id='par_1_90' title="bbox 1040 1524 1819 1559">
     <span class='ocr_line' id='line_1_90' title="bbox 1040 1524 1819 1559; baseline -0.001 -5"><span class='ocrx_word' id='word_1_704' title='bbox 1040 1531 1148 1554; x_wconf 85' lang='lat' dir='ltr'><strong>sanctos</strong></span> <span class='ocrx_word' id='word_1_705' title='bbox 1173 1525 1310 1553; x_wconf 83' lang='lat' dir='ltr'><strong>existimet</strong></span> <span class='ocrx_word' id='word_1_706' title='bbox 1335 1524 1452 1551; x_wconf 89' lang='lat' dir='ltr'><strong>nondum</strong></span> <span class='ocrx_word' id='word_1_707' title='bbox 1479 1525 1595 1559; x_wconf 90' lang='lat' dir='ltr'><strong>perfecta</strong></span> <span class='ocrx_word' id='word_1_708' title='bbox 1621 1524 1675 1551; x_wconf 89' lang='lat' dir='ltr'><strong>frui</strong></span> <span class='ocrx_word' id='word_1_709' title='bbox 1701 1525 1819 1553; x_wconf 65' lang='lat' dir='ltr'><strong>laetitia;</strong></span> 
     </span>
    </p>
   </div>
   <div class='ocr_carea' id='block_1_91' title="bbox 1042 1569 1822 1605">
    <p class='ocr_par' dir='ltr' id='par_1_91' title="bbox 1042 1569 1822 1605">
     <span class='ocr_line' id='line_1_91' title="bbox 1042 1569 1822 1605; baseline 0.001 -7"><span class='ocrx_word' id='word_1_710' title='bbox 1042 1582 1053 1598; x_wconf 75' lang='lat' dir='ltr'>l</span> <span class='ocrx_word' id='word_1_711' title='bbox 1070 1572 1128 1600; x_wconf 90' lang='lat' dir='ltr'><strong>Non</strong></span> <span class='ocrx_word' id='word_1_712' title='bbox 1143 1573 1213 1599; x_wconf 90' lang='lat' dir='ltr'><strong>enim</strong></span> <span class='ocrx_word' id='word_1_713' title='bbox 1230 1577 1272 1598; x_wconf 89' lang='lat' dir='ltr'><strong>est</strong></span> <span class='ocrx_word' id='word_1_714' title='bbox 1285 1570 1348 1604; x_wconf 86' lang='lat' dir='ltr'><strong>illis,</strong></span> <span class='ocrx_word' id='word_1_715' title='bbox 1365 1570 1403 1597; x_wconf 89' lang='lat' dir='ltr'><strong>ait</strong></span> <span class='ocrx_word' id='word_1_716' title='bbox 1418 1570 1484 1605; x_wconf 88' lang='lat' dir='ltr'><strong>ipse,</strong></span> <span class='ocrx_word' id='word_1_717' title='bbox 1499 1569 1621 1605; x_wconf 88' lang='lat' dir='ltr'><strong>perfecta</strong></span> <span class='ocrx_word' id='word_1_718' title='bbox 1637 1570 1750 1603; x_wconf 72' lang='lat' dir='ltr'><strong>lmtitia,</strong></span> <span class='ocrx_word' id='word_1_719' title='bbox 1775 1572 1822 1599; x_wconf 86' lang='lat' dir='ltr'><strong>do-</strong></span> 
     </span>
    </p>
   </div>
   <div class='ocr_carea' id='block_1_92' title="bbox 1041 1616 1821 1653">
    <p class='ocr_par' dir='ltr' id='par_1_92' title="bbox 1041 1616 1821 1653">
     <span class='ocr_line' id='line_1_92' title="bbox 1041 1616 1821 1653; baseline 0 -7"><span class='ocrx_word' id='word_1_720' title='bbox 1041 1627 1091 1646; x_wconf 89' lang='lat' dir='ltr'><strong>nec</strong></span> <span class='ocrx_word' id='word_1_721' title='bbox 1105 1626 1154 1653; x_wconf 91' lang='lat' dir='ltr'><strong>pro</strong></span> <span class='ocrx_word' id='word_1_722' title='bbox 1174 1617 1313 1646; x_wconf 88' lang='lat' dir='ltr'><strong>erroribus</strong></span> <span class='ocrx_word' id='word_1_723' title='bbox 1336 1616 1437 1645; x_wconf 85' lang='lat' dir='ltr'><strong>nostris</strong></span> <span class='ocrx_word' id='word_1_724' title='bbox 1457 1617 1548 1645; x_wconf 89' lang='lat' dir='ltr'><strong>dolent</strong></span> <span class='ocrx_word' id='word_1_725' title='bbox 1571 1622 1598 1646; x_wconf 88' lang='lat' dir='ltr'><strong>et</strong></span> <span class='ocrx_word' id='word_1_726' title='bbox 1621 1618 1717 1653; x_wconf 85' lang='lat' dir='ltr'><strong>lugent</strong></span> <span class='ocrx_word' id='word_1_727' title='bbox 1730 1623 1821 1647; x_wconf 89' lang='lat' dir='ltr'><strong>nostra</strong></span> 
     </span>
    </p>
   </div>
   <div class='ocr_carea' id='block_1_93' title="bbox 1040 1670 1183 1701">
    <p class='ocr_par' dir='ltr' id='par_1_93' title="bbox 1040 1670 1183 1701">
     <span class='ocr_line' id='line_1_93' title="bbox 1040 1670 1183 1701; baseline -0.014 -8"><span class='ocrx_word' id='word_1_728' title='bbox 1040 1670 1161 1701; x_wconf 90' lang='lat' dir='ltr'><strong>peccata.</strong></span> <span class='ocrx_word' id='word_1_729' title='bbox 1173 1675 1183 1691; x_wconf 74' lang='grc' dir='ltr'><strong><em>ι</em></strong></span> 
     </span>
    </p>
   </div>
   <div class='ocr_carea' id='block_1_94' title="bbox 1074 1710 1819 1746">
    <p class='ocr_par' dir='ltr' id='par_1_94' title="bbox 1074 1710 1819 1746">
     <span class='ocr_line' id='line_1_94' title="bbox 1074 1710 1819 1746; baseline -0.003 -7"><span class='ocrx_word' id='word_1_730' title='bbox 1074 1712 1142 1740; x_wconf 89' lang='lat' dir='ltr'><strong>Cum</strong></span> <span class='ocrx_word' id='word_1_731' title='bbox 1158 1713 1198 1738; x_wconf 88' lang='lat' dir='ltr'><strong>ait</strong></span> <span class='ocrx_word' id='word_1_732' title='bbox 1210 1716 1300 1739; x_wconf 88' lang='lat' dir='ltr'><strong>autem</strong></span> <span class='ocrx_word' id='word_1_733' title='bbox 1316 1711 1446 1746; x_wconf 75' lang='lat' dir='ltr'><strong>Origenes</strong></span> <span class='ocrx_word' id='word_1_734' title='bbox 1460 1717 1526 1739; x_wconf 87' lang='lat' dir='ltr'><strong>tom.</strong></span> <span class='ocrx_word' id='word_1_735' title='bbox 1549 1719 1567 1738; x_wconf 91' lang='lat' dir='ltr'><strong>x</strong></span> <span class='ocrx_word' id='word_1_736' title='bbox 1580 1711 1608 1738; x_wconf 84' lang='lat' dir='ltr'><strong>in</strong></span> <span class='ocrx_word' id='word_1_737' title='bbox 1620 1710 1732 1745; x_wconf 81' lang='lat' dir='ltr'><strong>Matth.,</strong></span> <span class='ocrx_word' id='word_1_738' title='bbox 1745 1718 1819 1738; x_wconf 89' lang='lat' dir='ltr'><strong>num.</strong></span> 
     </span>
    </p>
   </div>
   <div class='ocr_carea' id='block_1_95' title="bbox 1040 1758 1822 1793">
    <p class='ocr_par' dir='ltr' id='par_1_95' title="bbox 1040 1758 1822 1793">
     <span class='ocr_line' id='line_1_95' title="bbox 1040 1758 1822 1793; baseline -0.003 -7"><span class='ocrx_word' id='word_1_739' title='bbox 1040 1759 1058 1786; x_wconf 77' lang='lat'><strong>2</strong></span> <span class='ocrx_word' id='word_1_740' title='bbox 1068 1763 1096 1786; x_wconf 87' lang='lat' dir='ltr'><strong>et</strong></span> <span class='ocrx_word' id='word_1_741' title='bbox 1111 1758 1138 1790; x_wconf 82' lang='grc'><strong>5,</strong></span> <span class='ocrx_word' id='word_1_742' title='bbox 1152 1759 1267 1790; x_wconf 84' lang='lat' dir='ltr'><strong>animas,</strong></span> <span class='ocrx_word' id='word_1_743' title='bbox 1284 1765 1424 1793; x_wconf 83' lang='lat' dir='ltr'><strong>poSIquam</strong></span> <span class='ocrx_word' id='word_1_744' title='bbox 1438 1765 1486 1793; x_wconf 88' lang='lat' dir='ltr'><strong>pro</strong></span> <span class='ocrx_word' id='word_1_745' title='bbox 1501 1758 1622 1786; x_wconf 85' lang='lat' dir='ltr'><strong>sordium</strong></span> <span class='ocrx_word' id='word_1_746' title='bbox 1642 1762 1672 1785; x_wconf 89' lang='lat' dir='ltr'><strong>et</strong></span> <span class='ocrx_word' id='word_1_747' title='bbox 1696 1758 1822 1793; x_wconf 88' lang='lat' dir='ltr'><strong>inquina-</strong></span> 
     </span>
    </p>
   </div>
   <div class='ocr_carea' id='block_1_96' title="bbox 1041 1803 1822 1838">
    <p class='ocr_par' dir='ltr' id='par_1_96' title="bbox 1041 1803 1822 1838">
     <span class='ocr_line' id='line_1_96' title="bbox 1041 1803 1822 1838; baseline -0.001 -7"><span class='ocrx_word' id='word_1_748' title='bbox 1041 1805 1124 1832; x_wconf 86' lang='lat' dir='ltr'><strong>menti</strong></span> <span class='ocrx_word' id='word_1_749' title='bbox 1141 1805 1265 1838; x_wconf 85' lang='lat' dir='ltr'><strong>ratione,</strong></span> <span class='ocrx_word' id='word_1_750' title='bbox 1288 1804 1348 1838; x_wconf 88' lang='lat' dir='ltr'><strong>plus</strong></span> <span class='ocrx_word' id='word_1_751' title='bbox 1372 1804 1494 1831; x_wconf 78' lang='lat' dir='ltr'><strong>minusve</strong></span> <span class='ocrx_word' id='word_1_752' title='bbox 1516 1803 1614 1831; x_wconf 89' lang='lat' dir='ltr'><strong>fuerint</strong></span> <span class='ocrx_word' id='word_1_753' title='bbox 1641 1808 1822 1838; x_wconf 79' lang='lat' dir='ltr'><strong>expurgatze,</strong></span> 
     </span>
    </p>
   </div>
   <div class='ocr_carea' id='block_1_97' title="bbox 1040 1849 1823 1883">
    <p class='ocr_par' dir='ltr' id='par_1_97' title="bbox 1040 1849 1823 1883">
     <span class='ocr_line' id='line_1_97' title="bbox 1040 1849 1823 1883; baseline -0.003 -5"><span class='ocrx_word' id='word_1_754' title='bbox 1040 1851 1147 1878; x_wconf 80' lang='lat' dir='ltr'><strong>tandem</strong></span> <span class='ocrx_word' id='word_1_755' title='bbox 1165 1858 1245 1877; x_wconf 88' lang='lat' dir='ltr'><strong>unum</strong></span> <span class='ocrx_word' id='word_1_756' title='bbox 1259 1851 1349 1878; x_wconf 83' lang='lat' dir='ltr'><strong>solare</strong></span> <span class='ocrx_word' id='word_1_757' title='bbox 1362 1851 1449 1878; x_wconf 91' lang='lat' dir='ltr'><strong>lumen</strong></span> <span class='ocrx_word' id='word_1_758' title='bbox 1465 1850 1569 1877; x_wconf 90' lang='lat' dir='ltr'><strong>futuras</strong></span> <span class='ocrx_word' id='word_1_759' title='bbox 1581 1870 1589 1883; x_wconf 95' lang='lat'><strong>,</strong></span> <span class='ocrx_word' id='word_1_760' title='bbox 1602 1855 1630 1877; x_wconf 88' lang='lat' dir='ltr'><strong>et</strong></span> <span class='ocrx_word' id='word_1_761' title='bbox 1645 1849 1823 1877; x_wconf 88' lang='lat' dir='ltr'><strong>inferioribus</strong></span> 
     </span>
    </p>
   </div>
   <div class='ocr_carea' id='block_1_98' title="bbox 1042 1896 1822 1932">
    <p class='ocr_par' dir='ltr' id='par_1_98' title="bbox 1042 1896 1822 1932">
     <span class='ocr_line' id='line_1_98' title="bbox 1042 1896 1822 1932; baseline -0.003 -8"><span class='ocrx_word' id='word_1_762' title='bbox 1042 1897 1128 1924; x_wconf 88' lang='lat' dir='ltr'><strong>lucem</strong></span> <span class='ocrx_word' id='word_1_763' title='bbox 1153 1904 1228 1923; x_wconf 80' lang='lat' dir='ltr'><strong>sitam</strong></span> <span class='ocrx_word' id='word_1_764' title='bbox 1253 1897 1415 1932; x_wconf 69' lang='lat' dir='ltr'><strong>praebituras</strong></span> <span class='ocrx_word' id='word_1_765' title='bbox 1433 1905 1440 1924; x_wconf 88' lang='lat'><strong>:</strong></span> <span class='ocrx_word' id='word_1_766' title='bbox 1457 1897 1482 1923; x_wconf 89' lang='lat' dir='ltr'><strong>id</strong></span> <span class='ocrx_word' id='word_1_767' title='bbox 1497 1896 1549 1924; x_wconf 90' lang='lat' dir='ltr'><strong>sibi</strong></span> <span class='ocrx_word' id='word_1_768' title='bbox 1562 1896 1618 1923; x_wconf 92' lang='lat' dir='ltr'><strong>vult</strong></span> <span class='ocrx_word' id='word_1_769' title='bbox 1634 1915 1642 1928; x_wconf 88' lang='lat'><strong>,</strong></span> <span class='ocrx_word' id='word_1_770' title='bbox 1665 1903 1822 1930; x_wconf 86' lang='lat' dir='ltr'><strong>supremum</strong></span> 
     </span>
    </p>
   </div>
   <div class='ocr_carea' id='block_1_99' title="bbox 1041 1942 1823 1977">
    <p class='ocr_par' dir='ltr' id='par_1_99' title="bbox 1041 1942 1823 1977">
     <span class='ocr_line' id='line_1_99' title="bbox 1041 1942 1823 1977; baseline -0.001 -8"><span class='ocrx_word' id='word_1_771' title='bbox 1041 1943 1101 1970; x_wconf 87' lang='lat' dir='ltr'><strong>illas</strong></span> <span class='ocrx_word' id='word_1_772' title='bbox 1114 1942 1250 1970; x_wconf 86' lang='lat' dir='ltr'><strong>felicitatis</strong></span> <span class='ocrx_word' id='word_1_773' title='bbox 1270 1942 1373 1977; x_wconf 88' lang='lat' dir='ltr'><strong>apicem</strong></span> <span class='ocrx_word' id='word_1_774' title='bbox 1399 1947 1609 1975; x_wconf 75' lang='lat' dir='ltr'><strong>consecuturas,</strong></span> <span class='ocrx_word' id='word_1_775' title='bbox 1635 1949 1719 1976; x_wconf 89' lang='lat' dir='ltr'><strong>supra</strong></span> <span class='ocrx_word' id='word_1_776' title='bbox 1745 1949 1823 1976; x_wconf 87' lang='lat' dir='ltr'><strong>qem</strong></span> 
     </span>
    </p>
   </div>
   <div class='ocr_carea' id='block_1_100' title="bbox 1041 1987 1825 2022">
    <p class='ocr_par' dir='ltr' id='par_1_100' title="bbox 1041 1987 1825 2022">
     <span class='ocr_line' id='line_1_100' title="bbox 1041 1987 1825 2022; baseline -0.003 -7"><span class='ocrx_word' id='word_1_777' title='bbox 1041 1995 1184 2022; x_wconf 75' lang='lat' dir='ltr'><strong>assurgere</strong></span> <span class='ocrx_word' id='word_1_778' title='bbox 1197 1995 1250 2015; x_wconf 92' lang='lat' dir='ltr'><strong>non</strong></span> <span class='ocrx_word' id='word_1_779' title='bbox 1269 1987 1331 2014; x_wconf 89' lang='lat' dir='ltr'><strong>licet</strong></span> <span class='ocrx_word' id='word_1_780' title='bbox 1344 1996 1351 2014; x_wconf 94' lang='lat'>:</span> <span class='ocrx_word' id='word_1_781' title='bbox 1363 1995 1442 2022; x_wconf 90' lang='lat' dir='ltr'><strong>quem</strong></span> <span class='ocrx_word' id='word_1_782' title='bbox 1455 1987 1543 2014; x_wconf 89' lang='lat' dir='ltr'><strong>locum</strong></span> <span class='ocrx_word' id='word_1_783' title='bbox 1554 1994 1725 2022; x_wconf 76' lang='lat' dir='ltr'><strong>quaecunque</strong></span> <span class='ocrx_word' id='word_1_784' title='bbox 1738 1992 1825 2014; x_wconf 84' lang='lat' dir='ltr'><strong>tenue-</strong></span> 
     </span>
    </p>
   </div>
   <div class='ocr_carea' id='block_1_101' title="bbox 1043 2033 1823 2068">
    <p class='ocr_par' dir='ltr' id='par_1_101' title="bbox 1043 2033 1823 2068">
     <span class='ocr_line' id='line_1_101' title="bbox 1043 2033 1823 2068; baseline -0.004 -7"><span class='ocrx_word' id='word_1_785' title='bbox 1043 2035 1108 2066; x_wconf 91' lang='lat' dir='ltr'><strong>rint,</strong></span> <span class='ocrx_word' id='word_1_786' title='bbox 1124 2034 1220 2068; x_wconf 74' lang='lat' dir='ltr'><strong>aequali</strong></span> <span class='ocrx_word' id='word_1_787' title='bbox 1237 2033 1298 2061; x_wconf 89' lang='lat' dir='ltr'><strong>luce</strong></span> <span class='ocrx_word' id='word_1_788' title='bbox 1313 2033 1425 2068; x_wconf 80' lang='lat' dir='ltr'><strong>fulgere,</strong></span> <span class='ocrx_word' id='word_1_789' title='bbox 1437 2039 1464 2061; x_wconf 89' lang='lat' dir='ltr'><strong>et</strong></span> <span class='ocrx_word' id='word_1_790' title='bbox 1478 2034 1535 2068; x_wconf 91' lang='lat' dir='ltr'><strong>pari</strong></span> <span class='ocrx_word' id='word_1_791' title='bbox 1550 2033 1689 2060; x_wconf 86' lang='lat' dir='ltr'><strong>beatitatis</strong></span> <span class='ocrx_word' id='word_1_792' title='bbox 1699 2039 1823 2060; x_wconf 85' lang='lat' dir='ltr'><strong>mensura</strong></span> 
     </span>
    </p>
   </div>
   <div class='ocr_carea' id='block_1_102' title="bbox 1041 2079 1825 2114">
    <p class='ocr_par' dir='ltr' id='par_1_102' title="bbox 1041 2079 1825 2114">
     <span class='ocr_line' id='line_1_102' title="bbox 1041 2079 1825 2114; baseline 0 -8"><span class='ocrx_word' id='word_1_793' title='bbox 1041 2080 1093 2107; x_wconf 95' lang='lat' dir='ltr'><strong>frui</strong></span> <span class='ocrx_word' id='word_1_794' title='bbox 1108 2086 1219 2107; x_wconf 88' lang='lat' dir='ltr'><strong>necesse</strong></span> <span class='ocrx_word' id='word_1_795' title='bbox 1242 2084 1295 2106; x_wconf 86' lang='lat' dir='ltr'><strong>est.</strong></span> <span class='ocrx_word' id='word_1_796' title='bbox 1314 2079 1412 2107; x_wconf 85' lang='lat' dir='ltr'><strong>Verum</strong></span> <span class='ocrx_word' id='word_1_797' title='bbox 1438 2080 1573 2114; x_wconf 87' lang='lat' dir='ltr'><strong>aliquibus</strong></span> <span class='ocrx_word' id='word_1_798' title='bbox 1585 2087 1619 2106; x_wconf 91' lang='lat' dir='ltr'><strong>ex</strong></span> <span class='ocrx_word' id='word_1_799' title='bbox 1644 2079 1697 2106; x_wconf 83' lang='lat' dir='ltr'><strong>hoc</strong></span> <span class='ocrx_word' id='word_1_800' title='bbox 1712 2086 1825 2106; x_wconf 84' lang='lat' dir='ltr'><strong>numero</strong></span> 
     </span>
    </p>
   </div>
   <div class='ocr_carea' id='block_1_103' title="bbox 1042 2124 1825 2159">
    <p class='ocr_par' dir='ltr' id='par_1_103' title="bbox 1042 2124 1825 2159">
     <span class='ocr_line' id='line_1_103' title="bbox 1042 2124 1825 2159; baseline -0.003 -7"><span class='ocrx_word' id='word_1_801' title='bbox 1042 2132 1149 2159; x_wconf 87' lang='lat' dir='ltr'><strong>semper</strong></span> <span class='ocrx_word' id='word_1_802' title='bbox 1162 2124 1344 2152; x_wconf 88' lang='lat' dir='ltr'><strong>recidentibus</strong></span> <span class='ocrx_word' id='word_1_803' title='bbox 1358 2125 1391 2152; x_wconf 89' lang='lat' dir='ltr'><strong>ad</strong></span> <span class='ocrx_word' id='word_1_804' title='bbox 1406 2125 1518 2159; x_wconf 89' lang='lat' dir='ltr'><strong>pristina</strong></span> <span class='ocrx_word' id='word_1_805' title='bbox 1536 2124 1601 2151; x_wconf 89' lang='lat' dir='ltr'><strong>vitia</strong></span> <span class='ocrx_word' id='word_1_806' title='bbox 1616 2143 1624 2156; x_wconf 85' lang='lat'><strong>,</strong></span> <span class='ocrx_word' id='word_1_807' title='bbox 1641 2129 1669 2150; x_wconf 90' lang='lat' dir='ltr'><strong>et</strong></span> <span class='ocrx_word' id='word_1_808' title='bbox 1685 2131 1701 2151; x_wconf 85' lang='lat' dir='ltr'><strong>c</strong></span> <span class='ocrx_word' id='word_1_809' title='bbox 1720 2131 1825 2150; x_wconf 86' lang='lat' dir='ltr'><strong>summo</strong></span> 
     </span>
    </p>
   </div>
   <div class='ocr_carea' id='block_1_104' title="bbox 1044 2169 1824 2205">
    <p class='ocr_par' dir='ltr' id='par_1_104' title="bbox 1044 2169 1824 2205">
     <span class='ocr_line' id='line_1_104' title="bbox 1044 2169 1824 2205; baseline -0.001 -9"><span class='ocrx_word' id='word_1_810' title='bbox 1044 2170 1088 2197; x_wconf 91' lang='lat' dir='ltr'><strong>illo</strong></span> <span class='ocrx_word' id='word_1_811' title='bbox 1103 2171 1188 2205; x_wconf 78' lang='lat' dir='ltr'><strong>gradu</strong></span> <span class='ocrx_word' id='word_1_812' title='bbox 1212 2170 1365 2198; x_wconf 82' lang='lat' dir='ltr'><strong>labentibus</strong></span> <span class='ocrx_word' id='word_1_813' title='bbox 1377 2189 1385 2202; x_wconf 88' lang='lat'><strong>,</strong></span> <span class='ocrx_word' id='word_1_814' title='bbox 1399 2170 1528 2197; x_wconf 89' lang='lat' dir='ltr'><strong>obtusiori</strong></span> <span class='ocrx_word' id='word_1_815' title='bbox 1543 2169 1603 2196; x_wconf 89' lang='lat' dir='ltr'><strong>luce</strong></span> <span class='ocrx_word' id='word_1_816' title='bbox 1614 2189 1623 2202; x_wconf 89' lang='lat'><strong>,</strong></span> <span class='ocrx_word' id='word_1_817' title='bbox 1637 2174 1665 2196; x_wconf 89' lang='lat' dir='ltr'><strong>et</strong></span> <span class='ocrx_word' id='word_1_818' title='bbox 1679 2169 1772 2203; x_wconf 81' lang='lat' dir='ltr'><strong>priore</strong></span> <span class='ocrx_word' id='word_1_819' title='bbox 1796 2177 1824 2195; x_wconf 89' lang='lat' dir='ltr'><strong>ac</strong></span> 
     </span>
    </p>
   </div>
   <div class='ocr_carea' id='block_1_105' title="bbox 1044 2214 1844 2251">
    <p class='ocr_par' dir='ltr' id='par_1_105' title="bbox 1044 2214 1844 2251">
     <span class='ocr_line' id='line_1_105' title="bbox 1044 2214 1844 2251; baseline -0.006 -6"><span class='ocrx_word' id='word_1_820' title='bbox 1044 2217 1158 2245; x_wconf 92' lang='lat' dir='ltr'><strong>multum</strong></span> <span class='ocrx_word' id='word_1_821' title='bbox 1174 2216 1295 2244; x_wconf 85' lang='lat' dir='ltr'><strong>inferiori</strong></span> <span class='ocrx_word' id='word_1_822' title='bbox 1311 2216 1502 2251; x_wconf 87' lang='lat' dir='ltr'><strong>splendebunt.</strong></span> <span class='ocrx_word' id='word_1_823' title='bbox 1518 2215 1650 2243; x_wconf 89' lang='lat' dir='ltr'><strong>Similiter</strong></span> <span class='ocrx_word' id='word_1_824' title='bbox 1674 2214 1844 2249; x_wconf 61' lang='lat' dir='ltr'><strong>intelligent.-</strong></span> 
     </span>
    </p>
   </div>
   <div class='ocr_carea' id='block_1_106' title="bbox 1044 2260 1824 2296">
    <p class='ocr_par' dir='ltr' id='par_1_106' title="bbox 1044 2260 1824 2296">
     <span class='ocr_line' id='line_1_106' title="bbox 1044 2260 1824 2296; baseline -0.006 -6"><span class='ocrx_word' id='word_1_825' title='bbox 1044 2263 1095 2290; x_wconf 89' lang='lat' dir='ltr'><strong>dus</strong></span> <span class='ocrx_word' id='word_1_826' title='bbox 1111 2267 1173 2295; x_wconf 85' lang='lat' dir='ltr'><strong>est,</strong></span> <span class='ocrx_word' id='word_1_827' title='bbox 1189 2270 1250 2290; x_wconf 89' lang='lat' dir='ltr'><strong>cum</strong></span> <span class='ocrx_word' id='word_1_828' title='bbox 1276 2263 1313 2289; x_wconf 92' lang='lat' dir='ltr'><strong>ait</strong></span> <span class='ocrx_word' id='word_1_829' title='bbox 1331 2261 1451 2289; x_wconf 89' lang='lat' dir='ltr'><strong>futurum</strong></span> <span class='ocrx_word' id='word_1_830' title='bbox 1465 2261 1611 2296; x_wconf 88' lang='lat' dir='ltr'><strong>aliquando</strong></span> <span class='ocrx_word' id='word_1_831' title='bbox 1627 2260 1713 2287; x_wconf 89' lang='lat' dir='ltr'><strong>Deum</strong></span> <span class='ocrx_word' id='word_1_832' title='bbox 1736 2260 1824 2286; x_wconf 88' lang='lat' dir='ltr'><strong>omnia</strong></span> 
     </span>
    </p>
   </div>
   <div class='ocr_carea' id='block_1_107' title="bbox 1045 2306 1825 2342">
    <p class='ocr_par' dir='ltr' id='par_1_107' title="bbox 1045 2306 1825 2342">
     <span class='ocr_line' id='line_1_107' title="bbox 1045 2306 1825 2342; baseline -0.006 -6"><span class='ocrx_word' id='word_1_833' title='bbox 1045 2309 1071 2335; x_wconf 88' lang='lat' dir='ltr'><strong>in</strong></span> <span class='ocrx_word' id='word_1_834' title='bbox 1087 2309 1221 2341; x_wconf 89' lang='lat' dir='ltr'><strong>omnibus,</strong></span> <span class='ocrx_word' id='word_1_835' title='bbox 1230 2315 1345 2342; x_wconf 89' lang='lat' dir='ltr'><strong>cumque</strong></span> <span class='ocrx_word' id='word_1_836' title='bbox 1358 2315 1511 2342; x_wconf 87' lang='lat' dir='ltr'><strong>supremum</strong></span> <span class='ocrx_word' id='word_1_837' title='bbox 1523 2306 1598 2333; x_wconf 88' lang='lat' dir='ltr'><strong>illum</strong></span> <span class='ocrx_word' id='word_1_838' title='bbox 1614 2306 1694 2332; x_wconf 88' lang='lat' dir='ltr'><strong>finem</strong></span> <span class='ocrx_word' id='word_1_839' title='bbox 1704 2306 1740 2332; x_wconf 88' lang='lat' dir='ltr'><strong>ad</strong></span> <span class='ocrx_word' id='word_1_840' title='bbox 1749 2313 1825 2340; x_wconf 84' lang='lat' dir='ltr'><strong>quem</strong></span> 
     </span>
    </p>
   </div>
   <div class='ocr_carea' id='block_1_108' title="bbox 1044 2352 1825 2389">
    <p class='ocr_par' dir='ltr' id='par_1_108' title="bbox 1044 2352 1825 2389">
     <span class='ocr_line' id='line_1_108' title="bbox 1044 2352 1825 2389; baseline -0.005 -8"><span class='ocrx_word' id='word_1_841' title='bbox 1044 2355 1133 2381; x_wconf 90' lang='lat' dir='ltr'><strong>omnia</strong></span> <span class='ocrx_word' id='word_1_842' title='bbox 1149 2355 1326 2389; x_wconf 88' lang='lat' dir='ltr'><strong>pervenient,</strong></span> <span class='ocrx_word' id='word_1_843' title='bbox 1349 2360 1495 2388; x_wconf 88' lang='lat' dir='ltr'><strong>rerumque</strong></span> <span class='ocrx_word' id='word_1_844' title='bbox 1514 2353 1702 2380; x_wconf 85' lang='lat' dir='ltr'><strong>universarum</strong></span> <span class='ocrx_word' id='word_1_845' title='bbox 1720 2352 1825 2378; x_wconf 66' lang='lat' dir='ltr'><strong>dmu-</strong></span> 
     </span>
    </p>
   </div>
   <div class='ocr_carea' id='block_1_109' title="bbox 1045 2397 1875 2428">
    <p class='ocr_par' dir='ltr' id='par_1_109' title="bbox 1045 2397 1875 2428">
     <span class='ocr_line' id='line_1_109' title="bbox 1045 2397 1875 2428; baseline -0.007 0"><span class='ocrx_word' id='word_1_846' title='bbox 1045 2401 1176 2428; x_wconf 82' lang='grc' dir='ltr'><strong>τάατασιν.</strong></span> <span class='ocrx_word' id='word_1_847' title='bbox 1190 2404 1393 2428; x_wconf 86' lang='lat' dir='ltr'><strong>commemorat.</strong></span> <span class='ocrx_word' id='word_1_848' title='bbox 1414 2400 1448 2426; x_wconf 79' lang='lat' dir='ltr'><strong>At</strong></span> <span class='ocrx_word' id='word_1_849' title='bbox 1467 2406 1527 2426; x_wconf 90' lang='lat' dir='ltr'><strong>cum</strong></span> <span class='ocrx_word' id='word_1_850' title='bbox 1540 2403 1612 2425; x_wconf 82' lang='lat' dir='ltr'><strong>wmo</strong></span> <span class='ocrx_word' id='word_1_851' title='bbox 1626 2404 1661 2424; x_wconf 90' lang='lat' dir='ltr'><strong>xv</strong></span> <span class='ocrx_word' id='word_1_852' title='bbox 1675 2398 1704 2423; x_wconf 82' lang='lat' dir='ltr'><strong>in</strong></span> <span class='ocrx_word' id='word_1_853' title='bbox 1718 2397 1824 2428; x_wconf 60' lang='lat' dir='ltr'><strong>Matth,</strong></span> <span class='ocrx_word' id='word_1_854' title='bbox 1857 2409 1875 2419; x_wconf 79' lang='grc'><strong><em>--</em></strong></span> 
     </span>
    </p>
   </div>
   <div class='ocr_carea' id='block_1_110' title="bbox 1046 2443 1825 2480">
    <p class='ocr_par' dir='ltr' id='par_1_110' title="bbox 1046 2443 1825 2480">
     <span class='ocr_line' id='line_1_110' title="bbox 1046 2443 1825 2480; baseline -0.006 -7"><span class='ocrx_word' id='word_1_855' title='bbox 1046 2454 1120 2473; x_wconf 87' lang='lat' dir='ltr'><strong>num.</strong></span> <span class='ocrx_word' id='word_1_856' title='bbox 1135 2445 1180 2479; x_wconf 70' lang='lat'><strong>36,</strong></span> <span class='ocrx_word' id='word_1_857' title='bbox 1194 2453 1256 2480; x_wconf 80' lang='lat' dir='ltr'><strong>pag.</strong></span> <span class='ocrx_word' id='word_1_858' title='bbox 1270 2445 1333 2477; x_wconf 81' lang='lat'><strong>706,</strong></span> <span class='ocrx_word' id='word_1_859' title='bbox 1347 2444 1442 2472; x_wconf 87' lang='lat' dir='ltr'><strong>scribit</strong></span> <span class='ocrx_word' id='word_1_860' title='bbox 1466 2444 1494 2471; x_wconf 92' lang='lat' dir='ltr'><strong>in</strong></span> <span class='ocrx_word' id='word_1_861' title='bbox 1519 2443 1728 2470; x_wconf 88' lang='lat' dir='ltr'><strong>remunerandis</strong></span> <span class='ocrx_word' id='word_1_862' title='bbox 1742 2443 1825 2469; x_wconf 88' lang='lat' dir='ltr'><strong>homi-</strong></span> 
     </span>
    </p>
   </div>
   <div class='ocr_carea' id='block_1_111' title="bbox 1046 2487 1824 2524">
    <p class='ocr_par' dir='ltr' id='par_1_111' title="bbox 1046 2487 1824 2524">
     <span class='ocr_line' id='line_1_111' title="bbox 1046 2487 1824 2524; baseline -0.005 -7"><span class='ocrx_word' id='word_1_863' title='bbox 1046 2490 1136 2523; x_wconf 88' lang='lat' dir='ltr'><strong>nibus,</strong></span> <span class='ocrx_word' id='word_1_864' title='bbox 1150 2490 1297 2518; x_wconf 88' lang='lat' dir='ltr'><strong>voluntatis</strong></span> <span class='ocrx_word' id='word_1_865' title='bbox 1311 2491 1444 2517; x_wconf 74' lang='lat' dir='ltr'><strong>duntaxat</strong></span> <span class='ocrx_word' id='word_1_866' title='bbox 1463 2488 1584 2524; x_wconf 85' lang='lat' dir='ltr'><strong>ipsorum</strong></span> <span class='ocrx_word' id='word_1_867' title='bbox 1601 2495 1634 2514; x_wconf 84' lang='lat' dir='ltr'><strong>ac</strong></span> <span class='ocrx_word' id='word_1_868' title='bbox 1646 2487 1732 2514; x_wconf 86' lang='lat' dir='ltr'><strong>studii</strong></span> <span class='ocrx_word' id='word_1_869' title='bbox 1747 2487 1824 2514; x_wconf 84' lang='lat' dir='ltr'><strong>ratio-</strong></span> 
     </span>
    </p>
   </div>
   <div class='ocr_carea' id='block_1_112' title="bbox 1045 2535 1824 2571">
    <p class='ocr_par' dir='ltr' id='par_1_112' title="bbox 1045 2535 1824 2571">
     <span class='ocr_line' id='line_1_112' title="bbox 1045 2535 1824 2571; baseline -0.005 -7"><span class='ocrx_word' id='word_1_870' title='bbox 1045 2544 1106 2565; x_wconf 87' lang='lat' dir='ltr'><strong>nem</strong></span> <span class='ocrx_word' id='word_1_871' title='bbox 1122 2537 1224 2565; x_wconf 85' lang='lat' dir='ltr'><strong>habere</strong></span> <span class='ocrx_word' id='word_1_872' title='bbox 1239 2537 1322 2564; x_wconf 90' lang='lat' dir='ltr'><strong>Deum</strong></span> <span class='ocrx_word' id='word_1_873' title='bbox 1336 2557 1344 2571; x_wconf 89' lang='lat'><strong>,</strong></span> <span class='ocrx_word' id='word_1_874' title='bbox 1363 2544 1416 2564; x_wconf 92' lang='lat' dir='ltr'><strong>non</strong></span> <span class='ocrx_word' id='word_1_875' title='bbox 1435 2536 1566 2570; x_wconf 85' lang='lat' dir='ltr'><strong>temporis</strong></span> <span class='ocrx_word' id='word_1_876' title='bbox 1580 2535 1651 2570; x_wconf 89' lang='lat' dir='ltr'><strong>quod</strong></span> <span class='ocrx_word' id='word_1_877' title='bbox 1667 2535 1824 2562; x_wconf 75' lang='lat' dir='ltr'><strong>exercendis</strong></span> 
     </span>
    </p>
   </div>
   <div class='ocr_carea' id='block_1_113' title="bbox 1046 2580 1824 2618">
    <p class='ocr_par' dir='ltr' id='par_1_113' title="bbox 1046 2580 1824 2618">
     <span class='ocr_line' id='line_1_113' title="bbox 1046 2580 1824 2618; baseline -0.003 -10"><span class='ocrx_word' id='word_1_878' title='bbox 1046 2583 1191 2610; x_wconf 91' lang='lat' dir='ltr'><strong>virtutibus</strong></span> <span class='ocrx_word' id='word_1_879' title='bbox 1199 2583 1397 2618; x_wconf 84' lang='lat' dir='ltr'><strong>impenderunt,</strong></span> <span class='ocrx_word' id='word_1_880' title='bbox 1406 2590 1437 2609; x_wconf 89' lang='lat' dir='ltr'><strong>ac</strong></span> <span class='ocrx_word' id='word_1_881' title='bbox 1444 2581 1543 2609; x_wconf 87' lang='lat' dir='ltr'><strong>idcirco</strong></span> <span class='ocrx_word' id='word_1_882' title='bbox 1550 2581 1701 2616; x_wconf 76' lang='lat' dir='ltr'><strong>teqnalibus</strong></span> <span class='ocrx_word' id='word_1_883' title='bbox 1709 2580 1824 2615; x_wconf 75' lang='lat' dir='ltr'><strong>przemiis</strong></span> 
     </span>
    </p>
   </div>
   <div class='ocr_carea' id='block_1_114' title="bbox 1046 2625 1822 2663">
    <p class='ocr_par' dir='ltr' id='par_1_114' title="bbox 1046 2625 1822 2663">
     <span class='ocr_line' id='line_1_114' title="bbox 1046 2625 1822 2663; baseline -0.004 -8"><span class='ocrx_word' id='word_1_884' title='bbox 1046 2628 1183 2655; x_wconf 86' lang='lat' dir='ltr'><strong>donandus</strong></span> <span class='ocrx_word' id='word_1_885' title='bbox 1201 2628 1358 2663; x_wconf 87' lang='lat' dir='ltr'><strong>quicunque</strong></span> <span class='ocrx_word' id='word_1_886' title='bbox 1381 2635 1432 2662; x_wconf 88' lang='lat' dir='ltr'><strong>pro</strong></span> <span class='ocrx_word' id='word_1_887' title='bbox 1454 2627 1524 2655; x_wconf 90' lang='lat' dir='ltr'><strong>virili</strong></span> <span class='ocrx_word' id='word_1_888' title='bbox 1540 2627 1721 2658; x_wconf 88' lang='lat' dir='ltr'><strong>laborarunt,</strong></span> <span class='ocrx_word' id='word_1_889' title='bbox 1749 2626 1775 2652; x_wconf 90' lang='lat' dir='ltr'><strong>id</strong></span> <span class='ocrx_word' id='word_1_890' title='bbox 1790 2625 1822 2652; x_wconf 86' lang='lat' dir='ltr'><strong>ita</strong></span> 
     </span>
    </p>
   </div>
   <div class='ocr_carea' id='block_1_115' title="bbox 1046 2673 1822 2709">
    <p class='ocr_par' dir='ltr' id='par_1_115' title="bbox 1046 2673 1822 2709">
     <span class='ocr_line' id='line_1_115' title="bbox 1046 2673 1822 2709; baseline -0.004 -7"><span class='ocrx_word' id='word_1_891' title='bbox 1046 2682 1077 2702; x_wconf 90' lang='lat' dir='ltr'><strong>ex</strong></span> <span class='ocrx_word' id='word_1_892' title='bbox 1092 2675 1276 2709; x_wconf 86' lang='lat' dir='ltr'><strong>superioribus</strong></span> <span class='ocrx_word' id='word_1_893' title='bbox 1289 2674 1478 2709; x_wconf 84' lang='lat' dir='ltr'><strong>explicandum</strong></span> <span class='ocrx_word' id='word_1_894' title='bbox 1494 2679 1536 2701; x_wconf 86' lang='lat' dir='ltr'><strong>est</strong></span> <span class='ocrx_word' id='word_1_895' title='bbox 1550 2693 1557 2706; x_wconf 87' lang='lat'><strong>,</strong></span> <span class='ocrx_word' id='word_1_896' title='bbox 1574 2673 1699 2701; x_wconf 86' lang='lat' dir='ltr'><strong>eamdem</strong></span> <span class='ocrx_word' id='word_1_897' title='bbox 1723 2673 1758 2700; x_wconf 87' lang='lat' dir='ltr'><strong>iis</strong></span> <span class='ocrx_word' id='word_1_898' title='bbox 1777 2673 1822 2699; x_wconf 87' lang='lat' dir='ltr'><strong>tri-</strong></span> 
     </span>
    </p>
   </div>
   <div class='ocr_carea' id='block_1_116' title="bbox 1047 2718 1821 2755">
    <p class='ocr_par' dir='ltr' id='par_1_116' title="bbox 1047 2718 1821 2755">
     <span class='ocr_line' id='line_1_116' title="bbox 1047 2718 1821 2755; baseline -0.005 -7"><span class='ocrx_word' id='word_1_899' title='bbox 1047 2720 1181 2748; x_wconf 88' lang='lat' dir='ltr'><strong>buendam</strong></span> <span class='ocrx_word' id='word_1_900' title='bbox 1192 2727 1252 2750; x_wconf 79' lang='lat' dir='ltr'><strong>esse</strong></span> <span class='ocrx_word' id='word_1_901' title='bbox 1268 2720 1432 2755; x_wconf 86' lang='lat' dir='ltr'><strong>mercedem,</strong></span> <span class='ocrx_word' id='word_1_902' title='bbox 1444 2720 1557 2748; x_wconf 88' lang='lat' dir='ltr'><strong>salutem</strong></span> <span class='ocrx_word' id='word_1_903' title='bbox 1572 2718 1701 2746; x_wconf 86' lang='lat' dir='ltr'><strong>nimirum</strong></span> <span class='ocrx_word' id='word_1_904' title='bbox 1716 2738 1726 2752; x_wconf 84' lang='lat'><strong>,</strong></span> <span class='ocrx_word' id='word_1_905' title='bbox 1737 2722 1765 2745; x_wconf 87' lang='lat' dir='ltr'><strong>at</strong></span> <span class='ocrx_word' id='word_1_906' title='bbox 1776 2724 1821 2745; x_wconf 90' lang='lat' dir='ltr'><strong>nou</strong></span> 
     </span>
    </p>
   </div>
  </div>
