1912 3079
63 119 133 147 ttti'l

486 118 770 147 OlthENIANOBUM
792 120 854 147 LIB.
877 120 909 152 II,
929 120 1006 150 CAP.
1028 122 1060 154 II,
1075 123 1212 156 QUAEST.
1234 115 1285 151 ΧΙ.Δ

1615 132 1682 161 1018

62 178 188 207 eamdem
203 176 324 205 adhiberi
340 177 537 211 purgationem,
548 177 570 204 si
587 177 632 204 diu
645 177 681 204 illi
698 178 724 204 in
741 178 848 209 virtute.
864 181 888 208 Α
903 186 947 206 mo
965 179 1025 206 loco
1043 181 1205 214 moriuntur,
1224 182 1344 217 ablegari
1369 184 1394 211 in
1414 185 1622 221 ﬁrmamentum,
1640 192 1682 218 νιιι

64 231 163 258 parum
180 223 223 249 isti
240 223 417 255 desudat-unt,
433 221 565 249 similibus
580 222 642 250 licet
657 223 683 249 in
698 222 781 250 Deum
792 227 848 250 stu-

62 271 118 298 diis
134 270 198 297 elati
212 270 293 296 vitam
317 268 484 302 clauserint;
511 270 559 296 sed
580 269 696 296 diversis
719 275 848 304 utrosque

61 317 219 351 disciplinis
231 335 238 348 ,
257 319 285 343 et
298 314 532 342 entendationibus
552 316 689 350 reparari,
703 320 847 350 antequam

61 363 89 390 in
105 370 234 397 supretno
249 361 389 389 beatitatis
415 361 534 388 culmine
554 361 731 388 collocentur.
756 361 848 396 Itaque

60 410 175 444 subjicit
191 410 321 444 Origenes
347 416 423 435 nunt.
448 408 492 439 57,
510 416 571 444 pag.
595 408 665 436 707:
697 408 848 444 Ἐχέτωσαν

61 456 114 491 μὲν
122 456 178 491 γὰρ
194 455 236 482 διὰ
250 455 298 491 τὴν
314 455 456 490 μετάνθιαν
472 455 519 481 καὶ
541 454 571 481 τὸ
592 454 847 489 καταλαμϐάνεσθαι

59 504 90 529 ὲν
105 502 325 538 ἐπεστραμμένῳ
340 501 389 537 βίῳ
406 501 545 536 κρείττονα.
571 500 624 527 τῶν
639 500 846 535 καταλαμϐανο-

60 548 154 583 μένων
168 548 197 574 ὲν
209 549 268 579 ταῖς
289 547 445 583 ἁμαρτίαις,
458 547 488 573 οὺ
504 546 556 582 μὴν
573 546 624 581 χρὴ
649 546 847 581 ὑπολαμϐάνειν

59 593 128 627 περὶ
144 593 234 619 αὐτῶν
247 593 287 619 ὃτι
303 592 389 628 ὅμοιοί
406 592 459 618 εἰσι
470 593 526 623 τοῖς
538 592 611 626 mpii
627 591 704 617 τοῦτο
723 593 846 627 ἡμαρτη-

57 640 138 666 κόσιν
154 640 184 666 ἐν
199 640 232 674 τῇ
244 639 358 674 νεότητι,
374 639 448 674 παρὰ
460 639 489 665 τὸ
502 638 568 674 μηδὲ
582 638 631 673 τὴν
644 638 730 674 ἀρχὴν
750 637 784 664 τὰ
798 638 847 674 τῆς

59 687 184 718 πίστεως
209 685 405 721 μεμαθηκέναι.
435 685 582 712 Plurimum
608 692 671 719 ergo
694 685 751 712 haec
777 684 846 712 inter

59 731 192 766 Origenis
220 731 313 758 deliria
339 738 371 758 ac
401 730 535 758 Joviuiani
563 731 687 758 haeresim
720 731 844 764 interest,

57 778 107 812 qui
135 777 250 804 virtutes
267 784 299 803 ac
314 781 425 811 peccata
437 783 498 804 esse
513 776 627 811 aequalia
642 796 651 809 ,
672 783 702 804 ac
715 777 844 811 aequalem

57 823 177 858 proinde
201 822 351 852 mercedem
378 827 406 850 et
424 829 532 858 poenam
557 823 614 850 fore
642 822 844 854 arbitrabatur,

57 869 170 897 Stoicos
185 873 295 896 secutus
313 868 358 904 qui
373 877 382 894 ι
402 868 435 895 de
449 868 585 903 parilitate
597 873 782 902 peccatorum,
797 878 807 895 ι
817 874 846 896 ιιι

57 913 99 938 ait
115 912 284 946 Augustinus
303 912 384 947 epist.
408 912 442 939 29
457 932 464 945 ,
493 912 528 940 ad
552 912 730 947 Ilieronym.,
760 922 769 939 ι
796 915 844 941 soli

58 958 121 985 ausi
139 963 204 985 sunt
220 958 360 993 disputare
372 963 468 986 contra
481 965 590 986 omnem
613 966 722 987 sensum
737 961 845 994 generis

56 1003 185 1030 humani.
203 1012 213 1029 ι

95 1049 143 1076 XI.
162 1048 287 1076 Emensis
302 1048 355 1076 illis
372 1056 404 1076 ac
421 1049 571 1084 peragratis
586 1050 692 1085 spatiis,
710 1059 769 1086 qum
783 1052 843 1079 ani-

56 1103 121 1123 mas
137 1095 268 1130 purgandi
283 1102 365 1123 causa
377 1095 522 1124 decurrere
538 1096 616 1124 tinxit
631 1095 772 1131 Origenes,
791 1106 845 1132 quo

54 1148 107 1168 eas
127 1142 279 1170 subsistere
298 1142 359 1170 loco
372 1151 403 1170 ac
418 1143 612 1178 conquiescere
634 1148 711 1171 ratus
727 1144 773 1176 sit,
801 1144 844 1171 vi-

55 1188 179 1215 dendum
194 1192 244 1215 est.
263 1187 366 1216 Novum
381 1189 488 1224 quidem
504 1189 614 1221 omium,
630 1196 662 1217 ac
676 1192 777 1216 terram
794 1197 844 1217 no-

57 1241 123 1260 vam
150 1233 273 1260 felicitati
297 1239 324 1261 et
349 1234 432 1268 quieti
452 1238 514 1268 post
538 1233 610 1261 hanc
633 1234 715 1261 vitam
733 1233 844 1269 deputat

55 1279 107 1306 lib.
131 1287 139 1306 ι
162 1279 231 1314 Περὶ
251 1279 362 1315 ἀρχῶν,
382 1287 442 1315 cap.
460 1279 488 1313 6,
510 1287 586 1307 num.
603 1279 630 1313 2,
647 1285 757 1315 propter
777 1280 844 1308 illud

56 1326 136 1353 Isaia:
153 1333 217 1359 va,
236 1326 286 1353 t7:
313 1335 324 1352 ί
343 1325 411 1354 Ecce
428 1326 499 1353 enim
528 1333 578 1361 ego
600 1333 663 1354 creo
686 1326 770 1354 cmlos
795 1334 844 1353 no-

54 1378 106 1398 \‘0€
133 1375 161 1398 et
186 1375 285 1398 terram
317 1379 432 1405 novam;
449 1375 477 1399 et
497 1379 550 1398 non
567 1375 647 1399 erunt
670 1372 696 1399 in
712 1371 842 1399 memoria

54 1416 164 1451 priora,
186 1421 214 1443 et
235 1424 289 1443 non
308 1417 457 1444 ascendent
485 1424 567 1451 super
594 1424 658 1450 cor;
676 1426 686 1442 ι
710 1416 782 1451 quod
800 1424 843 1443 re-

54 1467 239 1497 praesentetur
261 1461 282 1488 ll
307 1462 382 1490 Petr.
406 1460 451 1491 ιιιί
474 1463 524 1495 13,
552 1467 580 1489 et
605 1462 716 1497 Apocal.
734 1470 790 1495 ut,
816 1462 841 1491 I.

861 848 882 875 Β

900 225 927 252 ἰιι
947 229 1056 258 terram.
1081 230 1108 253 et
1127 228 1201 254 varia
1223 228 1260 255 ibi
1284 228 1342 256 loca
1363 231 1500 258 nancisci:
1524 240 1556 260 ac
1574 242 1681 263 rursntn

900 270 1128 304 quemadmodum
1152 271 1299 306 migrantes
1317 281 1348 299 ex
1367 273 1462 301 inferis
1478 276 1585 310 animae,
1604 283 1632 304 et
1649 279 1683 305 ob

899 320 972 344 recte
989 321 1063 351 gesta
1084 317 1110 343 in
1128 322 1226 344 terrain
1252 325 1416 352 remeantes,
1439 321 1513 348 nasci
1538 322 1680 358 dicuntur;

898 361 936 389 ita
957 363 1047 390 varios
1062 363 1212 390 animartttn
1234 369 1309 391 ortus
1332 365 1358 392 in
1382 365 1561 400 firmamento,
1583 373 1611 395 et
1633 377 1681 397 su-

898 415 991 441 pretno
1008 408 1069 435 item
1087 409 1161 436 ccelo
1176 410 1341 445 contingere.
1363 410 1448 438 Verba
1470 412 1527 447 ipsa
1546 412 1679 450 Origenis,

897 453 996 487 quibus
1017 454 1075 481 haec
1094 455 1250 482 continetur
1269 456 1403 489 doctrina,
1422 457 1531 486 adducit
1550 459 1679 497 Hierony-

897 504 958 524 mus
975 496 1063 533 capite
1085 498 1103 525 2
1118 503 1145 526 et
1169 499 1187 526 4
1202 500 1282 534 epist.
1305 500 1338 528 59
1350 521 1358 533 ,
1373 501 1406 528 ad
1422 502 1511 535 Avit.,
1531 511 1547 531 e
1565 504 1633 533 libro
1655 515 1680 533 tv

898 545 968 577 Περὶ
983 543 1093 578 ἀρχῶν,
1112 553 1187 572 num.
1212 545 1258 572 25.
1279 545 1362 581 IIujus
1377 551 1450 574 certe
1469 547 1529 575 libri
1553 557 1628 579 num.
1645 551 1682 579 2‘2

899 589 980 616 tradit
996 589 1126 625 Origenes
1137 590 1342 627 .Ierosolymam,
1358 593 1404 620 sed
1419 597 1446 621 et
1465 594 1581 630 reliquas
1597 597 1678 624 etiattt

898 639 976 662 terrae
1005 636 1146 669 regiones,
1176 636 1244 664 alias
1276 638 1326 665 sibi
1349 639 1522 673 cognomines
1548 640 1575 667 in
1604 641 1681 670 caelis

898 680 1007 713 habere.
1031 681 1121 716 ibique
1145 681 1301 717 Egypttun,
1321 682 1506 718 Babyloniam,
1531 684 1630 721 Tyrum
1653 691 1682 714 et

899 727 1026 755 Sidonem
1047 728 1182 762 reperiri;
1206 729 1343 764 multaque
1364 730 1397 757 de
1422 730 1487 757 locis
1512 731 1564 759 illis
1587 731 1681 761 vatici-

899 776 980 800 natos
994 780 1053 801 esse
1067 774 1226 808 prophetas,
1247 783 1307 810 qua:
1327 776 1348 802 si
1366 776 1428 810 quis
1447 777 1479 803 ad
1500 781 1606 805 terrena
1621 778 1679 805 loca

898 819 1008 852 referat,
1033 819 1113 847 valde
1133 828 1193 846 etttn
1212 820 1381 848 hallucinari.
1400 821 1516 850 Plurima
1533 824 1569 852 ibi
1593 825 1619 852 in
1635 832 1681 852 sa-

897 863 954 891 cris
969 864 1151 892 voluminibus
1167 871 1316 893 memorata
1339 873 1471 900 recettset,
1497 876 1558 904 quae
1577 870 1679 906 allego—

899 909 955 936 rice
970 909 1185 944 interpretanda,
1210 918 1237 939 et
1253 912 1284 939 ad
1301 913 1422 940 cmlestia
1435 913 1618 949 detorquenda
1638 924 1680 943 ar-

898 954 1026 983 bitratur.
1042 956 1158 983 Iiotnilia
1174 957 1208 985 '28
1224 958 1251 984 in
1271 957 1367 991 Nam,
1384 966 1458 986 num.
1474 959 1504 991 2,
1517 960 1637 988 Iudaeam
1653 962 1678 988 in

898 1001 968 1029 cmlo
991 1002 1048 1029 suis
1063 1003 1216 1030 distinctam
1234 1004 1382 1035 montibus,
1407 1005 1463 1032 suis
1483 1005 1638 1033 civitatibus
1651 1011 1679 1033 et

897 1047 977 1080 vicis,
996 1048 1053 1075 suis
1064 1048 1146 1076 etiam
1164 1049 1286 1077 tribubus
1302 1050 1405 1082 statuit,
1430 1050 1458 1077 in
1478 1058 1564 1085 caque
1586 1052 1677 1079 sedem

897 1095 1048 1129 positurum
1068 1096 1195 1130 populum
1216 1096 1274 1130 Dei,
1297 1101 1325 1124 et
1339 1105 1432 1125 verum
1449 1097 1588 1131 Israelem,
1613 1098 1675 1127 Jesu

896 1140 976 1174 duce,
991 1140 1066 1174 cujus
1078 1142 1220 1176 imaginem
1233 1143 1318 1177 gessit
1329 1143 1408 1171 .Iesus
1421 1144 1489 1171 alter
1503 1145 1572 1172 lilius
1587 1145 1676 1178 Nave;

897 1193 1121 1221 unumquemque
1137 1192 1225 1215 autem
1252 1189 1278 1214 in
1301 1188 1371 1216 hanc
1396 1189 1503 1217 illamve
1523 1191 1621 1218 tribum
1643 1191 1678 1219 iri

899 1231 1052 1267 ablegatum
1067 1240 1115 1267 pro
1138 1233 1242 1261 meritis
1257 1241 1289 1261 ac
1313 1234 1477 1268 virtutibus;
1497 1244 1505 1261 t
1525 1243 1613 1270 neque
1632 1245 1677 1264 so-

896 1277 951 1304 lutn
967 1285 1016 1313 pro
1030 1278 1134 1306 meritis
1153 1286 1246 1306 eorum
1270 1280 1315 1314 qui
1332 1280 1532 1314 dtspensantur,
1556 1291 1567 1307 ι
1590 1283 1678 1317 inquit

895 1331 970 1350 num.
984 1323 1012 1357 4,
1023 1333 1033 1349 ι
1046 1325 1092 1351 sed
1108 1329 1134 1352 et
1144 1333 1193 1360 pro
1207 1325 1347 1353 novissimi
1360 1327 1455 1358 Adam,
1471 1327 1500 1354 in
1515 1335 1569 1362 quo
1583 1335 1677 1356 omnes

896 1369 1051 1397 vivificandi
1069 1370 1206 1403 tlicuntur,
1220 1371 1456 1406 contemplatione.
1476 1382 1486 1399 ι
1503 1372 1603 1400 Ibidem
1624 1374 1679 1401 col-

895 1415 965 1443 locat
982 1416 1142 1449 Jerusalem,
1159 1423 1187 1445 et
1201 1422 1320 1446 montem
1338 1419 1414 1451 Sion,
1427 1419 1504 1453 juxta
1519 1419 1675 1454 Apostolum

894 1462 954 1490 Gal.
973 1471 1010 1496 tv,
1025 1463 1071 1497 ‘26,
1088 1468 1115 1491 et
1133 1463 1214 1491 Hebr.
1237 1471 1286 1496 ut,
1302 1463 1347 1496 ‘22,
1371 1470 1398 1492 et
1419 1463 1549 1491 Joannem
1564 1465 1676 1499 Apocal.

53 1511 176 1545 Propter
191 1509 257 1537 illud
281 1515 370 1537 autem
386 1510 461 1537 Pauli
479 1510 488 1537 l
509 1510 573 1537 Cor.
595 1518 630 1538 vtt
642 1531 649 1542 ,
665 1510 710 1543 51,
729 1519 739 1536 ι
767 1510 839 1538 Pm-
855 1515 877 1544 α
894 1517 936 1542 ιιι,
951 1509 994 1542 12,
1009 1514 1037 1537 et
1052 1517 1108 1542 xxt,
1123 1510 1150 1542 2,
1167 1515 1194 1537 et
1216 1510 1342 1545 templum
1364 1510 1426 1543 Dei;
1449 1510 1560 1545 diesque
1579 1510 1675 1538 ibidem

52 1556 123 1583 terit
141 1556 212 1583 enim
231 1555 315 1589 ﬁgura
339 1556 418 1590 hujus
441 1556 547 1588 mundi,
567 1565 578 1582 ι
594 1561 622 1583 et
647 1556 717 1583 istud
733 1556 842 1584 Davidis

53 1601 155 1636 psalm.
171 1609 209 1634 ct,
222 1601 267 1633 27,
288 1610 298 1627 ‹
315 1601 382 1629 Caeli
404 1601 546 1636 peribunt,
571 1606 599 1628 tu
621 1608 711 1629 autem
734 1610 842 1637 perma-

53 1656 118 1680 nes,
136 1652 163 1675 et
177 1655 273 1675 omnes
287 1649 358 1675 sicut
374 1648 564 1675 vestimentum
582 1652 767 1682 veterascent;
787 1659 796 1674 ι
814 1653 842 1677 et

54 1695 111 1724 hoc
129 1694 245 1722 fortasse
259 1694 333 1722 Isaiae
351 1701 387 1726 ι.ι⁷
403 1693 430 1726 6,
452 1702 462 1718 ι
476 1693 545 1721 (Σωιὶ
559 1694 628 1721 sicut
646 1694 735 1722 fumus
752 1694 839 1729 lique-

52 1744 150 1772 scent,
171 1745 198 1767 et
212 1744 285 1767 terra
308 1740 379 1767 sicut
398 1740 590 1767 vestimentum
605 1745 748 1772 atteretur,
767 1750 776 1767 I
796 1748 840 1768 ea-

53 1792 137 1814 tenus
162 1793 261 1813 novunt
279 1786 376 1813 caelum
397 1790 424 1813 et
443 1793 540 1813 novam
557 1790 654 1813 terram
670 1792 790 1814 creatum
807 1787 840 1815 iri

51 1833 147 1865 docet,
163 1837 297 1867 quatenus
313 1833 340 1859 in
357 1831 409 1859 line
425 1839 515 1860 rerum
531 1832 686 1860 destruetur
701 1834 751 1860 iste
764 1841 840 1860 mutt-

51 1881 117 1911 dus,
135 1884 164 1906 et
188 1879 329 1906 in/novam
351 1883 460 1911 terram,
476 1886 507 1906 ac
527 1887 625 1909 novum
640 1879 739 1906 caelum
760 1887 839 1914 repa-

52 1926 183 1953 rabitur:
203 1934 212 1950 ι
230 1924 381 1958 lnnovatio,
397 1936 406 1951 ι
424 1925 512 1959 inquit
530 1925 606 1956 ibid.,
622 1933 695 1952 num.
707 1925 735 1958 4,
750 1934 759 1950 ι
777 1926 838 1952 ραιιί

50 1975 80 1999 et
96 1975 189 2002 terrm,
206 1974 232 1998 et
248 1971 438 1998 transmutatio
457 1969 564 1997 habitus
589 1970 671 2005 hujus
692 1971 794 2002 mundi,
811 1975 839 1998 et

53 2016 210 2043 immutatio
228 2016 360 2044 ctelorum
382 2016 425 2043 his
447 2016 505 2043 sine
525 2015 606 2043 dubio
631 2016 837 2050 prmparabitur,

51 2063 100 2097 qui
122 2069 173 2097 per
190 2062 264 2090 illam
284 2062 367 2094 viam,
386 2069 467 2096 quam
488 2068 571 2096 supra
587 2061 764 2094 ostendimus,
787 2062 839 2089 iter

52 2112 169 2142 agentes
189 2108 222 2135 ad
250 2107 324 2135 illum
343 2107 423 2134 tinem
445 2106 619 2134 beatitudinis
645 2107 775 2140 tendunt,
794 2108 837 2135 cui

51 2154 137 2181 etiam
156 2154 206 2188 ipsi
221 2153 323 2180 inimici
339 2152 499 2187 subiiciendi
516 2153 653 2184 dicuntur,
671 2153 698 2180 iu
714 2161 768 2188 quo
785 2153 838 2181 line

51 2200 159 2232 omnia,
175 2203 202 2226 et
228 2200 254 2226 in
272 2199 396 2226 erunibus
418 2197 517 2226 dicitur
538 2205 600 2226 esse
615 2198 696 2227 Dens.
718 2209 727 2227 ι
748 2199 839 2235 Itaque

51 2248 237 2282 Hieronymus
257 2247 336 2281 epist.
352 2246 396 2279 59,
412 2247 445 2274 ad
468 2246 553 2278 Avit.,
576 2253 635 2281 cap.
654 2247 681 2280 1,
703 2248 840 2276 censuisse

51 2295 202 2331 Origenem
219 2294 352 2329 queritur,
371 2294 493 2320 futurum
511 2297 539 2320 ut
560 2302 591 2321 ex
613 2294 711 2321 animis
727 2295 840 2329 quibus-

48 2342 114 2369 dam
143 2350 153 2366 ι
178 2340 316 2367 hominum
342 2343 449 2367 constet
472 2346 557 2374 genus
579 2339 605 2365 in
627 2347 679 2366 uno
698 2340 787 2375 aliquo
804 2350 836 2369 ex

50 2387 178 2419 mundis,
200 2386 307 2421 quando
318 2385 396 2421 juxta
413 2385 508 2413 Isaiam
523 2385 620 2413 ccelum
641 2392 667 2413 et
684 2389 754 2413 terra
769 2395 838 2416 nova

48 2435 127 2461 fient.
154 2443 164 2459 ι

87 2479 181 2512 Supra
206 2477 258 2505 hoc
278 2478 361 2505 etiam
388 2477 571 2512 conspicabilc
595 2476 709 2508 emittm,
738 2481 837 2505 terram

48 2532 154 2552 novam
177 2531 210 2551 ac
226 2523 324 2550 cmlutu
349 2530 447 2550 novqu
469 2522 630 2557 quandoque
654 2522 785 2555 collocat;
811 2528 838 2550 et

47 2571 152 2599 sumnti
177 2569 251 2596 illius
269 2576 301 2596 ac
327 2569 388 2596 novi
419 2569 479 2596 cceli
503 2568 607 2595 ratione
637 2568 837 2596 firmamentum

47 2624 112 2644 esse
130 2615 234 2642 inferos
248 2615 296 2646 ait,
311 2614 537 2650 quemadmodum
555 2614 660 2641 ratione
675 2615 838 2642 tirtnatnenti

49 2668 126 2690 terra
146 2662 205 2689 haec
229 2666 334 2694 nostra,
349 2668 431 2696 quam
453 2661 561 2695 proprie
580 2660 684 2687 aridam
701 2660 839 2695 appellan-

49 2711 114 2737 dam
132 2712 243 2741 censet,
269 2707 348 2734 infcri
376 2712 455 2739 sunt;
482 2707 630 2734 inferorum
650 2714 714 2734 vero
735 2708 839 2736 ratione

49 2755 153 2783 caelum
181 2753 241 2789 ipsa
271 2758 330 2786 est;
361 2757 388 2779 ct
418 2753 642 2786 quemadmodum
666 2753 837 2781 discedentes

50 2808 87 2828 ex
105 2799 150 2827 his
166 2798 282 2826 terrenis
299 2798 407 2825 sedibus
422 2798 519 2824 anima:
539 2804 586 2826 bro
600 2798 656 2825 suis
680 2798 782 2826 merit‘s
797 2799 837 2826 di-

53 2853 135 2874 versa
155 2844 227 2880 apud
243 2844 347 2872 inferos
366 2843 486 2871 obtinent
500 2843 569 2876 loca,
588 2843 624 2870 ita
639 2849 698 2878 qua.
727 2853 743 2872 ιι
761 2853 834 2873 sum-

855 2187 884 2215 Β

894 1554 981 1582 festos
997 1555 1161 1583 celebratum
1182 1555 1214 1582 iri
1239 1561 1324 1591 putat,
1341 1561 1369 1583 et
1388 1564 1553 1591 qumcunque
1567 1557 1675 1583 demum

892 1601 1089 1636 praecipiuntur
1112 1602 1138 1628 in
1158 1602 1225 1636 lege,
1242 1610 1323 1636 quatit
1339 1603 1460 1629 umbram
1483 1603 1622 1630 continere
1634 1602 1676 1629 di-

893 1648 932 1675 cit.
955 1647 1099 1682 Apostolus
1122 1648 1273 1675 futurorum
1303 1649 1446 1678 bonormn.
1472 1649 1571 1677 Eadem
1596 1649 1676 1679 habet

893 1694 986 1722 bomil.
1012 1694 1093 1727 25in
1112 1695 1202 1728 Jusue,
1229 1704 1304 1722 num.
1329 1696 1366 1729 4,
1392 1704 1479 1731 eoque
1499 1697 1580 1724 refert
1604 1698 1676 1726 istud

891 1738 969 1766 Joan.
992 1747 1048 1772 xtv,
1074 1739 1109 1772 2,
1135 1749 1146 1765 ι
1176 1741 1204 1767 In
1232 1741 1311 1767 dotno
1336 1741 1424 1768 Patris
1445 1741 1497 1768 tnei
1522 1742 1676 1771 mansiones

891 1786 983 1813 multa:
1002 1789 1077 1818 sunt,
1095 1795 1104 1812 ι
1120 1790 1148 1813 et
1163 1793 1245 1821 super
1257 1787 1381 1814 civitates
1409 1787 1468 1815 illas
1481 1787 1607 1815 ccelestes
1627 1796 1676 1822 po-

892 1836 1016 1859 testatem
1031 1832 1184 1859 habiturum
1206 1833 1342 1860 existimat
1365 1841 1473 1860 servutn
1495 1834 1568 1861 illunt
1591 1833 1673 1870 frugi,

891 1877 937 1912 qui
956 1877 1127 1905 commissam
1144 1877 1194 1905 sibi
1218 1878 1360 1912 pecuniam
1379 1878 1480 1906 utiliter
1500 1880 1600 1914 posuit.
1620 1880 1675 1908 Has

892 1930 958 1958 ergo
975 1924 1043 1950 inter
1062 1924 1212 1950 animarum
1226 1925 1306 1952 sedes
1324 1932 1383 1951 eam
1402 1925 1603 1960 proportionem
1616 1931 1673 1954 sta-

891 1970 943 1996 tuit
964 1974 993 1996 et
1013 1969 1218 1997 similitudinem
1246 1969 1387 2005 Origenes,
1405 1976 1435 1997 ttt
1448 1972 1597 1999 cmlestium
1615 1981 1674 2000 um-

890 2016 968 2042 bram
991 2022 1051 2042 esse
1065 2020 1091 2042 et
1107 2015 1252 2050 imaginem
1269 2016 1333 2042 velit
1350 2022 1450 2043 terram
1467 2017 1545 2050 hanc,
1561 2024 1673 2052 quaeque

891 2062 917 2089 in
944 2062 1025 2089 terris
1041 2066 1182 2096 geruntur,
1198 2062 1274 2095 juxta
1295 2062 1449 2096 Apostolum
1469 2062 1550 2090 lIebr.
1569 2070 1628 2095 vut,
1643 2063 1670 2092 5.

891 2107 1074 2135 Memorabilis
1091 2115 1155 2135 vero
1176 2114 1230 2142 prae
1247 2108 1353 2135 caneris
1371 2108 1415 2135 ille
1437 2108 1511 2135 locus
1528 2116 1607 2147 quem
1622 2109 1673 2140 ito-

894 2153 952 2180 mil.
967 2153 984 2180 5
999 2154 1026 2180 in
1041 2153 1136 2190 psalm.
1159 2161 1252 2189 unt,
1265 2154 1426 2192 reperimus,
1450 2159 1494 2184 ubi
1510 2158 1561 2185 huc
1583 2159 1673 2194 expla-

895 2208 962 2228 nans
978 2201 1070 2236 psaltni
1085 2209 1178 2234 xxxvt,
1194 2201 1238 2234 54,
1256 2211 1266 2227 ι
1285 2201 1317 2228 Et
1337 2203 1465 2230 exaltabit
1486 2209 1521 2238 te,
1537 2208 1566 2232 ut
1588 2205 1675 2232 luere-

894 2247 981 2275 ditate
997 2247 1089 2281 capias
1106 2253 1217 2280 terram,
1239 2257 1249 2273 ι
1265 2253 1362 2275 terram
1379 2250 1447 2276 banc
1464 2257 1524 2278 esse
1541 2250 1597 2277 vult
1611 2251 1674 2278 dor-

893 2300 952 2320 sum
969 2292 1054 2327 ipsitts
1079 2293 1241 2320 firmamenti
1257 2300 1264 2318 :
1291 2302 1300 2318 ι
1320 2293 1405 2327 Unde,
1421 2304 1430 2320 ι
1451 2295 1537 2330 inquit
1555 2304 1629 2323 num.
1645 2298 1672 2330 4,

896 2346 968 2372 tego
993 2339 1121 2370 arbitror,
1151 2340 1212 2373 quia
1236 2340 1305 2366 sicut
1321 2340 1380 2366 caeli
1408 2341 1501 2375 ipsius,
1520 2341 1545 2368 id
1569 2346 1610 2369 est
1627 2343 1673 2370 fir-

892 2385 1021 2412 mamenti
1040 2383 1155 2411 inferius
1171 2385 1258 2412 solum
1281 2385 1355 2412 arida
1370 2386 1426 2413 lure
1440 2386 1466 2412 in
1485 2394 1538 2421 qua
1560 2396 1608 2415 IIOS
1628 2390 1674 2416 Ita-

888 2430 1009 2456 bitamus
1020 2449 1028 2462 ,
1053 2435 1124 2457 terra
1137 2430 1197 2464 ejus
1212 2431 1332 2464 dicitur;
1355 2431 1390 2458 ita
1415 2438 1443 2459 et
1459 2433 1529 2461 illius
1550 2435 1674 2469 superiu-

889 2476 937 2508 ris,
964 2476 1036 2510 quod
1057 2476 1242 2510 principaliter
1261 2477 1361 2505 dicitttr
1386 2479 1500 2506 inferius
1524 2480 1621 2513 solum,
1646 2482 1673 2508 in

889 2528 943 2554 quo
962 2520 1131 2548 habitatores
1156 2522 1191 2548 illi
1217 2523 1341 2550 cades-tes
1364 2529 1569 2556 conversantur,
1585 2531 1622 2558 et,
1644 2533 1673 2553 ut

888 2567 925 2594 ita
945 2566 1043 2600 dicam,
1057 2569 1165 2595 dorsunt
1181 2568 1269 2603 ipsum
1286 2569 1446 2597 ﬁrmamenti
1462 2570 1549 2604 hujus,
1565 2572 1673 2604 merito,

888 2616 918 2640 ut
944 2612 1012 2645 dixi,
1031 2617 1103 2640 terra
1131 2613 1203 2641 illius
1218 2615 1278 2642 coeli
1299 2623 1361 2643 esse
1378 2616 1495 2642 dicitur:
1523 2618 1570 2643 sed
1600 2621 1671 2644 terra

892 2661 974 2694 bona,
996 2665 1068 2687 terra
1094 2666 1196 2695 sancta,
1221 2667 1291 2689 terra
1319 2662 1412 2694 multa,
1439 2666 1510 2689 terra
1537 2662 1670 2695 vivorum,

889 2711 963 2734 terra
981 2705 1066 2733 tinens
1083 2706 1124 2733 lac
1137 2711 1164 2733 et
1179 2709 1241 2734 ntel.
1260 2716 1269 2732 ι
1285 2707 1354 2734 Fnse
1368 2711 1451 2734 totum
1470 2707 1600 2734 doctrina:
1616 2715 1672 2734 sua:

891 2756 1046 2779 contextum
1073 2752 1189 2786 explicat
1209 2753 1254 2780 lib.
1280 2761 1298 2779 ιι
1325 2753 1394 2787 Περὶ
1416 2752 1528 2788 ἀρχῶν,
1553 2761 1614 2788 cap.
1643 2753 1672 2786 '5,

890 2806 966 2826 num.
986 2797 1013 2831 6,
1030 2798 1057 2831 7,
1077 2803 1158 2833 atque
1182 2806 1272 2826 rerum
1298 2800 1419 2828 omnium
1447 2800 1648 2828 universitatem
1663 2821 1670 2832 ,

889 2843 1068 2876 infernarum,
1089 2849 1266 2877 terrenarum,
1282 2844 1444 2880 cmlcstium,
1461 2850 1487 2874 et
1507 2852 1567 2881 quae
1591 2853 1673 2881 supra
