1912 3079
256 115 323 144 1019

895 113 925 140 P.
947 112 1105 140 DANIELIS
1124 110 1240 140 HUETII

1806 109 1870 136 10⁵³αο

255 177 355 206 calum
374 168 585 211 suntfgenerati
608 175 716 202 nomine
734 174 861 201 mundum
877 174 927 206 ait,
947 173 1037 208 appel-
1052 178 1074 204 Α
1091 177 1144 206 tur,
1171 171 1324 206 temporalia
1352 174 1428 204 sunt;
1447 177 1506 206 qua:
1531 174 1623 198 autem
1650 177 1706 198 non
1732 169 1870 204 videmur,

256 223 316 252 lari.
334 229 386 256 quo
411 220 502 247 caeteri
527 219 618 246 mundi
645 219 837 251 continentur;
859 222 887 244 et
905 217 1035 251 quemad—

257 269 364 296 modum
386 267 585 294 ﬁrmamentum
602 269 701 291 terram
725 264 795 290 hanc
810 263 971 297 capacitate.
988 270 1035 289 sua

257 312 455 346 complectitur,
477 311 512 337 ita
540 310 675 343 sphaeram
691 309 833 344 qttamdam
856 309 1035 344 superiorem,

255 366 314 394 qua:
336 358 362 384 in
379 356 528 391 Scripturis
553 361 624 383 terra
654 355 736 387 bona,
754 358 781 382 et
798 359 870 382 terra
887 354 1035 381 viventium

256 405 419 435 nominatur,
444 406 472 430 et
496 402 608 430 mitibus
631 408 663 428 ac
687 400 836 428 mansuetis
858 399 1035 434 promittitur,

256 457 305 476 suo
316 447 463 483 constringi
477 446 557 478 caelo,
574 446 600 473 in
623 453 677 480 quo
698 451 855 473 sanctorum
870 445 977 471 nomina
991 445 1037 471 de-

257 496 359 530 scripta
379 499 462 527 sunt;
484 501 517 520 ex
533 493 585 520 hoc
599 497 687 519 autem
703 492 783 522 cmlo.
808 499 840 518 ex
854 498 939 524 caque
953 495 1036 523 terra,

257 547 336 568 terrm
357 547 388 568 ac
402 540 464 567 eteii
483 538 636 566 nominibus
657 538 754 565 aﬁecta
771 538 855 564 fuisse
877 537 1034 563 ﬁrmamen-

258 591 313 613 tum
337 589 364 613 et
387 585 506 616 aridam;
532 583 656 618 aliudque
682 590 742 610 esse
766 582 864 610 coelum
892 586 919 609 et
937 586 1035 609 terram

257 639 317 666 qtae
341 631 418 658 initio
439 638 454 657 a
478 630 531 657 Deo
552 633 641 656 creata
669 633 747 660 sunt,
777 635 808 655 ac
836 628 1035 654 ﬁrmatnentum

258 677 330 712 quod
343 677 387 704 die
403 676 521 704 secundo
533 675 669 703 conditum
687 674 803 701 dicitur:
820 673 948 700 mundum
965 673 1037 702 hunc

258 729 348 752 autem
368 722 547 756 superiorem.
569 728 630 748 eum
647 727 719 752 esse,
736 720 805 746 unde
826 719 940 746 missum
955 726 984 747 se
1000 719 1037 746 si-

257 766 368 801 gniﬁcat
384 765 506 793 Christus
528 765 620 792 dicens
634 764 712 792 Joan.
728 771 787 795 vnt,
800 763 854 790 25:
872 773 881 790 ι
907 763 963 797 Ego
984 771 1036 791 non

258 819 316 839 sum
331 811 363 838 de
379 811 428 837 hoc
443 809 553 841 mundo,
570 819 579 836 ι
596 808 763 843 corruptioni
780 807 933 842 neutiquam
949 807 1036 842 ipsum

1090 225 1190 247 aeterna
1207 222 1278 245 sunt.
1294 227 1304 244 ι

1127 265 1184 292 Xil.
1201 264 1241 292 Ad
1256 265 1409 299 paradisum
1432 262 1502 298 quod
1526 263 1637 295 attinet.
1663 269 1679 289 a
1701 268 1812 288 summo
1828 261 1870 288 illo

1090 316 1117 339 et
1131 318 1260 345 supremo
1274 311 1342 338 coelo
1364 317 1426 337 eum
1447 308 1623 336 Adamantius
1640 307 1786 338 distinxit,
1803 311 1830 333 et
1845 307 1870 333 in

1089 362 1165 385 certo
1179 357 1270 391 aliquo
1284 361 1362 384 terra:
1383 356 1440 384 loco
1453 355 1607 387 collocavit;
1631 361 1693 381 cum
1715 359 1871 380 terrestrem

1090 403 1243 430 econtrario
1269 402 1422 437 paradisum
1433 421 1440 434 ,
1454 409 1532 435 quem
1555 401 1583 428 in
1600 404 1675 427 terra
1689 400 1774 426 situm
1790 398 1871 426 fuisse

1091 448 1273 476 certissimum
1293 453 1346 480 est,
1362 447 1503 483 allegorice
1520 454 1658 481 exponens
1673 453 1755 480 supra
1773 445 1870 472 coelum

1091 495 1270 527 constituerit,
1290 498 1318 521 ut
1340 494 1524 522 ostendemus.
1550 492 1588 519 Ac
1607 492 1642 519 de
1667 492 1759 527 priore
1787 491 1871 518 mani-

1091 540 1189 568 festum
1201 544 1242 567 est
1257 539 1438 567 testimonium
1452 538 1499 566 lib.
1513 546 1531 565 Il
1545 538 1613 572 Περὶ
1626 537 1740 572 ἀρχῶν,
1753 544 1816 572 cap.
1829 537 1871 569 Η,

1090 594 1154 613 num
1172 585 1210 613 ϐε
1237 595 1248 611 ι
1265 585 1334 613 Puto
1346 585 1429 618 enim,
1444 585 1542 620 inquit,
1559 583 1629 618 quod
1655 583 1744 611 sancti
1772 583 1871 617 quique

1091 631 1260 659 discedentes
1273 631 1307 658 de
1319 631 1371 658 hac
1384 631 1440 658 vita
1456 630 1651 665 permanebunt
1667 629 1693 656 in
1710 628 1772 655 loco
1784 628 1872 663 aliquo

1090 677 1118 705 in
1135 681 1205 705 terra
1222 677 1319 711 posito,
1333 684 1412 712 quem
1425 676 1578 711 paradisum
1591 676 1659 703 dicit
1671 675 1817 710 Scriptura
1834 676 1872 702 di-

1090 724 1169 755 vina,
1196 723 1269 750 velut
1294 723 1320 749 in
1342 723 1458 758 quodam
1482 721 1641 749 eruditionis
1663 721 1736 748 loco.
1756 729 1767 747 ι
1789 721 1872 755 Atque

1091 769 1161 796 hanc
1176 769 1291 803 primam
1303 775 1363 796 esse
1379 768 1435 794 vult
1449 767 1626 799 mansionem,
1645 766 1672 794 in
1685 774 1741 800 qua
1758 773 1871 799 corpore

1091 819 1220 842 exeuntes
1244 814 1341 841 anima:
1371 813 1487 840 terrenis
1517 812 1642 840 sordibus
1666 817 1869 846 expurgantur;

258 864 320 885 esse
341 857 501 888 υυηοκίυῐην
528 862 578 883 nec
600 855 688 882 οειιιίδ
711 853 912 889 ἒερεθῑθῧῖιθῐην
939 853 1039 881 sano-lis
1053 856 1076 883 B
1089 867 1170 894 quam
1185 864 1213 887 et
1227 860 1297 886 idem
1318 866 1380 886 esse
1395 858 1453 885 vult
1467 866 1498 886 ac
1523 859 1611 885 sinum
1637 857 1766 884 Abrahae.
1784 866 1794 883 ι
1821 857 1870 884 Sed

259 907 347 929 autent
370 906 397 928 et
422 901 550 936 perfectis
569 900 659 927 sedem
681 901 752 927 hanc
779 907 841 927 esse
865 899 1037 932 destinatam,

257 953 287 975 et
302 951 401 974 terram
415 947 523 982 quidem
546 946 638 973 mundi
655 946 725 973 illius
748 945 782 972 iis
793 945 838 980 qui
854 945 1040 979 castigationi-

259 993 309 1020 hus
339 997 366 1019 et
391 991 628 1019 emcndalionibus
660 990 772 1018 fuerunt
797 990 957 1025 expurgati,
979 989 1040 1018 aliis

258 1046 324 1065 vero
343 1038 452 1070 cceium,
475 1037 520 1072 qui
544 1038 606 1064 dum
625 1036 652 1064 in
667 1036 747 1064 terris
762 1041 874 1071 agerent
902 1036 948 1063 Dei
965 1043 1040 1063 man-

260 1085 331 1112 datis
343 1085 578 1119 obtemperarunt,
593 1083 639 1110 sed
654 1083 690 1110 ita
707 1087 797 1110 tamen
811 1087 841 1110 ut
862 1082 896 1110 ab
911 1082 956 1109 illa
970 1086 1040 1109 terra

260 1130 293 1157 ad
316 1130 414 1157 malum
434 1136 589 1164 supremum
606 1129 734 1155 transitus
757 1132 857 1162 pateat.
885 1127 1040 1155 Consimilia

260 1181 324 1203 sunt
341 1183 400 1210 qum
413 1175 548 1202 habentur
562 1174 684 1208 ejusdem
708 1173 768 1200 libri
790 1181 849 1208 cap.
865 1173 892 1207 9,
916 1181 990 1200 num.
1012 1174 1040 1207 5,

260 1226 288 1248 ct
307 1229 367 1256 quae
382 1220 470 1254 capite
489 1224 625 1254 postremo
649 1219 710 1247 libri
733 1227 774 1253 ιιι,
801 1227 876 1246 num.
898 1219 924 1251 8,
943 1220 970 1252 9,
996 1219 1041 1246 ubi

260 1271 289 1294 et
302 1266 367 1293 illud
390 1265 495 1299 adjicit,
511 1272 601 1292 rerum
621 1264 734 1291 istarum
749 1264 912 1295 cmlcstium,
927 1271 987 1299 qua:
1001 1264 1042 1291 in-

263 1311 394 1338 feriorum
416 1311 543 1337 harumce
569 1314 660 1344 typum
685 1314 791 1344 gerunt,
816 1310 933 1337 formam
958 1309 1042 1345 Moysi

261 1357 289 1383 itt
320 1360 411 1383 monte
432 1355 515 1383 fuisse
536 1359 732 1387 monstratam;
763 1355 797 1381 ad
819 1355 931 1390 ejusque
951 1362 1044 1382 exem-

261 1401 335 1437 plum
346 1401 542 1429 tabernaculiet
554 1401 750 1428 sacriﬁciorum
763 1401 942 1428 instrumenta
956 1401 1041 1435 ipsum

261 1453 442 1481 comparasse,
459 1446 604 1474 secundum
619 1451 783 1481 praeceptum
803 1447 867 1473 illud
884 1446 931 1474 Dei
957 1446 1042 1474 Exod.

263 1500 331 1525 xxv,
363 1491 416 1519 40:
440 1500 450 1517 ι
478 1492 582 1526 Inspice
610 1497 637 1519 et
665 1492 707 1520 fac
730 1493 877 1520 secundum
907 1492 1044 1526 exemplar

1089 910 1116 931 et
1131 904 1203 932 illam
1216 904 1339 939 ﬁguram,
1358 913 1366 929 ι
1385 903 1474 938 inquit
1489 903 1582 930 hotnil.
1594 902 1630 929 26
1642 903 1670 929 in
1682 902 1781 934 Νκιιι..
1798 910 1871 929 num.

1088 950 1116 983 4,
1139 959 1148 976 ι
1166 957 1226 977 esse
1242 949 1359 976 diximus
1381 948 1496 976 exeundi
1511 948 1546 975 de
1560 947 1690 983 Egypto,
1706 956 1770 974 eum
1793 948 1872 975 relin-

1090 996 1149 1030 quit
1163 995 1254 1022 anima
1274 994 1365 1022 mundi
1390 994 1469 1028 hujus
1484 995 1621 1027 tenebras,
1638 1001 1670 1021 ac
1688 1000 1794 1021 natum:
1810 1002 1871 1021 cor-

1091 1047 1178 1076 poreae
1192 1040 1353 1070 caecitatem,
1366 1044 1393 1066 et
1415 1039 1575 1066 transfertur
1589 1039 1622 1066 ad
1640 1039 1714 1066 aliud
1732 1041 1872 1070 sarculum.

1090 1084 1160 1118 quod
1179 1084 1219 1111 vel
1240 1084 1316 1111 sinus
1337 1083 1463 1115 Abrahae,
1486 1089 1515 1110 ut
1533 1083 1560 1110 in
1580 1083 1702 1117 Lazaro;
1726 1084 1769 1111 vel
1797 1091 1874 1118 para-

1091 1130 1177 1162 disus,
1198 1134 1226 1155 ut
1242 1130 1267 1156 in
1288 1129 1391 1156 latrone
1407 1130 1452 1163 qui
1469 1129 1502 1156 de
1517 1136 1598 1156 cruce
1623 1129 1755 1161 credidit,
1775 1129 1864 1156 indica

1092 1179 1145 1201 tur.
1166 1184 1176 1200 ι
1194 1174 1338 1209 Aliquibus
1354 1174 1436 1202 etiam
1461 1175 1614 1209 paradisum
1636 1173 1799 1203 diﬁ‘erentiis
1820 1175 1874 1202 di:-

1091 1220 1217 1247 criminat
1242 1220 1336 1247 homil.
1352 1220 1386 1248 l5
1406 1220 1434 1247 in
1451 1219 1559 1252 Ezech.,
1577 1227 1652 1247 num.
1667 1219 1694 1252 2,
1721 1227 1786 1254 pag.
1811 1219 1873 1250 £03.

1092 1265 1156 1300 404,
1173 1270 1202 1293 ut
1219 1265 1289 1293 alter
1303 1266 1340 1293 sit
1356 1266 1510 1300 paradisus,
1527 1265 1597 1293 alter
1615 1265 1775 1293 deliciarum
1795 1273 1874 1300 para-

1092 1312 1179 1339 disus.
1193 1312 1282 1347 Atque
1292 1312 1364 1340 hunc
1373 1311 1530 1340 deliciarum
1541 1312 1704 1345 paradisum,
1716 1319 1779 1339 cum
1791 1311 1874 1344 Eden,

1093 1357 1144 1385 hoc
1156 1362 1207 1390 est,
1226 1358 1346 1385 terrestri
1359 1359 1484 1393 paradiso
1498 1357 1637 1385 confundit
1657 1357 1705 1385 lib.
1724 1366 1745 1390 ι,
1761 1359 1790 1384 in
1805 1357 1873 1384 Can-

1094 1404 1150 1434 tic.,
1166 1410 1227 1437 pag.
1241 1403 1296 1436 42;
1313 1403 1352 1430 ait
1365 1403 1456 1430 enim:
1473 1412 1482 1429 ι
1501 1403 1551 1436 Qui
1569 1407 1658 1432 autem
1677 1404 1777 1437 dignus
1796 1403 1875 1431 tulerit

1093 1448 1183 1476 redire
1196 1452 1223 1475 et
1235 1455 1297 1475 esse
1312 1455 1374 1475 cum
1393 1448 1514 1481 Christo,
1529 1448 1629 1483 quique
1643 1448 1670 1474 in
1685 1456 1772 1482 parvo
1790 1449 1875 1475 ﬁdelis

1095 1493 1218 1520 inventus
1233 1493 1416 1520 constituetur
1432 1500 1514 1528 super
1530 1494 1623 1525 multa,
1643 1492 1686 1520 ille
1700 1493 1833 1528 gustabit,
1850 1499 1875 1521 et

263 1538 334 1573 quod
354 1538 401 1565 tibi
441 1537 468 1564 in
494 1541 584 1565 monte
615 1541 791 1565 monstratum
828 1542 879 1564 est.
904 1547 914 1563 ι
947 1531 1184 1574 Adjicithapiet
1210 1538 1376 1572 voluptatem
1404 1538 1529 1571 Domini,
1553 1539 1698 1573 perductus
1727 1538 1760 1564 ad
1787 1537 1874 1565 locum

262 1583 343 1610 etiam
367 1583 394 1609 in
414 1589 519 1610 summo
545 1582 590 1610 illo
613 1582 683 1610 cosio
709 1581 828 1609 futurum
852 1583 916 1610 illud
939 1592 949 1608 ι
974 1583 1044 1619 quod

263 1632 393 1655 aeternum
409 1627 507 1654 dicitur
520 1626 693 1661 Evangelium
711 1631 738 1654 et
762 1626 962 1654 Testamentum
979 1634 1047 1655 sem-

265 1681 313 1708 per
326 1681 435 1706 novum,
446 1673 516 1708 quod
535 1680 671 1707 nunquam
692 1677 863 1700 veterascet:
883 1682 892 1700 ι
908 1674 935 1701 in
960 1681 1046 1708 eaque

265 1720 370 1754 piorum
385 1724 456 1746 terra
469 1719 601 1746 eruditum
616 1720 647 1746 iri
662 1719 696 1746 ab
712 1720 814 1755 angelis
826 1720 941 1752 animas,
952 1728 1047 1755 quem-

265 1765 406 1794 admodum
423 1770 449 1793 et
465 1765 491 1792 in
511 1766 732 1793 commemoratis
750 1773 831 1801 supra
847 1768 1044 1802 mansionibus,

264 1810 349 1838 donec
367 1817 521 1844 supremum
537 1810 641 1844 adeptis
653 1810 751 1837 caelum
768 1811 804 1838 sit
818 1810 890 1839 Deus
908 1812 999 1839 omnia
1017 1813 1044 1840 in

264 1855 400 1884 omnibus.
417 1854 471 1882 Nec
487 1856 521 1882 ab
541 1855 582 1882 his
602 1855 704 1882 abludit
723 1856 818 1884 homil.
851 1858 863 1884 i
892 1858 921 1885 in
940 1857 1045 1892 Genet,

267 1909 340 1929 num.
357 1901 385 1933 2,
401 1909 462 1928 cum
479 1900 574 1928 scribit
591 1900 689 1929 cmlum
712 1901 776 1928 illud
793 1909 947 1937 supremum
968 1908 995 1932 et
1006 1904 1046 1930 in-

267 1954 445 1982 corporeum,
468 1947 540 1981 quod
565 1947 612 1975 Dei
636 1948 714 1975 sedes
739 1952 797 1980 est,
819 1948 935 1983 primum
959 1956 974 1975 a
992 1949 1046 1977 Deo

267 1994 404 2021 cenditum
417 2013 426 2025 ,
447 1993 544 2020 deinde
557 2001 716 2029 corporeum
732 1994 842 2026 coelum,
867 1994 921 2022 hoc
939 1999 982 2022 est
999 1995 1047 2022 ﬁr-

267 2043 454 2065 mamentum:
480 2046 542 2065 natn
564 2039 752 2073 incorporeum
774 2039 902 2074 appellat,
919 2045 949 2067 ut
966 2048 1046 2075 supra

267 2084 447 2116 ostendimus,
459 2084 529 2118 quod
544 2089 654 2119 propter
671 2084 800 2111 eximiam
822 2085 978 2113 tenuitatem
997 2086 1047 2113 sub

266 2137 364 2157 sensus
386 2137 438 2156 non
459 2129 541 2156 cadit.
561 2129 625 2157 Item
642 2130 731 2164 capite
743 2129 838 2157 ultimo
857 2130 920 2158 libri
942 2138 961 2158 ιι
975 2130 1046 2165 Περὶ

265 2174 377 2210 ἀρχῶν,
390 2183 462 2202 num.
483 2174 512 2207 6.
526 2179 665 2209 postquam
682 2179 790 2202 sanctos
803 2183 835 2202 cx
851 2175 903 2202 hac
923 2176 977 2202 vita
991 2176 1046 2203 dis-

270 2217 398 2244 cedentes
420 2218 446 2244 in
461 2218 605 2252 quemdam
620 2223 698 2245 terra!
715 2219 795 2254 hujus
811 2219 899 2247 locum
915 2219 1046 2247 deventu-

269 2269 312 2290 ros
327 2262 406 2294 dixit,
418 2264 464 2297 qui
474 2263 614 2297 paradisus
629 2263 787 2298 appellatur,
803 2263 865 2291 inde
881 2264 952 2292 aeris
967 2272 1045 2291 man-

266 2307 389 2335 sionibus
409 2315 442 2335 ac
460 2308 616 2336 coelestibus
636 2309 796 2344 transgressi
812 2309 845 2337 ad
869 2316 900 2337 ea
912 2317 974 2345 quae
991 2317 1045 2337 non

266 2354 402 2388 videntur,
425 2359 453 2382 ct
472 2363 532 2390 qua:
557 2356 667 2384 nomine
688 2357 820 2384 duntaxat
841 2356 918 2385 nobis
937 2357 1044 2392 cognita

266 2403 340 2432 sunt,
355 2399 469 2428 alﬁrmat
487 2408 658 2429 ascensuros.
681 2401 750 2430 Hinc
768 2402 837 2430 libro
857 2409 893 2429 vn
908 2402 937 2429 in
957 2401 1042 2436 Epiu.

264 2449 300 2474 nd
317 2447 404 2480 Rom.,
426 2456 499 2476 num.
518 2448 545 2481 5,
564 2457 624 2484 pag.
641 2449 703 2484 600,
721 2457 754 2477 ea
777 2457 837 2485 quae
860 2449 946 2478 oculis
964 2457 1044 2477 usur-

265 2498 375 2527 pautur,
392 2494 496 2521 aridam
515 2495 640 2522 nimirum
663 2495 703 2522 vel
723 2496 922 2523 ﬁrmamentum
940 2494 1044 2530 sperari

266 2543 348 2573 vetat,
370 2539 417 2567 sed
430 2547 489 2574 qua:
505 2540 532 2567 in
554 2541 646 2568 oculos
661 2548 716 2569 non
733 2541 887 2574 incurrunt,
905 2545 932 2568 et
944 2545 1045 2568 attenta

266 2587 340 2616 sunt,
360 2592 456 2619 nempe
480 2585 595 2612 ctelum:
615 2595 624 2611 ε
646 2585 701 2613 lmo
721 2586 809 2621 potius
823 2585 942 2620 ,inquit,
962 2584 1046 2612 caelos

267 2631 352 2657 multo
371 2631 562 2658 eminentiores
583 2635 611 2658 et
629 2630 793 2659 excelsiores
816 2639 896 2666 quam
919 2635 961 2658 est
982 2631 1046 2658 illud

267 2677 466 2702 lil‘ttlamelllum
484 2676 556 2710 quod
581 2676 666 2703 videri
684 2676 769 2703 oculis
793 2681 893 2710 potest,
919 2685 928 2702 ι
950 2679 978 2703 et
996 2679 1048 2703 ter-

267 2727 323 2747 ram
354 2722 502 2749 mansuetis
527 2722 710 2756 assignatam,
737 2722 859 2749 edicente
880 2721 1007 2756 Apostolo
1027 2721 1048 2748 ll

269 2765 332 2793 Cor.
347 2774 385 2799 Iv,
401 2767 451 2794 £8:
471 2776 480 2792 ι
498 2766 556 2794 Non
575 2767 821 2802 contemplantibus
837 2767 916 2794 nobis
929 2774 989 2801 qua:
1011 2766 1049 2793 vi-

268 2810 375 2845 dentur,
395 2813 440 2841 sed
462 2821 520 2847 qua:
547 2821 599 2841 non
623 2815 761 2841 videntur:
784 2819 844 2848 qua:
866 2812 937 2840 enim
958 2812 1050 2840 viden-

1095 1585 1248 1620 quemdam,
1262 1585 1308 1619 qui
1323 1592 1373 1620 pro
1386 1584 1538 1619 hujusmodi
1549 1584 1668 1611 ciborum
1685 1584 1773 1619 e0piis
1787 1589 1816 1612 et
1832 1592 1876 1611 va-

1094 1630 1252 1663 rietatibus,
1278 1630 1435 1658 deliciarum
1463 1630 1617 1658 nominatur
1643 1630 1728 1658 locus.
1762 1630 1876 1665 Propter

1094 1676 1165 1710 quod
1182 1680 1210 1702 et
1229 1676 1257 1702 in
1276 1675 1347 1703 Eden
1367 1675 1471 1710 positus
1487 1675 1595 1706 dicitur.
1612 1676 1684 1710 quod
1707 1675 1820 1703 delicias
1836 1676 1877 1702 iu-

1095 1721 1178 1748 dicat.
1195 1731 1204 1748 ι
1221 1721 1280 1754 Quo
1301 1721 1335 1749 de
1359 1722 1478 1750 terrestri
1499 1721 1624 1757 paradiso
1647 1722 1711 1756 quid
1737 1723 1876 1754 senserit.

1095 1766 1164 1793 infra
1179 1766 1392 1801 explorabimus.

1130 1811 1198 1840 Xlll.
1219 1812 1321 1840 Hausta
1341 1817 1405 1842 sunt
1425 1817 1452 1841 et
1477 1813 1520 1840 illa
1544 1813 1600 1840 fere
1620 1820 1637 1840 e
1652 1812 1774 1840 Platonis
1798 1812 1877 1840 fonti-

1095 1858 1165 1886 bus:
1183 1866 1245 1886 nam
1266 1859 1458 1886 beatitudinem
1475 1860 1501 1886 in
1521 1858 1567 1886 Dei
1592 1858 1771 1886 similitudine
1796 1858 1878 1885 sitam

1096 1903 1141 1931 ille
1156 1903 1250 1931 voluit.
1265 1903 1360 1932 Testes
1378 1903 1500 1931 Laertius
1516 1904 1543 1930 in
1566 1903 1688 1936 Platone,
1702 1909 1731 1931 et
1751 1903 1879 1930 Clemens

1096 1949 1292 1978 Alexandrinus
1311 1949 1411 1978 Strom.
1429 1950 1476 1978 lib.
1495 1957 1526 1983 ιι,
1540 1950 1585 1984 qui
1598 1954 1626 1977 et
1639 1950 1665 1977 in
1680 1949 1777 1977 eadem
1795 1949 1880 1976 fuisse

1097 1993 1204 2023 Stoicos
1219 1995 1353 2023 sententia
1369 1996 1553 2027 detuonstrat,
1575 1998 1604 2022 et
1624 1995 1776 2021 Abammon
1793 1993 1878 2028 Egy—

1097 2040 1169 2075 ptius
1185 2039 1212 2067 in
1222 2040 1398 2074 responsione
1421 2041 1454 2066 ad
1475 2038 1777 2074 epistolantPorphyrii.
1800 2038 1876 2065 i'lato

1097 2088 1227 2119 prtcterea
1243 2084 1271 2111 in
1295 2083 1437 2116 Phaedone,
1462 2089 1603 2119 postquam
1627 2083 1727 2110 inferni
1750 2088 1879 2118 topogra-

1097 2131 1190 2166 phiam
1203 2130 1356 2165 descripsit,
1375 2134 1468 2157 narrat
1483 2130 1598 2163 animas,
1614 2137 1674 2165 quae
1687 2129 1820 2157 virtutem
1836 2131 1877 2157 in-

1099 2181 1139 2204 ter
1153 2180 1181 2204 et
1196 2176 1292 2203 vilium
1308 2176 1422 2204 mediam
1450 2180 1594 2203 tenuerunt
1609 2176 1692 2208 viam,
1717 2180 1780 2210 post
1799 2175 1878 2203 latam

1097 2224 1130 2250 de
1148 2229 1178 2250 se
1203 2221 1364 2249 sententiam
1384 2222 1417 2248 ad
1440 2221 1620 2248 Acheruntem
1644 2220 1793 2254 prolectas,
1813 2229 1879 2249 con-

1102 2268 1208 2296 scensis
1221 2267 1353 2295 vehiculis
1368 2267 1400 2294 ad
1414 2267 1623 2294 Acberusiadem
1637 2267 1761 2301 paludem
1777 2268 1875 2301 depor-

1101 2313 1164 2346 tari,
1178 2312 1346 2347 expiatisque
1359 2312 1414 2339 illic
1427 2319 1475 2346 per
1490 2311 1619 2346 supplicia
1634 2311 1787 2339 sceleribus
1801 2313 1878 2345 solvi,

1097 2362 1125 2385 et
1140 2358 1250 2393 praemia
1266 2357 1375 2385 tandem
1400 2364 1489 2384 rerum
1515 2357 1583 2384 bene
1605 2361 1743 2392 gestarum
1763 2357 1878 2386 referre.

1096 2409 1124 2431 et
1136 2404 1170 2431 ad
1191 2403 1349 2430 animalium
1367 2402 1449 2430 etiam
1469 2402 1669 2436 generationem
1685 2409 1877 2437 nonnunquam

1096 2450 1220 2477 remitti:
1237 2456 1298 2484 qua:
1318 2456 1382 2476 vero
1408 2448 1604 2476 insanabilibus
1625 2455 1685 2476 sese
1711 2448 1879 2476 facinoribus

1098 2496 1252 2530 alligarunt,
1270 2494 1297 2521 in
1313 2494 1457 2521 Tartarum
1485 2494 1587 2528 absque
1608 2493 1662 2520 ulla
1681 2493 1767 2521 futuri
1793 2494 1879 2521 exitus

1097 2549 1145 2576 spe
1167 2540 1348 2575 praecipitari:
1378 2544 1406 2566 at
1431 2546 1545 2574 quorum
1568 2538 1682 2566 crimina
1704 2539 1799 2567 sanari
1819 2546 1878 2573 pos-

1099 2591 1173 2619 sunt,
1194 2586 1288 2621 projici
1304 2590 1332 2612 et
1359 2585 1418 2613 illas
1444 2585 1469 2612 in
1493 2585 1657 2616 Tartarum,
1677 2584 1726 2611 sed
1743 2589 1878 2611 transacto

1101 2631 1156 2658 illic
1174 2639 1245 2658 anno
1258 2650 1265 2663 ,
1287 2629 1369 2658 ﬁuctu
1388 2630 1450 2657 inde
1477 2629 1549 2664 ejici,
1569 2634 1596 2656 ct
1614 2629 1649 2656 ad
1666 2629 1876 2657 Acherusiadem

1101 2675 1214 2708 revolvi,
1231 2681 1281 2702 nec
1295 2679 1357 2702 ante
1381 2673 1502 2705 liberari,
1522 2679 1601 2707 quam
1626 2678 1674 2699 eos
1695 2672 1875 2702 exoraverint,

1102 2729 1169 2755 quos
1193 2721 1289 2755 injuria
1309 2719 1351 2747 vel
1368 2723 1455 2747 morte
1472 2717 1636 2745 aﬁ'ecerunt:
1652 2725 1714 2752 qua:
1726 2725 1820 2752 puram
1833 2724 1873 2743 au-

1104 2770 1157 2794 tem
1182 2770 1210 2793 et
1232 2766 1366 2793 insontem
1390 2765 1524 2801 duxerunt
1548 2763 1649 2794 vitam,
1673 2770 1727 2790 eas
1746 2762 1873 2797 regionem

1103 2811 1247 2846 quamdam
1271 2810 1447 2845 superiorem,
1471 2814 1498 2838 et
1515 2808 1618 2837 deliciis
1635 2807 1802 2840 atlluentem,
1822 2811 1870 2840 qui
