1912 3079
25 136 113 164 1021

456 135 740 164 ΟΒᾹΟΕΝΙΑΝΟΜΙΜ
760 135 823 164 ΜΒ.
844 136 877 169 ll,
897 136 972 165 CAP.
992 136 1024 169 ll,
1043 136 1178 170 QUEST.
1198 136 1246 164 XI.

1590 137 1657 165 1022

28 203 131 224 serra:
156 197 358 232 supereminet,
385 197 547 229 ascendere;
577 197 773 233 tronnullasque
798 207 830 226 ex
845 203 867 229 Λ
882 199 979 226 animae
998 196 1104 233 quidem
1131 199 1270 229 fuerimus,
1296 197 1343 224 sed
1369 205 1445 224 mcns
1460 202 1486 224 et
1505 204 1601 225 sensus
1624 197 1658 224 ad

29 243 79 269 iis
97 241 278 276 philosophia:
300 243 441 278 praeceptis
463 243 600 270 institutas
615 250 743 279 corporea
760 245 830 272 mole

28 286 159 314 liberari
179 287 295 321 penitus,
320 293 348 314 et
366 288 391 314 in
415 288 564 315 ammuiora
589 287 646 315 loca
671 290 829 318 concedere.

28 331 190 367 Praecipue
218 333 363 360 notandum
387 334 460 361 venit
485 334 550 361 illud
576 334 672 361 Plotini
699 334 770 362 Enn.
789 343 830 366 ut,

32 378 94 406 lib.
116 385 156 410 tv,
174 385 234 413 cap.
255 377 282 412 6,
301 386 356 413 quo
381 379 531 407 animarum
555 379 588 406 ad
610 380 747 414 superiora
769 387 832 413 pro-

31 431 209 458 gressarum
224 424 365 452 nonnullas
377 429 514 452 asseverat
526 425 552 452 in
569 424 660 453 seusili
673 425 725 452 hoc
734 424 832 452 mundo

33 471 137 497 vitam
168 477 260 505 agere,
282 470 348 498 alias
365 475 441 497 extra
463 470 535 497 hunc
556 471 703 498 mundum:
725 478 785 506 quae
805 471 833 498 in

35 516 147 543 sensili
164 516 264 543 mundo
281 515 398 551 degunt,
421 515 488 543 alias
503 523 586 550 penes
605 515 702 548 solem,
725 515 768 543 vel
783 515 835 542 ali-

35 569 135 596 quem
149 561 294 596 planetam,
310 561 376 589 alias
392 563 418 588 ln
432 562 602 588 ﬁrmamento
615 569 700 588 aevum
721 561 833 597 agitare,

36 614 274 642 unamquamque
299 614 347 642 pro
369 607 484 636 meritis.
513 608 668 635 Dictaverat
692 615 758 635 vero
778 608 834 642 jam

39 659 117 680 ante
133 653 310 688 Pythagoras,
331 656 360 680 ut
381 653 466 680 refert
484 653 606 681 Laertius
626 653 653 680 in
670 652 834 688 Pythagora,

40 697 124 726 εἶναι
140 699 229 726 πάντα
244 699 290 726 τὸν
303 699 372 734 ἀέρα
385 699 478 734 ψυχῶν
494 699 629 734 ἔμπλεων,
646 707 656 724 ‹
673 706 761 726 aerem
777 707 835 726 om-

42 752 116 771 nem
133 745 233 772 animis
249 745 358 778 Plenum
376 751 444 772 esse.
470 753 480 770 ι
496 744 584 779 Atque
605 744 662 772 haec
676 743 834 778 interpolata

40 787 188 821 Origenes
220 787 253 815 ad
293 786 440 822 Scriptura
471 795 557 816 sacra:
589 788 669 816 effata
700 792 836 824 utcunque

43 833 169 867 aptavit.

881 244 1028 278 perfectum
1044 244 1165 274 veniens,
1181 243 1308 278 nulloque
1323 243 1552 278 perturbationum
1568 242 1659 270 nubilo

881 289 1009 324 caligans,
1026 289 1174 316 intuebitur
1187 289 1335 324 (legendum
1350 289 1470 322 fortasse,
1484 288 1658 323 intuebimur)

883 334 1067 366 rationabiles,
1095 333 1330 368 intelligibilesque
1347 333 1511 360 substantias
1533 333 1601 360 facie
1625 334 1658 360 ad

884 381 990 408 faciem.
1015 390 1024 406 ι
1049 380 1109 415 Legi
1127 380 1206 407 velim
1229 384 1256 406 et
1286 383 1411 414 quartum
1434 378 1553 411 ejusdem
1579 383 1659 413 caput

883 427 1014 462 epistolae,
1029 434 1082 460 quo
1098 425 1198 452 dixisse
1213 425 1357 459 Origenem
1374 423 1462 458 prodit
1480 423 1659 457 Hieronymus

884 473 1013 500 adversus
1035 472 1138 499 animas
1153 472 1178 498 in
1197 478 1286 498 rerum
1305 469 1358 496 line
1373 469 1405 496 ad
1429 469 1565 496 caelestem
1579 468 1659 496 Jeru-

884 517 967 545 salem
980 521 1154 551 properantes
1164 514 1378 542 adversariarutn
1392 513 1578 541 fortitudinum
1591 513 1660 540 bella

884 570 1060 597 consurgere,
1085 570 1119 590 ne
1137 562 1288 589 animarum
1306 560 1475 589 remollescat
1494 559 1589 592 virtus,
1614 559 1660 586 sed

885 614 915 636 ut
944 609 1045 644 praelii:
1074 609 1201 637 exercitze
1225 616 1322 636 novum
1344 607 1449 634 roboris
1465 606 1660 633 incrementum

885 655 1004 690 capiant.
1029 653 1126 690 Tangit
1146 653 1172 680 id
1196 658 1224 680 et
1246 652 1410 687 Theophilus
1431 651 1528 678 Pasch.
1546 658 1583 682 ll,
1600 657 1661 677 cum

886 700 1036 727 somniasse
1061 699 1126 726 dicit
1148 698 1294 734 Origenem
1311 707 1320 724 t
1344 698 1490 725 ascendere
1514 696 1617 723 animas
1634 696 1661 722 in

886 746 985 774 caelum
1001 750 1028 774 et
1047 745 1232 777 descendere;
1252 749 1279 772 et
1295 751 1366 771 nunc
1384 743 1528 778 prolicere,
1544 749 1616 770 nunc
1631 741 1664 768 ad

887 791 1015 819 inferiora
1029 791 1127 819 delabi.
1148 801 1157 816 ι
1176 791 1316 818 Variarum
1333 797 1442 824 quoque
1457 789 1519 816 cteli
1545 787 1662 815 mansio-

887 846 951 865 num
967 837 1123 872 figmentum
1147 836 1305 872 perstringit
1321 835 1400 870 paulo
1415 834 1540 865 inferius,
1566 833 1665 860 dixisse

89 879 177 907 Terra
206 884 296 907 autem
323 879 366 908 illa
391 880 550 909 ﬁrmamenti
583 881 710 909 convexis
731 881 834 909 incum-
851 881 1027 918 BOrigenem
1050 883 1169 915 tradens,
1188 891 1197 908 ι
1217 888 1332 916 corpora
1351 887 1412 914 quae
1436 883 1588 914 resurgunt,
1603 883 1664 913 post

44 925 136 957 hens,
155 932 237 960 quant
257 925 382 952 describit
398 925 588 958 Adamantius,
611 926 687 954 alteri
704 927 766 954 huic
781 934 839 961 per-

47 971 158 999 similis
174 976 225 1003 cst,
241 979 321 1006 quam
340 971 408 999 libro
428 971 522 999 eodem
543 972 620 999 Plato
633 976 837 1005 commemorat,

47 1017 101 1045 ubi
126 1018 176 1049 ait.
196 1018 280 1053 αὺτὴν
293 1017 341 1053 τὴν
358 1018 409 1053 γῆν
429 1018 549 1054 καθαρὰν
563 1019 592 1045 ὲν
606 1018 717 1054 καθαρῷ
735 1018 839 1046 κεῖσθαι

44 1064 96 1099 Ατῷ
107 1063 224 1099 οὐρανῷ,
238 1064 267 1090 ἐν
282 1061 356 1100 ᾧπέρ
371 1065 428 1091 ἐστι
438 1065 472 1092 τὰ
478 1065 576 1101 ἄστρα,
586 1065 615 1092 ὃν
626 1065 658 1101 δὴ
674 1065 770 1100 αἰθέρα
780 1065 839 1093 ὀνο-

51 1110 157 1144 μάζειν
170 1111 233 1142 rei);
254 1110 366 1142 πολλοὺς
379 1111 434 1138 τῶν
453 1111 517 1146 περὶ
532 1111 566 1138 τὰ
580 1111 690 1138 τοιαῦτα
708 1111 840 1139 εἰωθότων

50 1157 158 1191 λέγειν·
168 1153 198 1183 οὗ
212 1157 244 1192 δὴ
254 1157 429 1193 ὑποστάθμην
437 1158 522 1184 ταῦτα
538 1156 615 1189 εἶναι,
623 1158 671 1185 καὶ
684 1158 791 1194 ξυρῤεἴν
798 1159 841 1185 ἀεὶ

51 1202 141 1234 εἰςτὰ
153 1202 228 1229 κοῖλα
237 1203 288 1238 τῆς
303 1204 364 1238 γῆς·
379 1211 389 1229 t
406 1202 502 1230 Puram
519 1207 616 1230 terram
631 1203 656 1230 in
673 1211 740 1238 puro
756 1203 840 1231 sitam

51 1255 121 1274 esse
141 1247 208 1275 uelo
228 1247 254 1274 in
269 1255 323 1282 quo
340 1252 403 1275 sunt
422 1251 505 1280 astra,
520 1249 590 1283 quod
603 1248 678 1275 multi
697 1255 730 1276 ex
746 1249 778 1276 iis
793 1249 840 1283 qui

53 1293 215 1327 huiusmodi
230 1294 263 1321 de
277 1293 357 1321 rebus
373 1294 505 1322 disserere
523 1294 620 1327 solent,
640 1295 771 1322 aetherem
797 1302 842 1329 ap-

55 1340 172 1373 pellant.
189 1339 264 1373 cujus
280 1340 335 1367 hzec
352 1347 414 1367 esse
430 1339 534 1372 faecem,
547 1345 574 1367 et
589 1340 616 1366 in
629 1347 745 1368 concava
763 1344 842 1368 terra:

53 1393 169 1420 semper
181 1385 326 1413 confluere.
345 1395 354 1411 ι
378 1385 446 1412 Hinc
459 1385 641 1413 Tertulliauus
661 1385 707 1413 lib.
727 1385 764 1413 De
785 1385 843 1412 rmi-

55 1439 116 1462 ma.
133 1438 193 1465 cap.
211 1430 262 1458 55:
281 1439 290 1455 ε
303 1430 356 1458 Sed
373 1430 399 1457 ln
414 1430 515 1458 aethere
531 1430 657 1457 dormitio
675 1435 766 1458 nostra
780 1436 843 1456 cum

59 1477 157 1510 pueris
175 1476 311 1508 Platonis;
331 1480 377 1503 aut
397 1476 422 1502 in
439 1483 510 1507 aere,
533 1483 593 1502 cum
608 1475 692 1508 Ario;
706 1480 752 1502 aut
771 1475 843 1503 circa

59 1522 175 1553 lunatn,
199 1528 259 1548 cum
286 1521 496 1556 Endymionibus
520 1520 682 1548 Stoicorum.
701 1530 710 1546 ι
732 1520 843 1548 Vetusta

57 1573 173 1601 quoque
197 1566 242 1593 illa
261 1570 401 1601 poetarum
424 1565 557 1600 theologia
582 1565 721 1592 beatorum
739 1565 843 1593 animas

59 1614 90 1641 in
114 1618 214 1640 terram
229 1612 386 1647 quamdam,
399 1611 518 1646 Elysium
532 1618 627 1644 nempe
639 1618 744 1644 nemus,
759 1611 844 1646 recipi

58 1658 191 1686 canebat.
208 1657 273 1685 lude
287 1657 452 1685 Christianis
471 1655 623 1690 objectabat
637 1655 730 1683 Celsus
746 1663 793 1683 nos
810 1655 845 1683 ab

62 1702 186 1730 ethnicis
199 1703 309 1730 edoctos
324 1702 424 1729 dixisse
441 1701 560 1728 abituras
576 1705 636 1735 post
657 1705 770 1728 mortem
788 1701 846 1728 ani-

61 1756 127 1776 mas
143 1748 169 1774 in
185 1747 266 1775 aliam
281 1753 381 1776 terram
398 1748 449 1776 hac
462 1747 610 1775 meliorem.
627 1746 694 1773 Tum
708 1754 772 1774 vero
792 1753 847 1773 ma-

62 1794 147 1829 gistri
162 1794 203 1821 sui
220 1793 362 1829 Origenem
383 1793 478 1829 puduit
496 1793 562 1829 (L9),
578 1797 606 1820 et
624 1800 683 1827 quae
704 1800 718 1819 a
736 1792 848 1819 Platone

62 1840 210 1872 didicerat,
238 1839 340 1867 referre
363 1839 456 1867 maluit
483 1840 516 1867 ad
537 1839 673 1874 Moyseru,
700 1839 745 1874 qui
770 1838 848 1866 bouis

66 1887 153 1914 Deum
169 1886 274 1913 induxit
296 1885 500 1920 promittentem
517 1889 617 1913 terram
634 1885 703 1927 lacte
722 1889 749 1912 et
771 1884 848 1912 melle

64 1937 242 1965 manantem;
258 1931 334 1966 cujus
350 1931 501 1967 symbolum
518 1938 578 1959 esse
594 1935 621 1958 et
636 1930 778 1966 imaginem
798 1929 847 1958 Ju-

64 1979 155 2006 dram
172 1978 241 2005 hanc
254 1984 388 2005 terrenam
399 1982 427 2004 et
437 1976 587 2004 Jerusalem
601 1977 679 2010 dixit,
691 1976 768 2011 juxta
782 1977 850 2011 Apo-

67 2024 169 2053 stolum
193 2024 276 2052 Hebr.
292 2031 342 2057 xtt,
355 2023 402 2052 22.
417 2023 445 2050 In
468 2031 563 2051 eorum
586 2029 773 2059 argumentum
790 2023 850 2058 qni-

67 2071 184 2098 bnsdam
201 2070 287 2097 utitur
305 2070 414 2098 Davidis
441 2070 603 2098 testimoniis
616 2091 624 2104 ,
639 2066 718 2105 'frugi
735 2069 851 2098 homini-

68 2117 123 2143 bus
143 2123 223 2143 teme
243 2116 382 2150 cujusdam
400 2115 584 2142 hteredilatem
600 2115 761 2150 pollicentis.
778 2115 850 2142 lllius

67 2169 179 2197 quoque
202 2166 281 2189 terrae
301 2168 422 2197 gemmas
439 2162 472 2189 ab
498 2161 564 2189 Isaia
588 2169 645 2194 uv,
662 2161 706 2193 12.
733 2166 850 2188 transtu-

888 928 972 955 multa
994 929 1092 955 saecula
1114 928 1140 954 in
1167 926 1278 953 nihilum
1304 924 1485 955 dissolvenda,
1511 929 1560 950 nec
1575 922 1664 948 futttra

888 974 998 1009 aliquid,
1016 974 1068 1002 nisi
1083 981 1144 1001 cum
1160 973 1193 1000 de
1214 972 1346 1000 ccelorutn
1368 969 1553 997 mansionibus
1568 967 1665 995 anima:

888 1021 921 1048 ad
939 1021 1066 1048 inferiora
1081 1020 1201 1053 dilapsae,
1225 1017 1390 1054 indigueriut
1416 1015 1503 1047 novis,
1526 1022 1587 1049 qua:
1609 1013 1663 1040 alia

889 1074 995 1096 rursum
1013 1067 1088 1099 ﬁant,
1113 1065 1246 1101 prioribus
1270 1063 1380 1091 omnino
1401 1061 1505 1089 deletis.
1532 1069 1541 1085 ι
1568 1058 1663 1086 Totam

889 1114 959 1141 hanc
982 1113 1062 1140 etiam
1090 1112 1122 1139 de
1145 1110 1216 1139 coelo
1236 1117 1315 1142 novo,
1330 1114 1356 1137 et
1381 1112 1452 1135 terra
1478 1114 1558 1138 nova.
1580 1106 1666 1140 deque

889 1159 992 1187 caelesti
1016 1158 1062 1185 illo
1081 1157 1190 1188 mundo,
1218 1156 1297 1190 hujus
1316 1154 1401 1182 nostri
1425 1152 1564 1188 persituili,
1588 1159 1665 1179 com-

890 1205 1083 1233 mentationem
1095 1202 1218 1231 exsufflet
1230 1202 1410 1236 Hieronymus
1424 1199 1519 1234 capJ,
1528 1198 1607 1233 epist.
1619 1197 1666 1231 59,

892 1251 925 1277 ad
942 1250 1014 1277 Avit.
1029 1250 1063 1276 At
1082 1249 1216 1276 immerito
1233 1247 1377 1282 Origenem
1394 1245 1485 1280 culpat
1505 1242 1668 1278 Epiphanius

892 1295 958 1323 hmr.
973 1303 1046 1327 thv.
1069 1302 1129 1330 cap.
1153 1295 1182 1325 ι,
1207 1294 1277 1328 quod
1302 1291 1459 1320 Davidicum
1484 1289 1548 1316 illud
1570 1288 1667 1324 psalm.

891 1349 964 1374 cxtv,
991 1341 1016 1374 7,
1046 1350 1055 1366 ε
1083 1340 1257 1371 Convertere,
1286 1338 1374 1365 anima
1402 1345 1472 1369 mea,
1497 1337 1523 1364 in
1548 1334 1668 1369 requiem

893 1391 976 1418 tuatn,
993 1396 1002 1413 ι
1020 1387 1053 1414 ad
1068 1385 1188 1420 requiem
1202 1384 1273 1412 illam
1287 1384 1423 1412 cmlestem
1441 1382 1574 1414 retulerit,
1588 1388 1669 1416 quam

892 1433 927 1460 ob
943 1431 1074 1466 praeclara
1094 1431 1120 1458 in
1134 1431 1188 1458 vita
1207 1431 1258 1457 hac
1275 1435 1352 1465 gesta
1366 1429 1454 1456 anima
1476 1427 1670 1461 consequitur;

894 1481 978 1504 totum
993 1476 1092 1511 quippe
1105 1475 1176 1502 hunc
1190 1474 1320 1509 psalmum
1332 1473 1426 1500 eodem
1444 1472 1526 1500 refert
1541 1470 1670 1498 Ecclesia.

894 1524 1058 1558 Augustinus
1083 1522 1110 1549 in
1135 1521 1204 1548 libro
1231 1520 1268 1547 De
1283 1519 1423 1547 hwresibus
1444 1526 1478 1545 ς(
1501 1516 1670 1548 Paradisum,

894 1573 922 1596 et
939 1568 1035 1600 caelos,
1052 1571 1080 1595 et
1093 1566 1145 1594 alia
1159 1574 1212 1594 non
1229 1565 1344 1593 credunt
1361 1563 1538 1599 (Origeniani)
1553 1569 1613 1590 esse
1628 1568 1671 1589 se—

894 1614 1012 1642 cundum
1032 1613 1159 1646 litteram,
1180 1612 1225 1639 sed
1253 1612 1280 1639 in
1304 1611 1442 1646 allegoria.
1462 1619 1472 1636 ι
1489 1609 1608 1644 Denique
1623 1606 1671 1635 Hi-

895 1659 972 1687 chael
987 1659 1087 1694 Glycas
1105 1658 1202 1685 Annal.
1224 1662 1295 1693 part.
1313 1665 1321 1685 l
1338 1661 1366 1684 et
1388 1664 1414 1684 IV
1436 1660 1516 1684 vexat
1530 1654 1672 1689 Origencm

896 1707 946 1734 hoc
966 1707 1084 1738 nomine,
1101 1707 1239 1740 ipsiusque
1254 1704 1416 1732 sententiam
1432 1710 1447 1730 a
1468 1701 1571 1729 Joanne
1585 1700 1673 1734 Chry-

896 1757 1015 1780 sostomo
1032 1751 1200 1787 profligatam
1215 1753 1419 1778 commemorat.

936 1799 993 1827 XV.
1013 1799 1137 1827 Attamen
1155 1801 1249 1825 contra
1267 1800 1306 1824 tot
1320 1793 1533 1823 adversariorum
1558 1790 1676 1819 assultus

897 1847 1007 1882 Origeni
1029 1845 1154 1881 praesidio
1174 1849 1216 1871 est
1241 1843 1298 1870 haec
1327 1841 1412 1877 ipsius
1436 1838 1578 1868 obtestatio
1600 1837 1648 1864 lib.
1666 1844 1675 1864 ι

899 1895 968 1930 Περὶ
980 1893 1090 1929 ἀρχῶν,
1107 1899 1167 1926 cap.
1184 1891 1212 1923 6,
1228 1897 1301 1917 num.
1320 1890 1346 1921 ι,
1360 1895 1411 1922 qua
1423 1887 1527 1914 animos
1547 1884 1675 1912 lectorum

899 1942 932 1969 ad
957 1948 1038 1976 supra
1060 1938 1183 1973 exposita
1197 1937 1321 1971 dogmata
1342 1935 1379 1961 ita
1403 1931 1564 1969 prannunit:
1584 1939 1594 1956 ι
1612 1930 1677 1964 Quae

899 1988 1007 2023 quidem
1020 1994 1035 2013 a
1054 1985 1130 2012 nobis
1145 1984 1227 2011 etiam
1245 1990 1307 2010 cum
1326 1987 1425 2016 magno
1443 1983 1514 2006 metu
1527 1983 1555 2006 et
1573 1976 1676 2006 cautela

901 2035 1037 2064 dicuntur,
1053 2030 1261 2059 discutientibus
1280 2027 1366 2063 magis
1389 2030 1417 2054 et
1439 2023 1677 2060 pertractantibus,

901 2087 980 2115 quam
997 2086 1048 2114 pro
1063 2082 1138 2106 certo
1150 2084 1183 2104 ac
1196 2075 1308 2103 definito
1326 2071 1516 2101 statuentibus.
1530 2069 1678 2115 Iudicatum

902 2113 1017 2159 namque
1041 2132 1057 2151 a
1077 2123 1155 2151 nobis
1182 2123 1208 2149 in
1234 2120 1419 2155 superioribus
1437 2122 1488 2150 est,
1503 2124 1563 2152 qua:
1578 2115 1632 2143 sint
1646 2113 1679 2141 de

901 2171 999 2206 quibus
1015 2170 1159 2198 manifesto
1173 2168 1298 2202 dogmate
1326 2164 1522 2192 terminandum
1544 2162 1595 2206 sit,
1610 2160 1680 2206 quod

70 2209 136 2236 lisse
153 2207 292 2235 Ριθιοηθηι
319 2207 476 2240 "bium".
501 2214 533 2234 ac
558 2206 661 2242 reliqua
680 2207 772 2234 “idem
792 2213 852 2241 quin
868 2218 891 2246 ι)
904 2204 931 2244 et
943 2223 992 2251 pro
1007 2215 1108 2242 viribus
1127 2221 1177 2240 nos
1197 2211 1292 2239 fecisse
1309 2214 1393 2244 puto,
1410 2215 1471 2235 cttm
1495 2207 1528 2232 de
1550 2204 1682 2231 Trinitate

72 2255 108 2281 ad
126 2255 196 2281 hanc
218 2253 334 2281 fabulam
361 2253 511 2288 pertinent,
538 2253 764 2287 quemadmodum
785 2257 814 2279 et
838 2260 853 2279 a

74 2300 178 2335 Moyse,
196 2300 309 2334 aliisque
323 2299 471 2334 prophetis.
486 2299 612 2334 Aggreum
620 2306 684 2326 vero
696 2298 853 2326 nominatim

72 2348 177 2380 laudat,
199 2347 245 2381 qui
258 2353 318 2382 cap.
335 2354 367 2380 ll,
383 2354 453 2374 vers.
465 2346 493 2378 7,
506 2350 604 2373 terram
622 2345 655 2372 ab
677 2345 751 2372 arida
767 2344 854 2371 mani-

74 2396 145 2422 feste
157 2394 310 2428 distinguit.

111 2439 182 2467 XIV.
200 2438 378 2475 Origeniauos
393 2445 500 2466 errores
514 2437 590 2465 libris
608 2436 679 2471 Περὶ
700 2436 802 2471 ἀρχῶν
815 2436 855 2463 in-

76 2488 167 2514 sertbs
177 2493 340 2521 percensens
356 2485 534 2520 Hieronymus
546 2484 572 2511 in
586 2484 666 2518 epist.
679 2482 763 2515 59,ad
775 2482 858 2513 Avit.,

78 2536 245 2559 memoratos
259 2532 320 2560 illos
336 2532 370 2560 de
383 2538 508 2565 suprema
529 2529 669 2563 felicitate,
692 2536 724 2556 ac
745 2526 860 2556 diversis

79 2578 220 2606 felicitatis
242 2578 371 2614 gradibus
395 2577 506 2604 minime
531 2575 714 2611 prmtermisit.
739 2574 859 2602 Priorum

78 2624 160 2658 huius
179 2623 299 2658 epistolae
321 2627 404 2658 caput
423 2623 474 2657 legi
486 2622 577 2650 velint.
598 2629 631 2649 ac
647 2621 762 2648 alterum
784 2619 860 2652 item,

79 2670 152 2704 quod
166 2670 192 2697 in
211 2670 253 2698 Itis
269 2670 371 2702 verbis,
388 2677 403 2697 e
419 2669 470 2696 fine
490 2668 601 2696 secundi
617 2667 655 2695 De
678 2666 813 2702 principiis
827 2665 860 2692 li-

81 2715 123 2742 bri
140 2715 243 2749 pctitis,
259 2714 377 2742 desinit:
393 2723 404 2740 ι
418 2713 540 2748 Cumque
554 2713 693 2740 intantum
710 2711 860 2747 profeceri-

82 2767 152 2791 mus,
168 2764 199 2786 ut
213 2767 382 2795 nequaquam
397 2767 492 2787 carnes
507 2763 534 2786 et
548 2766 671 2792 corpora,
694 2758 806 2786 forsitan
828 2767 860 2787 nc

119 2816 141 2831 “
153 2815 231 2842 Joan.
246 2823 310 2847 xvu,
324 2815 367 2843 15.

119 2863 175 2899 (l9)
190 2862 263 2898 Orig.
279 2863 324 2892 lib.
340 2870 375 2890 vn
390 2866 480 2889 contra
497 2861 611 2895 Celsum,
628 2869 700 2889 num.
716 2861 760 2894 29,
776 2861 818 2888 50.

907 2249 1088 2296 loqueremur.
1104 2259 1180 2286 Nunc
1197 2263 1287 2284 autem
1307 2253 1460 2289 disputandi
1480 2251 1570 2286 specie
1586 2249 1680 2283 magis,

904 2315 985 2343 quam
1012 2305 1166 2337 definiendi,
1195 2307 1274 2338 prout
1297 2307 1450 2337 possumus,
1476 2303 1644 2326 exercemur.
1670 2303 1679 2320 ι

905 2342 945 2382 Ad
963 2354 1021 2381 haec
1039 2353 1109 2379 libro
1125 2350 1258 2386 sequenti,
1281 2356 1341 2383 cap.
1365 2347 1392 2379 5,
1418 2353 1491 2373 num.
1513 2343 1542 2375 6,
1559 2342 1623 2378 quid
1638 2344 1684 2386 aut

906 2406 959 2434 quo
976 2398 1035 2426 loco
1057 2397 1093 2425 sit
1114 2385 1170 2423 iste
1178 2395 1304 2426 mundus,
1322 2400 1337 2420 e
1348 2399 1401 2427 quo
1416 2390 1525 2418 venisse
1542 2395 1572 2415 se
1585 2385 1685 2434 signifi-

907 2431 984 2472 cabat
1001 2444 1138 2474 Servator,
1154 2448 1214 2469 cum
1240 2440 1356 2471 diccbat,
1385 2446 1395 2462 ι
1415 2433 1470 2472 Ego
1501 2442 1552 2462 non
1571 2440 1629 2460 sum
1652 2431 1685 2458 de

908 2491 960 2518 hoc
979 2490 1078 2516 mundo
1102 2489 1135 2522 ⁸⁸,
1161 2497 1170 2514 ι
1199 2495 1252 2514 non
1273 2485 1342 2513 satis
1365 2486 1521 2511 constanter
1544 2477 1683 2522 prodidi-t3

911 2541 920 2558 ε
942 2533 995 2559 Sed
1023 2537 1111 2559 utrum
1129 2520 1253 2558 'mundus
1282 2529 1344 2560 iste.
1376 2526 1472 2561 inquit,
1495 2530 1573 2558 quem
1591 2520 1684 2548 sentiri

908 2577 977 2610 vult,
1002 2583 1143 2612 separatus
1167 2577 1201 2604 ab
1221 2577 1273 2603 hoc
1299 2574 1346 2605 sit,
1364 2573 1495 2607 longeque
1508 2567 1626 2612 divisus,
1643 2565 1685 2591 vel

909 2624 978 2656 loco,
992 2611 1040 2650 vel
1051 2622 1193 2657 qualitate,
1221 2621 1262 2648 vel
1285 2618 1389 2654 gloria;
1415 2624 1447 2643 an
1464 2613 1547 2649 gloria
1565 2611 1685 2657 quidem,

910 2674 937 2697 et
962 2655 1093 2704 qualitate
1116 2666 1262 2702 praecellat,
1286 2665 1356 2692 intra
1379 2667 1470 2689 tamen
1493 2657 1585 2704 mundi
1607 2655 1686 2704 huius

911 2702 1186 2747 circumscriptionem
1204 2710 1372 2741 cohibeatur,
1390 2705 1459 2741 quod
1475 2708 1503 2732 et
1515 2702 1581 2730 mihi
1602 2702 1686 2735 magis

913 2758 1060 2789 verisimile
1073 2759 1190 2789 videtur,
1209 2757 1340 2784 incertum
1356 2757 1446 2781 tamen
1468 2754 1521 2782 est,
1532 2751 1561 2775 ut
1575 2753 1624 2781 ego
1640 2751 1685 2772 ar-
